3948 6580
2362 90 2363 93 η
2394 92 2401 95 ,
2521 71 2750 100 ψτ
2849 87 2878 94 ...ρ
2907 87 2934 90 -
3031 79 3064 100 -'_
3115 91 3124 98 ,

1410 126 1467 131 ἶ
1517 129 1530 140 ο
1623 135 1626 140 ,
1657 135 1666 140 _
1755 131 1758 134 .
1916 131 1934 142 Ι,
1963 127 1966 130 .
1997 121 2004 130 ι-
2019 125 2028 129 -
2048 108 2053 111 1
2093 121 2114 127 -
2179 109 2278 124 --“'""—
2321 107 2384 122 ’νη
2434 105 2448 131 γ
2676 124 2685 127 -
2702 116 2784 127 -—-—
2807 115 2820 118 "
2889 99 2894 102 -
2971 135 2982 144 .
3082 130 3135 145 Ἢ

1563 137 1591 142 ””
1665 141 1676 143 “
1737 137 1740 140 ’
1829 143 1834 146 ”
1861 139 1906 146 ⁶⁴
1963 137 2010 154 -"
2279 146 2311 154 ί
2370 144 2373 145 ν
2467 151 2474 154 -
2518 146 2550 152 ν-
2589 147 2616 158 πει.
2641 145 2652 152 -
2761 149 2778 155 ,-
2835 139 2874 154 ru.
2894 136 3038 153 3-...“
3076 142 3081 143 ν

1406 156 1912 175 Ι-ΜΝ--εΡ-ι-
1939 159 1952 162 -
2007 157 2026 165 -
2071 153 2132 168 -μη
2338 180 2351 183 Μ
2366 178 2389 185 ἐν
2412 180 2441 196 17
2473 155 2494 193 ν
2514 147 2627 193 ‘77:
2646 176 2671 185 ἰ
2686 174 2699 183 ὲ
2774 161 2866 195 ζμ...
2906 190 2925 193 γ
2945 157 2996 181 εἱ,
3019 157 3088 194 :-
3108 166 3130 184 ἶ

1858 184 1875 189 ‘
1892 176 2411 215 mw.
2098 196 2101 197 ν
2154 193 2183 197 ηρ
2446 189 2553 207 Ῐῲμχ
2650 190 2719 203 3—:
2724 200 2749 203 VL
2928 182 3001 197 va
3054 188 3119 193 -έ

110 696 3271 761 WE

736 880 1103 987 REGI
1199 800 2571 983 cumsTIAlesnuo

0 1036 13 1445 ζ
202 949 3129 1436 ιυὺὖίὶκῖἔὸᾟῖΧᾶΝο,

540 1479 1091 1588 .VICTORI,
1147 1471 2092 1563 TRIUMPHATOBI,
2144 1468 2713 1555 PACIFICO.

1465 1652 1943 1733 ...κιθαρ-

108 1855 450 1915 Ausns-rmuu
472 1896 487 1919 ,
539 1853 792 1909 Ecclesiae
819 1853 1001 1907 lumen
1026 1858 1082 1905 et
1107 1847 1407 1913 oraculum,
1436 1844 1611 1901 Caroli
1653 1843 1826 1915 Magni
1866 1842 2133 1914 quondam
2173 1840 2391 1897 delicias
2410 1884 2426 1909 ,
2474 1840 2589 1897 Rex
2633 1840 3084 1902 Cbristianissime
3104 1886 3120 1911 ,
3161 1859 3303 1902 novo

40 1946 212 2013 vultu,
240 1947 505 2018 novisque
522 1946 666 2018 typis
691 1943 1006 1999 adornatum
1042 1941 1135 1997 tibi
1164 1940 1400 1996 sistimus
1418 1978 1437 2007 ,
1466 1937 1565 1992 sub
1592 1934 1907 2011 immortalis
1946 1933 2176 1989 nominis
2201 1933 2279 1989 tui
2305 1933 2553 2004 praesidio
2587 1934 2982 1992 immortalitate
3009 1936 3175 2009 altera
3201 1938 3304 1994 do-

1 2058 7 2069 '
41 2040 295 2096 nandum.
320 2041 478 2096 Hunc
502 2037 784 2109 aliquando
810 2036 1030 2092 Basileae
1056 2033 1222 2119 veluti
1245 2037 1614 2090 renascentem
1637 2027 1919 2087 Germania
1936 2026 2175 2098 excepit;
2196 2026 2417 2083 Lovanii
2440 2026 2769 2098 recognitum
2788 2066 2805 2095 ,
2830 2036 3147 2100 auctumque
3170 2028 3304 2087 fovit

40 2132 314 2202 Belgium;
346 2131 697 2201 eumdemqne
716 2129 959 2200 genuinae
980 2126 1001 2198 (
1024 2117 1280 2197 quantum
1305 2124 1361 2178 in
1387 2122 1543 2178 nobis
1566 2117 1697 2194 fuit)
1722 2119 2011 2191 integritati
2030 2118 2332 2174 restitutum
2371 2133 2513 2174 nunc
2542 2118 2757 2176 tandem
2786 2117 3099 2175 exhibemus
3125 2138 3139 2173 :
3170 2120 3306 2177 adeo

41 2236 97 2281 ut
120 2210 328 2282 collatis
349 2226 499 2296 quasi
518 2222 755 2280 dexteris
775 2233 832 2278 et
861 2219 1051 2276 ofﬁciis
1067 2260 1085 2287 ,
1110 2218 1285 2288 Belga:
1308 2231 1429 2272 cum
1454 2214 1735 2271 Germanis
1755 2255 1772 2282 ,
1801 2228 1926 2269 cum
1964 2212 2205 2282 utrisque
2237 2211 2375 2268 Galli
2405 2211 2473 2267 ad
2499 2211 2880 2282 perﬁciendum
2903 2226 3099 2268 munus
3123 2212 3306 2270 Ludo-

1 2310 7 2357 Γ
44 2320 161 2375 vico
185 2320 376 2392 Magno
402 2319 620 2389 dignum
650 2316 986 2385 conspirasse
1005 2312 1301 2368 videantur.
1327 2310 1589 2366 Nimirum
1618 2308 1805 2363 victori
1828 2323 1891 2364 ac
1928 2307 2300 2380 triumphatori
2322 2309 2669 2366 conveniebat
2692 2318 2772 2366 tot
2800 2316 3112 2382 pacatorum
3139 2323 3306 2380 popu-

40 2413 210 2469 lorum
236 2427 521 2468 commune
549 2411 653 2466 hoc
685 2415 1124 2472 monumentum;
1173 2405 1436 2476 planeque
1476 2402 1727 2470 decebat,
1774 2411 1833 2458 ut
1880 2403 2229 2474 Augustinum
2281 2402 2540 2475 integrum
2561 2446 2578 2472 ,
2625 2421 2815 2476 purum
2859 2414 3019 2479 atque
3058 2413 3265 2463 tersum
3288 2450 3304 2476 ,

38 2506 293 2563 Ecclesia;
313 2506 587 2562 doctorem
616 2502 939 2567 maximum,
965 2508 1279 2571 perpetuum
1303 2496 1674 2576 hmreticorum
1698 2493 1986 2567 ﬂagellum,
2009 2496 2212 2569 Regum
2232 2497 2626 2568 augustissimo,
2657 2500 2913 2567 maximo,
2931 2498 3305 2565 lnvictissimo,

39 2614 105 2655 ac
132 2583 530 2670 religiosissime
548 2606 1007 2654 consecraremus.

117 2691 304 2763 Neque
333 2708 461 2750 vero
480 2692 550 2748 de
577 2690 869 2761 Majestatis
894 2698 1000 2745 tuae
1019 2687 1201 2743 favore
1221 2728 1236 2752 ,
1268 2685 1383 2742 Rex
1414 2684 1820 2755 Augustissime,
1840 2683 2083 2740 dubitare
2103 2685 2257 2742 nobis
2279 2686 2422 2753 licet,
2454 2686 2884 2758 quandoquidem
2911 2686 3304 2760 amplissimum

0 1490 1 1529 1

0 1544 1 1601 1

0 1618 1 1659 1

0 1680 1 1731 1

0 1740 1 1789 1

0 1806 1 1849 1

0 1864 2 1919 1

0 1922 1 1951 1

47 2783 177 2843 illud
206 2784 536 2856 privilegium
561 2800 591 2840 a
619 2784 792 2854 teipso
830 2780 985 2860 nobis
1010 2793 1326 2836 concessum
1347 2819 1364 2845 ,
1395 2777 1726 2847 obsignatum
1755 2784 1809 2831 et
1832 2787 2127 2844 assertum;
2159 2777 2340 2848 seripti
2380 2778 2595 2835 codices
2633 2795 2665 2835 e
2692 2779 2852 2851 Regia
2894 2780 3227 2838 Bibliotheca
3254 2790 3310 2838 te

0 2882 3 2911 *
51 2876 263 2948 iubente
282 2874 481 2932 amtim
510 2874 827 2947 suppeditati
851 2890 868 2940 ;
900 2874 1088 2929 littera:
1106 2871 1174 2927 ad
1190 2878 1408 2927 exteros
1432 2870 1645 2925 nomine
1671 2877 1764 2924 tuo
1789 2870 1841 2924 in
1860 2886 1972 2952 rem
1993 2878 2232 2926 nostram
2257 2872 2469 2936 missae;
2498 2872 2565 2928 ad
2586 2873 2701 2929 haec
2720 2874 2999 2945 Augustini
3020 2872 3275 2930 meritum
3293 2916 3310 2941 ,

54 2969 186 3028 fama
209 2979 266 3027 et
287 2970 577 3026 auctoritas
602 2967 953 3025 certissimam
979 2980 1129 3036 spem
1153 2964 1308 3019 nobis
1333 2963 1615 3033 ingerunt,
1645 2970 1698 3016 te
1724 2960 1946 3032 hujusce
1970 2962 2221 3017 editionis
2247 2961 2505 3019 fautorem
2522 3005 2540 3032 ,
2587 2973 2867 3035 patronum
2887 3006 2904 3033 ,
2952 2982 3015 3023 ac
3044 2966 3311 3023 vindicent

54 3062 175 3119 iure.
209 3061 502 3118 Enimvero
525 3059 642 3128 quis
665 3055 929 3124 Principis
961 3052 1396 3109 Christianissimi
1422 3050 1598 3107 studio
1617 3058 1671 3106 et
1697 3050 2091 3107 existimatione
2123 3050 2334 3123 dignior
2358 3053 2655 3124 Augustino
2679 3095 2696 3122 ,
2725 3070 2884 3125 quem
2913 3057 3273 3131 Hieronymus
3291 3096 3310 3125 ,

52 3162 107 3207 et
121 3155 202 3210 sui
232 3150 493 3221 temporis
513 3164 634 3207 cum
662 3164 727 3201 eo
754 3144 1008 3199 Catholici
1027 3184 1043 3210 ,
1072 3144 1219 3199 velut
1236 3145 1454 3215 antiqua:
1479 3157 1679 3196 rursum
1698 3140 1818 3211 ﬁdei
1837 3140 2142 3195 conditorem
2163 3144 2493 3212 suspexere?
2520 3142 2640 3214 Ipse
2663 3154 2748 3199 est
2776 3144 3062 3201 Doctorum
3088 3147 3269 3203 lumen
3294 3187 3311 3212 ,

98 3232 488 3327 .tl‘H-m‘:
514 3236 995 3327 mpaxmnilitate
1020 3250 1083 3291 ac
1110 3236 1363 3306 religione
1400 3234 1690 3327 discipulus
1711 3273 1724 3295 .
1742 3230 2045 3327 btequalium
2086 3230 2327 3327 doctrina
2358 3232 2511 3290 facile
2538 3237 2787 3307 princeps
2806 3279 2822 3305 ,
2872 3236 3312 3308 subsequentium

82 3352 152 3390 nx
178 3313 779 3417 E‘msg‘i;e?";;;¢;n
822 3328 1092 3383 viventem
1120 3327 1352 3383 Africani
1384 3327 1570 3381 Patres
1609 3325 1690 3380 uti
1734 3323 1964 3395 Spiritus
1988 3325 2156 3380 sancti
2196 3324 2543 3396 interpretem
2569 3329 2741 3385 secuti
2783 3338 2907 3384 sunt
2943 3329 2995 3384 in
3021 3328 3314 3385 condendis

3 3410 15 3477 ῗ
47 3425 400 3484 sanctior-ibus
427 3410 684 3479 Ecclesiae
707 3419 904 3491 regulis
923 3459 937 3481 ,
964 3426 1248 3473 veneratus
1280 3427 1363 3472 est
1389 3417 1527 3472 inter
1546 3416 1830 3471 Pontiﬁces
1861 3416 2123 3483 maximos
2150 3415 2487 3473 Innocentius
2510 3416 2567 3484 I,
2595 3419 2785 3475 litteris
2804 3419 3004 3491 dignati
3046 3420 3314 3479 Honorius

48 3528 101 3574 et
139 3515 475 3574 Theodosius
520 3514 880 3584 Imperatores
927 3508 1151 3579 Augusti
1186 3525 1199 3561 :
1231 3507 1383 3576 cujus
1426 3505 1619 3562 mortui
1656 3505 1965 3575 doctrinam
2007 3508 2230 3563 concilia
2258 3549 2273 3573 ,
2318 3510 2637 3565 sanctissimi
2685 3512 2883 3582 quique
2926 3512 3203 3583 pontiﬁces
3249 3512 3307 3568 et

47 3611 178 3682 epist
200 3609 283 3680 opi
301 3651 317 3676 ,
345 3608 668 3665 C(elestinus
693 3619 829 3676 papa
848 3618 969 3658 cum
999 3600 1185 3671 primis
1211 3608 1266 3655 et
1288 3598 1577 3671 Gregorius
1603 3598 1820 3670 Magnus
1846 3600 2383 3656 honorificentissime
2401 3602 2779 3672 przedicarunt.

114 3703 177 3759 Ν(
207 3702 278 3756 ‘as
302 3701 372 3756 sit
410 3700 512 3755 hoc
550 3699 668 3753 loco
707 3696 978 3766 praeterire
1021 3690 1504 3749 Christianissimos
1533 3690 1861 3747 Francorum
1907 3692 2110 3764 Reges,
2156 3702 2525 3751 antecessores
2570 3703 2724 3762 tuos,
2763 3696 2990 3753 Maxime
3019 3697 3307 3767 Princeps,

45 3812 177 3867 quor
237 3809 269 3848 n
303 3808 405 3847 non
429 3792 600 3862 impar
618 3788 821 3844 exstitit
860 3786 912 3841 in
938 3794 1144 3842 tantum
1186 3783 1361 3838 virum
1391 3782 1750 3838 observantia.
1797 3784 1926 3840 lnde
1965 3794 2081 3849 est,
2123 3786 2263 3856 quod
2290 3801 2411 3841 cum
2436 3802 2627 3843 munus
2655 3788 2800 3859 regia
2837 3789 3115 3860 majestate
3159 3789 3301 3845 haud

2 3938 7 3963 κη
52 3891 323 3961 indignum
354 3886 657 3957 exquireret
682 3880 1031 3951 Engelbertus
1053 3876 1394 3934 Corbeiensis
1413 3876 1591 3931 Abbas
1610 3918 1624 3941 ,
1655 3891 1764 3931 non
1784 3877 1927 3931 aliud
1957 3878 2226 3933 Ludovico
2241 3878 2371 3949 Regi
2397 3881 2566 3951 magis
2594 3892 2865 3952 acceptum
2888 3924 2904 3951 ,
2931 3897 3089 3953 quam
3118 3882 3309 3955 Augu-

2 4040 11 4055 ι
47 3983 173 4040 stini
204 3981 274 4037 de
315 3979 565 4035 Doctrina
608 3975 908 4033 Christiana
940 3972 1104 4027 libros
1129 3970 1450 4026 existimavit
1482 3986 1495 4022 :
1527 3978 1581 4026 et
1607 3966 1826 4025 Carolus
1854 3969 1921 4039 ν,
1949 3980 2302 4040 cognomento
2343 3971 2602 4044 Sapiens,
2636 3974 2799 4031 libros
2845 3976 2912 4031 de
2947 3975 3171 4032 Civitate
3212 3978 3311 4036 Dei

0 4080 9 4147 μ
46 4074 237 4147 gallice
269 4068 506 4125 redditos
534 4066 741 4137 sibique
770 4070 1132 4132 nuncupatos,
1173 4059 1425 4131 singulari
1456 4058 1760 4130 dignatione
1788 4060 2097 4130 complexus
2121 4071 2223 4117 est.
2254 4061 2359 4119 Sed
2385 4064 2515 4121 illud
2555 4065 2607 4120 in
2647 4067 2832 4137 primis
2869 4068 3272 4123 memorandum
3293 4110 3313 4138 ,

0 4132 3 4171 1
45 4132 185 4237 quod
219 4177 249 4219 s
282 4160 390 4217 neti
440 4132 681 4214 Doctoris
724 4156 1009 4212 lectionem
1037 4168 1143 4209 non
1190 4151 1350 4207 modo
1395 4150 1657 4207 Rotberto
1697 4152 1810 4223 regi
1851 4152 2115 4208 Adalbero
2159 4153 2527 4212 Laudunensis
2570 4132 2850 4229 episcopus
2892 4132 3316 4226 commendavit;

0 4284 3 4331 ς
46 4270 233 4313 verum
271 4254 431 4310 etiam
462 4251 517 4306 in
545 4249 751 4305 deliciis
775 4248 957 4303 habuit
980 4247 1072 4319 qui
1101 4260 1240 4302 unus
1268 4244 1619 4316 plurimorum
1648 4244 1818 4300 instar
1857 4259 1976 4301 esse
2005 4245 2191 4312 debet,
2219 4248 2442 4303 Carolus
2462 4265 2589 4306 vere
2614 4250 2850 4322 Magnus.
2880 4251 2929 4306 ls
2966 4252 3106 4307 enim
3132 4291 3147 4317 ,
3179 4260 3319 4312 teste

0 4342 9 4433 1
46 4345 374 4421 Eginha.-do,
402 4340 749 4433 delectabatur,
791 4340 933 4395 libris
974 4338 1135 4433 sancti
1164 4337 1471 4433 Augustini,
1506 4336 1851 4433 proximisque
1866 4337 1951 4433 his
1965 4336 2049 4433 qui
2070 4337 2133 4417 de
2156 4337 2363 4393 Civitate
2381 4338 2479 4394 Dei
2507 4341 2799 4411 pretitulati
2821 4352 2955 4397 sunt.
2988 4342 3322 4415 lntelligebat

47 4442 237 4512 quippr
268 4434 690 4505 sapientissimus
726 4432 982 4501 Princeps
1006 4473 1021 4498 ,
1048 4428 1332 4502 Imperium
1372 4443 1493 4483 cum
1536 4427 1875 4493 Sacerdotio,
1904 4426 2228 4498 Majestaten
2271 4446 2393 4485 cum
2412 4431 2730 4503 Beligione,
2772 4448 2894 4488 cum
2921 4448 3054 4506 pace
3078 4434 3314 4510 bellum,

52 4525 539 4603 magnanimitatem
575 4538 700 4577 cum
739 4523 1131 4590 moderatione,
1162 4521 1311 4577 nullo
1350 4519 1538 4574 melius
1562 4526 1683 4589 post
1707 4517 1935 4573 Litteras
1972 4532 2150 4574 sacras
2178 4534 2397 4577 austere
2422 4522 2689 4578 conciliari
2729 4538 2913 4592 posse,
2943 4538 3102 4594 quam
3131 4525 3318 4595 Augu-

51 4625 229 4681 stino:
264 4619 417 4689 cujus
444 4616 676 4671 lectione
716 4623 873 4685 atque
899 4631 1027 4683 usu,
1068 4630 1187 4671 cum
1226 4614 1492 4685 privatas,
1525 4622 1637 4666 tum
1665 4612 1837 4684 regias
1863 4611 2113 4676 virtutes,
2154 4611 2493 4683 religionem,
2539 4614 2899 4670 fortitudinem
2919 4655 2934 4681 ,
2981 4613 3315 4684 prudentiam

51 4733 172 4772 cum
194 4715 312 4771 aliis
333 4708 572 4782 acquiri,
605 4713 697 4761 ant
716 4715 859 4760 certe
881 4707 1100 4776 perﬁci,
1126 4706 1410 4776 ornarique
1437 4718 1746 4775 persuasum
1777 4702 2022 4758 habebat.
2049 4690 2064 4706 ’

3330 1096 3339 1143 ἒ

3330 1474 3335 1489 l

122 4808 232 4863 Has
249 4805 400 4860 dotes
418 4844 432 4868 ,
453 4797 691 4870 Regibus
720 4804 992 4866 tantopere
1015 4796 1359 4867 expetendas,
1387 4796 1481 4851 sed
1502 4805 1606 4849 tam
1635 4810 1757 4849 raro
1781 4795 1833 4849 in
1863 4810 2026 4849 unum
2042 4804 2317 4863 coeuntes,
2348 4795 2602 4867 singulari
2627 4794 2885 4853 beneﬁcio
2909 4797 3048 4854 Deus
3073 4798 3128 4854 in
3166 4808 3217 4855 te
3242 4787 3338 4857 sic

50 4895 295 4971 profudit
310 4933 327 4959 ,
357 4895 558 4966 Regum
579 4890 810 4947 Maxime
828 4929 843 4955 ,
871 4897 929 4943 ut
956 4903 1060 4944 non
1081 4890 1185 4944 alio
1213 4905 1369 4960 quam
1391 4889 1508 4960 ipso
1528 4887 1664 4944 duce
1683 4902 1747 4942 ac
1774 4895 2100 4958 praeceptore
2121 4888 2187 4943 ad
2210 4886 2817 4971 fasﬁgiquerveneris
2842 4905 3024 4947 earum
3041 4891 3319 4960 virtutum,

59 5007 181 5064 quae
216 4987 424 5044 illustre
451 4986 624 5060 Magni
653 4989 1063 5055 cognomentum
1085 4982 1341 5052 Majestati
1369 4992 1471 5037 tuae
1497 4990 1890 5050 compararunt.
1919 4979 2051 5036 Aliis
2076 4980 2289 5052 regibus
2308 5022 2324 5050 ,
2370 4981 2531 5037 etiam
2573 4982 2670 5049 iis,
2698 4996 2831 5054 quos
2857 4983 3058 5055 passim
3096 4986 3321 5055 praecel-

49 5086 222 5143 lentes
250 5082 574 5150 existimant,
600 5080 731 5136 satis
760 5076 921 5133 fuerit
947 5075 1181 5131 eminere
1208 5076 1260 5130 in
1284 5075 1523 5147 singulis,
1557 5073 1805 5128 nimirum
1830 5089 1950 5131 esse
1978 5081 2068 5129 aut
2087 5074 2385 5146 religiosos,
2415 5084 2507 5131 aut
2524 5074 2825 5145 bellicosos,
2856 5077 3320 5149 tranquillitatisve

52 5178 283 5251 publicae
307 5182 593 5231 amatores.
627 5172 687 5228 In
712 5178 769 5227 te
795 5182 983 5225 omnes
1007 5166 1123 5222 istae
1146 5166 1366 5222 virtutes
1406 5182 1527 5223 cum
1557 5166 1673 5221 aliis
1700 5166 1771 5221 ita
1797 5167 2151 5237 conveniunt,
2179 5177 2238 5224 ut
2263 5176 2315 5224 te
2341 5168 2629 5241 religione,
2652 5168 2857 5242 justitia
2874 5212 2891 5238 ,
2917 5171 3281 5228 moderatione
3303 5214 3321 5241 ,

53 5268 313 5337 sapientia
337 5306 353 5332 ,
383 5274 490 5320 tam
514 5264 675 5330 bello,
703 5276 863 5334 quam
892 5273 1024 5331 pace
1043 5256 1535 5329 prtestantissimum
1562 5256 1808 5311 efﬁciant.
1835 5258 1981 5313 Multi
2007 5259 2303 5330 principum
2320 5259 2449 5315 dum
2473 5275 2666 5316 nomen
2695 5276 2855 5317 suum
2873 5262 3034 5317 armis
3049 5263 3326 5321 celebrare

53 5360 333 5427 ambiunt,
356 5356 714 5414 constituendi
741 5354 889 5426 regni
931 5352 1188 5422 abjiciunt
1225 5363 1406 5403 curam
1425 5391 1440 5415 ,
1471 5350 1693 5419 aliisque
1713 5351 2085 5410 committunt:
2115 5354 2353 5409 nonnulli
2378 5353 2536 5410 unius
2558 5355 2704 5426 pacis
2728 5356 2919 5413 studiis
2940 5358 3161 5425 intenti,
3191 5374 3306 5415 rem

50 5452 302 5509 bellicam
331 5450 552 5520 insuper
577 5449 793 5505 habent.
818 5446 898 5502 Tu
925 5446 1065 5501 inter
1082 5443 1227 5514 pacis
1248 5440 1420 5497 studia
1448 5438 1664 5499 bellicas
1682 5452 1825 5499 artes
1848 5446 2026 5500 animo
2049 5446 2233 5517 agitas,
2260 5454 2314 5502 et
2339 5445 2477 5503 inter
2494 5447 2790 5507 arridentes
2810 5448 3070 5506 bellorum
3095 5460 3319 5507 eventus

52 5560 239 5615 pacem
270 5543 572 5600 meditaris.
602 5541 704 5598 Sed
725 5583 741 5610 ,
771 5540 912 5612 quod
943 5537 1274 5610 paucissimis
1298 5534 1530 5606 Regibus
1554 5537 1835 5608 contingit,
1858 5553 1980 5593 cum
2017 5539 2091 5594 sis
2119 5554 2249 5611 pace
2269 5554 2331 5596 ac
2358 5539 2499 5597 bello
2525 5543 2844 5598 exercitatus
2866 5584 2883 5612 ,
2905 5542 3049 5598 nulla
3076 5558 3311 5615 unquam

54 5638 202 5711 regni
232 5640 307 5694 tui
336 5636 644 5694 felicitatem
687 5632 1065 5690 interturbavit
1106 5629 1399 5686 adversitas
1426 5645 1439 5682 :
1470 5635 1531 5684 ut
1570 5643 1758 5686 omnes
1781 5630 1921 5687 ultro
1947 5639 2267 5702 agnoscant,
2311 5640 2364 5690 te
2390 5636 2614 5691 summis
2638 5635 2919 5693 virtutibus
2954 5635 3277 5693 cumulatum
3297 5676 3314 5703 ,

52 5730 384 5798 providentia
411 5730 623 5787 felicem
644 5743 761 5785 esse
777 5770 792 5795 ,
822 5728 1015 5798 ubique
1040 5724 1302 5795 Magnum.

130 5818 303 5885 Quam
346 5825 574 5891 primum
617 5819 768 5889 regni
793 5817 1018 5874 habenis
1040 5830 1254 5871 manum
1284 5812 1519 5869 admovit
1544 5813 1792 5886 Maiestas
1832 5823 1956 5884 tua,
1986 5815 2101 5871 Rex
2125 5817 2325 5888 Optime
2348 5859 2365 5885 ,
2407 5819 2680 5891 religionis
2704 5830 2864 5892 caput
2889 5819 3231 5889 existimasti,
3263 5829 3321 5875 ut

46 5910 292 5981 teipsum
307 5918 525 5984 tuosque
547 5929 787 5984 regeres,
809 5926 864 5969 et
887 5914 955 5969 de
970 5896 1351 5980 componendis
1369 5906 1698 5966 subditorum
1720 5909 1978 5977 moribus,
2002 5924 2064 5966 ac
2078 5908 2354 5981 disciplina
2377 5911 2562 5967 sedulo
2576 5913 2858 5983 cogitares.
2880 5912 3013 5968 Hinc
3031 5922 3318 5980 oppressos

43 6004 120 6059 ab
166 5999 539 6061 infensissimis
566 6004 810 6061 hostibus
830 6004 1159 6059 Christianos
1184 5998 1463 6056 submissis
1489 6002 1697 6060 auxiliis
1740 6002 1981 6059 relevare
2020 6015 2083 6055 ac
2108 6000 2261 6054 tutari
2303 6004 2540 6072 coepisti;
2582 6012 2691 6057 tum
2717 6004 2785 6057 ad
2828 5998 3076 6057 Ecclesia?
3116 6003 3318 6060 exstin-

45 6091 278 6169 guenda
309 6090 555 6161 discidia,
596 6096 839 6167 ﬁnesque
867 6093 1236 6167 prepagandos
1261 6089 1549 6179 intendere.
1564 6096 1803 6179 animum
1829 6109 1845 6163 ;
1871 6092 2151 6164 abrogatas
2177 6105 2430 6177 revocare
2456 6095 2635 6165 leges,
2667 6108 2832 6149 novas
2869 6090 3102 6162 sancire;
3128 6092 3318 6155 faciles

309 6182 538 6249 SANCT.
573 6188 849 6250 Anons'r.
890 6188 933 6248 ῐ.
1532 6172 1572 6179 ”
1608 6175 1617 6180 ’
1661 6178 1664 6182 “

1532 6172 1572 6179 ”
1608 6175 1617 6180 ’
1661 6178 1664 6182 “
2066 6176 2071 6179 ’
2346 6174 2349 6177 ’
2732 6183 2949 6268 mne.)

3714 3354 3777 3381 μὴ
