3948 6450
331 29 660 62 :_—___.h——
1167 37 1208 42 ---
1897 41 2372 65 ν-ἩΗ
2179 57 2194 61 ᾼ
2253 57 2256 60 _
2305 57 2346 62 __
2377 47 2420 52 --
2443 47 2484 54 ι..
3031 35 3052 38 Π

2029 82 2454 96 *⁵-π-μ-πὶιπαε-ι-ο
2477 91 2484 96 ,
2781 81 2800 90 4-
3000 69 3024 92 ’,
3049 87 3054 90 .
3363 91 3366 94 _
3583 85 3594 88 _

110 417 194 480 ts
967 355 972 359 ⁸
1013 368 1015 371 ’
1370 402 1739 463 puram
1772 395 2173 458 canamus.
2274 356 2278 357 ν
3348 387 3419 480 tt.

112 477 436 594 diutissime
453 531 728 589 fortunare
751 533 954 600 pergat.
981 520 1202 580 interim
1231 531 1318 577 tua
1346 521 1583 576 bonitate
1606 516 1817 583 conﬁsi,
1845 514 2022 586 Regia
2051 513 2232 568 tutelae
2257 483 2586 580 Nasidium,
2613 511 2755 583 quod
2777 511 2890 583 jam
2911 510 3036 568 inde
3052 510 3122 567 ab
3147 509 3301 566 initio
3320 477 3412 566 re-

111 629 211 706 gul
242 631 323 685 tui
347 629 512 684 toties
538 625 744 698 experti
770 636 974 688 sumus,
1004 620 1360 706 in‘posterum
1386 615 1548 672 etiam
1576 613 1730 669 mbis
1766 609 2002 682 impendi
2023 607 2222 664 obnixe
2247 605 2600 706 postulamus,
2629 605 2747 663 Rex
2773 606 3220 675 Ciementissime,
3248 604 3407 680 quid-

115 697 250 799 quid
525 697 894 787 habuerimus,
915 697 1170 789 quidcfuid
1196 712 1296 784 ipsi
1322 711 1602 779 tueri-Is,
1628 718 1783 766 tum
1802 706 1860 765 id
1877 721 2040 764 omnis
2063 702 2384 778 reputavi.

763 854 947 916 Sacra:
973 850 1237 925 Majestati
1263 853 1369 908 tum

2291 937 2626 997 Devorisslmi
2647 947 2710 996 ac
2739 933 3030 997 ﬁdelissimi

2406 1029 2627 1090 clientes
2654 1040 2708 1090 et
2731 1026 2952 1103 subditi,
2995 1051 3000 1056 ’

313 1143 522 1206 Maiis,
545 1154 577 1193 e
599 1132 886 1190 Monasterio
900 1142 944 1186 s.
966 1131 1188 1184 Germani
1210 1144 1239 1181 a
1264 1129 1431 1192 natis,

494 1201 585 1255 cal.
603 1200 824 1255 ianum-ﬁ.
849 1211 927 1250 an.
946 1195 1084 1247 M79.

603 1200 824 1265 im,
849 1211 927 1250 ³⁸·
946 1195 1084 1307 ξξέ·
1881 1248 2188 1307 MONACHI
2222 1245 2650 1309 BENEDICTINI
2687 1247 2940 1310 causa.
2976 1250 3034 1309 s.
3072 1239 3308 1311 tranat.

883 1395 1681 1412 ________.___________

122 1404 1681 1470 ψ

511 1407 524 1414 ,
883 1396 1520 1412 ________._______
2065 1395 2070 1399 .

511 1395 2070 1457 M

1319 1538 1435 1611 ΙΝ
1486 1529 2218 1610 NOVISSIMAM
2373 1552 2383 1563 '

660 1719 818 1867 S.
888 1709 1988 1864 AUGUSTINI
2060 1701 2902 1858 OPERUM

1453 1951 2114 2036 EDITIONEM
3343 1994 3350 2000 -

1088 2103 1723 2289 inritatio
1790 2106 2457 2275 generatis.

1886 2343 2091 2393 Esset»
3457 2331 3472 2408 ξ

207 2475 348 2532 Cum
387 2475 616 2546 primum
640 2471 1076 2546 Congregationis
1101 2478 1297 2526 nostrae
1322 2467 1593 2541 Praepositi
1622 2466 1812 2522 fratres
1837 2472 2048 2520 nostros
2075 2459 2144 2518 ad
2167 2461 2340 2518 studia
2372 2465 2664 2520 litterarum
2693 2463 2959 2537 applicare
2988 2475 3328 2541 censuerunt,
3355 2486 3420 2529 ea

131 2567 474 2637 potissimum
503 2563 569 2621 ab
605 2567 681 2622 eis
709 2565 914 2621 delecta
960 2571 1082 2618 sunt
1107 2561 1277 2616 studia
1299 2603 1314 2627 ,
1347 2575 1465 2630 qum
1508 2559 1622 2629 plus
1652 2555 1895 2611 utilitatis
1926 2571 2035 2625 pra:
2069 2571 2126 2610 se
2160 2551 2392 2626 ferrent,
2436 2572 2595 2626 quam
2631 2558 3027 2627 ostentationis;
3058 2571 3112 2617 et
3145 2578 3262 2634 quae
3287 2558 3422 2620 reli-

132 2658 300 2727 gioste
322 2658 594 2714 solitudini
622 2667 676 2714 et
699 2655 1089 2714 conversationi
1123 2654 1290 2724 magis
1315 2651 1682 2707 convenirent.
1716 2649 1777 2704 In
1805 2664 1870 2703 eo
1894 2663 2093 2720 genere
2110 2648 2262 2728 Anihil
2302 2649 2476 2720 aptius
2503 2657 2596 2703 aut
2626 2653 2975 2720 opportunius
2999 2654 3076 2708 eis
3105 2655 3278 2711 visum
3309 2669 3422 2728 est,

136 2725 292 2819 quam
324 2751 615 2822 recognitio
639 2761 698 2806 et
722 2751 883 2807 editio
911 2763 1051 2803 nova
1078 2753 1388 2802 sanctorum
1412 2745 1648 2809 Patrum,
1679 2758 1800 2797 cum
1827 2725 2162 2807 Latinorum,
2195 2747 2306 2796 tum
2337 2740 2644 2798 Graecorum
2671 2762 2682 2798 :
2718 2754 2999 2816 propterea
3027 2745 3172 2818 quod
3195 2753 3250 2805 et
3269 2725 3428 2806 cier;-

137 2843 318 2898 eitatio
344 2843 459 2906 ipsa
490 2857 583 2910 per
615 2857 733 2898 sese
761 2841 992 2896 maxime
1018 2839 1339 2894 conduceret
1363 2837 1432 2892 ad
1471 2833 1755 2890 lectitando
1781 2841 1838 2889 et
1879 2830 2180 2887 meditanda
2208 2845 2393 2887 eorum
2422 2834 2638 2904 scripta,
2680 2837 2730 2890 in
2761 2835 2954 2906 quibus
2979 2847 3104 2896 vera
3140 2847 3195 2896 et
3218 2839 3427 2898 sincera

142 2930 399 2986 Ecclesim
426 2929 668 2986 doctrina
692 2947 753 2986 ac
782 2933 951 3002 pietas
970 2931 1250 2996 consistit;
1279 2940 1334 2987 et
1361 2946 1464 2985 non
1492 2943 1658 3001 pauca
1690 2925 1844 2981 nobis
1870 2924 2176 2994 adjumenta
2206 2933 2552 2995 suppeterent
2571 2925 2636 2980 ad
2667 2926 2718 2981 id
2746 2930 2922 2998 operis
2949 2932 3344 3002 suscipiendum
3369 2939 3430 2990 et

148 3021 562 3092 exsequendum.
595 3024 768 3094 Atque
802 3032 858 3077 ut
883 3023 1191 3094 quibusdam
1218 3022 1382 3079 veluti
1409 3019 1656 3092 gradibus
1682 3017 1748 3073 ad
1777 3018 1918 3073 hunc
1946 3018 2204 3080 laborem,
2234 3018 2402 3088 magis
2430 3015 2652 3073 arduum
2681 3029 2826 3076 certe
2857 3033 2922 3078 ac
2943 3019 3233 3091 difficilem,
3262 3037 3430 3097 quam

139 3113 493 3186 splendidum,
527 3117 717 3173 fratres
741 3118 906 3172 nostri
936 3118 1107 3174 idonei
1138 3127 1191 3172 et
1217 3116 1389 3188 parati
1420 3113 1616 3170 sensim
1643 3109 2010 3175 redderentur,
2040 3127 2069 3164 a
2100 3110 2414 3182 quibusdam
2441 3111 2604 3167 veluti
2633 3114 2946 3172 rudimentis
2975 3116 3180 3172 initium
3206 3117 3430 3174 anetum

138 3218 234 3274 est,
277 3209 481 3264 scilicet
505 3209 572 3266 ab
596 3209 826 3266 editione
853 3210 1175 3266 selectorum
1201 3209 1585 3279 Opusculorutn
1616 3216 1917 3261 sanctorum
1950 3203 2196 3269 Patrum;
2229 3201 2351 3258 dein
2378 3204 2445 3259 ab
2475 3205 2693 3276 integris
2729 3208 2948 3278 scriptis
2968 3209 3216 3277 aliorum,
3249 3209 3428 3269 donec

143 3301 355 3357 tandem
381 3302 446 3356 ad
474 3318 635 3372 Opera
665 3303 984 3358 sanctissimi
1009 3302 1246 3358 doctoris
1273 3300 1549 3372 Augustini
1579 3307 1791 3353 ventum
1820 3305 1905 3352 est
1929 3315 1940 3348 :
1975 3295 2169 3367 quibus
2197 3294 2550 3360 emendandis
2575 3306 2630 3354 et
2655 3301 3100 3372 recognoscendis
3126 3313 3184 3358 ut
3207 3317 3428 3376 operam

139 3393 587 3464 impendercnnts,
616 3395 763 3448 multi
791 3393 1040 3450 Ecclesia:
1070 3392 1412 3447 illustrissimi
1437 3389 1710 3462 praesules,
1743 3404 1952 3442 necnon
1977 3388 2139 3442 etiam
2172 3393 2306 3457 toga:
2333 3387 2600 3458 principes
2625 3389 2726 3446 viri
2748 3403 2994 3449 auctores
3018 3395 3173 3451 nobis
3201 3398 3431 3453 etinsti-

139 3497 350 3559 gatores
369 3489 540 3546 fuere.
574 3491 614 3546 Ε
643 3490 828 3560 primis
858 3489 954 3544 fuit
976 3483 1367 3543 illustrissimus
1394 3481 1703 3538 Franciscus
1732 3481 1972 3536 Harl-acus
2002 3480 2329 3536 Parisiorum
2357 3495 2526 3553 nuper
2550 3484 2919 3557 archiprmsul,
2951 3489 3039 3561 qui
3068 3488 3222 3561 hujus
3249 3490 3438 3562 oreris

142 3591 415 3651 patronum
448 3593 501 3640 et
539 3583 798 3638 fautorem
843 3596 1056 3651 semper
1091 3594 1149 3635 se
1191 3574 1471 3650 prmstitit‘:
1505 3593 1536 3632 e
1563 3575 1810 3631 secundis
1849 3575 2166 3631 Guiilelmus
2197 3568 2486 3632 Lamonius
2533 3575 2760 3634 Senatus
2801 3579 3122 3639 Parisiensis
3160 3581 3438 3656 quondam

140 3677 406 3747 princeps,
439 3677 551 3746 qui.
587 3691 683 3746 pro
710 3675 876 3730 suain
907 3675 1110 3729 litteras
1136 3671 1499 3741 litteratosq‘ue
1529 3669 1918 3734 benevolentia.
1940 3665 2376 3740 typograpbicam
2394 3670 2550 3726 nobis
2563 3669 2911 3728 domesticam
2933 3673 3259 3730 ofﬁcinamla
3285 3675 3434 3749 Rege

137 3770 426 3841 impetrare
455 3783 509 3824 et
530 3783 818 3841 procurare
843 3768 1029 3830 voluit,
1064 3776 1120 3819 ut
1147 3765 1259 3820 haec
1287 3763 1448 3819 editio
1473 3763 1525 3817 in
1547 3762 1763 3835 privatis
1789 3761 1991 3816 uadibus
2013 3759 2345 3816 commodius
2369 3769 2424 3816 et
2443 3761 2651 3818 facilius
2677 3775 3068 3835 procuraretur.
3097 3759 3296 3823 Verum
3324 3769 3430 3824 hac

136 3863 472 3927 conditione,
513 3861 849 3930 quantumvis
876 3860 927 3914 in
959 3857 1192 3928 speciem
1225 3864 1540 3926 Opportuna,
1569 3853 1638 3909 ob
1669 3853 1840 3907 varias
1867 3866 2074 3918 causas,
2104 3863 2236 3923 quas
2270 3859 2700 3912 commemorare
2720 3855 2855 3911 nihil
2889 3858 3058 3927 juvat,
3087 3861 3306 3917 minime
3329 3863 3429 3918 ad-

134 3959 318 4025 missa,
351 3956 540 4011 institit
563 3955 908 4011 nihilominus
941 3953 1146 4008 i‘rrcscs
1179 3945 1600 4014 illustrissimus,
1636 3947 1876 4002 institere
1899 3953 1954 4002 et
1980 3945 2069 4001 alii
2107 3959 2266 4017 quam
2303 3945 2481 4018 plures
2504 3947 2838 4008 diversorum
2863 3950 3129 4011 Ordinum
3147 3957 3431 4027 spectatis-

134 4050 256 4106 simi
279 4051 405 4117 viri,
437 4059 494 4104 ut
514 4058 672 4104 tanta:
699 4049 853 4103 mults
885 4060 1022 4116 opus
1049 4043 1228 4099 subire
1251 4057 1315 4097 ne
1340 4041 1722 4112 refugeremus.

216 4145 318 4200 llis
341 4143 699 4199 incitamentis
727 4141 979 4200 commoti
1021 4138 1338 4209 Superiores
1375 4136 1540 4190 nostri
1562 4179 1577 4203 ,
1608 4135 1692 4191 vix
1734 4143 1910 4191 tamen
1946 4134 2014 4191 ad
2049 4141 2258 4190 vastum
2303 4135 2454 4191 illum
2492 4137 2736 4196 laborem
2764 4133 3133 4210 subeundum,
3181 4150 3240 4198 ut
3281 4157 3439 4203 erant

144 4239 511 4308 perSpicaccs,
543 4236 728 4291 adduci
768 4247 1022 4306 potuere;
1055 4244 1152 4287 rati
1173 4273 1187 4293 ,
1233 4230 1281 4285 id
1314 4227 1450 4300 quod
1489 4228 1668 4283 docuit
1708 4235 1958 4296 eventus,
1985 4243 2099 4283 rem
2131 4239 2250 4284 esse
2277 4228 2408 4284 aleae
2433 4241 2500 4285 ac
2529 4229 2862 4288 difﬁcultatis
2883 4233 3130 4304 plenam,
3173 4235 3354 4307 cujus,
3389 4241 3441 4297 si

134 4334 322 4387 minus
354 4343 420 4382 ea
449 4329 775 4395 succederet,
808 4329 1014 4384 incauta
1042 4337 1094 4382 et
1121 4323 1429 4396 imprudens
1455 4323 1661 4378 molitio
1685 4321 1839 4376 nobis
1865 4322 2060 4392 probro
2086 4332 2352 4389 verteret;
2385 4323 2429 4377 si
2455 4323 2613 4390 bene,
2647 4326 2844 4382 invidia
2868 4325 3006 4385 forte
3026 4329 3086 4384 in'
3111 4343 3208 4385 nos
3233 4331 3442 4387 redun-

138 4424 318 4480 daret.
351 4418 559 4474 Deinde
588 4421 918 4475 temerarium
965 4413 1262 4483 vuicbatur,
1305 4415 1597 4473 secundum
1641 4413 2000 4468 Lovanienses
2035 4411 2334 4486 Theologos
2358 4413 2728 4485 doctissimos,
2761 4417 2834 4474 de
2865 4415 3181 4490 Augustino,
3222 4425 3444 4494 totaque

147 4513 432 4587 republica
456 4508 741 4564 christiana
764 4511 958 4580 Optime
981 4512 1218 4574 meritos,
1247 4525 1436 4564 novatn
1461 4507 1626 4562 sancti
1652 4507 1894 4562 Doctoris
1917 4505 2146 4576 Operum
2167 4507 2454 4564 editionem
2475 4509 2724 4566 meditari
2749 4527 2763 4564 :
2793 4512 2990 4582 quippe
3007 4512 3096 4568 vi:
3115 4511 3231 4570 ﬁeri
3255 4527 3440 4587 posse,

145 4616 203 4662 ut
228 4624 258 4663 a
291 4604 454 4662 nobis
482 4617 667 4658 eorum
694 4601 959 4674 diligentia
989 4614 1306 4676 :equarctur,
1333 4601 1526 4659 nedum
1556 4609 1916 4670 superaretur.

227 4699 304 4754 Ad
331 4700 449 4753 haec
478 4694 824 4750 rccurrebant
848 4695 1024 4750 animo
1050 4708 1255 4752 veteres
1275 4694 1652 4750 controversiae
1682 4708 1744 4748 ac
1767 4693 1916 4760 ήκω,
1949 4705 2066 4764 qum
2099 4707 2165 4750 ex
2190 4695 2361 4751 sancti
2388 4695 2638 4754 Doctoris
2656 4694 2948 4772 scriptiset
2976 4699 3222 4760 (lustrius
3243 4703 3444 4762 identi-

159 4785 280 4844 dem
308 4790 358 4845 in
383 4789 623 4846 Ecclesia
655 4786 897 4842 excitatae
925 4785 1163 4855 fuerant;
1196 4789 1618 4859 verebantttrquc
1647 4786 1742 4854 illi,
1771 4799 1858 4849 ne,
1895 4783 2020 4842 dum
2044 4787 2296 4844 Ecclesiae
2324 4789 2427 4846 hoc
2450 4789 2674 4849 {fanum
2704 4809 2933 4851 suorum
2951 4795 3132 4854 labore
3161 4801 3448 4858 constitero

151 4891 414 4951 optarent,
444 4896 702 4937 novarum
731 4880 1134 4935 altercationum
1158 4883 1357 4938 semina
1386 4881 1510 4937 inde
1531 4881 1820 4950 orirentur,
1843 4881 1918 4935 uti
1943 4881 2272 4953 experientia
2298 4896 2406 4941 non
2433 4889 2598 4945 semel
2620 4890 2901 4961 probatum
2923 4897 3046 4948 est:
3075 4903 3270 4965 nempe
3296 4899 3446 4965 quod

158 4977 288 5029 tanti
322 4974 695 5038 viridoctrina
724 4983 777 5028 et
803 4971 1038 5032 humano
1075 4972 1286 5044 ingenio
1327 4984 1483 5046 captu
1519 4973 1589 5030 sit
1624 4971 1882 5040 difﬁcilis,
1928 4983 1982 5030 et
2015 4975 2319 5034 mortalium
2349 4980 2621 5053 cupiditati
2659 4984 3010 5056 ac'superbim
3033 5001 3223 5058 parum
3248 4985 3442 5048 favens

151 5075 202 5121 et
221 5078 456 5139 accepta.

217 5163 415 5218 Verum
447 5163 540 5218 has
565 5163 802 5234 aliasque
827 5156 1175 5216 difﬁcultates
1210 5167 1426 5231 prorsus
1467 5161 1717 5217 discussit
1741 5173 1805 5216 ac
1840 5163 2072 5220 removit
2105 5175 2317 5222 summa
2342 5165 2582 5240 dignatio
2607 5169 2863 5229 Ludovici
2887 5169 3096 5247 Magni,
3125 5177 3218 5250 qui
3245 5189 3451 5236 mam.

154 5251 283 5313 banc
303 5255 601 5313 editionem
627 5256 1003 5329 augustissimo
1029 5271 1127 5310 suo
1156 5255 1372 5309 nomine
1398 5254 1665 5323 illustrari,
1699 5271 1761 5312 ac
1786 5257 2086 5340 patrocinio
2107 5260 2260 5331 regio
2282 5262 2474 5318 muniri
2500 5267 2761 5334 permisit.

219 5350 461 5407 Accessit
488 5350 704 5420 insuper
729 5349 1124 5420 amplissimum
1154 5348 1312 5418 Regis
1342 5345 1665 5421 privilegium
1697 5351 1753 5405 in
1777 5352 2001 5420 gratiam
2032 5365 2188 5408 novas
2211 5353 2480 5423 editionis,
2506 5359 2854 5418 illustrissimi
2875 5360 3450 5426 Francim'cancellarii

157 5438 420 5536 ilichaelis
439 5443 649 5498 Tellcrii
677 5444 1013 5507 auctoritate,
1050 5444 1304 5513 regioque
1326 5443 1499 5499 edicto
1523 5456 1805 5515 assertum,
1838 5449 2252 5506 reclamantibus
2271 5461 2327 5507 et
2359 5452 2743 5513 obsistentibus
2771 5459 3041 5518 incassum
3060 5462 3328 5518 nonnullis
3358 5461 3463 5536 bi—t

159 5530 426 5624 biiopolis,
463 5549 598 5605 quos
639 5535 830 5588 occulti
873 5533 1087 5604 quidam
1123 5533 1413 5587 adversarii
1466 5537 1532 5591 ad
1578 5538 1933 5595 avertendum
1979 5555 2130 5597 nova!
2186 5541 2440 5601 editionis
2495 5548 2824 5619 propositum
2875 5553 3174 5611 clanculum
3227 5552 3446 5624 instiga-

165 5621 294 5684 bant.
325 5624 509 5686 Tantis
549 5627 662 5684 fulti
704 5629 994 5700 praesidiis,
1038 5627 1240 5684 nullum
1273 5626 1476 5684 obicem
1501 5629 1948 5704 insnperabilem,
1987 5634 2190 5691 nullam
2213 5635 2478 5695 invidiam
2501 5640 2656 5698 nobis
2679 5639 3072 5704 lbrmidandam
3107 5659 3228 5702 esse
3259 5621 3446 5704 existi-

172 5719 429 5778 mavimus.

236 5807 336 5869 iam
363 5832 493 5872 vero
519 5830 586 5870 ne
613 5815 715 5869 hoc
741 5815 1022 5870 consilium
1055 5815 1215 5869 nimis
1257 5813 1423 5869 audax
1450 5833 1510 5872 ac
1539 5821 1878 5876 temerarium
1910 5820 2180 5878 videretur
2198 5864 2212 5888 ,
2245 5827 2527 5895 praeiverat
2572 5831 2883 5901 exemplum
2914 5830 3058 5887 Petri
3080 5830 3272 5891 Roriui
3298 5835 3446 5896 Vati-

172 5907 678 5980 Canmtypographire
711 5908 966 5978 prchecti,
990 5908 1323 5976 aliorumque
1339 5907 1487 5966 alma:
1512 5913 1664 5971 Urbis
1687 5915 2016 5972 eruditorum
2061 5917 2322 5986 virorum,
2351 5920 2574 5978 Adriani
2593 5923 2817 5990 abbatis,
2846 5908 3180 5997 atque'Obﬁi
3207 5931 3444 5994 ἀοαοτίσ
