3948 6456
550 390 622 452 is
915 356 921 361 ’
1509 478 1513 480 _
1778 399 2109 459 panem

2278 402 2584 463 NERALIS.
2995 369 2998 371 Α
3219 434 3223 438 -
3761 425 3831 484 ,δ

545 512 882 583 Parisiensis,
901 521 955 570 et
979 515 1223 581 aliorum,
1241 514 1330 587 qui
1358 515 1588 586 primum
1617 513 1768 570 Sixto
1791 516 1852 584 V,
1881 517 2002 573 dein
2031 516 2304 575 Clemente
2327 519 2460 586 Vlll,
2490 519 2712 576 summis
2738 521 3103 593 Pontificibus,
3131 541 3323 584 novam
3341 531 3510 587 sancti
3538 533 3827 606 Augustin-

546 611 1052 666 commcntationnm
1077 612 1366 668 editionem
1395 620 1515 681 post
1553 612 1696 668 illam
1726 613 2114 672 Lovaniensem
2145 618 2379 687 aggressi
2411 618 2636 684 fuerant,
2668 618 2766 672 rati
2803 618 3004 675 scilicet
3025 625 3266 695 egregios
3294 643 3416 683 esse
3448 628 3730 690 Vaticanos
3759 637 3819 692 lii

541 703 690 770 bros,
722 721 854 775 quos
885 706 1244 762 Lovanienses
1267 707 1484 762 minime
1513 708 1910 774 consuluerant,
1943 724 2298 781 magnumque
2324 725 2510 766 eorum
2538 725 2657 766 esse
2681 727 2982 780 numerum,
3006 717 3148 771 unde
3177 719 3338 775 variae
3367 722 3621 780 lectiones
3635 742 3827 785 excer»

465 875 480 885 κ
541 813 821 870 parentur;
848 803 1084 874 pleraque
1104 803 1240 867 item,
1263 818 1374 872 qua:
1391 803 1445 856 in
1461 801 1856 860 Lovaniensibus
1882 804 2041 873 libris,
2064 808 2380 876 quantumvis
2397 809 2662 872 accuratis,
2692 809 3059 879 desiderantur,
3081 814 3215 869 unde
3229 815 3337 870 ha'c
3358 819 3509 874 editio
3536 822 3825 880 christiana:

540 891 784 948 doctrina:
801 895 971 954 ,lucem
987 895 1208 949 allatura
1219 894 1302 962 sit,
1319 903 1376 948 ut
1389 895 1578 950 Petrus
1592 895 1824 952 Morinus
1841 898 2024 953 scribit
2044 899 2096 952 in
2115 899 2334 968 epistola
2349 899 2554 956 decima
2571 901 2755 970 quinta
2773 902 2840 957 ad
2869 903 3192 962 cardinalem
3223 909 3551 979 Cajetanum.
3571 918 3660 986 qui
3683 933 3820 986 prm-

539 987 685 1043 dicto
728 988 953 1043 consilio
1005 989 1294 1058 plurimum
1339 987 1745 1061 sullragabatur.
1777 989 1994 1045 Factum
2024 1000 2144 1046 est:
2173 991 2351 1048 collati
2396 1003 2520 1048 sunt
2548 992 2913 1051 Lovanienses
2943 997 3063 1052 libri
3109 1015 3230 1056 cum
3256 1003 3527 1060 codicibus
3550 1006 3822 1066 Vaticanis

537 1095 796 1152 perquam
825 1081 1252 1149 accuratissime,
1287 1091 1340 1138 et
1376 1083 1441 1138 ad
1459 1085 1750 1155 marginem
1779 1085 2036 1155 appositae
2066 1085 2332 1140 variantes
2357 1087 2616 1142 lectiones
2661 1088 2725 1143 ad
2753 1087 3040 1145 editionem
3064 1091 3448 1162 adomandam,
3469 1097 3554 1152 cui
3577 1098 3819 1154 cardina-

529 1169 604 1228 .lis
627 1173 854 1228 Veronae
892 1174 1027 1228 sacri
1058 1174 1276 1245 Collegii
1306 1175 1552 1247 princeps
1577 1175 1857 1247 praefectus
1908 1177 2020 1232 fuit.
2069 1176 2265 1233 Verum
2293 1194 2413 1234 cum
2445 1194 2532 1235 res
2559 1179 2750 1235 effectu
2799 1182 3090 1249 caruisset,
3145 1201 3330 1242 omnes
3359 1188 3464 1243 illm
3497 1190 3820 1249 variationes

529 1268 683 1337 jussu
709 1268 1000 1325 Clementis
1027 1269 1074 1325 Χ
1104 1269 1378 1326 Pontificis
1398 1287 1426 1326 a
1443 1271 1546 1342 piae
1564 1271 1836 1328 memoriae
1857 1273 2125 1329 cardinale
2149 1273 2293 1329 Bona
2315 1274 2590 1330 nobiscum
2611 1275 3014 1332 communicatae
3041 1287 3185 1346 sunt,
3217 1289 3272 1334 ut
3301 1281 3365 1336 iis
3385 1281 3437 1337 in
3469 1298 3606 1339 nova
3632 1293 3815 1340 nostra

533 1366 770 1424 editione
791 1376 1078 1424 uteremur.

605 1462 934 1533 Comparatis
981 1463 1158 1532 itaque
1191 1477 1309 1518 eam
1339 1462 1392 1516 in
1418 1476 1531 1516 rem
1559 1461 1643 1517 bis
1669 1471 1722 1518 et
1759 1461 1876 1517 aliis
1903 1462 2253 1532 undequaquc
2291 1473 2531 1519 veterum
2554 1462 2796 1519 codicum
2831 1463 3100 1533 subsidiis,
3133 1481 3254 1522 cum
3289 1484 3320 1524 e
3359 1470 3576 1537 nostris,
3609 1480 3721 1529 tum
3749 1491 3816 1531 cx

536 1556 724 1612 alienis
753 1556 1110 1624 bibliothecis,
1143 1556 1395 1611 continuo
1425 1571 1612 1612 manus
1636 1557 1784 1625 operi
1814 1557 2168 1622 admovimus,
2195 1555 2442 1611 adhibitis
2468 1556 2535 1611 ad
2563 1555 2915 1612 conferendos
2935 1557 3146 1615 codices
3171 1561 3408 1630 pluribus
3423 1563 3693 1622 sodalibus
3719 1584 3817 1622 no-

529 1651 678 1715 stris,
708 1665 813 1706 non
843 1650 1012 1705 solum
1040 1651 1094 1705 in
1119 1653 1286 1708 sancti
1315 1650 1564 1708 Germani
1592 1652 1897 1715 Parisiensi,
1918 1651 2012 1706 sed
2031 1659 2084 1704 ct
2110 1649 2162 1703 in
2192 1649 2310 1704 aliis
2337 1651 2558 1706 aliarum
2586 1649 2983 1721 provinciarum
3011 1650 3447 1725 Congregationis
3476 1666 3670 1711 nostrae
3696 1676 3818 1715 mo.

522 1746 806 1813 nasteriis;
831 1761 895 1800 ac
920 1745 1134 1802 demum
1163 1747 1302 1802 intra
1323 1747 1505 1818 viginti
1534 1747 1747 1803 circiter
1775 1762 2036 1802 annorum
2072 1746 2322 1816 spatium,
2358 1763 2460 1802 non
2495 1748 2611 1802 sine
2653 1749 2837 1805 multis
2859 1751 3111 1822 expensis
3135 1760 3190 1806 et
3209 1752 3375 1816 curis.
3398 1764 3542 1810 certe
3576 1757 3813 1812 maximo

529 1855 654 1895 cum
685 1839 887 1905 labore,
919 1848 1025 1894 tota
1081 1839 1195 1894 haec
1219 1839 1402 1905 editio,
1459 1840 1569 1895 Deo
1608 1840 1840 1906 favente,
1871 1841 2090 1895 omnino
2143 1839 2380 1894 absoluta
2415 1850 2518 1908 est,
2536 1850 2590 1896 et
2615 1841 2682 1897 ab
2709 1843 2956 1900 omnibus
2979 1844 3126 1899 nullo
3149 1845 3455 1916 prmjudicio
3493 1847 3721 1914 affectis,
3743 1866 3811 1906 co

521 1933 712 2003 plausu
733 1949 796 1988 ac
823 1948 1073 1988 successu
1101 1944 1336 2004 accepta,
1361 1935 1570 2004 qualem
1599 1950 1695 1989 nec
1717 1949 1935 2004 Sperare
1963 1943 2288 2004 poteramus.

597 2027 666 2081 Ut
689 2042 816 2081 vero
842 2042 1038 2081 munus
1068 2034 1306 2080 nostrum
1332 2026 1698 2096 impleremus,
1727 2037 1782 2081 et
1811 2026 2034 2096 publica:
2055 2026 2121 2081 de
2147 2028 2298 2083 nobis
2318 2028 2697 2098 exspectationi
2722 2044 2816 2100 pro
2841 2030 3056 2087 modulo
3075 2031 3539 2104 responderemus,
3571 2043 3804 2104 quatuor

514 2120 787 2190 praecipua
813 2121 868 2175 in
896 2130 1076 2174 nostra
1106 2119 1340 2176 editione
1364 2128 1617 2189 praestare
1637 2119 1815 2175 conati
1840 2134 2058 2175 sumus:
2084 2119 2331 2176 videlicet
2356 2130 2412 2176 ut
2434 2120 2579 2176 haec.
2600 2131 2845 2178 accurata
2874 2132 3038 2192 esset,
3065 2123 3364 2190 commoda,
3389 2125 3487 2179 rite
3516 2125 3801 2192 illustrata,

516 2214 786 2285 nullisque
817 2215 1046 2285 partium
1073 2215 1266 2270 studiis
1293 2213 1521 2269 addicta.

588 2308 660 2365 Ut
688 2319 832 2365 esset
854 2324 1011 2380 quam
1037 2310 1269 2364 maxime
1297 2318 1562 2373 accurata,
1596 2319 1705 2364 tres
1735 2308 2070 2364 conditiones
2098 2309 2254 2364 nobis
2284 2311 2598 2365 necessaria:
2625 2311 2752 2368 visae
2779 2322 2937 2368 sunt:
2965 2329 3158 2384 nempe
3184 2323 3242 2368 ut
3272 2313 3542 2369 contextui
3569 2315 3798 2382 genuina

508 2407 790 2478 integritas
813 2405 879 2461 ad
907 2415 1116 2462 veteres
1139 2405 1354 2461 codices
1383 2414 1438 2460 et
1465 2406 1789 2462 sinceriores
1819 2405 2079 2460 editiones
2116 2404 2520 2472 restitueretur;
2550 2415 2608 2461 ut
2615 2415 2776 2480 perta
2801 2415 2856 2462 et
2876 2421 3127 2478 germana
3156 2407 3324 2461 sancti
3350 2406 3591 2463 Doctoris
3631 2421 3793 2475 opera

507 2511 920 2559 secernerentur
944 2514 977 2554 a
1005 2499 1178 2555 dubiis
1206 2509 1262 2554 et
1303 2497 1528 2568 spuriis;
1564 2507 1617 2553 et
1655 2507 1713 2553 ut
1741 2497 1904 2553 editio
1942 2499 2056 2569 ipsa
2083 2513 2114 2552 a
2149 2497 2540 2571 typographicis
2578 2499 2815 2568 mendis,
2846 2506 3098 2571 quantum
3139 2498 3194 2553 in
3231 2497 3384 2555 nobis
3411 2511 3573 2568 esset,
3604 2515 3797 2570 repur-

505 2603 630 2668 gata
656 2593 910 2664 prodiret.

580 2688 651 2746 Ut
675 2703 804 2745 vero
823 2703 1080 2760 perquam
1103 2686 1386 2743 commoda
1415 2685 1754 2752 redderetur,
1787 2695 2012 2756 quatuor
2039 2687 2371 2756 potissimum
2397 2702 2426 2740 a
2453 2688 2606 2744 nobis
2631 2694 2815 2743 curata
2836 2695 2993 2742 sunt:
3019 2687 3264 2742 nimirum
3287 2702 3506 2756 operum
3532 2687 3684 2754 ordo,
3710 2703 3797 2744 se-

505 2784 736 2851 ctiones,
763 2781 1073 2849 summaria,
1102 2789 1156 2836 et
1184 2780 1408 2835 indices.
1440 2779 1606 2847 Ordo,
1637 2787 1694 2834 ut
1721 2779 2011 2834 secundum
2041 2789 2251 2851 tempus
2279 2796 2385 2852 quo
2413 2782 2616 2853 singula
2644 2796 2808 2852 opera
2833 2780 2900 2835 ab
2930 2780 3223 2852 Augustino
3249 2779 3444 2849 scripta
3476 2782 3644 2850 fuere,
3681 2782 3796 2837 dis-

498 2886 831 2952 ponerentur
868 2897 882 2933 :
914 2893 1019 2950 quo
1044 2878 1124 2946 lit,
1151 2885 1210 2933 ut
1236 2877 1407 2932 lector
1439 2889 1561 2930 cum
1594 2874 1889 2945 Augustino
1926 2873 2042 2944 ipso
2071 2875 2266 2930 sensim
2305 2876 2673 2948 progrediatur
2693 2885 2748 2932 et
2773 2875 3034 2948 proﬁciat,
3079 2884 3133 2928 et
3170 2874 3408 2944 priorum
3453 2875 3684 2941 cognitio
3723 2876 3795 2930 ad

495 2975 796 3046 posteriora
823 2971 1164 3043 intelligenda
1206 2970 1382 3025 lucem
1420 2968 1702 3040 prmferat;
1731 2983 1837 3038 quo
1864 2966 1932 3022 de
1962 2967 2151 3024 ordine
2192 2969 2342 3040 plura
2374 2970 2594 3026 inferius
2631 2971 2825 3026 dicturi
2854 2985 3061 3025 sumus.
3091 2968 3389 3032 Sectiones,
3417 2972 3476 3020 ut
3499 2979 3604 3020 non
3631 2965 3796 3021 modo

494 3070 743 3143 capitulis
765 3078 1008 3126 veterum
1033 3067 1348 3133 editionum,
1380 3080 1500 3135 qua:
1529 3063 1755 3119 subinde
1785 3063 2072 3134 prolixiora
2098 3072 2268 3129 erant,
2291 3064 2578 3134 cujuslibet
2597 3063 2775 3131 operis
2801 3070 3088 3116 contextus
3117 3069 3377 3127 etcorpus
3399 3058 3789 3127 distinguatur;

490 3164 590 3221 sed
619 3164 780 3220 etiam
801 3162 916 3232 ipsa
938 3160 1112 3230 capita
1134 3158 1189 3213 in
1221 3156 1535 3213 minutiores
1563 3156 1866 3212 dividantur
1893 3157 2176 3222 sectiones,
2206 3156 2496 3212 numericis
2521 3155 2797 3209 distinctas
2825 3155 2998 3205 notis:
3033 3160 3142 3203 tum
3171 3159 3228 3204 ut
3259 3150 3485 3207 indicata
3505 3150 3795 3220 cujuslibet

492 3257 674 3328 aperis
697 3256 938 3313 sectione
967 3253 1174 3308 facilius
1200 3251 1505 3308 inveniatur
1528 3249 1789 3305 indicatus
1813 3249 1960 3305 locus
1988 3269 1998 3302 :
2027 3260 2138 3305 tum
2165 3251 2325 3306 etiam
2353 3260 2408 3303 ut
2437 3249 2492 3302 in
2520 3244 2742 3315 legendo
2770 3243 2852 3297 his
2877 3243 3038 3298 veluti
3067 3243 3354 3299 intervallis
3384 3257 3437 3300 et
3465 3243 3684 3300 morulis
3707 3244 3793 3299 le-

491 3350 659 3406 ctoris
689 3349 895 3406 levetur
921 3348 1074 3404 labor
1114 3354 1171 3402 et
1213 3346 1458 3402 attentio.
1489 3343 1573 3399 Ad
1618 3343 1732 3398 haec
1758 3345 1917 3398 etiam
1942 3343 2131 3414 juvant
2160 3342 2448 3399 summaria
2481 3356 2585 3393 non
2615 3336 2774 3390 modo
2803 3347 3103 3403 contextus,
3143 3338 3206 3392 ad
3238 3339 3532 3410 marginem
3563 3337 3795 3406 singulis

481 3443 694 3515 passim
720 3441 1050 3500 sectionibus
1077 3441 1340 3512 apposita,
1367 3456 1488 3511 qua:
1514 3454 1776 3495 summam
1806 3439 1904 3505 rei,
1935 3455 2037 3510 qua
2069 3439 2137 3494 de
2168 3438 2361 3507 agitur,
2403 3434 2587 3504 paucis
2617 3430 2930 3497 exhibeant;
2961 3431 3054 3486 sed
3083 3433 3240 3487 etiam
3271 3433 3515 3488 omnibus
3545 3429 3697 3485 libris
3731 3442 3794 3488 et

485 3536 761 3608 plerisque
779 3536 1027 3607 capitulis
1055 3534 1350 3606 praemissa,
1379 3551 1496 3606 qua:
1521 3543 1890 3605 argumentum
1921 3533 2185 3603 cujusque
2213 3529 2332 3584 libri
2364 3536 2418 3581 et
2445 3523 2661 3594 capituli
2690 3523 2924 3579 breviter
2951 3525 3235 3595 explicant.
3268 3525 3360 3581 Illa
3387 3538 3512 3578 vero
3538 3537 3793 3580 summa-

481 3633 568 3689 ria
597 3631 909 3702 marginalia
936 3646 1004 3686 ex
1033 3629 1161 3700 ipsis
1187 3635 1472 3685 contextus
1495 3627 1694 3696 verbis,
1727 3626 1908 3699 quoad
1937 3626 2054 3696 ejus
2083 3621 2199 3676 fieri
2226 3619 2418 3696 potuit,
2448 3616 2829 3688 expressimus,
2857 3618 2940 3674 vel
2967 3618 3079 3689 ipsa
3106 3619 3514 3675 Lovaniensium
3537 3631 3790 3675 summa-

481 3727 567 3782 ria
594 3724 930 3781 retinuimus.

554 3818 638 3873 Ad
662 3815 870 3872 Indices
890 3814 1032 3888 quod
1052 3814 1258 3883 attinet,
1280 3829 1504 3886 quorum
1528 3814 1807 3871 commoda
1833 3821 1889 3868 et
1916 3809 2172 3865 utilitates
2195 3821 2354 3860 nemo
2376 3819 2482 3859 non
2505 3803 2671 3871 novit,
2702 3818 2808 3858 non
2842 3811 3042 3858 tantum
3068 3803 3305 3874 singulos
3336 3801 3558 3870 singulis
3595 3805 3782 3872 tomis,

481 3920 540 3970 et
561 3912 776 3985 quidem
806 3911 1126 3975 uberrimos,
1155 3909 1418 3980 subjicere
1453 3910 1790 3973 curavimus;
1821 3920 2004 3960 verum
2036 3899 2198 3956 etiam
2228 3899 2504 3970 generales
2532 3915 2627 3955 seu
2654 3899 2978 3955 universales
3007 3901 3060 3955 in
3100 3898 3379 3969 posteriori
3409 3897 3577 3954 hocce
3621 3900 3784 3955 volu-

479 4008 627 4064 mine
646 4005 1036 4072 contexuimus,
1067 4015 1126 4060 ut
1151 4020 1257 4062 uno
1280 4016 1568 4077 conspectu
1600 4013 1711 4059 tota
1743 3998 2024 4070 Augustini
2051 3995 2290 4070 doctrina
2317 3994 2384 4049 de
2413 3995 2602 4065 quovis
2626 4005 2937 4066 argumento
2963 3994 3171 4050 facilius
3201 3993 3434 4064 indagari
3465 3996 3654 4064 possit.

552 4099 704 4168 Quod
729 4099 919 4153 attinet
945 4097 1013 4152 ad
1036 4097 1276 4154 ordinem
1303 4113 1334 4153 a
1363 4099 1518 4154 nobis
1542 4098 1598 4152 in
1627 4095 1729 4148 hac
1754 4090 1992 4146 editione
2017 4087 2334 4152 institutum,
2365 4085 2480 4156 ejus
2509 4088 2768 4142 rationem
2792 4087 3017 4142 reddere
3039 4102 3144 4141 non
3170 4083 3454 4139 admodum
3485 4099 3779 4154 operosum

476 4194 662 4251 fuerit.
685 4191 816 4248 Nam
844 4192 1003 4248 totius
1029 4191 1172 4248 illius
1194 4191 1398 4248 ordinis
1418 4200 1577 4248 tenor
1602 4185 1739 4241 adeo
1765 4181 2018 4238 naturalis
2047 4187 2100 4235 et
2123 4181 2383 4251 genuinus
2407 4180 2639 4249 videtur,
2665 4190 2722 4236 ut
2754 4183 2982 4238 sufficiat
3015 4179 3080 4235 ad
3106 4195 3226 4236 eum
3268 4179 3600 4250 probandum
3631 4182 3777 4237 nuda

514 4291 596 4346 ius
623 4286 903 4346 exnositio.

475 4307 508 4348 e
535 4306 596 4346 us
623 4304 689 4344 ex
727 4304 903 4343 osmo.

506 4309 604 4439 JIn
638 4304 816 4455 pr‘imo
842 4390 1007 4450 tomo,
1033 4381 1325 4452 praemissis
1350 4378 1559 4435 duobus
1582 4370 2036 4428 Retractationum
2063 4369 2212 4426 libris
2232 4379 2284 4426 et
2305 4370 2557 4427 tredecim
2576 4371 2728 4426 libris
2747 4369 3174 4436 Confessionum,
3193 4384 3310 4440 qum
3330 4369 3770 4439 subsequentiqu

471 4493 700 4551 operum
726 4476 888 4533 veluti
923 4477 1182 4549 praaludia
1210 4483 1355 4537 sunt,
1390 4470 1791 4539 subsequuntur
1819 4480 1882 4520 ea
1907 4463 2190 4535 Opuscula,
2219 4481 2336 4536 qua:
2372 4465 2740 4522 sanctissimus
2765 4465 2962 4522 Doctor
2999 4463 3173 4519 adhuc
3210 4463 3649 4531 catechumenus,
3676 4473 3767 4518 aut

471 4572 713 4630 nondum
739 4570 1014 4642 presbyter
1038 4564 1389 4626 elucubravit.

551 4665 853 4723 Succedunt
873 4665 928 4720 in
953 4661 1192 4720 secundo
1233 4667 1380 4712 tomo
1400 4652 1676 4724 Epistolze,
1701 4667 1926 4708 numero
1949 4652 2192 4708 ducentae
2229 4651 2578 4724 septuaginta,
2619 4651 2911 4708 secundum
2952 4649 3191 4705 ordinem
3234 4658 3554 4721 temporum,
3584 4648 3764 4720 quoad

477 4761 598 4818 ﬁeri
626 4761 794 4827 licuit,
821 4760 1115 4832 diSpositze,
1147 4762 1206 4810 et
1236 4752 1289 4805 iu
1333 4755 1564 4820 quatuor
1602 4747 1899 4802 distributae
1939 4747 2155 4802 classes.
2189 4745 2249 4800 In
2275 4747 2442 4816 prima
2473 4757 2804 4818 reponuntur
2831 4747 2934 4800 illa:
2961 4745 3219 4816 epistolae,
3265 4760 3398 4816 quas
3442 4742 3772 4815 Augustinus

472 4855 709 4911 nondum
733 4855 1021 4927 episcopus
1050 4845 1298 4914 scripsit:
1329 4843 1382 4896 in
1413 4839 1668 4905 secunda;
1699 4854 1830 4910 quas
1850 4839 1962 4911 jam
1987 4840 2288 4911 episcopus,
2317 4847 2440 4893 ante
2467 4838 2817 4894 Collationem
2840 4837 3312 4911 Carthaginensem
3353 4850 3407 4893 et
3448 4850 3573 4892 ante
3614 4837 3775 4893 dcte-

469 4956 614 5006 ctam
645 4949 698 5004 in
723 4946 902 5003 Africa
922 4940 1126 5012 Pelagii
1142 4935 1393 4991 hteresim
1420 4933 1669 4989 dictavit:
1691 4931 1743 4986 in
1771 4933 1946 4998 tertia,
1977 4947 2094 5003 qua:
2119 4931 2187 4986 ab
2217 4946 2281 4986 eo
2313 4941 2550 5000 tempore
2578 4932 2643 5004 ad
2669 4932 2832 5002 ipsius
2851 4931 3055 4986 obitum
3077 4931 3289 5002 scripta:
3315 4941 3437 4986 sunt
3460 4951 3471 4985 :
3498 4933 3546 4985 in
3574 4941 3774 5000 quarta

467 5043 720 5116 denique,
747 5056 972 5114 quarum
993 5045 1207 5103 tempus
1227 5029 1400 5084 minus
1422 5036 1751 5099 compertum
1773 5036 1873 5082 est.
1896 5026 2002 5082 Cur
2016 5039 2190 5084 autem
2212 5034 2486 5097 receptum
2509 5025 2863 5096 Epistolarum
2887 5026 3127 5081 ordinem
3146 5025 3546 5091 mutavcrimus,
3572 5023 3777 5094 quidve

465 5137 523 5196 in
550 5137 893 5196 commodum
921 5133 1187 5188 lectorum
1214 5126 1244 5180 ὴ
1272 5125 1423 5181 nobis
1452 5124 1555 5179 huc
1582 5123 1878 5194 praestitum
1907 5124 1996 5193 sit,
2023 5125 2182 5182 docet
2207 5124 2372 5194 ipsius
2392 5123 2521 5178 tomi
2550 5123 2832 5193 peculiaris
2854 5123 3124 5177 Pr.efatio.

542 5235 602 5290 lu
639 5231 802 5288 tertio
845 5237 993 5282 tomo
1034 5222 1373 5278 continentur
1412 5218 1678 5290 Opuscula
1718 5219 2008 5290 exegetica,
2055 5218 2350 5276 secundum
2393 5218 2788 5288 Scripturarum
2830 5217 3070 5271 ordinem
3113 5217 3388 5288 disposita,
3435 5217 3673 5289 prurlixis
3719 5219 3776 5276 in

465 5329 588 5402 ipso
613 5325 747 5382 tomi
772 5320 958 5376 limine
986 5326 1216 5390 quatuor
1243 5315 1394 5372 libris
1420 5316 1488 5372 de
1516 5315 1768 5371 Doctrina
1792 5311 2114 5382 Christiana,
2146 5327 2280 5383 quos
2307 5312 2746 5383 subsequentium
2788 5309 3173 5381 Opusculorum
3213 5310 3617 5366 fundamentum
3647 5325 3777 5367 esse

463 5437 630 5481 nemo
661 5415 852 5473 nescit.

545 5514 784 5584 Rejectte
808 5519 932 5566 sunt
957 5511 1008 5565 in
1040 5519 1241 5565 tomum
1267 5517 1514 5581 quartum
1538 5507 1918 5587 Enarrationes
1943 5506 1996 5559 in
2024 5499 2286 5558 Psalmos.

543 5606 607 5662 In
636 5613 782 5660 tomo
809 5603 994 5675 quinto
1022 5602 1288 5660 habentur
1315 5602 1607 5659 Sermones
1631 5598 1698 5653 ad
1725 5599 1996 5668 populum,
2029 5597 2082 5649 in
2112 5601 2338 5664 quatuor
2376 5592 2558 5648 tributi
2597 5593 2820 5659 classes,
2859 5590 3108 5646 nimirum
3137 5591 3188 5646 in
3217 5591 3501 5647 Sermones
3527 5588 3595 5644 de
3621 5589 3778 5646 Scri-

466 5701 646 5772 pluris
673 5697 881 5754 Veteris
906 5707 960 5755 et
984 5698 1118 5754 Novi
1147 5695 1496 5764 Testamenti,
1531 5694 1585 5748 in
1612 5692 1901 5748 Sermones
1921 5689 1989 5743 de
2009 5687 2294 5758 Tempore,
2317 5685 2384 5741 de
2409 5685 2618 5741 Sanctis
2644 5693 2700 5740 et
2727 5684 2794 5740 de
2814 5685 3079 5742 Diversis:
3103 5685 3294 5757 quibus
3315 5685 3368 5739 in
3389 5682 3569 5754 quinta
3591 5679 3777 5744 classe

467 5792 755 5851 Sermones
782 5793 930 5851 dubii
956 5793 1236 5851 accedunt.
2235 5857 2247 5862 _

537 5884 738 5948 'l'omus
759 5887 956 5948 Sextus
975 5887 1153 5961 Opera
1179 5885 1400 5942 moralia
1431 5875 1838 5950 comprehcndit
1865 5891 1986 5931 cum
2015 5874 2218 5946 aliquot
2244 5873 2607 5941 Quaestionum
2635 5876 2804 5932 libris.
