  <div class='ocr_page' id='page_1' title='image "/cluster/home/n/w/nwhite01/storage/ocr_20150623/32/uva.x000669813/018.png"; bbox 0 0 3950 6282; ppageno 0'>
   <div class='ocr_carea' id='block_1_1' title="bbox 177 371 1737 455">
    <p class='ocr_par' dir='ltr' id='par_1_1' title="bbox 177 380 1737 455">
     <span class='ocr_line' id='line_1_1' title="bbox 177 380 1737 455; baseline -0.014 0"><span class='ocrx_word' id='word_1_1' title='bbox 177 397 245 455; x_wconf 65' lang='grc'><strong>17</strong></span> <span class='ocrx_word' id='word_1_2' title='bbox 1409 380 1737 438; x_wconf 65' lang='grc' dir='ltr'><strong>ΡΒᾹΞΕΑΤΙ(</strong></span> 
     </span>
    </p>
   </div>
   <div class='ocr_carea' id='block_1_2' title="bbox 1898 371 3458 455">
    <p class='ocr_par' dir='ltr' id='par_1_2' title="bbox 1898 371 3458 434">
     <span class='ocr_line' id='line_1_2' title="bbox 1898 371 3458 434; baseline 0 -3"><span class='ocrx_word' id='word_1_3' title='bbox 1898 377 2210 434; x_wconf 70' lang='lat' dir='ltr'><strong>,NERALIS.</strong></span> <span class='ocrx_word' id='word_1_4' title='bbox 3388 371 3458 431; x_wconf 71' lang='grc'><strong>18</strong></span> 
     </span>
    </p>
   </div>
   <div class='ocr_carea' id='block_1_3' title="bbox 247 488 3452 579">
    <p class='ocr_par' dir='ltr' id='par_1_3' title="bbox 247 488 3452 579">
     <span class='ocr_line' id='line_1_3' title="bbox 247 488 3452 579; baseline -0.008 -10"><span class='ocrx_word' id='word_1_5' title='bbox 247 512 333 569; x_wconf 82' lang='lat' dir='ltr'><strong>Ab</strong></span> <span class='ocrx_word' id='word_1_6' title='bbox 358 510 490 568; x_wconf 84' lang='lat' dir='ltr'><strong>hinc</strong></span> <span class='ocrx_word' id='word_1_7' title='bbox 517 508 777 579; x_wconf 90' lang='lat' dir='ltr'><strong>incipiunt</strong></span> <span class='ocrx_word' id='word_1_8' title='bbox 801 504 971 576; x_wconf 80' lang='lat' dir='ltr'><strong>Opera</strong></span> <span class='ocrx_word' id='word_1_9' title='bbox 1002 502 1289 574; x_wconf 89' lang='lat' dir='ltr'><strong>polemica,</strong></span> <span class='ocrx_word' id='word_1_10' title='bbox 1312 514 1536 572; x_wconf 89' lang='lat' dir='ltr'><strong>quorum</strong></span> <span class='ocrx_word' id='word_1_11' title='bbox 1567 498 1764 569; x_wconf 87' lang='lat' dir='ltr'><strong>primas</strong></span> <span class='ocrx_word' id='word_1_12' title='bbox 1786 504 1968 551; x_wconf 90' lang='lat' dir='ltr'><strong>tenent</strong></span> <span class='ocrx_word' id='word_1_13' title='bbox 1988 495 2041 548; x_wconf 94' lang='lat' dir='ltr'><strong>in</strong></span> <span class='ocrx_word' id='word_1_14' title='bbox 2064 503 2208 548; x_wconf 92' lang='lat' dir='ltr'><strong>tomo</strong></span> <span class='ocrx_word' id='word_1_15' title='bbox 2232 493 2456 563; x_wconf 90' lang='lat' dir='ltr'><strong>septimo</strong></span> <span class='ocrx_word' id='word_1_16' title='bbox 2486 492 2606 546; x_wconf 88' lang='lat' dir='ltr'><strong>libri</strong></span> <span class='ocrx_word' id='word_1_17' title='bbox 2644 493 2823 564; x_wconf 77' lang='lat' dir='ltr'><strong>viginti</strong></span> <span class='ocrx_word' id='word_1_18' title='bbox 2853 493 2959 548; x_wconf 91' lang='lat' dir='ltr'><strong>duo</strong></span> <span class='ocrx_word' id='word_1_19' title='bbox 2983 491 3050 548; x_wconf 86' lang='lat' dir='ltr'><strong>de</strong></span> <span class='ocrx_word' id='word_1_20' title='bbox 3082 490 3308 547; x_wconf 89' lang='lat' dir='ltr'><strong>Civitate</strong></span> <span class='ocrx_word' id='word_1_21' title='bbox 3334 488 3452 553; x_wconf 87' lang='lat' dir='ltr'><strong>Dei,</strong></span> 
     </span>
    </p>
   </div>
   <div class='ocr_carea' id='block_1_4' title="bbox 181 607 669 676">
    <p class='ocr_par' dir='ltr' id='par_1_4' title="bbox 181 607 669 676">
     <span class='ocr_line' id='line_1_4' title="bbox 181 607 669 676; baseline -0.018 -11"><span class='ocrx_word' id='word_1_22' title='bbox 181 617 374 666; x_wconf 87' lang='lat' dir='ltr'><strong>contra</strong></span> <span class='ocrx_word' id='word_1_23' title='bbox 409 607 669 676; x_wconf 88' lang='lat' dir='ltr'><strong>Paganos.</strong></span> 
     </span>
    </p>
   </div>
   <div class='ocr_carea' id='block_1_5' title="bbox 242 674 3452 764">
    <p class='ocr_par' dir='ltr' id='par_1_5' title="bbox 242 674 3452 764">
     <span class='ocr_line' id='line_1_5' title="bbox 242 674 3452 764; baseline -0.008 -7"><span class='ocrx_word' id='word_1_24' title='bbox 242 703 452 758; x_wconf 85' lang='lat' dir='ltr'><strong>Tomus</strong></span> <span class='ocrx_word' id='word_1_25' title='bbox 477 674 716 759; x_wconf 81' lang='lat' dir='ltr'><strong>octavus,</strong></span> <span class='ocrx_word' id='word_1_26' title='bbox 751 692 1026 764; x_wconf 70' lang='lat' dir='ltr'><strong>praemisso</strong></span> <span class='ocrx_word' id='word_1_27' title='bbox 1064 690 1120 744; x_wconf 93' lang='lat' dir='ltr'><strong>in</strong></span> <span class='ocrx_word' id='word_1_28' title='bbox 1157 688 1331 744; x_wconf 88' lang='lat' dir='ltr'><strong>fronte</strong></span> <span class='ocrx_word' id='word_1_29' title='bbox 1383 686 1518 741; x_wconf 91' lang='lat' dir='ltr'><strong>libro</strong></span> <span class='ocrx_word' id='word_1_30' title='bbox 1537 685 1604 740; x_wconf 93' lang='lat' dir='ltr'><strong>de</strong></span> <span class='ocrx_word' id='word_1_31' title='bbox 1625 683 1950 748; x_wconf 68' lang='lat' dir='ltr'><strong>Haeresibus,</strong></span> <span class='ocrx_word' id='word_1_32' title='bbox 1983 680 2198 738; x_wconf 75' lang='lat' dir='ltr'><strong>exhibet</strong></span> <span class='ocrx_word' id='word_1_33' title='bbox 2227 695 2388 752; x_wconf 81' lang='lat' dir='ltr'><strong>opera</strong></span> <span class='ocrx_word' id='word_1_34' title='bbox 2417 679 2678 752; x_wconf 91' lang='lat' dir='ltr'><strong>polemica</strong></span> <span class='ocrx_word' id='word_1_35' title='bbox 2717 679 2968 734; x_wconf 87' lang='lat' dir='ltr'><strong>adversus</strong></span> <span class='ocrx_word' id='word_1_36' title='bbox 2996 677 3228 744; x_wconf 68' lang='lat' dir='ltr'><strong>Judaeos,</strong></span> <span class='ocrx_word' id='word_1_37' title='bbox 3277 674 3452 733; x_wconf 83' lang='lat' dir='ltr'><strong>Mani-</strong></span> 
     </span>
    </p>
   </div>
   <div class='ocr_carea' id='block_1_6' title="bbox 169 777 3010 863">
    <p class='ocr_par' dir='ltr' id='par_1_6' title="bbox 169 777 3010 863">
     <span class='ocr_line' id='line_1_6' title="bbox 169 777 3010 863; baseline -0.008 -8"><span class='ocrx_word' id='word_1_38' title='bbox 169 799 375 863; x_wconf 70' lang='lat' dir='ltr'><strong>ehzeos,</strong></span> <span class='ocrx_word' id='word_1_39' title='bbox 401 791 850 856; x_wconf 89' lang='lat' dir='ltr'><strong>Priscillianistas,</strong></span> <span class='ocrx_word' id='word_1_40' title='bbox 881 796 937 844; x_wconf 90' lang='lat' dir='ltr'><strong>et</strong></span> <span class='ocrx_word' id='word_1_41' title='bbox 959 787 1219 842; x_wconf 82' lang='lat' dir='ltr'><strong>Arianos:</strong></span> <span class='ocrx_word' id='word_1_42' title='bbox 1242 784 1431 855; x_wconf 87' lang='lat' dir='ltr'><strong>quibus</strong></span> <span class='ocrx_word' id='word_1_43' title='bbox 1456 781 1738 853; x_wconf 87' lang='lat' dir='ltr'><strong>Opusculis</strong></span> <span class='ocrx_word' id='word_1_44' title='bbox 1756 779 1993 852; x_wconf 79' lang='lat' dir='ltr'><strong>adiuncti</strong></span> <span class='ocrx_word' id='word_1_45' title='bbox 2018 786 2146 835; x_wconf 91' lang='lat' dir='ltr'><strong>sunt</strong></span> <span class='ocrx_word' id='word_1_46' title='bbox 2170 778 2290 835; x_wconf 87' lang='lat' dir='ltr'><strong>libri</strong></span> <span class='ocrx_word' id='word_1_47' title='bbox 2317 777 2617 850; x_wconf 83' lang='lat' dir='ltr'><strong>quindecim</strong></span> <span class='ocrx_word' id='word_1_48' title='bbox 2639 777 2706 834; x_wconf 92' lang='lat' dir='ltr'><strong>de</strong></span> <span class='ocrx_word' id='word_1_49' title='bbox 2733 777 3010 834; x_wconf 87' lang='lat' dir='ltr'><strong>Trinitate.</strong></span> 
     </span>
    </p>
   </div>
   <div class='ocr_carea' id='block_1_7' title="bbox 245 875 1967 950">
    <p class='ocr_par' dir='ltr' id='par_1_7' title="bbox 245 875 1967 950">
     <span class='ocr_line' id='line_1_7' title="bbox 245 875 1967 950; baseline -0.013 -2"><span class='ocrx_word' id='word_1_50' title='bbox 245 892 448 948; x_wconf 89' lang='lat' dir='ltr'><strong>Tomus</strong></span> <span class='ocrx_word' id='word_1_51' title='bbox 478 902 654 941; x_wconf 90' lang='lat' dir='ltr'><strong>nonus</strong></span> <span class='ocrx_word' id='word_1_52' title='bbox 682 883 920 939; x_wconf 74' lang='lat' dir='ltr'><strong>continet</strong></span> <span class='ocrx_word' id='word_1_53' title='bbox 947 880 1118 950; x_wconf 85' lang='lat' dir='ltr'><strong>Opera</strong></span> <span class='ocrx_word' id='word_1_54' title='bbox 1146 878 1405 949; x_wconf 90' lang='lat' dir='ltr'><strong>polemica</strong></span> <span class='ocrx_word' id='word_1_55' title='bbox 1433 885 1617 930; x_wconf 87' lang='lat' dir='ltr'><strong>contra</strong></span> <span class='ocrx_word' id='word_1_56' title='bbox 1649 875 1967 930; x_wconf 87' lang='lat' dir='ltr'><strong>Donatistas.</strong></span> 
     </span>
    </p>
   </div>
   <div class='ocr_carea' id='block_1_8' title="bbox 245 965 3453 1053">
    <p class='ocr_par' dir='ltr' id='par_1_8' title="bbox 245 965 3453 1053">
     <span class='ocr_line' id='line_1_8' title="bbox 245 965 3453 1053; baseline -0.005 -14"><span class='ocrx_word' id='word_1_57' title='bbox 245 983 482 1053; x_wconf 87' lang='lat' dir='ltr'><strong>Denique</strong></span> <span class='ocrx_word' id='word_1_58' title='bbox 508 988 686 1034; x_wconf 91' lang='lat' dir='ltr'><strong>tomus</strong></span> <span class='ocrx_word' id='word_1_59' title='bbox 715 975 955 1034; x_wconf 90' lang='lat' dir='ltr'><strong>decimus</strong></span> <span class='ocrx_word' id='word_1_60' title='bbox 980 973 1153 1044; x_wconf 83' lang='lat' dir='ltr'><strong>Opera</strong></span> <span class='ocrx_word' id='word_1_61' title='bbox 1181 970 1360 1026; x_wconf 91' lang='lat' dir='ltr'><strong>itidem</strong></span> <span class='ocrx_word' id='word_1_62' title='bbox 1386 969 1639 1040; x_wconf 89' lang='lat' dir='ltr'><strong>polemica</strong></span> <span class='ocrx_word' id='word_1_63' title='bbox 1661 976 1845 1024; x_wconf 90' lang='lat' dir='ltr'><strong>contra</strong></span> <span class='ocrx_word' id='word_1_64' title='bbox 1868 967 2178 1039; x_wconf 80' lang='lat' dir='ltr'><strong>Pelagianos</strong></span> <span class='ocrx_word' id='word_1_65' title='bbox 2197 984 2214 1023; x_wconf 91' lang='lat'><strong>:</strong></span> <span class='ocrx_word' id='word_1_66' title='bbox 2233 966 2427 1038; x_wconf 87' lang='lat' dir='ltr'><strong>quibus</strong></span> <span class='ocrx_word' id='word_1_67' title='bbox 2451 965 2665 1037; x_wconf 89' lang='lat' dir='ltr'><strong>scriptis</strong></span> <span class='ocrx_word' id='word_1_68' title='bbox 2687 965 3078 1038; x_wconf 86' lang='lat' dir='ltr'><strong>subjunguntur</strong></span> <span class='ocrx_word' id='word_1_69' title='bbox 3095 966 3240 1022; x_wconf 91' lang='lat' dir='ltr'><strong>varia</strong></span> <span class='ocrx_word' id='word_1_70' title='bbox 3263 981 3453 1023; x_wconf 88' lang='lat' dir='ltr'><strong>monu-</strong></span> 
     </span>
    </p>
   </div>
   <div class='ocr_carea' id='block_1_9' title="bbox 174 1063 2250 1145">
    <p class='ocr_par' dir='ltr' id='par_1_9' title="bbox 174 1063 2250 1145">
     <span class='ocr_line' id='line_1_9' title="bbox 174 1063 2250 1145; baseline -0.008 -12"><span class='ocrx_word' id='word_1_71' title='bbox 174 1087 376 1141; x_wconf 88' lang='lat' dir='ltr'><strong>menta,</strong></span> <span class='ocrx_word' id='word_1_72' title='bbox 403 1089 520 1145; x_wconf 71' lang='lat' dir='ltr'><strong>qua:</strong></span> <span class='ocrx_word' id='word_1_73' title='bbox 549 1072 617 1127; x_wconf 92' lang='lat' dir='ltr'><strong>ad</strong></span> <span class='ocrx_word' id='word_1_74' title='bbox 651 1087 714 1126; x_wconf 84' lang='lat' dir='ltr'><strong>ea</strong></span> <span class='ocrx_word' id='word_1_75' title='bbox 743 1069 1050 1125; x_wconf 89' lang='lat' dir='ltr'><strong>illustranda</strong></span> <span class='ocrx_word' id='word_1_76' title='bbox 1081 1074 1304 1138; x_wconf 91' lang='lat' dir='ltr'><strong>possunt</strong></span> <span class='ocrx_word' id='word_1_77' title='bbox 1326 1065 1643 1121; x_wconf 88' lang='lat' dir='ltr'><strong>conducere.</strong></span> <span class='ocrx_word' id='word_1_78' title='bbox 1667 1065 1934 1120; x_wconf 81' lang='lat' dir='ltr'><strong>Hactenus</strong></span> <span class='ocrx_word' id='word_1_79' title='bbox 1953 1063 2020 1119; x_wconf 90' lang='lat' dir='ltr'><strong>de</strong></span> <span class='ocrx_word' id='word_1_80' title='bbox 2044 1063 2250 1120; x_wconf 83' lang='lat' dir='ltr'><strong>ordine.</strong></span> 
     </span>
    </p>
   </div>
   <div class='ocr_carea' id='block_1_10' title="bbox 250 1153 3452 1227">
    <p class='ocr_par' dir='ltr' id='par_1_10' title="bbox 250 1153 3452 1227">
     <span class='ocr_line' id='line_1_10' title="bbox 250 1153 3452 1227; baseline -0.005 -3"><span class='ocrx_word' id='word_1_81' title='bbox 250 1170 365 1224; x_wconf 81' lang='lat' dir='ltr'><strong>Jam</strong></span> <span class='ocrx_word' id='word_1_82' title='bbox 391 1181 515 1221; x_wconf 84' lang='lat' dir='ltr'><strong>vero</strong></span> <span class='ocrx_word' id='word_1_83' title='bbox 541 1163 876 1218; x_wconf 90' lang='lat' dir='ltr'><strong>illustrandis</strong></span> <span class='ocrx_word' id='word_1_84' title='bbox 910 1159 1233 1216; x_wconf 85' lang='lat' dir='ltr'><strong>sanctissimi</strong></span> <span class='ocrx_word' id='word_1_85' title='bbox 1271 1157 1444 1212; x_wconf 84' lang='lat' dir='ltr'><strong>Patris</strong></span> <span class='ocrx_word' id='word_1_86' title='bbox 1481 1157 1729 1227; x_wconf 85' lang='lat' dir='ltr'><strong>operibus</strong></span> <span class='ocrx_word' id='word_1_87' title='bbox 1753 1155 2102 1213; x_wconf 80' lang='lat' dir='ltr'><strong>Praefationes</strong></span> <span class='ocrx_word' id='word_1_88' title='bbox 2129 1155 2352 1226; x_wconf 82' lang='lat' dir='ltr'><strong>singulis</strong></span> <span class='ocrx_word' id='word_1_89' title='bbox 2376 1154 2536 1210; x_wconf 92' lang='lat' dir='ltr'><strong>tomis</strong></span> <span class='ocrx_word' id='word_1_90' title='bbox 2561 1155 2885 1224; x_wconf 84' lang='lat' dir='ltr'><strong>praemittere</strong></span> <span class='ocrx_word' id='word_1_91' title='bbox 2915 1153 3274 1209; x_wconf 88' lang='lat' dir='ltr'><strong>necessarium</strong></span> <span class='ocrx_word' id='word_1_92' title='bbox 3293 1153 3452 1209; x_wconf 81' lang='lat' dir='ltr'><strong>duxi-</strong></span> 
     </span>
    </p>
   </div>
   <div class='ocr_carea' id='block_1_11' title="bbox 183 1246 3468 1330">
    <p class='ocr_par' dir='ltr' id='par_1_11' title="bbox 183 1246 3468 1330">
     <span class='ocr_line' id='line_1_11' title="bbox 183 1246 3468 1330; baseline -0.004 -12"><span class='ocrx_word' id='word_1_93' title='bbox 183 1277 324 1323; x_wconf 89' lang='lat' dir='ltr'><strong>mus,</strong></span> <span class='ocrx_word' id='word_1_94' title='bbox 352 1261 402 1314; x_wconf 90' lang='lat' dir='ltr'><strong>in</strong></span> <span class='ocrx_word' id='word_1_95' title='bbox 422 1260 605 1330; x_wconf 89' lang='lat' dir='ltr'><strong>quibus</strong></span> <span class='ocrx_word' id='word_1_96' title='bbox 628 1272 716 1312; x_wconf 88' lang='lat' dir='ltr'><strong>res</strong></span> <span class='ocrx_word' id='word_1_97' title='bbox 741 1255 916 1327; x_wconf 90' lang='lat' dir='ltr'><strong>potius</strong></span> <span class='ocrx_word' id='word_1_98' title='bbox 936 1252 1238 1317; x_wconf 85' lang='lat' dir='ltr'><strong>historicas,</strong></span> <span class='ocrx_word' id='word_1_99' title='bbox 1261 1266 1417 1322; x_wconf 90' lang='lat' dir='ltr'><strong>quam</strong></span> <span class='ocrx_word' id='word_1_100' title='bbox 1439 1249 1762 1321; x_wconf 87' lang='lat' dir='ltr'><strong>dogmaticas</strong></span> <span class='ocrx_word' id='word_1_101' title='bbox 1788 1249 2055 1318; x_wconf 77' lang='lat' dir='ltr'><strong>explicare</strong></span> <span class='ocrx_word' id='word_1_102' title='bbox 2080 1247 2397 1314; x_wconf 87' lang='lat' dir='ltr'><strong>studuimus,</strong></span> <span class='ocrx_word' id='word_1_103' title='bbox 2421 1247 2486 1303; x_wconf 86' lang='lat' dir='ltr'><strong>ad</strong></span> <span class='ocrx_word' id='word_1_104' title='bbox 2506 1246 2792 1318; x_wconf 87' lang='lat' dir='ltr'><strong>juvandam</strong></span> <span class='ocrx_word' id='word_1_105' title='bbox 2821 1247 3079 1302; x_wconf 90' lang='lat' dir='ltr'><strong>lectorum</strong></span> <span class='ocrx_word' id='word_1_106' title='bbox 3109 1247 3426 1303; x_wconf 83' lang='lat' dir='ltr'><strong>industriam</strong></span> <span class='ocrx_word' id='word_1_107' title='bbox 3451 1285 3468 1305; x_wconf 87' lang='lat'><strong>.</strong></span> 
     </span>
    </p>
   </div>
   <div class='ocr_carea' id='block_1_12' title="bbox 191 1337 3455 1424">
    <p class='ocr_par' dir='ltr' id='par_1_12' title="bbox 191 1337 3455 1424">
     <span class='ocr_line' id='line_1_12' title="bbox 191 1337 3455 1424; baseline -0.006 -12"><span class='ocrx_word' id='word_1_108' title='bbox 191 1356 272 1412; x_wconf 78' lang='lat' dir='ltr'><strong>Ad</strong></span> <span class='ocrx_word' id='word_1_109' title='bbox 301 1356 406 1410; x_wconf 62' lang='lat' dir='ltr'><strong>hac</strong></span> <span class='ocrx_word' id='word_1_110' title='bbox 431 1353 696 1424; x_wconf 87' lang='lat' dir='ltr'><strong>plerisque</strong></span> <span class='ocrx_word' id='word_1_111' title='bbox 725 1348 994 1420; x_wconf 89' lang='lat' dir='ltr'><strong>opusculis</strong></span> <span class='ocrx_word' id='word_1_112' title='bbox 1021 1345 1423 1401; x_wconf 87' lang='lat' dir='ltr'><strong>Admonitiones</strong></span> <span class='ocrx_word' id='word_1_113' title='bbox 1452 1343 1775 1414; x_wconf 71' lang='lat' dir='ltr'><strong>prieﬁximus</strong></span> <span class='ocrx_word' id='word_1_114' title='bbox 1803 1343 1868 1398; x_wconf 90' lang='lat' dir='ltr'><strong>ad</strong></span> <span class='ocrx_word' id='word_1_115' title='bbox 1896 1341 2268 1413; x_wconf 83' lang='lat' dir='ltr'><strong>explicandum</strong></span> <span class='ocrx_word' id='word_1_116' title='bbox 2298 1356 2484 1396; x_wconf 89' lang='lat' dir='ltr'><strong>eorum</strong></span> <span class='ocrx_word' id='word_1_117' title='bbox 2517 1348 2905 1411; x_wconf 75' lang='lat' dir='ltr'><strong>argumentum.</strong></span> <span class='ocrx_word' id='word_1_118' title='bbox 2938 1337 3158 1409; x_wconf 83' lang='lat' dir='ltr'><strong>Insuper</strong></span> <span class='ocrx_word' id='word_1_119' title='bbox 3183 1339 3455 1394; x_wconf 81' lang='lat' dir='ltr'><strong>breviores</strong></span> 
     </span>
    </p>
   </div>
   <div class='ocr_carea' id='block_1_13' title="bbox 186 1437 3453 1513">
    <p class='ocr_par' dir='ltr' id='par_1_13' title="bbox 186 1437 3453 1513">
     <span class='ocr_line' id='line_1_13' title="bbox 186 1437 3453 1513; baseline -0.004 -8"><span class='ocrx_word' id='word_1_120' title='bbox 186 1449 402 1505; x_wconf 79' lang='lat' dir='ltr'><strong>subinde</strong></span> <span class='ocrx_word' id='word_1_121' title='bbox 427 1445 623 1502; x_wconf 72' lang='lat' dir='ltr'><strong>notula:</strong></span> <span class='ocrx_word' id='word_1_122' title='bbox 655 1445 708 1499; x_wconf 89' lang='lat' dir='ltr'><strong>in</strong></span> <span class='ocrx_word' id='word_1_123' title='bbox 739 1442 976 1513; x_wconf 82' lang='lat' dir='ltr'><strong>margine</strong></span> <span class='ocrx_word' id='word_1_124' title='bbox 1004 1440 1242 1495; x_wconf 89' lang='lat' dir='ltr'><strong>inferiori</strong></span> <span class='ocrx_word' id='word_1_125' title='bbox 1267 1455 1295 1493; x_wconf 92' lang='lat' dir='ltr'><strong>a</strong></span> <span class='ocrx_word' id='word_1_126' title='bbox 1322 1439 1474 1494; x_wconf 90' lang='lat' dir='ltr'><strong>nobis</strong></span> <span class='ocrx_word' id='word_1_127' title='bbox 1499 1440 1774 1508; x_wconf 84' lang='lat' dir='ltr'><strong>appositae,</strong></span> <span class='ocrx_word' id='word_1_128' title='bbox 1801 1438 1993 1508; x_wconf 90' lang='lat' dir='ltr'><strong>quibus</strong></span> <span class='ocrx_word' id='word_1_129' title='bbox 2030 1438 2112 1493; x_wconf 89' lang='lat' dir='ltr'><strong>vel</strong></span> <span class='ocrx_word' id='word_1_130' title='bbox 2142 1438 2408 1493; x_wconf 86' lang='lat' dir='ltr'><strong>variantes</strong></span> <span class='ocrx_word' id='word_1_131' title='bbox 2449 1439 2706 1495; x_wconf 88' lang='lat' dir='ltr'><strong>lectiones</strong></span> <span class='ocrx_word' id='word_1_132' title='bbox 2751 1437 3076 1506; x_wconf 83' lang='lat' dir='ltr'><strong>iudicentur,</strong></span> <span class='ocrx_word' id='word_1_133' title='bbox 3107 1438 3190 1494; x_wconf 90' lang='lat' dir='ltr'><strong>vel</strong></span> <span class='ocrx_word' id='word_1_134' title='bbox 3223 1439 3453 1494; x_wconf 89' lang='lat' dir='ltr'><strong>obscura</strong></span> 
     </span>
    </p>
   </div>
   <div class='ocr_carea' id='block_1_14' title="bbox 180 1531 1925 1604">
    <p class='ocr_par' dir='ltr' id='par_1_14' title="bbox 180 1531 1925 1604">
     <span class='ocr_line' id='line_1_14' title="bbox 180 1531 1925 1604; baseline -0.007 -8"><span class='ocrx_word' id='word_1_135' title='bbox 180 1543 315 1604; x_wconf 88' lang='lat' dir='ltr'><strong>loca,</strong></span> <span class='ocrx_word' id='word_1_136' title='bbox 339 1541 563 1594; x_wconf 78' lang='lat' dir='ltr'><strong>maxime</strong></span> <span class='ocrx_word' id='word_1_137' title='bbox 592 1537 820 1592; x_wconf 87' lang='lat' dir='ltr'><strong>aliorum</strong></span> <span class='ocrx_word' id='word_1_138' title='bbox 848 1535 1086 1590; x_wconf 90' lang='lat' dir='ltr'><strong>locorum</strong></span> <span class='ocrx_word' id='word_1_139' title='bbox 1111 1531 1528 1602; x_wconf 89' lang='lat' dir='ltr'><strong>comparatione,</strong></span> <span class='ocrx_word' id='word_1_140' title='bbox 1555 1531 1925 1602; x_wconf 69' lang='lat' dir='ltr'><strong>eXplanentur.</strong></span> 
     </span>
    </p>
   </div>
   <div class='ocr_carea' id='block_1_15' title="bbox 248 1623 3459 1697">
    <p class='ocr_par' dir='ltr' id='par_1_15' title="bbox 248 1623 3459 1697">
     <span class='ocr_line' id='line_1_15' title="bbox 248 1623 3459 1697; baseline -0.003 -7"><span class='ocrx_word' id='word_1_141' title='bbox 248 1635 304 1689; x_wconf 92' lang='lat' dir='ltr'><strong>ln</strong></span> <span class='ocrx_word' id='word_1_142' title='bbox 335 1635 415 1689; x_wconf 88' lang='lat' dir='ltr'><strong>bis</strong></span> <span class='ocrx_word' id='word_1_143' title='bbox 439 1632 689 1688; x_wconf 90' lang='lat' dir='ltr'><strong>omnibus</strong></span> <span class='ocrx_word' id='word_1_144' title='bbox 709 1630 762 1685; x_wconf 93' lang='lat' dir='ltr'><strong>id</strong></span> <span class='ocrx_word' id='word_1_145' title='bbox 787 1629 893 1683; x_wconf 87' lang='lat' dir='ltr'><strong>alte</strong></span> <span class='ocrx_word' id='word_1_146' title='bbox 913 1626 1068 1682; x_wconf 87' lang='lat' dir='ltr'><strong>nobis</strong></span> <span class='ocrx_word' id='word_1_147' title='bbox 1087 1627 1268 1681; x_wconf 87' lang='lat' dir='ltr'><strong>animo</strong></span> <span class='ocrx_word' id='word_1_148' title='bbox 1298 1624 1514 1679; x_wconf 82' lang='lat' dir='ltr'><strong>inﬁxum</strong></span> <span class='ocrx_word' id='word_1_149' title='bbox 1543 1624 1658 1691; x_wconf 92' lang='lat' dir='ltr'><strong>fuit,</strong></span> <span class='ocrx_word' id='word_1_150' title='bbox 1688 1633 1740 1679; x_wconf 91' lang='lat' dir='ltr'><strong>et</strong></span> <span class='ocrx_word' id='word_1_151' title='bbox 1765 1640 1794 1678; x_wconf 91' lang='lat' dir='ltr'><strong>a</strong></span> <span class='ocrx_word' id='word_1_152' title='bbox 1825 1625 2129 1695; x_wconf 69' lang='lat' dir='ltr'><strong>Prmpositis</strong></span> <span class='ocrx_word' id='word_1_153' title='bbox 2158 1623 2356 1680; x_wconf 89' lang='lat' dir='ltr'><strong>nostris</strong></span> <span class='ocrx_word' id='word_1_154' title='bbox 2380 1625 2722 1690; x_wconf 88' lang='lat' dir='ltr'><strong>inculcatum,</strong></span> <span class='ocrx_word' id='word_1_155' title='bbox 2752 1635 2810 1681; x_wconf 91' lang='lat' dir='ltr'><strong>ut</strong></span> <span class='ocrx_word' id='word_1_156' title='bbox 2833 1627 3060 1697; x_wconf 88' lang='lat' dir='ltr'><strong>partium</strong></span> <span class='ocrx_word' id='word_1_157' title='bbox 3087 1625 3259 1680; x_wconf 92' lang='lat' dir='ltr'><strong>studia</strong></span> <span class='ocrx_word' id='word_1_158' title='bbox 3288 1626 3340 1679; x_wconf 91' lang='lat' dir='ltr'><strong>in</strong></span> <span class='ocrx_word' id='word_1_159' title='bbox 3360 1641 3459 1680; x_wconf 79' lang='lat' dir='ltr'><strong>ex-</strong></span> 
     </span>
    </p>
   </div>
   <div class='ocr_carea' id='block_1_16' title="bbox 173 1716 3458 1801">
    <p class='ocr_par' dir='ltr' id='par_1_16' title="bbox 173 1716 3458 1801">
     <span class='ocr_line' id='line_1_16' title="bbox 173 1716 3458 1801; baseline -0.004 -17"><span class='ocrx_word' id='word_1_160' title='bbox 173 1728 417 1801; x_wconf 85' lang='lat' dir='ltr'><strong>plicanda</strong></span> <span class='ocrx_word' id='word_1_161' title='bbox 438 1725 719 1798; x_wconf 77' lang='lat' dir='ltr'><strong>Augustini</strong></span> <span class='ocrx_word' id='word_1_162' title='bbox 745 1722 986 1778; x_wconf 87' lang='lat' dir='ltr'><strong>doctrina</strong></span> <span class='ocrx_word' id='word_1_163' title='bbox 1005 1719 1201 1776; x_wconf 86' lang='lat' dir='ltr'><strong>sedqu</strong></span> <span class='ocrx_word' id='word_1_164' title='bbox 1213 1734 1544 1774; x_wconf 87' lang='lat' dir='ltr'><strong>caveremus.</strong></span> <span class='ocrx_word' id='word_1_165' title='bbox 1562 1718 1690 1787; x_wconf 58' lang='lat' dir='ltr'><strong>Quae</strong></span> <span class='ocrx_word' id='word_1_166' title='bbox 1715 1733 1804 1774; x_wconf 88' lang='lat' dir='ltr'><strong>res</strong></span> <span class='ocrx_word' id='word_1_167' title='bbox 1830 1718 1881 1772; x_wconf 94' lang='lat' dir='ltr'><strong>in</strong></span> <span class='ocrx_word' id='word_1_168' title='bbox 1909 1732 2068 1773; x_wconf 84' lang='lat' dir='ltr'><strong>causa</strong></span> <span class='ocrx_word' id='word_1_169' title='bbox 2090 1716 2211 1785; x_wconf 92' lang='lat' dir='ltr'><strong>fuit,</strong></span> <span class='ocrx_word' id='word_1_170' title='bbox 2237 1727 2343 1772; x_wconf 91' lang='lat' dir='ltr'><strong>uta</strong></span> <span class='ocrx_word' id='word_1_171' title='bbox 2372 1718 2745 1788; x_wconf 83' lang='lat' dir='ltr'><strong>prolixioribus</strong></span> <span class='ocrx_word' id='word_1_172' title='bbox 2767 1720 3164 1775; x_wconf 89' lang='lat' dir='ltr'><strong>commentariis</strong></span> <span class='ocrx_word' id='word_1_173' title='bbox 3190 1729 3244 1774; x_wconf 90' lang='lat' dir='ltr'><strong>et</strong></span> <span class='ocrx_word' id='word_1_174' title='bbox 3264 1718 3458 1773; x_wconf 88' lang='lat' dir='ltr'><strong>obser-</strong></span> 
     </span>
    </p>
   </div>
   <div class='ocr_carea' id='block_1_17' title="bbox 174 1809 3461 1883">
    <p class='ocr_par' dir='ltr' id='par_1_17' title="bbox 174 1809 3461 1883">
     <span class='ocr_line' id='line_1_17' title="bbox 174 1809 3461 1883; baseline -0.004 -6"><span class='ocrx_word' id='word_1_175' title='bbox 174 1822 478 1877; x_wconf 88' lang='lat' dir='ltr'><strong>vationibus</strong></span> <span class='ocrx_word' id='word_1_176' title='bbox 508 1817 943 1882; x_wconf 87' lang='lat' dir='ltr'><strong>abstinuerimus,</strong></span> <span class='ocrx_word' id='word_1_177' title='bbox 974 1823 1032 1869; x_wconf 91' lang='lat' dir='ltr'><strong>ut</strong></span> <span class='ocrx_word' id='word_1_178' title='bbox 1060 1828 1127 1868; x_wconf 92' lang='lat' dir='ltr'><strong>ne</strong></span> <span class='ocrx_word' id='word_1_179' title='bbox 1151 1811 1398 1883; x_wconf 87' lang='lat' dir='ltr'><strong>cuiquam</strong></span> <span class='ocrx_word' id='word_1_180' title='bbox 1428 1810 1510 1866; x_wconf 88' lang='lat' dir='ltr'><strong>vel</strong></span> <span class='ocrx_word' id='word_1_181' title='bbox 1539 1810 1816 1865; x_wconf 91' lang='lat' dir='ltr'><strong>minimum</strong></span> <span class='ocrx_word' id='word_1_182' title='bbox 1845 1809 2145 1866; x_wconf 83' lang='lat' dir='ltr'><strong>oll&#39;endiculi</strong></span> <span class='ocrx_word' id='word_1_183' title='bbox 2175 1810 2559 1880; x_wconf 75' lang='lat' dir='ltr'><strong>prmberemus,</strong></span> <span class='ocrx_word' id='word_1_184' title='bbox 2589 1811 2748 1866; x_wconf 90' lang='lat' dir='ltr'><strong>ullive</strong></span> <span class='ocrx_word' id='word_1_185' title='bbox 2767 1811 3148 1868; x_wconf 84' lang='lat' dir='ltr'><strong>catholicorum</strong></span> <span class='ocrx_word' id='word_1_186' title='bbox 3177 1809 3461 1881; x_wconf 86' lang='lat' dir='ltr'><strong>theologo-</strong></span> 
     </span>
    </p>
   </div>
   <div class='ocr_carea' id='block_1_18' title="bbox 173 1911 1128 1983">
    <p class='ocr_par' dir='ltr' id='par_1_18' title="bbox 173 1911 1128 1983">
     <span class='ocr_line' id='line_1_18' title="bbox 173 1911 1128 1983; baseline -0.01 -12"><span class='ocrx_word' id='word_1_187' title='bbox 173 1932 297 1971; x_wconf 87' lang='lat' dir='ltr'><strong>rum</strong></span> <span class='ocrx_word' id='word_1_188' title='bbox 329 1913 610 1970; x_wconf 74' lang='lat' dir='ltr'><strong>sententize</strong></span> <span class='ocrx_word' id='word_1_189' title='bbox 640 1911 1128 1983; x_wconf 71' lang='lat' dir='ltr'><strong>prtejudicaremus.</strong></span> 
     </span>
    </p>
   </div>
   <div class='ocr_carea' id='block_1_19' title="bbox 243 1998 3457 2079">
    <p class='ocr_par' dir='ltr' id='par_1_19' title="bbox 243 1998 3457 2079">
     <span class='ocr_line' id='line_1_19' title="bbox 243 1998 3457 2079; baseline -0.003 -12"><span class='ocrx_word' id='word_1_190' title='bbox 243 2012 446 2068; x_wconf 78' lang='lat' dir='ltr'><strong>Verum</strong></span> <span class='ocrx_word' id='word_1_191' title='bbox 494 2007 835 2079; x_wconf 87' lang='lat' dir='ltr'><strong>quantumvis</strong></span> <span class='ocrx_word' id='word_1_192' title='bbox 858 2005 911 2060; x_wconf 94' lang='lat' dir='ltr'><strong>id</strong></span> <span class='ocrx_word' id='word_1_193' title='bbox 933 2002 1321 2070; x_wconf 85' lang='lat' dir='ltr'><strong>curaverimus,</strong></span> <span class='ocrx_word' id='word_1_194' title='bbox 1349 2000 1748 2070; x_wconf 90' lang='lat' dir='ltr'><strong>curandumque</strong></span> <span class='ocrx_word' id='word_1_195' title='bbox 1767 1998 2134 2054; x_wconf 90' lang='lat' dir='ltr'><strong>mandaverint</strong></span> <span class='ocrx_word' id='word_1_196' title='bbox 2163 1999 2438 2069; x_wconf 72' lang='lat' dir='ltr'><strong>Praepositi</strong></span> <span class='ocrx_word' id='word_1_197' title='bbox 2471 2001 2672 2068; x_wconf 88' lang='lat' dir='ltr'><strong>nostri;</strong></span> <span class='ocrx_word' id='word_1_198' title='bbox 2700 2000 2915 2056; x_wconf 91' lang='lat' dir='ltr'><strong>difﬁcile</strong></span> <span class='ocrx_word' id='word_1_199' title='bbox 2954 2009 3128 2055; x_wconf 90' lang='lat' dir='ltr'><strong>tamen</strong></span> <span class='ocrx_word' id='word_1_200' title='bbox 3158 1999 3275 2064; x_wconf 93' lang='lat' dir='ltr'><strong>fuit,</strong></span> <span class='ocrx_word' id='word_1_201' title='bbox 3303 2007 3360 2054; x_wconf 90' lang='lat' dir='ltr'><strong>ut</strong></span> <span class='ocrx_word' id='word_1_202' title='bbox 3388 2014 3457 2056; x_wconf 87' lang='lat' dir='ltr'><strong>ne</strong></span> 
     </span>
    </p>
   </div>
   <div class='ocr_carea' id='block_1_20' title="bbox 179 2091 3457 2178">
    <p class='ocr_par' dir='ltr' id='par_1_20' title="bbox 179 2091 3457 2178">
     <span class='ocr_line' id='line_1_20' title="bbox 179 2091 3457 2178; baseline -0.003 -18"><span class='ocrx_word' id='word_1_203' title='bbox 179 2105 309 2178; x_wconf 91' lang='lat' dir='ltr'><strong>quid</strong></span> <span class='ocrx_word' id='word_1_204' title='bbox 340 2106 393 2158; x_wconf 91' lang='lat' dir='ltr'><strong>in</strong></span> <span class='ocrx_word' id='word_1_205' title='bbox 427 2112 538 2156; x_wconf 91' lang='lat' dir='ltr'><strong>tam</strong></span> <span class='ocrx_word' id='word_1_206' title='bbox 563 2108 716 2153; x_wconf 90' lang='lat' dir='ltr'><strong>vasto</strong></span> <span class='ocrx_word' id='word_1_207' title='bbox 740 2111 901 2168; x_wconf 89' lang='lat' dir='ltr'><strong>opere</strong></span> <span class='ocrx_word' id='word_1_208' title='bbox 928 2095 1080 2150; x_wconf 89' lang='lat' dir='ltr'><strong>nobis</strong></span> <span class='ocrx_word' id='word_1_209' title='bbox 1103 2095 1309 2150; x_wconf 87' lang='lat' dir='ltr'><strong>incaute</strong></span> <span class='ocrx_word' id='word_1_210' title='bbox 1335 2111 1439 2149; x_wconf 91' lang='lat' dir='ltr'><strong>non</strong></span> <span class='ocrx_word' id='word_1_211' title='bbox 1466 2094 1797 2163; x_wconf 86' lang='lat' dir='ltr'><strong>subreperet,</strong></span> <span class='ocrx_word' id='word_1_212' title='bbox 1819 2092 1932 2158; x_wconf 91' lang='lat' dir='ltr'><strong>vel,</strong></span> <span class='ocrx_word' id='word_1_213' title='bbox 1957 2102 2014 2146; x_wconf 91' lang='lat' dir='ltr'><strong>ut</strong></span> <span class='ocrx_word' id='word_1_214' title='bbox 2037 2103 2160 2147; x_wconf 92' lang='lat' dir='ltr'><strong>sunt</strong></span> <span class='ocrx_word' id='word_1_215' title='bbox 2180 2095 2480 2148; x_wconf 90' lang='lat' dir='ltr'><strong>mortalium</strong></span> <span class='ocrx_word' id='word_1_216' title='bbox 2507 2095 2668 2149; x_wconf 91' lang='lat' dir='ltr'><strong>animi</strong></span> <span class='ocrx_word' id='word_1_217' title='bbox 2689 2096 2834 2150; x_wconf 89' lang='lat' dir='ltr'><strong>varie</strong></span> <span class='ocrx_word' id='word_1_218' title='bbox 2860 2093 3048 2158; x_wconf 77' lang='lat' dir='ltr'><strong>allecti,</strong></span> <span class='ocrx_word' id='word_1_219' title='bbox 3071 2110 3137 2149; x_wconf 88' lang='lat' dir='ltr'><strong>ne</strong></span> <span class='ocrx_word' id='word_1_220' title='bbox 3155 2091 3280 2163; x_wconf 87' lang='lat' dir='ltr'><strong>quid</strong></span> <span class='ocrx_word' id='word_1_221' title='bbox 3300 2107 3457 2149; x_wconf 81' lang='lat' dir='ltr'><strong>secus</strong></span> 
     </span>
    </p>
   </div>
   <div class='ocr_carea' id='block_1_21' title="bbox 175 2186 3080 2270">
    <p class='ocr_par' dir='ltr' id='par_1_21' title="bbox 175 2186 3080 2270">
     <span class='ocr_line' id='line_1_21' title="bbox 175 2186 3080 2270; baseline -0.005 -16"><span class='ocrx_word' id='word_1_222' title='bbox 175 2214 337 2270; x_wconf 90' lang='lat' dir='ltr'><strong>quam</strong></span> <span class='ocrx_word' id='word_1_223' title='bbox 367 2193 792 2255; x_wconf 86' lang='lat' dir='ltr'><strong>intenderemus,</strong></span> <span class='ocrx_word' id='word_1_224' title='bbox 822 2191 872 2244; x_wconf 89' lang='lat' dir='ltr'><strong>in</strong></span> <span class='ocrx_word' id='word_1_225' title='bbox 901 2190 1197 2259; x_wconf 86' lang='lat' dir='ltr'><strong>sequiorem</strong></span> <span class='ocrx_word' id='word_1_226' title='bbox 1228 2197 1428 2258; x_wconf 85' lang='lat' dir='ltr'><strong>partem</strong></span> <span class='ocrx_word' id='word_1_227' title='bbox 1456 2203 1563 2242; x_wconf 92' lang='lat' dir='ltr'><strong>non</strong></span> <span class='ocrx_word' id='word_1_228' title='bbox 1591 2187 1897 2256; x_wconf 88' lang='lat' dir='ltr'><strong>acciperent</strong></span> <span class='ocrx_word' id='word_1_229' title='bbox 1927 2186 2184 2240; x_wconf 91' lang='lat' dir='ltr'><strong>nonnulli.</strong></span> <span class='ocrx_word' id='word_1_230' title='bbox 2215 2186 2280 2240; x_wconf 88' lang='lat' dir='ltr'><strong>Et</strong></span> <span class='ocrx_word' id='word_1_231' title='bbox 2307 2202 2365 2241; x_wconf 89' lang='lat' dir='ltr'><strong>re</strong></span> <span class='ocrx_word' id='word_1_232' title='bbox 2392 2187 2604 2257; x_wconf 91' lang='lat' dir='ltr'><strong>quidem</strong></span> <span class='ocrx_word' id='word_1_233' title='bbox 2631 2189 2744 2257; x_wconf 90' lang='lat' dir='ltr'><strong>ipsa</strong></span> <span class='ocrx_word' id='word_1_234' title='bbox 2769 2188 2848 2242; x_wconf 92' lang='lat' dir='ltr'><strong>sic</strong></span> <span class='ocrx_word' id='word_1_235' title='bbox 2869 2187 3080 2242; x_wconf 83' lang='lat' dir='ltr'><strong>accidit.</strong></span> 
     </span>
    </p>
   </div>
   <div class='ocr_carea' id='block_1_22' title="bbox 237 2279 3457 2356">
    <p class='ocr_par' dir='ltr' id='par_1_22' title="bbox 237 2279 3457 2356">
     <span class='ocr_line' id='line_1_22' title="bbox 237 2279 3457 2356; baseline -0.004 -10"><span class='ocrx_word' id='word_1_236' title='bbox 237 2289 380 2348; x_wconf 85' lang='lat' dir='ltr'><strong>Nam</strong></span> <span class='ocrx_word' id='word_1_237' title='bbox 408 2288 509 2343; x_wconf 91' lang='lat' dir='ltr'><strong>etsi</strong></span> <span class='ocrx_word' id='word_1_238' title='bbox 538 2285 774 2356; x_wconf 87' lang='lat' dir='ltr'><strong>plerique</strong></span> <span class='ocrx_word' id='word_1_239' title='bbox 799 2297 986 2337; x_wconf 90' lang='lat' dir='ltr'><strong>omnes</strong></span> <span class='ocrx_word' id='word_1_240' title='bbox 1015 2290 1249 2336; x_wconf 88' lang='lat' dir='ltr'><strong>nostram</strong></span> <span class='ocrx_word' id='word_1_241' title='bbox 1280 2279 1564 2335; x_wconf 84' lang='lat' dir='ltr'><strong>editionem</strong></span> <span class='ocrx_word' id='word_1_242' title='bbox 1605 2288 1941 2341; x_wconf 88' lang='lat' dir='ltr'><strong>accuratam,</strong></span> <span class='ocrx_word' id='word_1_243' title='bbox 1975 2279 2341 2344; x_wconf 87' lang='lat' dir='ltr'><strong>commodam,</strong></span> <span class='ocrx_word' id='word_1_244' title='bbox 2373 2280 2606 2349; x_wconf 87' lang='lat' dir='ltr'><strong>satisque</strong></span> <span class='ocrx_word' id='word_1_245' title='bbox 2632 2281 2947 2336; x_wconf 88' lang='lat' dir='ltr'><strong>illustratam</strong></span> <span class='ocrx_word' id='word_1_246' title='bbox 2968 2323 2980 2346; x_wconf 93' lang='lat'><strong>,</strong></span> <span class='ocrx_word' id='word_1_247' title='bbox 3009 2280 3239 2350; x_wconf 90' lang='lat' dir='ltr'><strong>denique</strong></span> <span class='ocrx_word' id='word_1_248' title='bbox 3274 2283 3457 2352; x_wconf 81' lang='lat' dir='ltr'><strong>Augu-</strong></span> 
     </span>
    </p>
   </div>
   <div class='ocr_carea' id='block_1_23' title="bbox 173 2373 3455 2444">
    <p class='ocr_par' dir='ltr' id='par_1_23' title="bbox 173 2373 3455 2444">
     <span class='ocr_line' id='line_1_23' title="bbox 173 2373 3455 2444; baseline -0.003 -3"><span class='ocrx_word' id='word_1_249' title='bbox 173 2386 422 2441; x_wconf 73' lang='lat' dir='ltr'><strong>stinianie</strong></span> <span class='ocrx_word' id='word_1_250' title='bbox 465 2379 723 2435; x_wconf 74' lang='lat' dir='ltr'><strong>doctrina:</strong></span> <span class='ocrx_word' id='word_1_251' title='bbox 766 2377 986 2434; x_wconf 92' lang='lat' dir='ltr'><strong>omnino</strong></span> <span class='ocrx_word' id='word_1_252' title='bbox 1024 2383 1434 2431; x_wconf 89' lang='lat' dir='ltr'><strong>consentaneam</strong></span> <span class='ocrx_word' id='word_1_253' title='bbox 1461 2388 1581 2428; x_wconf 87' lang='lat' dir='ltr'><strong>esse</strong></span> <span class='ocrx_word' id='word_1_254' title='bbox 1606 2374 1938 2440; x_wconf 79' lang='lat' dir='ltr'><strong>censuerint,</strong></span> <span class='ocrx_word' id='word_1_255' title='bbox 1973 2388 2195 2442; x_wconf 86' lang='lat' dir='ltr'><strong>eamque</strong></span> <span class='ocrx_word' id='word_1_256' title='bbox 2225 2373 2308 2426; x_wconf 84' lang='lat' dir='ltr'><strong>liis</strong></span> <span class='ocrx_word' id='word_1_257' title='bbox 2337 2374 2637 2429; x_wconf 88' lang='lat' dir='ltr'><strong>nominibus</strong></span> <span class='ocrx_word' id='word_1_258' title='bbox 2671 2374 2920 2444; x_wconf 78' lang='lat' dir='ltr'><strong>suffragio</strong></span> <span class='ocrx_word' id='word_1_259' title='bbox 2945 2388 3047 2433; x_wconf 81' lang='lat' dir='ltr'><strong>suo</strong></span> <span class='ocrx_word' id='word_1_260' title='bbox 3071 2374 3455 2442; x_wconf 88' lang='lat' dir='ltr'><strong>comprobave-</strong></span> 
     </span>
    </p>
   </div>
   <div class='ocr_carea' id='block_1_24' title="bbox 176 2465 3456 2541">
    <p class='ocr_par' dir='ltr' id='par_1_24' title="bbox 176 2465 3456 2541">
     <span class='ocr_line' id='line_1_24' title="bbox 176 2465 3456 2541; baseline -0.002 -8"><span class='ocrx_word' id='word_1_261' title='bbox 176 2480 319 2541; x_wconf 82' lang='lat' dir='ltr'><strong>rint;</strong></span> <span class='ocrx_word' id='word_1_262' title='bbox 338 2477 674 2530; x_wconf 79' lang='lat' dir='ltr'><strong>insurrexere</strong></span> <span class='ocrx_word' id='word_1_263' title='bbox 699 2481 876 2526; x_wconf 90' lang='lat' dir='ltr'><strong>tamen</strong></span> <span class='ocrx_word' id='word_1_264' title='bbox 903 2479 1087 2526; x_wconf 91' lang='lat' dir='ltr'><strong>contra</strong></span> <span class='ocrx_word' id='word_1_265' title='bbox 1111 2511 1126 2535; x_wconf 92' lang='lat'><strong>,</strong></span> <span class='ocrx_word' id='word_1_266' title='bbox 1158 2476 1276 2539; x_wconf 91' lang='lat' dir='ltr'><strong>post</strong></span> <span class='ocrx_word' id='word_1_267' title='bbox 1309 2468 1493 2522; x_wconf 88' lang='lat' dir='ltr'><strong>decem</strong></span> <span class='ocrx_word' id='word_1_268' title='bbox 1518 2469 1628 2522; x_wconf 91' lang='lat' dir='ltr'><strong>fere</strong></span> <span class='ocrx_word' id='word_1_269' title='bbox 1656 2482 1830 2522; x_wconf 87' lang='lat' dir='ltr'><strong>annos</strong></span> <span class='ocrx_word' id='word_1_270' title='bbox 1849 2467 1916 2521; x_wconf 91' lang='lat' dir='ltr'><strong>ab</strong></span> <span class='ocrx_word' id='word_1_271' title='bbox 1938 2465 2082 2520; x_wconf 90' lang='lat' dir='ltr'><strong>edito</strong></span> <span class='ocrx_word' id='word_1_272' title='bbox 2109 2467 2294 2522; x_wconf 90' lang='lat' dir='ltr'><strong>ultimo</strong></span> <span class='ocrx_word' id='word_1_273' title='bbox 2323 2473 2468 2522; x_wconf 92' lang='lat' dir='ltr'><strong>tomo</strong></span> <span class='ocrx_word' id='word_1_274' title='bbox 2489 2509 2504 2532; x_wconf 90' lang='lat'><strong>,</strong></span> <span class='ocrx_word' id='word_1_275' title='bbox 2533 2468 2784 2540; x_wconf 81' lang='lat' dir='ltr'><strong>anonymi</strong></span> <span class='ocrx_word' id='word_1_276' title='bbox 2813 2467 3027 2538; x_wconf 88' lang='lat' dir='ltr'><strong>quidam</strong></span> <span class='ocrx_word' id='word_1_277' title='bbox 3051 2482 3303 2524; x_wconf 89' lang='lat' dir='ltr'><strong>censores</strong></span> <span class='ocrx_word' id='word_1_278' title='bbox 3322 2510 3335 2534; x_wconf 92' lang='lat'><strong>,</strong></span> <span class='ocrx_word' id='word_1_279' title='bbox 3363 2470 3456 2539; x_wconf 87' lang='lat' dir='ltr'><strong>qui</strong></span> 
     </span>
    </p>
   </div>
   <div class='ocr_carea' id='block_1_25' title="bbox 176 2559 2966 2638">
    <p class='ocr_par' dir='ltr' id='par_1_25' title="bbox 176 2559 2966 2638">
     <span class='ocr_line' id='line_1_25' title="bbox 176 2559 2966 2638; baseline -0.004 -12"><span class='ocrx_word' id='word_1_280' title='bbox 176 2571 386 2626; x_wconf 78' lang='lat' dir='ltr'><strong>furtivis</strong></span> <span class='ocrx_word' id='word_1_281' title='bbox 411 2568 622 2638; x_wconf 87' lang='lat' dir='ltr'><strong>scriptis</strong></span> <span class='ocrx_word' id='word_1_282' title='bbox 645 2565 782 2620; x_wconf 86' lang='lat' dir='ltr'><strong>hanc</strong></span> <span class='ocrx_word' id='word_1_283' title='bbox 802 2563 1116 2629; x_wconf 89' lang='lat' dir='ltr'><strong>editionem,</strong></span> <span class='ocrx_word' id='word_1_284' title='bbox 1149 2571 1201 2616; x_wconf 92' lang='lat' dir='ltr'><strong>et</strong></span> <span class='ocrx_word' id='word_1_285' title='bbox 1226 2569 1565 2615; x_wconf 88' lang='lat' dir='ltr'><strong>tantum-nou</strong></span> <span class='ocrx_word' id='word_1_286' title='bbox 1598 2559 1754 2614; x_wconf 89' lang='lat' dir='ltr'><strong>ﬁdem</strong></span> <span class='ocrx_word' id='word_1_287' title='bbox 1783 2568 2021 2615; x_wconf 90' lang='lat' dir='ltr'><strong>nostram</strong></span> <span class='ocrx_word' id='word_1_288' title='bbox 2047 2569 2346 2630; x_wconf 87' lang='lat' dir='ltr'><strong>suspectam</strong></span> <span class='ocrx_word' id='word_1_289' title='bbox 2376 2560 2798 2616; x_wconf 80' lang='lat' dir='ltr'><strong>reddere‘moliti</strong></span> <span class='ocrx_word' id='word_1_290' title='bbox 2825 2569 2966 2616; x_wconf 91' lang='lat' dir='ltr'><strong>sunt.</strong></span> 
     </span>
    </p>
   </div>
   <div class='ocr_carea' id='block_1_26' title="bbox 250 2652 3458 2731">
    <p class='ocr_par' dir='ltr' id='par_1_26' title="bbox 250 2652 3458 2731">
     <span class='ocr_line' id='line_1_26' title="bbox 250 2652 3458 2731; baseline -0.003 -14"><span class='ocrx_word' id='word_1_291' title='bbox 250 2661 523 2731; x_wconf 76' lang='lat' dir='ltr'><strong>Ejusmodi</strong></span> <span class='ocrx_word' id='word_1_292' title='bbox 555 2657 942 2728; x_wconf 88' lang='lat' dir='ltr'><strong>scriptiunculis</strong></span> <span class='ocrx_word' id='word_1_293' title='bbox 974 2656 1025 2708; x_wconf 92' lang='lat' dir='ltr'><strong>in</strong></span> <span class='ocrx_word' id='word_1_294' title='bbox 1056 2655 1243 2725; x_wconf 84' lang='lat' dir='ltr'><strong>vulgus</strong></span> <span class='ocrx_word' id='word_1_295' title='bbox 1269 2655 1486 2724; x_wconf 87' lang='lat' dir='ltr'><strong>sparsis,</strong></span> <span class='ocrx_word' id='word_1_296' title='bbox 1515 2667 1798 2708; x_wconf 90' lang='lat' dir='ltr'><strong>commune</strong></span> <span class='ocrx_word' id='word_1_297' title='bbox 1829 2652 2169 2723; x_wconf 90' lang='lat' dir='ltr'><strong>prudentium</strong></span> <span class='ocrx_word' id='word_1_298' title='bbox 2205 2652 2316 2707; x_wconf 92' lang='lat' dir='ltr'><strong>fere</strong></span> <span class='ocrx_word' id='word_1_299' title='bbox 2351 2654 2588 2708; x_wconf 90' lang='lat' dir='ltr'><strong>omnium</strong></span> <span class='ocrx_word' id='word_1_300' title='bbox 2612 2655 2891 2708; x_wconf 89' lang='lat' dir='ltr'><strong>consilium</strong></span> <span class='ocrx_word' id='word_1_301' title='bbox 2923 2653 3051 2720; x_wconf 91' lang='lat' dir='ltr'><strong>fuit,</strong></span> <span class='ocrx_word' id='word_1_302' title='bbox 3070 2662 3128 2708; x_wconf 92' lang='lat' dir='ltr'><strong>ut</strong></span> <span class='ocrx_word' id='word_1_303' title='bbox 3152 2652 3380 2708; x_wconf 89' lang='lat' dir='ltr'><strong>leviores</strong></span> <span class='ocrx_word' id='word_1_304' title='bbox 3401 2652 3458 2708; x_wconf 90' lang='lat' dir='ltr'><strong>id</strong></span> 
     </span>
    </p>
   </div>
   <div class='ocr_carea' id='block_1_27' title="bbox 176 2743 3456 2826">
    <p class='ocr_par' dir='ltr' id='par_1_27' title="bbox 176 2743 3456 2826">
     <span class='ocr_line' id='line_1_27' title="bbox 176 2743 3456 2826; baseline -0.003 -17"><span class='ocrx_word' id='word_1_305' title='bbox 176 2770 346 2826; x_wconf 88' lang='lat' dir='ltr'><strong>genus</strong></span> <span class='ocrx_word' id='word_1_306' title='bbox 370 2752 584 2806; x_wconf 83' lang='lat' dir='ltr'><strong>libellos</strong></span> <span class='ocrx_word' id='word_1_307' title='bbox 608 2763 1009 2821; x_wconf 88' lang='lat' dir='ltr'><strong>aspernaremur</strong></span> <span class='ocrx_word' id='word_1_308' title='bbox 1033 2761 1046 2798; x_wconf 89' lang='lat'><strong>:</strong></span> <span class='ocrx_word' id='word_1_309' title='bbox 1074 2747 1269 2816; x_wconf 87' lang='lat' dir='ltr'><strong>quippe</strong></span> <span class='ocrx_word' id='word_1_310' title='bbox 1296 2760 1400 2799; x_wconf 91' lang='lat' dir='ltr'><strong>non</strong></span> <span class='ocrx_word' id='word_1_311' title='bbox 1428 2744 1638 2808; x_wconf 87' lang='lat' dir='ltr'><strong>decere,</strong></span> <span class='ocrx_word' id='word_1_312' title='bbox 1668 2755 1725 2799; x_wconf 91' lang='lat' dir='ltr'><strong>ut</strong></span> <span class='ocrx_word' id='word_1_313' title='bbox 1751 2761 1871 2800; x_wconf 92' lang='lat' dir='ltr'><strong>cum</strong></span> <span class='ocrx_word' id='word_1_314' title='bbox 1896 2745 2053 2798; x_wconf 85' lang='lat' dir='ltr'><strong>larvis</strong></span> <span class='ocrx_word' id='word_1_315' title='bbox 2081 2753 2132 2796; x_wconf 90' lang='lat' dir='ltr'><strong>et</strong></span> <span class='ocrx_word' id='word_1_316' title='bbox 2160 2743 2361 2799; x_wconf 90' lang='lat' dir='ltr'><strong>umbris</strong></span> <span class='ocrx_word' id='word_1_317' title='bbox 2393 2745 2731 2811; x_wconf 89' lang='lat' dir='ltr'><strong>luctaremur,</strong></span> <span class='ocrx_word' id='word_1_318' title='bbox 2759 2761 2826 2800; x_wconf 89' lang='lat' dir='ltr'><strong>ne</strong></span> <span class='ocrx_word' id='word_1_319' title='bbox 2851 2745 3224 2814; x_wconf 90' lang='lat' dir='ltr'><strong>respondendo</strong></span> <span class='ocrx_word' id='word_1_320' title='bbox 3249 2743 3456 2814; x_wconf 92' lang='lat' dir='ltr'><strong>pondus</strong></span> 
     </span>
    </p>
   </div>
   <div class='ocr_carea' id='block_1_28' title="bbox 188 2835 3459 2906">
    <p class='ocr_par' dir='ltr' id='par_1_28' title="bbox 188 2835 3459 2906">
     <span class='ocr_line' id='line_1_28' title="bbox 188 2835 3459 2906; baseline -0.002 -10"><span class='ocrx_word' id='word_1_321' title='bbox 188 2851 247 2896; x_wconf 86' lang='lat' dir='ltr'><strong>et</strong></span> <span class='ocrx_word' id='word_1_322' title='bbox 272 2843 644 2895; x_wconf 86' lang='lat' dir='ltr'><strong>auctoritatem</strong></span> <span class='ocrx_word' id='word_1_323' title='bbox 671 2839 873 2892; x_wconf 87' lang='lat' dir='ltr'><strong>furtivis</strong></span> <span class='ocrx_word' id='word_1_324' title='bbox 893 2838 1002 2892; x_wconf 90' lang='lat' dir='ltr'><strong>illis</strong></span> <span class='ocrx_word' id='word_1_325' title='bbox 1037 2836 1230 2891; x_wconf 92' lang='lat' dir='ltr'><strong>libellis</strong></span> <span class='ocrx_word' id='word_1_326' title='bbox 1259 2835 1619 2906; x_wconf 71' lang='lat' dir='ltr'><strong>praeberemus</strong></span> <span class='ocrx_word' id='word_1_327' title='bbox 1643 2853 1654 2887; x_wconf 87' lang='lat'><strong>:</strong></span> <span class='ocrx_word' id='word_1_328' title='bbox 1680 2851 1783 2890; x_wconf 92' lang='lat' dir='ltr'><strong>neu</strong></span> <span class='ocrx_word' id='word_1_329' title='bbox 1813 2835 2063 2891; x_wconf 62' lang='lat' dir='ltr'><strong>Ecclesia!</strong></span> <span class='ocrx_word' id='word_1_330' title='bbox 2087 2850 2271 2906; x_wconf 89' lang='lat' dir='ltr'><strong>pacem</strong></span> <span class='ocrx_word' id='word_1_331' title='bbox 2297 2835 2454 2890; x_wconf 89' lang='lat' dir='ltr'><strong>editis</strong></span> <span class='ocrx_word' id='word_1_332' title='bbox 2484 2837 2622 2890; x_wconf 90' lang='lat' dir='ltr'><strong>ultro</strong></span> <span class='ocrx_word' id='word_1_333' title='bbox 2651 2838 2910 2906; x_wconf 88' lang='lat' dir='ltr'><strong>citroque,</strong></span> <span class='ocrx_word' id='word_1_334' title='bbox 2939 2846 2998 2890; x_wconf 94' lang='lat' dir='ltr'><strong>ut</strong></span> <span class='ocrx_word' id='word_1_335' title='bbox 3034 2835 3124 2899; x_wconf 89' lang='lat' dir='ltr'><strong>ﬁt,</strong></span> <span class='ocrx_word' id='word_1_336' title='bbox 3152 2836 3459 2905; x_wconf 91' lang='lat' dir='ltr'><strong>scriptioni-</strong></span> 
     </span>
    </p>
   </div>
   <div class='ocr_carea' id='block_1_29' title="bbox 187 2929 3448 3004">
    <p class='ocr_par' dir='ltr' id='par_1_29' title="bbox 187 2929 3448 3004">
     <span class='ocr_line' id='line_1_29' title="bbox 187 2929 3448 3004; baseline -0.002 -15"><span class='ocrx_word' id='word_1_337' title='bbox 187 2936 295 2989; x_wconf 85' lang='lat' dir='ltr'><strong>bus</strong></span> <span class='ocrx_word' id='word_1_338' title='bbox 321 2932 770 3004; x_wconf 86' lang='lat' dir='ltr'><strong>perturbaremus.</strong></span> <span class='ocrx_word' id='word_1_339' title='bbox 799 2931 905 2986; x_wconf 85' lang='lat' dir='ltr'><strong>Hoc</strong></span> <span class='ocrx_word' id='word_1_340' title='bbox 926 2930 1208 2986; x_wconf 89' lang='lat' dir='ltr'><strong>consilium</strong></span> <span class='ocrx_word' id='word_1_341' title='bbox 1234 2929 1467 2983; x_wconf 89' lang='lat' dir='ltr'><strong>unanimi</strong></span> <span class='ocrx_word' id='word_1_342' title='bbox 1495 2943 1712 2984; x_wconf 87' lang='lat' dir='ltr'><strong>assensu</strong></span> <span class='ocrx_word' id='word_1_343' title='bbox 1737 2929 2152 3000; x_wconf 89' lang='lat' dir='ltr'><strong>comprobavere</strong></span> <span class='ocrx_word' id='word_1_344' title='bbox 2176 2929 2454 2998; x_wconf 64' lang='lat' dir='ltr'><strong>Praepositi</strong></span> <span class='ocrx_word' id='word_1_345' title='bbox 2480 2930 2644 2983; x_wconf 86' lang='lat' dir='ltr'><strong>nostri</strong></span> <span class='ocrx_word' id='word_1_346' title='bbox 2672 2949 2684 2984; x_wconf 92' lang='lat'><strong>:</strong></span> <span class='ocrx_word' id='word_1_347' title='bbox 2709 2929 2849 2999; x_wconf 79' lang='lat' dir='ltr'><strong>quod</strong></span> <span class='ocrx_word' id='word_1_348' title='bbox 2880 2937 3054 2984; x_wconf 85' lang='lat' dir='ltr'><strong>tamen</strong></span> <span class='ocrx_word' id='word_1_349' title='bbox 3085 2929 3303 2983; x_wconf 83' lang='lat' dir='ltr'><strong>minime</strong></span> <span class='ocrx_word' id='word_1_350' title='bbox 3342 2929 3448 2984; x_wconf 80' lang='lat' dir='ltr'><strong>im-</strong></span> 
     </span>
    </p>
   </div>
   <div class='ocr_carea' id='block_1_30' title="bbox 177 3022 3456 3100">
    <p class='ocr_par' dir='ltr' id='par_1_30' title="bbox 177 3022 3456 3100">
     <span class='ocr_line' id='line_1_30' title="bbox 177 3022 3456 3100; baseline -0.001 -19"><span class='ocrx_word' id='word_1_351' title='bbox 177 3027 382 3100; x_wconf 88' lang='lat' dir='ltr'><strong>pedivit</strong></span> <span class='ocrx_word' id='word_1_352' title='bbox 422 3025 702 3096; x_wconf 89' lang='lat' dir='ltr'><strong>quominus</strong></span> <span class='ocrx_word' id='word_1_353' title='bbox 723 3066 738 3089; x_wconf 93' lang='lat'><strong>,</strong></span> <span class='ocrx_word' id='word_1_354' title='bbox 767 3025 870 3079; x_wconf 89' lang='lat' dir='ltr'><strong>illis</strong></span> <span class='ocrx_word' id='word_1_355' title='bbox 900 3024 1231 3090; x_wconf 91' lang='lat' dir='ltr'><strong>inconsultis,</strong></span> <span class='ocrx_word' id='word_1_356' title='bbox 1265 3022 1479 3094; x_wconf 90' lang='lat' dir='ltr'><strong>quidam</strong></span> <span class='ocrx_word' id='word_1_357' title='bbox 1517 3039 1547 3077; x_wconf 92' lang='lat' dir='ltr'><strong>e</strong></span> <span class='ocrx_word' id='word_1_358' title='bbox 1581 3025 1778 3078; x_wconf 87' lang='lat' dir='ltr'><strong>nostris</strong></span> <span class='ocrx_word' id='word_1_359' title='bbox 1802 3039 1993 3080; x_wconf 86' lang='lat' dir='ltr'><strong>novam</strong></span> <span class='ocrx_word' id='word_1_360' title='bbox 2036 3025 2203 3079; x_wconf 89' lang='lat' dir='ltr'><strong>sancti</strong></span> <span class='ocrx_word' id='word_1_361' title='bbox 2246 3025 2525 3095; x_wconf 82' lang='lat' dir='ltr'><strong>Augustini</strong></span> <span class='ocrx_word' id='word_1_362' title='bbox 2563 3025 2853 3080; x_wconf 88' lang='lat' dir='ltr'><strong>editionem</strong></span> <span class='ocrx_word' id='word_1_363' title='bbox 2883 3024 3269 3080; x_wconf 76' lang='lat' dir='ltr'><strong>defendendam</strong></span> <span class='ocrx_word' id='word_1_364' title='bbox 3298 3035 3456 3080; x_wconf 85' lang='lat' dir='ltr'><strong>tuen-</strong></span> 
     </span>
    </p>
   </div>
   <div class='ocr_carea' id='block_1_31' title="bbox 180 3117 3460 3192">
    <p class='ocr_par' dir='ltr' id='par_1_31' title="bbox 180 3117 3460 3192">
     <span class='ocr_line' id='line_1_31' title="bbox 180 3117 3460 3192; baseline -0.001 -16"><span class='ocrx_word' id='word_1_365' title='bbox 180 3123 410 3192; x_wconf 89' lang='lat' dir='ltr'><strong>damque</strong></span> <span class='ocrx_word' id='word_1_366' title='bbox 438 3135 534 3189; x_wconf 92' lang='lat' dir='ltr'><strong>pro</strong></span> <span class='ocrx_word' id='word_1_367' title='bbox 563 3118 701 3171; x_wconf 89' lang='lat' dir='ltr'><strong>virili</strong></span> <span class='ocrx_word' id='word_1_368' title='bbox 733 3119 1098 3188; x_wconf 88' lang='lat' dir='ltr'><strong>susceperint:</strong></span> <span class='ocrx_word' id='word_1_369' title='bbox 1124 3133 1190 3172; x_wconf 84' lang='lat' dir='ltr'><strong>ex</strong></span> <span class='ocrx_word' id='word_1_370' title='bbox 1222 3117 1412 3186; x_wconf 91' lang='lat' dir='ltr'><strong>quibus</strong></span> <span class='ocrx_word' id='word_1_371' title='bbox 1437 3131 1600 3179; x_wconf 88' lang='lat' dir='ltr'><strong>unus,</strong></span> <span class='ocrx_word' id='word_1_372' title='bbox 1631 3117 1721 3186; x_wconf 93' lang='lat' dir='ltr'><strong>qui</strong></span> <span class='ocrx_word' id='word_1_373' title='bbox 1761 3126 1870 3171; x_wconf 91' lang='lat' dir='ltr'><strong>tum</strong></span> <span class='ocrx_word' id='word_1_374' title='bbox 1902 3118 2084 3172; x_wconf 72' lang='lat' dir='ltr'><strong>Romre</strong></span> <span class='ocrx_word' id='word_1_375' title='bbox 2113 3118 2446 3184; x_wconf 86' lang='lat' dir='ltr'><strong>versabatur,</strong></span> <span class='ocrx_word' id='word_1_376' title='bbox 2480 3119 2635 3187; x_wconf 86' lang='lat' dir='ltr'><strong>hujus</strong></span> <span class='ocrx_word' id='word_1_377' title='bbox 2663 3118 2911 3173; x_wconf 85' lang='lat' dir='ltr'><strong>editionis</strong></span> <span class='ocrx_word' id='word_1_378' title='bbox 2941 3117 3208 3174; x_wconf 80' lang='lat' dir='ltr'><strong>Vindicias</strong></span> <span class='ocrx_word' id='word_1_379' title='bbox 3235 3121 3287 3174; x_wconf 92' lang='lat' dir='ltr'><strong>in</strong></span> <span class='ocrx_word' id='word_1_380' title='bbox 3319 3118 3460 3174; x_wconf 84' lang='lat' dir='ltr'><strong>alma</strong></span> 
     </span>
    </p>
   </div>
   <div class='ocr_carea' id='block_1_32' title="bbox 184 3209 2482 3280">
    <p class='ocr_par' dir='ltr' id='par_1_32' title="bbox 184 3209 2482 3280">
     <span class='ocr_line' id='line_1_32' title="bbox 184 3209 2482 3280; baseline -0.003 -8"><span class='ocrx_word' id='word_1_381' title='bbox 184 3216 346 3279; x_wconf 88' lang='lat' dir='ltr'><strong>Urbe,</strong></span> <span class='ocrx_word' id='word_1_382' title='bbox 376 3215 476 3269; x_wconf 91' lang='lat' dir='ltr'><strong>sub</strong></span> <span class='ocrx_word' id='word_1_383' title='bbox 504 3211 819 3267; x_wconf 84' lang='lat' dir='ltr'><strong>auctoritate</strong></span> <span class='ocrx_word' id='word_1_384' title='bbox 844 3211 980 3264; x_wconf 89' lang='lat' dir='ltr'><strong>sacri</strong></span> <span class='ocrx_word' id='word_1_385' title='bbox 1001 3209 1186 3264; x_wconf 84' lang='lat' dir='ltr'><strong>Palatii</strong></span> <span class='ocrx_word' id='word_1_386' title='bbox 1209 3209 1441 3280; x_wconf 80' lang='lat' dir='ltr'><strong>Magistri</strong></span> <span class='ocrx_word' id='word_1_387' title='bbox 1465 3251 1480 3274; x_wconf 92' lang='lat'><strong>,</strong></span> <span class='ocrx_word' id='word_1_388' title='bbox 1515 3209 1767 3263; x_wconf 81' lang='lat' dir='ltr'><strong>Romanis</strong></span> <span class='ocrx_word' id='word_1_389' title='bbox 1789 3211 2206 3279; x_wconf 87' lang='lat' dir='ltr'><strong>approbantibus</strong></span> <span class='ocrx_word' id='word_1_390' title='bbox 2233 3210 2482 3279; x_wconf 76' lang='lat' dir='ltr'><strong>vulgavit.</strong></span> 
     </span>
    </p>
   </div>
   <div class='ocr_carea' id='block_1_33' title="bbox 245 3302 3460 3375">
    <p class='ocr_par' dir='ltr' id='par_1_33' title="bbox 245 3302 3460 3375">
     <span class='ocr_line' id='line_1_33' title="bbox 245 3302 3460 3375; baseline -0.001 -12"><span class='ocrx_word' id='word_1_391' title='bbox 245 3309 364 3364; x_wconf 90' lang='lat' dir='ltr'><strong>Jam</strong></span> <span class='ocrx_word' id='word_1_392' title='bbox 392 3323 457 3363; x_wconf 91' lang='lat' dir='ltr'><strong>eo</strong></span> <span class='ocrx_word' id='word_1_393' title='bbox 485 3322 572 3362; x_wconf 90' lang='lat' dir='ltr'><strong>res</strong></span> <span class='ocrx_word' id='word_1_394' title='bbox 597 3306 903 3368; x_wconf 81' lang='lat' dir='ltr'><strong>devenerat,</strong></span> <span class='ocrx_word' id='word_1_395' title='bbox 929 3313 985 3359; x_wconf 91' lang='lat' dir='ltr'><strong>ut</strong></span> <span class='ocrx_word' id='word_1_396' title='bbox 1011 3304 1211 3358; x_wconf 66' lang='lat' dir='ltr'><strong>furtivae</strong></span> <span class='ocrx_word' id='word_1_397' title='bbox 1240 3304 1342 3358; x_wconf 72' lang='lat' dir='ltr'><strong>illuc</strong></span> <span class='ocrx_word' id='word_1_398' title='bbox 1363 3311 1706 3372; x_wconf 88' lang='lat' dir='ltr'><strong>utrarumque</strong></span> <span class='ocrx_word' id='word_1_399' title='bbox 1728 3302 1953 3371; x_wconf 90' lang='lat' dir='ltr'><strong>partium</strong></span> <span class='ocrx_word' id='word_1_400' title='bbox 1977 3305 2306 3360; x_wconf 90' lang='lat' dir='ltr'><strong>velitationes</strong></span> <span class='ocrx_word' id='word_1_401' title='bbox 2335 3305 2386 3359; x_wconf 92' lang='lat' dir='ltr'><strong>in</strong></span> <span class='ocrx_word' id='word_1_402' title='bbox 2413 3313 2652 3375; x_wconf 89' lang='lat' dir='ltr'><strong>apertum</strong></span> <span class='ocrx_word' id='word_1_403' title='bbox 2676 3304 2785 3360; x_wconf 89' lang='lat' dir='ltr'><strong>fere</strong></span> <span class='ocrx_word' id='word_1_404' title='bbox 2811 3305 3006 3359; x_wconf 90' lang='lat' dir='ltr'><strong>bellum</strong></span> <span class='ocrx_word' id='word_1_405' title='bbox 3034 3313 3460 3375; x_wconf 86' lang='lat' dir='ltr'><strong>prorumperent,</strong></span> 
     </span>
    </p>
   </div>
   <div class='ocr_carea' id='block_1_34' title="bbox 177 3395 3462 3472">
    <p class='ocr_par' dir='ltr' id='par_1_34' title="bbox 177 3395 3462 3472">
     <span class='ocr_line' id='line_1_34' title="bbox 177 3395 3462 3472; baseline -0.001 -16"><span class='ocrx_word' id='word_1_406' title='bbox 177 3418 295 3457; x_wconf 89' lang='lat' dir='ltr'><strong>cum</strong></span> <span class='ocrx_word' id='word_1_407' title='bbox 328 3401 607 3472; x_wconf 78' lang='lat' dir='ltr'><strong>Praepositi</strong></span> <span class='ocrx_word' id='word_1_408' title='bbox 638 3401 842 3464; x_wconf 89' lang='lat' dir='ltr'><strong>nostri,</strong></span> <span class='ocrx_word' id='word_1_409' title='bbox 877 3407 1078 3453; x_wconf 91' lang='lat' dir='ltr'><strong>mutato</strong></span> <span class='ocrx_word' id='word_1_410' title='bbox 1098 3397 1312 3454; x_wconf 91' lang='lat' dir='ltr'><strong>demum</strong></span> <span class='ocrx_word' id='word_1_411' title='bbox 1351 3411 1447 3467; x_wconf 89' lang='lat' dir='ltr'><strong>pro</strong></span> <span class='ocrx_word' id='word_1_412' title='bbox 1477 3397 1550 3452; x_wconf 91' lang='lat' dir='ltr'><strong>rei</strong></span> <span class='ocrx_word' id='word_1_413' title='bbox 1579 3404 1719 3450; x_wconf 89' lang='lat' dir='ltr'><strong>statu</strong></span> <span class='ocrx_word' id='word_1_414' title='bbox 1745 3395 1992 3461; x_wconf 91' lang='lat' dir='ltr'><strong>consilio,</strong></span> <span class='ocrx_word' id='word_1_415' title='bbox 2017 3400 2258 3454; x_wconf 89' lang='lat' dir='ltr'><strong>eamdem</strong></span> <span class='ocrx_word' id='word_1_416' title='bbox 2285 3400 2570 3455; x_wconf 85' lang='lat' dir='ltr'><strong>editionem</strong></span> <span class='ocrx_word' id='word_1_417' title='bbox 2597 3399 2886 3470; x_wconf 88' lang='lat' dir='ltr'><strong>approbata</strong></span> <span class='ocrx_word' id='word_1_418' title='bbox 2916 3401 2982 3454; x_wconf 89' lang='lat' dir='ltr'><strong>ab</strong></span> <span class='ocrx_word' id='word_1_419' title='bbox 3009 3415 3067 3456; x_wconf 89' lang='lat' dir='ltr'><strong>se</strong></span> <span class='ocrx_word' id='word_1_420' title='bbox 3090 3401 3295 3471; x_wconf 91' lang='lat' dir='ltr'><strong>publica</strong></span> <span class='ocrx_word' id='word_1_421' title='bbox 3321 3401 3462 3454; x_wconf 48' lang='lat' dir='ltr'><strong>seris</strong></span> 
     </span>
    </p>
   </div>
   <div class='ocr_carea' id='block_1_35' title="bbox 180 3487 3461 3565">
    <p class='ocr_par' dir='ltr' id='par_1_35' title="bbox 180 3487 3461 3565">
     <span class='ocr_line' id='line_1_35' title="bbox 180 3487 3461 3565; baseline -0.001 -17"><span class='ocrx_word' id='word_1_422' title='bbox 180 3497 382 3564; x_wconf 88' lang='lat' dir='ltr'><strong>ptione,</strong></span> <span class='ocrx_word' id='word_1_423' title='bbox 411 3493 851 3565; x_wconf 84' lang='lat' dir='ltr'><strong>Cungregatiouis</strong></span> <span class='ocrx_word' id='word_1_424' title='bbox 877 3501 1074 3547; x_wconf 77' lang='lat' dir='ltr'><strong>nostra:</strong></span> <span class='ocrx_word' id='word_1_425' title='bbox 1101 3492 1336 3555; x_wconf 85' lang='lat' dir='ltr'><strong>nomine,</strong></span> <span class='ocrx_word' id='word_1_426' title='bbox 1365 3490 1621 3544; x_wconf 91' lang='lat' dir='ltr'><strong>adversus</strong></span> <span class='ocrx_word' id='word_1_427' title='bbox 1651 3489 1875 3543; x_wconf 89' lang='lat' dir='ltr'><strong>latentes</strong></span> <span class='ocrx_word' id='word_1_428' title='bbox 1905 3487 2238 3545; x_wconf 84' lang='lat' dir='ltr'><strong>adversarios</strong></span> <span class='ocrx_word' id='word_1_429' title='bbox 2266 3492 2437 3561; x_wconf 86' lang='lat' dir='ltr'><strong>palam</strong></span> <span class='ocrx_word' id='word_1_430' title='bbox 2469 3491 2904 3563; x_wconf 87' lang='lat' dir='ltr'><strong>propugnandatn</strong></span> <span class='ocrx_word' id='word_1_431' title='bbox 2933 3501 3278 3546; x_wconf 87' lang='lat' dir='ltr'><strong>censuerunt.</strong></span> <span class='ocrx_word' id='word_1_432' title='bbox 3311 3491 3461 3546; x_wconf 82' lang='lat' dir='ltr'><strong>Jam-</strong></span> 
     </span>
    </p>
   </div>
   <div class='ocr_carea' id='block_1_36' title="bbox 180 3581 3464 3663">
    <p class='ocr_par' dir='ltr' id='par_1_36' title="bbox 180 3581 3464 3663">
     <span class='ocr_line' id='line_1_36' title="bbox 180 3581 3464 3663; baseline 0.001 -21"><span class='ocrx_word' id='word_1_433' title='bbox 180 3603 284 3658; x_wconf 89' lang='lat' dir='ltr'><strong>que</strong></span> <span class='ocrx_word' id='word_1_434' title='bbox 313 3587 696 3658; x_wconf 85' lang='lat' dir='ltr'><strong>pr0pemodum</strong></span> <span class='ocrx_word' id='word_1_435' title='bbox 725 3586 910 3640; x_wconf 73' lang='lat' dir='ltr'><strong>affecta</strong></span> <span class='ocrx_word' id='word_1_436' title='bbox 932 3628 945 3649; x_wconf 91' lang='lat'><strong>,</strong></span> <span class='ocrx_word' id='word_1_437' title='bbox 985 3585 1226 3657; x_wconf 85' lang='lat' dir='ltr'><strong>typisque</strong></span> <span class='ocrx_word' id='word_1_438' title='bbox 1264 3595 1449 3656; x_wconf 89' lang='lat' dir='ltr'><strong>parata</strong></span> <span class='ocrx_word' id='word_1_439' title='bbox 1492 3592 1607 3638; x_wconf 91' lang='lat' dir='ltr'><strong>erat</strong></span> <span class='ocrx_word' id='word_1_440' title='bbox 1645 3581 1759 3663; x_wconf 66' lang='lat' dir='ltr'><strong>haec</strong></span> <span class='ocrx_word' id='word_1_441' title='bbox 1803 3586 2040 3654; x_wconf 89' lang='lat' dir='ltr'><strong>scriptio,</strong></span> <span class='ocrx_word' id='word_1_442' title='bbox 2065 3602 2183 3656; x_wconf 67' lang='lat' dir='ltr'><strong>qua:</strong></span> <span class='ocrx_word' id='word_1_443' title='bbox 2208 3596 2262 3641; x_wconf 91' lang='lat' dir='ltr'><strong>et</strong></span> <span class='ocrx_word' id='word_1_444' title='bbox 2284 3587 2569 3643; x_wconf 90' lang='lat' dir='ltr'><strong>editionem</strong></span> <span class='ocrx_word' id='word_1_445' title='bbox 2591 3629 2607 3655; x_wconf 91' lang='lat'><strong>,</strong></span> <span class='ocrx_word' id='word_1_446' title='bbox 2631 3598 2684 3642; x_wconf 90' lang='lat' dir='ltr'><strong>et</strong></span> <span class='ocrx_word' id='word_1_447' title='bbox 2713 3588 2868 3644; x_wconf 88' lang='lat' dir='ltr'><strong>ﬁdem</strong></span> <span class='ocrx_word' id='word_1_448' title='bbox 2901 3598 3135 3644; x_wconf 89' lang='lat' dir='ltr'><strong>nostram</strong></span> <span class='ocrx_word' id='word_1_449' title='bbox 3179 3587 3246 3642; x_wconf 87' lang='lat' dir='ltr'><strong>ab</strong></span> <span class='ocrx_word' id='word_1_450' title='bbox 3282 3587 3464 3657; x_wconf 88' lang='lat' dir='ltr'><strong>iniqua</strong></span> 
     </span>
    </p>
   </div>
   <div class='ocr_carea' id='block_1_37' title="bbox 181 3675 3318 3752">
    <p class='ocr_par' dir='ltr' id='par_1_37' title="bbox 181 3675 3318 3752">
     <span class='ocr_line' id='line_1_37' title="bbox 181 3675 3318 3752; baseline 0 -18"><span class='ocrx_word' id='word_1_451' title='bbox 181 3680 484 3750; x_wconf 89' lang='lat' dir='ltr'><strong>suspicione</strong></span> <span class='ocrx_word' id='word_1_452' title='bbox 512 3688 568 3734; x_wconf 89' lang='lat' dir='ltr'><strong>et</strong></span> <span class='ocrx_word' id='word_1_453' title='bbox 593 3679 985 3742; x_wconf 84' lang='lat' dir='ltr'><strong>criminatione,</strong></span> <span class='ocrx_word' id='word_1_454' title='bbox 1015 3677 1222 3732; x_wconf 85' lang='lat' dir='ltr'><strong>tametsi</strong></span> <span class='ocrx_word' id='word_1_455' title='bbox 1253 3679 1437 3746; x_wconf 90' lang='lat' dir='ltr'><strong>privati</strong></span> <span class='ocrx_word' id='word_1_456' title='bbox 1466 3675 1683 3746; x_wconf 91' lang='lat' dir='ltr'><strong>quidam</strong></span> <span class='ocrx_word' id='word_1_457' title='bbox 1709 3692 1739 3731; x_wconf 90' lang='lat' dir='ltr'><strong>e</strong></span> <span class='ocrx_word' id='word_1_458' title='bbox 1766 3680 1961 3733; x_wconf 86' lang='lat' dir='ltr'><strong>nostris</strong></span> <span class='ocrx_word' id='word_1_459' title='bbox 1993 3680 2043 3732; x_wconf 91' lang='lat' dir='ltr'><strong>id</strong></span> <span class='ocrx_word' id='word_1_460' title='bbox 2069 3680 2177 3749; x_wconf 88' lang='lat' dir='ltr'><strong>jam</strong></span> <span class='ocrx_word' id='word_1_461' title='bbox 2209 3683 2337 3735; x_wconf 90' lang='lat' dir='ltr'><strong>satis</strong></span> <span class='ocrx_word' id='word_1_462' title='bbox 2360 3683 2738 3752; x_wconf 78' lang='lat' dir='ltr'><strong>prmStiterant,</strong></span> <span class='ocrx_word' id='word_1_463' title='bbox 2767 3683 2988 3738; x_wconf 90' lang='lat' dir='ltr'><strong>omnino</strong></span> <span class='ocrx_word' id='word_1_464' title='bbox 3007 3682 3318 3736; x_wconf 83' lang='lat' dir='ltr'><strong>vindicaret.</strong></span> 
     </span>
    </p>
   </div>
   <div class='ocr_carea' id='block_1_38' title="bbox 249 3769 3465 3846">
    <p class='ocr_par' dir='ltr' id='par_1_38' title="bbox 249 3769 3465 3846">
     <span class='ocr_line' id='line_1_38' title="bbox 249 3769 3465 3846; baseline 0.001 -17"><span class='ocrx_word' id='word_1_465' title='bbox 249 3775 451 3829; x_wconf 79' lang='lat' dir='ltr'><strong>Verum</strong></span> <span class='ocrx_word' id='word_1_466' title='bbox 480 3773 603 3828; x_wconf 92' lang='lat' dir='ltr'><strong>dum</strong></span> <span class='ocrx_word' id='word_1_467' title='bbox 636 3772 688 3826; x_wconf 93' lang='lat' dir='ltr'><strong>id</strong></span> <span class='ocrx_word' id='word_1_468' title='bbox 711 3771 1112 3835; x_wconf 89' lang='lat' dir='ltr'><strong>meditaremur,</strong></span> <span class='ocrx_word' id='word_1_469' title='bbox 1148 3769 1230 3824; x_wconf 89' lang='lat' dir='ltr'><strong>his</strong></span> <span class='ocrx_word' id='word_1_470' title='bbox 1250 3770 1438 3840; x_wconf 89' lang='lat' dir='ltr'><strong>jurgiis</strong></span> <span class='ocrx_word' id='word_1_471' title='bbox 1465 3770 1765 3824; x_wconf 89' lang='lat' dir='ltr'><strong>intercessit</strong></span> <span class='ocrx_word' id='word_1_472' title='bbox 1793 3771 2041 3828; x_wconf 91' lang='lat' dir='ltr'><strong>Ludovici</strong></span> <span class='ocrx_word' id='word_1_473' title='bbox 2082 3775 2254 3845; x_wconf 85' lang='lat' dir='ltr'><strong>Magni</strong></span> <span class='ocrx_word' id='word_1_474' title='bbox 2291 3777 2576 3832; x_wconf 88' lang='lat' dir='ltr'><strong>auctoritas</strong></span> <span class='ocrx_word' id='word_1_475' title='bbox 2595 3819 2610 3841; x_wconf 90' lang='lat'><strong>,</strong></span> <span class='ocrx_word' id='word_1_476' title='bbox 2639 3778 2728 3845; x_wconf 90' lang='lat' dir='ltr'><strong>qui</strong></span> <span class='ocrx_word' id='word_1_477' title='bbox 2750 3818 2762 3840; x_wconf 91' lang='lat'><strong>,</strong></span> <span class='ocrx_word' id='word_1_478' title='bbox 2795 3784 2852 3831; x_wconf 92' lang='lat' dir='ltr'><strong>ut</strong></span> <span class='ocrx_word' id='word_1_479' title='bbox 2886 3776 3140 3833; x_wconf 68' lang='lat' dir='ltr'><strong>Ecclesize</strong></span> <span class='ocrx_word' id='word_1_480' title='bbox 3169 3778 3281 3846; x_wconf 86' lang='lat' dir='ltr'><strong>paci</strong></span> <span class='ocrx_word' id='word_1_481' title='bbox 3311 3774 3380 3830; x_wconf 90' lang='lat' dir='ltr'><strong>ab</strong></span> <span class='ocrx_word' id='word_1_482' title='bbox 3404 3790 3465 3832; x_wconf 79' lang='lat' dir='ltr'><strong>se</strong></span> 
     </span>
    </p>
   </div>
   <div class='ocr_carea' id='block_1_39' title="bbox 177 3862 3461 3940">
    <p class='ocr_par' dir='ltr' id='par_1_39' title="bbox 177 3862 3461 3940">
     <span class='ocr_line' id='line_1_39' title="bbox 177 3862 3461 3940; baseline -0.001 -17"><span class='ocrx_word' id='word_1_483' title='bbox 177 3868 477 3923; x_wconf 71' lang='lat' dir='ltr'><strong>conciliata:</strong></span> <span class='ocrx_word' id='word_1_484' title='bbox 500 3864 764 3920; x_wconf 89' lang='lat' dir='ltr'><strong>indefessa</strong></span> <span class='ocrx_word' id='word_1_485' title='bbox 793 3862 1146 3918; x_wconf 88' lang='lat' dir='ltr'><strong>sollicitudine</strong></span> <span class='ocrx_word' id='word_1_486' title='bbox 1176 3878 1389 3931; x_wconf 88' lang='lat' dir='ltr'><strong>semper</strong></span> <span class='ocrx_word' id='word_1_487' title='bbox 1419 3863 1686 3933; x_wconf 85' lang='lat' dir='ltr'><strong>invigilat,</strong></span> <span class='ocrx_word' id='word_1_488' title='bbox 1717 3864 1960 3934; x_wconf 88' lang='lat' dir='ltr'><strong>gliscenti</strong></span> <span class='ocrx_word' id='word_1_489' title='bbox 2005 3867 2056 3920; x_wconf 91' lang='lat' dir='ltr'><strong>in</strong></span> <span class='ocrx_word' id='word_1_490' title='bbox 2098 3869 2210 3922; x_wconf 91' lang='lat' dir='ltr'><strong>dies</strong></span> <span class='ocrx_word' id='word_1_491' title='bbox 2252 3868 2598 3934; x_wconf 85' lang='lat' dir='ltr'><strong>dissensioni,</strong></span> <span class='ocrx_word' id='word_1_492' title='bbox 2623 3864 2902 3938; x_wconf 55' lang='lat' dir='ltr'><strong>Hmpcrato</strong></span> <span class='ocrx_word' id='word_1_493' title='bbox 2945 3871 3180 3940; x_wconf 91' lang='lat' dir='ltr'><strong>utrisque</strong></span> <span class='ocrx_word' id='word_1_494' title='bbox 3221 3868 3461 3938; x_wconf 89' lang='lat' dir='ltr'><strong>partibus</strong></span> 
     </span>
    </p>
   </div>
   <div class='ocr_carea' id='block_1_40' title="bbox 109 3952 3460 4030">
    <p class='ocr_par' dir='ltr' id='par_1_40' title="bbox 109 3952 3460 4030">
     <span class='ocr_line' id='line_1_40' title="bbox 109 3952 3460 4030; baseline 0.001 -18"><span class='ocrx_word' id='word_1_495' title='bbox 109 4007 114 4012; x_wconf 89' lang='lat'><strong>.</strong></span> <span class='ocrx_word' id='word_1_496' title='bbox 181 3960 421 4022; x_wconf 91' lang='lat' dir='ltr'><strong>silentio,</strong></span> <span class='ocrx_word' id='word_1_497' title='bbox 449 3956 659 4010; x_wconf 89' lang='lat' dir='ltr'><strong>modum</strong></span> <span class='ocrx_word' id='word_1_498' title='bbox 685 3956 972 4028; x_wconf 73' lang='lat' dir='ltr'><strong>imposuit:</strong></span> <span class='ocrx_word' id='word_1_499' title='bbox 997 3954 1178 4023; x_wconf 89' lang='lat' dir='ltr'><strong>sicque</strong></span> <span class='ocrx_word' id='word_1_500' title='bbox 1206 3954 1332 4006; x_wconf 89' lang='lat' dir='ltr'><strong>tanti</strong></span> <span class='ocrx_word' id='word_1_501' title='bbox 1365 3952 1623 4024; x_wconf 88' lang='lat' dir='ltr'><strong>Principis</strong></span> <span class='ocrx_word' id='word_1_502' title='bbox 1661 3957 1972 4011; x_wconf 85' lang='lat' dir='ltr'><strong>auctoritate</strong></span> <span class='ocrx_word' id='word_1_503' title='bbox 2013 3973 2258 4028; x_wconf 89' lang='lat' dir='ltr'><strong>repressa</strong></span> <span class='ocrx_word' id='word_1_504' title='bbox 2303 3969 2385 4013; x_wconf 90' lang='lat' dir='ltr'><strong>est</strong></span> <span class='ocrx_word' id='word_1_505' title='bbox 2426 3960 2617 4015; x_wconf 91' lang='lat' dir='ltr'><strong>ardens</strong></span> <span class='ocrx_word' id='word_1_506' title='bbox 2657 3961 2744 4014; x_wconf 88' lang='lat' dir='ltr'><strong>illa</strong></span> <span class='ocrx_word' id='word_1_507' title='bbox 2787 3961 3078 4024; x_wconf 90' lang='lat' dir='ltr'><strong>contentio,</strong></span> <span class='ocrx_word' id='word_1_508' title='bbox 3101 3975 3217 4030; x_wconf 67' lang='lat' dir='ltr'><strong>quae</strong></span> <span class='ocrx_word' id='word_1_509' title='bbox 3256 3962 3460 4030; x_wconf 91' lang='lat' dir='ltr'><strong>sopitos</strong></span> 
     </span>
    </p>
   </div>
   <div class='ocr_carea' id='block_1_41' title="bbox 121 4046 3465 4123">
    <p class='ocr_par' dir='ltr' id='par_1_41' title="bbox 121 4046 3465 4123">
     <span class='ocr_line' id='line_1_41' title="bbox 121 4046 3465 4123; baseline 0 -16"><span class='ocrx_word' id='word_1_510' title='bbox 121 4087 124 4090; x_wconf 63' lang='grc' dir='ltr'><strong><em>η</em></strong></span> <span class='ocrx_word' id='word_1_511' title='bbox 175 4049 493 4123; x_wconf 88' lang='lat' dir='ltr'><strong>jamdudum</strong></span> <span class='ocrx_word' id='word_1_512' title='bbox 524 4050 670 4120; x_wconf 83' lang='lat' dir='ltr'><strong>ignes</strong></span> <span class='ocrx_word' id='word_1_513' title='bbox 693 4049 982 4104; x_wconf 82' lang='lat' dir='ltr'><strong>excitatura</strong></span> <span class='ocrx_word' id='word_1_514' title='bbox 1006 4047 1300 4101; x_wconf 90' lang='lat' dir='ltr'><strong>videbatur.</strong></span> <span class='ocrx_word' id='word_1_515' title='bbox 1330 4046 1476 4101; x_wconf 84' lang='lat' dir='ltr'><strong>Hanc</strong></span> <span class='ocrx_word' id='word_1_516' title='bbox 1505 4055 1680 4102; x_wconf 91' lang='lat' dir='ltr'><strong>autem</strong></span> <span class='ocrx_word' id='word_1_517' title='bbox 1708 4049 2092 4121; x_wconf 87' lang='lat' dir='ltr'><strong>redintegrare,</strong></span> <span class='ocrx_word' id='word_1_518' title='bbox 2123 4067 2241 4106; x_wconf 93' lang='lat' dir='ltr'><strong>cum</strong></span> <span class='ocrx_word' id='word_1_519' title='bbox 2260 4052 2414 4122; x_wconf 88' lang='lat' dir='ltr'><strong>longe</strong></span> <span class='ocrx_word' id='word_1_520' title='bbox 2440 4052 2594 4107; x_wconf 90' lang='lat' dir='ltr'><strong>abest</strong></span> <span class='ocrx_word' id='word_1_521' title='bbox 2621 4069 2649 4105; x_wconf 87' lang='lat' dir='ltr'><strong>a</strong></span> <span class='ocrx_word' id='word_1_522' title='bbox 2679 4053 2912 4108; x_wconf 86' lang='lat' dir='ltr'><strong>moribus</strong></span> <span class='ocrx_word' id='word_1_523' title='bbox 2938 4054 3155 4117; x_wconf 88' lang='lat' dir='ltr'><strong>nostris,</strong></span> <span class='ocrx_word' id='word_1_524' title='bbox 3179 4063 3290 4107; x_wconf 87' lang='lat' dir='ltr'><strong>ttuu</strong></span> <span class='ocrx_word' id='word_1_525' title='bbox 3321 4061 3465 4108; x_wconf 80' lang='lat' dir='ltr'><strong>vetat</strong></span> 
     </span>
    </p>
   </div>
   <div class='ocr_carea' id='block_1_42' title="bbox 180 4141 3466 4216">
    <p class='ocr_par' dir='ltr' id='par_1_42' title="bbox 180 4141 3466 4216">
     <span class='ocr_line' id='line_1_42' title="bbox 180 4141 3466 4216; baseline 0 -14"><span class='ocrx_word' id='word_1_526' title='bbox 180 4149 235 4202; x_wconf 91' lang='lat' dir='ltr'><strong>in</strong></span> <span class='ocrx_word' id='word_1_527' title='bbox 268 4146 457 4216; x_wconf 88' lang='lat' dir='ltr'><strong>primis</strong></span> <span class='ocrx_word' id='word_1_528' title='bbox 476 4159 681 4199; x_wconf 91' lang='lat' dir='ltr'><strong>summa</strong></span> <span class='ocrx_word' id='word_1_529' title='bbox 711 4152 888 4198; x_wconf 88' lang='lat' dir='ltr'><strong>nostra</strong></span> <span class='ocrx_word' id='word_1_530' title='bbox 936 4157 1060 4211; x_wconf 85' lang='lat' dir='ltr'><strong>erga</strong></span> <span class='ocrx_word' id='word_1_531' title='bbox 1109 4141 1338 4211; x_wconf 83' lang='lat' dir='ltr'><strong>Regem,</strong></span> <span class='ocrx_word' id='word_1_532' title='bbox 1365 4141 1614 4212; x_wconf 87' lang='lat' dir='ltr'><strong>regiaque</strong></span> <span class='ocrx_word' id='word_1_533' title='bbox 1648 4143 1795 4212; x_wconf 89' lang='lat' dir='ltr'><strong>jussa</strong></span> <span class='ocrx_word' id='word_1_534' title='bbox 1838 4145 2222 4214; x_wconf 88' lang='lat' dir='ltr'><strong>obtemperatio</strong></span> <span class='ocrx_word' id='word_1_535' title='bbox 2244 4164 2258 4198; x_wconf 90' lang='lat'><strong><em>:</em></strong></span> <span class='ocrx_word' id='word_1_536' title='bbox 2283 4145 2404 4200; x_wconf 90' lang='lat' dir='ltr'><strong>dein</strong></span> <span class='ocrx_word' id='word_1_537' title='bbox 2435 4146 2690 4201; x_wconf 68' lang='lat' dir='ltr'><strong>Ecclesia:</strong></span> <span class='ocrx_word' id='word_1_538' title='bbox 2717 4148 2860 4216; x_wconf 92' lang='lat' dir='ltr'><strong>pacis</strong></span> <span class='ocrx_word' id='word_1_539' title='bbox 2885 4147 3118 4202; x_wconf 88' lang='lat' dir='ltr'><strong>studium</strong></span> <span class='ocrx_word' id='word_1_540' title='bbox 3144 4148 3248 4202; x_wconf 91' lang='lat' dir='ltr'><strong>alte</strong></span> <span class='ocrx_word' id='word_1_541' title='bbox 3273 4149 3466 4204; x_wconf 88' lang='lat' dir='ltr'><strong>animis</strong></span> 
     </span>
    </p>
   </div>
   <div class='ocr_carea' id='block_1_43' title="bbox 184 4233 3467 4308">
    <p class='ocr_par' dir='ltr' id='par_1_43' title="bbox 184 4233 3467 4308">
     <span class='ocr_line' id='line_1_43' title="bbox 184 4233 3467 4308; baseline 0 -14"><span class='ocrx_word' id='word_1_542' title='bbox 184 4239 409 4294; x_wconf 90' lang='lat' dir='ltr'><strong>insitum</strong></span> <span class='ocrx_word' id='word_1_543' title='bbox 430 4237 662 4292; x_wconf 91' lang='lat' dir='ltr'><strong>nostris:</strong></span> <span class='ocrx_word' id='word_1_544' title='bbox 687 4235 916 4306; x_wconf 90' lang='lat' dir='ltr'><strong>denique</strong></span> <span class='ocrx_word' id='word_1_545' title='bbox 936 4235 1171 4289; x_wconf 88' lang='lat' dir='ltr'><strong>charitas</strong></span> <span class='ocrx_word' id='word_1_546' title='bbox 1191 4233 1445 4289; x_wconf 88' lang='lat' dir='ltr'><strong>adversus</strong></span> <span class='ocrx_word' id='word_1_547' title='bbox 1469 4249 1656 4288; x_wconf 90' lang='lat' dir='ltr'><strong>omnes</strong></span> <span class='ocrx_word' id='word_1_548' title='bbox 1675 4274 1690 4301; x_wconf 91' lang='lat'><strong>,</strong></span> <span class='ocrx_word' id='word_1_549' title='bbox 1718 4250 1854 4304; x_wconf 91' lang='lat' dir='ltr'><strong>quos</strong></span> <span class='ocrx_word' id='word_1_550' title='bbox 1874 4236 2189 4292; x_wconf 89' lang='lat' dir='ltr'><strong>turbulentis</strong></span> <span class='ocrx_word' id='word_1_551' title='bbox 2215 4238 2476 4308; x_wconf 87' lang='lat' dir='ltr'><strong>ejusmodi</strong></span> <span class='ocrx_word' id='word_1_552' title='bbox 2513 4239 2997 4296; x_wconf 89' lang='lat' dir='ltr'><strong>concertationibus</strong></span> <span class='ocrx_word' id='word_1_553' title='bbox 3023 4239 3292 4295; x_wconf 75' lang='lat' dir='ltr'><strong>offendere</strong></span> <span class='ocrx_word' id='word_1_554' title='bbox 3311 4241 3467 4296; x_wconf 88' lang='lat' dir='ltr'><strong>nobis</strong></span> 
     </span>
    </p>
   </div>
   <div class='ocr_carea' id='block_1_44' title="bbox 181 4334 564 4404">
    <p class='ocr_par' dir='ltr' id='par_1_44' title="bbox 181 4334 564 4404">
     <span class='ocr_line' id='line_1_44' title="bbox 181 4334 564 4404; baseline 0 -18"><span class='ocrx_word' id='word_1_555' title='bbox 181 4334 370 4404; x_wconf 86' lang='lat' dir='ltr'><strong>religio</strong></span> <span class='ocrx_word' id='word_1_556' title='bbox 388 4334 564 4389; x_wconf 88' lang='lat' dir='ltr'><strong>fuerit.</strong></span> 
     </span>
    </p>
   </div>
   <div class='ocr_carea' id='block_1_45' title="bbox 251 4424 3464 4498">
    <p class='ocr_par' dir='ltr' id='par_1_45' title="bbox 251 4424 3464 4498">
     <span class='ocr_line' id='line_1_45' title="bbox 251 4424 3464 4498; baseline 0.001 -16"><span class='ocrx_word' id='word_1_557' title='bbox 251 4425 567 4497; x_wconf 89' lang='lat' dir='ltr'><strong>Suppressis</strong></span> <span class='ocrx_word' id='word_1_558' title='bbox 597 4428 792 4498; x_wconf 89' lang='lat' dir='ltr'><strong>itaque,</strong></span> <span class='ocrx_word' id='word_1_559' title='bbox 817 4441 936 4497; x_wconf 74' lang='lat' dir='ltr'><strong>quze</strong></span> <span class='ocrx_word' id='word_1_560' title='bbox 958 4427 1023 4480; x_wconf 91' lang='lat' dir='ltr'><strong>ad</strong></span> <span class='ocrx_word' id='word_1_561' title='bbox 1048 4434 1284 4480; x_wconf 90' lang='lat' dir='ltr'><strong>nostram</strong></span> <span class='ocrx_word' id='word_1_562' title='bbox 1311 4433 1610 4495; x_wconf 80' lang='lat' dir='ltr'><strong>nostraeque</strong></span> <span class='ocrx_word' id='word_1_563' title='bbox 1629 4424 1878 4482; x_wconf 91' lang='lat' dir='ltr'><strong>editionis</strong></span> <span class='ocrx_word' id='word_1_564' title='bbox 1907 4425 2270 4481; x_wconf 81' lang='lat' dir='ltr'><strong>defensionem</strong></span> <span class='ocrx_word' id='word_1_565' title='bbox 2299 4426 2572 4482; x_wconf 79' lang='lat' dir='ltr'><strong>adornatae</strong></span> <span class='ocrx_word' id='word_1_566' title='bbox 2597 4435 2780 4492; x_wconf 90' lang='lat' dir='ltr'><strong>erant,</strong></span> <span class='ocrx_word' id='word_1_567' title='bbox 2807 4426 3362 4493; x_wconf 89' lang='lat' dir='ltr'><strong>commentationibus,</strong></span> <span class='ocrx_word' id='word_1_568' title='bbox 3394 4429 3464 4485; x_wconf 86' lang='lat' dir='ltr'><strong>ad</strong></span> 
     </span>
    </p>
   </div>
   <div class='ocr_carea' id='block_1_46' title="bbox 107 4519 3464 4595">
    <p class='ocr_par' dir='ltr' id='par_1_46' title="bbox 107 4519 3464 4595">
     <span class='ocr_line' id='line_1_46' title="bbox 107 4519 3464 4595; baseline 0.001 -19"><span class='ocrx_word' id='word_1_569' title='bbox 107 4571 116 4576; x_wconf 89' lang='lat'><strong>-</strong></span> <span class='ocrx_word' id='word_1_570' title='bbox 179 4525 387 4595; x_wconf 90' lang='lat' dir='ltr'><strong>objecta</strong></span> <span class='ocrx_word' id='word_1_571' title='bbox 416 4524 843 4580; x_wconf 85' lang='lat' dir='ltr'><strong>adversariorum</strong></span> <span class='ocrx_word' id='word_1_572' title='bbox 872 4521 1200 4594; x_wconf 88' lang='lat' dir='ltr'><strong>respondere</strong></span> <span class='ocrx_word' id='word_1_573' title='bbox 1233 4520 1629 4590; x_wconf 87' lang='lat' dir='ltr'><strong>supersedimus</strong></span> <span class='ocrx_word' id='word_1_574' title='bbox 1647 4563 1662 4588; x_wconf 94' lang='lat'><strong>,</strong></span> <span class='ocrx_word' id='word_1_575' title='bbox 1689 4537 1758 4577; x_wconf 90' lang='lat' dir='ltr'><strong>ne</strong></span> <span class='ocrx_word' id='word_1_576' title='bbox 1780 4521 2154 4591; x_wconf 89' lang='lat' dir='ltr'><strong>respondendo</strong></span> <span class='ocrx_word' id='word_1_577' title='bbox 2177 4536 2342 4576; x_wconf 90' lang='lat' dir='ltr'><strong>novas</strong></span> <span class='ocrx_word' id='word_1_578' title='bbox 2369 4531 2550 4577; x_wconf 90' lang='lat' dir='ltr'><strong>contra</strong></span> <span class='ocrx_word' id='word_1_579' title='bbox 2587 4519 2834 4575; x_wconf 90' lang='lat' dir='ltr'><strong>mandata</strong></span> <span class='ocrx_word' id='word_1_580' title='bbox 2864 4519 3010 4590; x_wconf 85' lang='lat' dir='ltr'><strong>regia</strong></span> <span class='ocrx_word' id='word_1_581' title='bbox 3033 4519 3154 4576; x_wconf 90' lang='lat' dir='ltr'><strong>lites</strong></span> <span class='ocrx_word' id='word_1_582' title='bbox 3181 4537 3361 4578; x_wconf 89' lang='lat' dir='ltr'><strong>serere</strong></span> <span class='ocrx_word' id='word_1_583' title='bbox 3388 4524 3464 4579; x_wconf 83' lang='lat' dir='ltr'><strong>vi-</strong></span> 
     </span>
    </p>
   </div>
   <div class='ocr_carea' id='block_1_47' title="bbox 105 4619 454 4684">
    <p class='ocr_par' dir='ltr' id='par_1_47' title="bbox 105 4619 454 4684">
     <span class='ocr_line' id='line_1_47' title="bbox 105 4619 454 4684; baseline -0.006 -12"><span class='ocrx_word' id='word_1_584' title='bbox 105 4651 134 4684; x_wconf 57' lang='grc' dir='ltr'><em>,γ</em></span> <span class='ocrx_word' id='word_1_585' title='bbox 178 4619 454 4674; x_wconf 89' lang='lat' dir='ltr'><strong>deremur.</strong></span> 
     </span>
    </p>
   </div>
   <div class='ocr_carea' id='block_1_48' title="bbox 254 4707 3464 4779">
    <p class='ocr_par' dir='ltr' id='par_1_48' title="bbox 254 4707 3464 4779">
     <span class='ocr_line' id='line_1_48' title="bbox 254 4707 3464 4779; baseline -0.001 -12"><span class='ocrx_word' id='word_1_586' title='bbox 254 4712 459 4768; x_wconf 83' lang='lat' dir='ltr'><strong>Verum</strong></span> <span class='ocrx_word' id='word_1_587' title='bbox 477 4727 544 4766; x_wconf 92' lang='lat' dir='ltr'><strong>ne</strong></span> <span class='ocrx_word' id='word_1_588' title='bbox 568 4711 705 4765; x_wconf 89' lang='lat' dir='ltr'><strong>forte</strong></span> <span class='ocrx_word' id='word_1_589' title='bbox 726 4710 1148 4765; x_wconf 87' lang='lat' dir='ltr'><strong>adversariorum</strong></span> <span class='ocrx_word' id='word_1_590' title='bbox 1168 4709 1361 4779; x_wconf 65' lang='lat' dir='ltr'><strong>iniquae</strong></span> <span class='ocrx_word' id='word_1_591' title='bbox 1372 4708 1767 4764; x_wconf 88' lang='lat' dir='ltr'><strong>criminationes</strong></span> <span class='ocrx_word' id='word_1_592' title='bbox 1779 4709 1986 4779; x_wconf 91' lang='lat' dir='ltr'><strong>piorum</strong></span> <span class='ocrx_word' id='word_1_593' title='bbox 2005 4708 2354 4778; x_wconf 88' lang='lat' dir='ltr'><strong>quorumdam</strong></span> <span class='ocrx_word' id='word_1_594' title='bbox 2370 4717 2423 4762; x_wconf 91' lang='lat' dir='ltr'><strong>et</strong></span> <span class='ocrx_word' id='word_1_595' title='bbox 2443 4707 2820 4764; x_wconf 89' lang='lat' dir='ltr'><strong>benevolorum</strong></span> <span class='ocrx_word' id='word_1_596' title='bbox 2842 4708 3003 4763; x_wconf 91' lang='lat' dir='ltr'><strong>etiam</strong></span> <span class='ocrx_word' id='word_1_597' title='bbox 3014 4709 3247 4765; x_wconf 91' lang='lat' dir='ltr'><strong>virorum</strong></span> <span class='ocrx_word' id='word_1_598' title='bbox 3271 4711 3464 4766; x_wconf 88' lang='lat' dir='ltr'><strong>animis</strong></span> 
     </span>
    </p>
   </div>
   <div class='ocr_carea' id='block_1_49' title="bbox 109 4801 3465 4878">
    <p class='ocr_par' dir='ltr' id='par_1_49' title="bbox 109 4801 3465 4878">
     <span class='ocr_line' id='line_1_49' title="bbox 109 4801 3465 4878; baseline -0.001 -16"><span class='ocrx_word' id='word_1_599' title='bbox 109 4807 132 4878; x_wconf 60' lang='grc' dir='ltr'>ᾗ</span> <span class='ocrx_word' id='word_1_600' title='bbox 181 4806 450 4878; x_wconf 87' lang='lat' dir='ltr'><strong>quosdam</strong></span> <span class='ocrx_word' id='word_1_601' title='bbox 491 4804 772 4873; x_wconf 89' lang='lat' dir='ltr'><strong>scrupulos</strong></span> <span class='ocrx_word' id='word_1_602' title='bbox 812 4803 1270 4872; x_wconf 89' lang='lat' dir='ltr'><strong>iugeneraverint;</strong></span> <span class='ocrx_word' id='word_1_603' title='bbox 1311 4803 1408 4858; x_wconf 89' lang='lat' dir='ltr'><strong>hos</strong></span> <span class='ocrx_word' id='word_1_604' title='bbox 1448 4801 1628 4871; x_wconf 92' lang='lat' dir='ltr'><strong>paucis</strong></span> <span class='ocrx_word' id='word_1_605' title='bbox 1659 4803 1834 4857; x_wconf 89' lang='lat' dir='ltr'><strong>verbis</strong></span> <span class='ocrx_word' id='word_1_606' title='bbox 1873 4817 2062 4856; x_wconf 89' lang='lat' dir='ltr'><strong>curare</strong></span> <span class='ocrx_word' id='word_1_607' title='bbox 2105 4801 2158 4855; x_wconf 90' lang='lat' dir='ltr'><strong>in</strong></span> <span class='ocrx_word' id='word_1_608' title='bbox 2199 4801 2434 4856; x_wconf 88' lang='lat' dir='ltr'><strong>animum</strong></span> <span class='ocrx_word' id='word_1_609' title='bbox 2480 4802 2818 4868; x_wconf 85' lang='lat' dir='ltr'><strong>induximus,</strong></span> <span class='ocrx_word' id='word_1_610' title='bbox 2850 4803 2988 4867; x_wconf 82' lang='lat' dir='ltr'><strong>rati,</strong></span> <span class='ocrx_word' id='word_1_611' title='bbox 3023 4801 3072 4856; x_wconf 94' lang='lat' dir='ltr'><strong>id</strong></span> <span class='ocrx_word' id='word_1_612' title='bbox 3103 4817 3274 4872; x_wconf 85' lang='lat' dir='ltr'><strong>neque</strong></span> <span class='ocrx_word' id='word_1_613' title='bbox 3303 4804 3465 4872; x_wconf 57' lang='lat' dir='ltr'><strong>regia</strong></span> 
     </span>
    </p>
   </div>
   <div class='ocr_carea' id='block_1_50' title="bbox 177 4894 3464 4969">
    <p class='ocr_par' dir='ltr' id='par_1_50' title="bbox 177 4894 3464 4969">
     <span class='ocr_line' id='line_1_50' title="bbox 177 4894 3464 4969; baseline -0.001 -16"><span class='ocrx_word' id='word_1_614' title='bbox 177 4899 436 4968; x_wconf 89' lang='lat' dir='ltr'><strong>jussioni,</strong></span> <span class='ocrx_word' id='word_1_615' title='bbox 480 4913 654 4969; x_wconf 91' lang='lat' dir='ltr'><strong>neque</strong></span> <span class='ocrx_word' id='word_1_616' title='bbox 694 4895 949 4951; x_wconf 67' lang='lat' dir='ltr'><strong>Ecclesia:</strong></span> <span class='ocrx_word' id='word_1_617' title='bbox 986 4898 1099 4966; x_wconf 89' lang='lat' dir='ltr'><strong>paci</strong></span> <span class='ocrx_word' id='word_1_618' title='bbox 1135 4896 1461 4952; x_wconf 89' lang='lat' dir='ltr'><strong>contrarium</strong></span> <span class='ocrx_word' id='word_1_619' title='bbox 1482 4937 1498 4961; x_wconf 93' lang='lat'><strong>,</strong></span> <span class='ocrx_word' id='word_1_620' title='bbox 1528 4897 1634 4949; x_wconf 92' lang='lat' dir='ltr'><strong>imo</strong></span> <span class='ocrx_word' id='word_1_621' title='bbox 1661 4897 1869 4965; x_wconf 87' lang='lat' dir='ltr'><strong>utrique</strong></span> <span class='ocrx_word' id='word_1_622' title='bbox 1902 4894 2120 4950; x_wconf 91' lang='lat' dir='ltr'><strong>omnino</strong></span> <span class='ocrx_word' id='word_1_623' title='bbox 2161 4905 2578 4951; x_wconf 89' lang='lat' dir='ltr'><strong>consentaneum</strong></span> <span class='ocrx_word' id='word_1_624' title='bbox 2611 4897 2740 4951; x_wconf 83' lang='lat' dir='ltr'><strong>fore.</strong></span> <span class='ocrx_word' id='word_1_625' title='bbox 2767 4895 2880 4948; x_wconf 84' lang='lat' dir='ltr'><strong>Etsi</strong></span> <span class='ocrx_word' id='word_1_626' title='bbox 2909 4895 3052 4948; x_wconf 90' lang='lat' dir='ltr'><strong>enim</strong></span> <span class='ocrx_word' id='word_1_627' title='bbox 3082 4895 3212 4949; x_wconf 82' lang='lat' dir='ltr'><strong>nihil</strong></span> <span class='ocrx_word' id='word_1_628' title='bbox 3242 4912 3346 4950; x_wconf 92' lang='lat' dir='ltr'><strong>non</strong></span> <span class='ocrx_word' id='word_1_629' title='bbox 3373 4913 3464 4951; x_wconf 54' lang='lat' dir='ltr'><strong>ca-</strong></span> 
     </span>
    </p>
   </div>
   <div class='ocr_carea' id='block_1_51' title="bbox 121 4989 3464 5062">
    <p class='ocr_par' dir='ltr' id='par_1_51' title="bbox 121 4989 3464 5062">
     <span class='ocr_line' id='line_1_51' title="bbox 121 4989 3464 5062; baseline 0 -15"><span class='ocrx_word' id='word_1_630' title='bbox 121 4989 128 5062; x_wconf 70' lang='grc' dir='ltr'><strong>ἱ</strong></span> <span class='ocrx_word' id='word_1_631' title='bbox 181 4994 375 5050; x_wconf 86' lang='lat' dir='ltr'><strong>tholice</strong></span> <span class='ocrx_word' id='word_1_632' title='bbox 397 5035 412 5057; x_wconf 91' lang='lat'><strong>,</strong></span> <span class='ocrx_word' id='word_1_633' title='bbox 439 5001 590 5049; x_wconf 89' lang='lat' dir='ltr'><strong>certe</strong></span> <span class='ocrx_word' id='word_1_634' title='bbox 631 4990 761 5045; x_wconf 87' lang='lat' dir='ltr'><strong>nihil</strong></span> <span class='ocrx_word' id='word_1_635' title='bbox 803 5006 908 5045; x_wconf 92' lang='lat' dir='ltr'><strong>non</strong></span> <span class='ocrx_word' id='word_1_636' title='bbox 939 4991 1202 5045; x_wconf 89' lang='lat' dir='ltr'><strong>catholico</strong></span> <span class='ocrx_word' id='word_1_637' title='bbox 1230 4990 1408 5044; x_wconf 89' lang='lat' dir='ltr'><strong>animo</strong></span> <span class='ocrx_word' id='word_1_638' title='bbox 1431 5005 1461 5043; x_wconf 93' lang='lat' dir='ltr'><strong>a</strong></span> <span class='ocrx_word' id='word_1_639' title='bbox 1482 4989 1633 5044; x_wconf 87' lang='lat' dir='ltr'><strong>nobis</strong></span> <span class='ocrx_word' id='word_1_640' title='bbox 1661 4989 1860 5044; x_wconf 90' lang='lat' dir='ltr'><strong>dictum</strong></span> <span class='ocrx_word' id='word_1_641' title='bbox 1898 4990 2000 5056; x_wconf 91' lang='lat' dir='ltr'><strong>sit;</strong></span> <span class='ocrx_word' id='word_1_642' title='bbox 2042 4993 2303 5045; x_wconf 91' lang='lat' dir='ltr'><strong>malumus</strong></span> <span class='ocrx_word' id='word_1_643' title='bbox 2328 5001 2506 5046; x_wconf 88' lang='lat' dir='ltr'><strong>tamen</strong></span> <span class='ocrx_word' id='word_1_644' title='bbox 2533 4992 2664 5046; x_wconf 89' lang='lat' dir='ltr'><strong>dare</strong></span> <span class='ocrx_word' id='word_1_645' title='bbox 2687 4991 2885 5061; x_wconf 90' lang='lat' dir='ltr'><strong>aliquid</strong></span> <span class='ocrx_word' id='word_1_646' title='bbox 2913 4999 3111 5046; x_wconf 72' lang='lat' dir='ltr'><strong>tenera:</strong></span> <span class='ocrx_word' id='word_1_647' title='bbox 3139 5007 3201 5046; x_wconf 91' lang='lat' dir='ltr'><strong>ac</strong></span> <span class='ocrx_word' id='word_1_648' title='bbox 3227 4995 3326 5062; x_wconf 81' lang='lat' dir='ltr'><strong>piae</strong></span> <span class='ocrx_word' id='word_1_649' title='bbox 3350 4995 3464 5048; x_wconf 63' lang='lat' dir='ltr'><strong>illeo.</strong></span> 
     </span>
    </p>
   </div>
   <div class='ocr_carea' id='block_1_52' title="bbox 181 5084 3444 5155">
    <p class='ocr_par' dir='ltr' id='par_1_52' title="bbox 181 5084 3444 5155">
     <span class='ocr_line' id='line_1_52' title="bbox 181 5084 3444 5155; baseline 0 -14"><span class='ocrx_word' id='word_1_650' title='bbox 181 5103 296 5142; x_wconf 89' lang='lat' dir='ltr'><strong>rum</strong></span> <span class='ocrx_word' id='word_1_651' title='bbox 317 5089 460 5144; x_wconf 87' lang='lat' dir='ltr'><strong>circa</strong></span> <span class='ocrx_word' id='word_1_652' title='bbox 489 5086 649 5141; x_wconf 90' lang='lat' dir='ltr'><strong>ﬁdem</strong></span> <span class='ocrx_word' id='word_1_653' title='bbox 685 5084 983 5150; x_wconf 75' lang='lat' dir='ltr'><strong>affectioni,</strong></span> <span class='ocrx_word' id='word_1_654' title='bbox 1011 5099 1169 5155; x_wconf 90' lang='lat' dir='ltr'><strong>quam</strong></span> <span class='ocrx_word' id='word_1_655' title='bbox 1199 5085 1431 5153; x_wconf 66' lang='lat' dir='ltr'><strong>superbo</strong></span> <span class='ocrx_word' id='word_1_656' title='bbox 1466 5084 1675 5139; x_wconf 89' lang='lat' dir='ltr'><strong>fastidio</strong></span> <span class='ocrx_word' id='word_1_657' title='bbox 1717 5099 1901 5137; x_wconf 91' lang='lat' dir='ltr'><strong>eorum</strong></span> <span class='ocrx_word' id='word_1_658' title='bbox 1940 5084 2220 5155; x_wconf 92' lang='lat' dir='ltr'><strong>scrupulos</strong></span> <span class='ocrx_word' id='word_1_659' title='bbox 2261 5085 2617 5139; x_wconf 90' lang='lat' dir='ltr'><strong>dissimulare.</strong></span> <span class='ocrx_word' id='word_1_660' title='bbox 2651 5085 2890 5140; x_wconf 83' lang='lat' dir='ltr'><strong>Aliorum</strong></span> <span class='ocrx_word' id='word_1_661' title='bbox 2915 5101 3064 5151; x_wconf 88' lang='lat' dir='ltr'><strong>vero,</strong></span> <span class='ocrx_word' id='word_1_662' title='bbox 3098 5086 3143 5140; x_wconf 90' lang='lat' dir='ltr'><strong>si</strong></span> <span class='ocrx_word' id='word_1_663' title='bbox 3171 5086 3257 5155; x_wconf 89' lang='lat' dir='ltr'><strong>qui</strong></span> <span class='ocrx_word' id='word_1_664' title='bbox 3282 5096 3444 5142; x_wconf 91' lang='lat' dir='ltr'><strong>erunt</strong></span> 
     </span>
    </p>
   </div>
   <div class='ocr_carea' id='block_1_53' title="bbox 182 5177 3465 5256">
    <p class='ocr_par' dir='ltr' id='par_1_53' title="bbox 182 5177 3465 5256">
     <span class='ocr_line' id='line_1_53' title="bbox 182 5177 3465 5256; baseline 0 -20"><span class='ocrx_word' id='word_1_665' title='bbox 182 5183 269 5251; x_wconf 91' lang='lat' dir='ltr'><strong>qui</strong></span> <span class='ocrx_word' id='word_1_666' title='bbox 296 5180 631 5237; x_wconf 90' lang='lat' dir='ltr'><strong>eontentioso</strong></span> <span class='ocrx_word' id='word_1_667' title='bbox 658 5181 838 5236; x_wconf 90' lang='lat' dir='ltr'><strong>animo</strong></span> <span class='ocrx_word' id='word_1_668' title='bbox 865 5179 1012 5235; x_wconf 79' lang='lat' dir='ltr'><strong>rixas</strong></span> <span class='ocrx_word' id='word_1_669' title='bbox 1047 5179 1222 5234; x_wconf 90' lang='lat' dir='ltr'><strong>denuo</strong></span> <span class='ocrx_word' id='word_1_670' title='bbox 1263 5177 1627 5248; x_wconf 82' lang='lat' dir='ltr'><strong>redintegrare</strong></span> <span class='ocrx_word' id='word_1_671' title='bbox 1655 5178 2081 5256; x_wconf 2' lang='lat' dir='ltr'><strong>pergant,jdicas</strong></span> <span class='ocrx_word' id='word_1_672' title='bbox 2117 5186 2172 5233; x_wconf 92' lang='lat' dir='ltr'><strong>et</strong></span> <span class='ocrx_word' id='word_1_673' title='bbox 2208 5179 2570 5234; x_wconf 87' lang='lat' dir='ltr'><strong>cavillationes</strong></span> <span class='ocrx_word' id='word_1_674' title='bbox 2607 5177 2860 5248; x_wconf 91' lang='lat' dir='ltr'><strong>deinceps</strong></span> <span class='ocrx_word' id='word_1_675' title='bbox 2892 5180 3378 5248; x_wconf 69' lang='lat' dir='ltr'><strong>prietermittemus,</strong></span> <span class='ocrx_word' id='word_1_676' title='bbox 3411 5190 3465 5239; x_wconf 80' lang='lat' dir='ltr'><strong>et</strong></span> 
     </span>
    </p>
   </div>
   <div class='ocr_carea' id='block_1_54' title="bbox 104 5260 3324 5344">
    <p class='ocr_par' dir='ltr' id='par_1_54' title="bbox 104 5260 3324 5344">
     <span class='ocr_line' id='line_1_54' title="bbox 104 5260 3324 5344; baseline -0.045 0"><span class='ocrx_word' id='word_1_677' title='bbox 104 5260 121 5344; x_wconf 68' lang='grc' dir='ltr'><strong><em>ξ</em></strong></span> <span class='ocrx_word' id='word_1_678' title='bbox 191 5289 288 5344; x_wconf 82' lang='lat' dir='ltr'><strong>pro</strong></span> <span class='ocrx_word' id='word_1_679' title='bbox 309 5275 478 5330; x_wconf 87' lang='lat' dir='ltr'><strong>nihilo</strong></span> <span class='ocrx_word' id='word_1_680' title='bbox 500 5273 832 5328; x_wconf 86' lang='lat' dir='ltr'><strong>habebimus.</strong></span> <span class='ocrx_word' id='word_1_681' title='bbox 1483 5260 1502 5274; x_wconf 83' lang='lat'><strong><em>~</em></strong></span> <span class='ocrx_word' id='word_1_682' title='bbox 1635 5272 1647 5291; x_wconf 93' lang='lat'><strong>.</strong></span> <span class='ocrx_word' id='word_1_683' title='bbox 3298 5316 3324 5341; x_wconf 25' lang='grc' dir='ltr'><strong>κ</strong></span> 
     </span>
    </p>
   </div>
   <div class='ocr_carea' id='block_1_55' title="bbox 254 5363 3462 5438">
    <p class='ocr_par' dir='ltr' id='par_1_55' title="bbox 254 5363 3462 5438">
     <span class='ocr_line' id='line_1_55' title="bbox 254 5363 3462 5438; baseline 0.001 -19"><span class='ocrx_word' id='word_1_684' title='bbox 254 5366 310 5420; x_wconf 92' lang='lat' dir='ltr'><strong>ln</strong></span> <span class='ocrx_word' id='word_1_685' title='bbox 343 5367 527 5436; x_wconf 89' lang='lat' dir='ltr'><strong>primis</strong></span> <span class='ocrx_word' id='word_1_686' title='bbox 570 5366 724 5420; x_wconf 91' lang='lat' dir='ltr'><strong>toties</strong></span> <span class='ocrx_word' id='word_1_687' title='bbox 751 5365 980 5435; x_wconf 90' lang='lat' dir='ltr'><strong>repetita</strong></span> <span class='ocrx_word' id='word_1_688' title='bbox 1005 5380 1035 5420; x_wconf 90' lang='lat' dir='ltr'><strong>a</strong></span> <span class='ocrx_word' id='word_1_689' title='bbox 1063 5364 1220 5420; x_wconf 90' lang='lat' dir='ltr'><strong>nobis</strong></span> <span class='ocrx_word' id='word_1_690' title='bbox 1244 5365 1492 5420; x_wconf 88' lang='lat' dir='ltr'><strong>omnibus</strong></span> <span class='ocrx_word' id='word_1_691' title='bbox 1515 5374 1570 5421; x_wconf 89' lang='lat' dir='ltr'><strong>et</strong></span> <span class='ocrx_word' id='word_1_692' title='bbox 1593 5366 1812 5438; x_wconf 89' lang='lat' dir='ltr'><strong>singulis</strong></span> <span class='ocrx_word' id='word_1_693' title='bbox 1838 5365 2128 5436; x_wconf 88' lang='lat' dir='ltr'><strong>professio,</strong></span> <span class='ocrx_word' id='word_1_694' title='bbox 2151 5379 2254 5436; x_wconf 91' lang='lat' dir='ltr'><strong>qua</strong></span> <span class='ocrx_word' id='word_1_695' title='bbox 2277 5363 2756 5420; x_wconf 86' lang='lat' dir='ltr'><strong>Constitutionibus</strong></span> <span class='ocrx_word' id='word_1_696' title='bbox 2783 5379 3110 5419; x_wconf 90' lang='lat' dir='ltr'><strong>summorum</strong></span> <span class='ocrx_word' id='word_1_697' title='bbox 3149 5363 3462 5421; x_wconf 89' lang='lat' dir='ltr'><strong>Pontiﬁcum</strong></span> 
     </span>
    </p>
   </div>
   <div class='ocr_carea' id='block_1_56' title="bbox 187 5456 3466 5530">
    <p class='ocr_par' dir='ltr' id='par_1_56' title="bbox 187 5456 3466 5530">
     <span class='ocr_line' id='line_1_56' title="bbox 187 5456 3466 5530; baseline 0.002 -20"><span class='ocrx_word' id='word_1_698' title='bbox 187 5457 475 5515; x_wconf 89' lang='lat' dir='ltr'><strong>lnnocentii</strong></span> <span class='ocrx_word' id='word_1_699' title='bbox 503 5458 555 5515; x_wconf 81' lang='grc' dir='ltr'>Χ</span> <span class='ocrx_word' id='word_1_700' title='bbox 574 5469 630 5515; x_wconf 88' lang='lat' dir='ltr'><strong>et</strong></span> <span class='ocrx_word' id='word_1_701' title='bbox 659 5459 947 5514; x_wconf 79' lang='lat' dir='ltr'><strong>Alexandri</strong></span> <span class='ocrx_word' id='word_1_702' title='bbox 979 5458 1069 5514; x_wconf 79' lang='grc' dir='ltr'><strong>νη</strong></span> <span class='ocrx_word' id='word_1_703' title='bbox 1106 5474 1206 5514; x_wconf 91' lang='lat' dir='ltr'><strong>nos</strong></span> <span class='ocrx_word' id='word_1_704' title='bbox 1233 5458 1442 5514; x_wconf 90' lang='lat' dir='ltr'><strong>sincere</strong></span> <span class='ocrx_word' id='word_1_705' title='bbox 1468 5467 1524 5515; x_wconf 90' lang='lat' dir='ltr'><strong>et</strong></span> <span class='ocrx_word' id='word_1_706' title='bbox 1551 5476 1614 5515; x_wconf 78' lang='lat' dir='ltr'><strong>ex</strong></span> <span class='ocrx_word' id='word_1_707' title='bbox 1645 5461 1822 5516; x_wconf 91' lang='lat' dir='ltr'><strong>animo</strong></span> <span class='ocrx_word' id='word_1_708' title='bbox 1850 5460 2125 5516; x_wconf 83' lang='lat' dir='ltr'><strong>adhaerere</strong></span> <span class='ocrx_word' id='word_1_709' title='bbox 2156 5460 2364 5530; x_wconf 90' lang='lat' dir='ltr'><strong>publice</strong></span> <span class='ocrx_word' id='word_1_710' title='bbox 2392 5461 2671 5516; x_wconf 88' lang='lat' dir='ltr'><strong>contestati</strong></span> <span class='ocrx_word' id='word_1_711' title='bbox 2705 5475 2909 5525; x_wconf 89' lang='lat' dir='ltr'><strong>sumus,</strong></span> <span class='ocrx_word' id='word_1_712' title='bbox 2934 5469 3168 5514; x_wconf 89' lang='lat' dir='ltr'><strong>nostram</strong></span> <span class='ocrx_word' id='word_1_713' title='bbox 3205 5456 3346 5512; x_wconf 89' lang='lat' dir='ltr'><strong>circa</strong></span> <span class='ocrx_word' id='word_1_714' title='bbox 3388 5463 3466 5516; x_wconf 79' lang='lat' dir='ltr'><strong>fa-</strong></span> 
     </span>
    </p>
   </div>
   <div class='ocr_carea' id='block_1_57' title="bbox 190 5556 3464 5635">
    <p class='ocr_par' dir='ltr' id='par_1_57' title="bbox 190 5556 3464 5635">
     <span class='ocr_line' id='line_1_57' title="bbox 190 5556 3464 5635; baseline 0.002 -25"><span class='ocrx_word' id='word_1_715' title='bbox 190 5568 365 5610; x_wconf 85' lang='lat' dir='ltr'><strong>mosas</strong></span> <span class='ocrx_word' id='word_1_716' title='bbox 387 5556 620 5627; x_wconf 90' lang='lat' dir='ltr'><strong>quinque</strong></span> <span class='ocrx_word' id='word_1_717' title='bbox 659 5557 1059 5626; x_wconf 88' lang='lat' dir='ltr'><strong>Propositiones</strong></span> <span class='ocrx_word' id='word_1_718' title='bbox 1098 5557 1256 5613; x_wconf 92' lang='lat' dir='ltr'><strong>ﬁdem</strong></span> <span class='ocrx_word' id='word_1_719' title='bbox 1295 5558 1364 5612; x_wconf 91' lang='lat' dir='ltr'><strong>ab</strong></span> <span class='ocrx_word' id='word_1_720' title='bbox 1403 5560 1549 5614; x_wconf 92' lang='lat' dir='ltr'><strong>omni</strong></span> <span class='ocrx_word' id='word_1_721' title='bbox 1583 5576 1802 5632; x_wconf 91' lang='lat' dir='ltr'><strong>prorsus</strong></span> <span class='ocrx_word' id='word_1_722' title='bbox 1827 5562 2128 5632; x_wconf 90' lang='lat' dir='ltr'><strong>suspicione</strong></span> <span class='ocrx_word' id='word_1_723' title='bbox 2153 5562 2313 5618; x_wconf 91' lang='lat' dir='ltr'><strong>debet</strong></span> <span class='ocrx_word' id='word_1_724' title='bbox 2340 5565 2594 5619; x_wconf 86' lang='lat' dir='ltr'><strong>eximere.</strong></span> <span class='ocrx_word' id='word_1_725' title='bbox 2625 5565 2678 5621; x_wconf 91' lang='lat' dir='ltr'><strong>Si</strong></span> <span class='ocrx_word' id='word_1_726' title='bbox 2714 5567 2854 5621; x_wconf 91' lang='lat' dir='ltr'><strong>enim</strong></span> <span class='ocrx_word' id='word_1_727' title='bbox 2884 5574 2962 5622; x_wconf 94' lang='lat' dir='ltr'><strong>tot</strong></span> <span class='ocrx_word' id='word_1_728' title='bbox 2985 5561 3307 5635; x_wconf 87' lang='lat' dir='ltr'><strong>argumentis</strong></span> <span class='ocrx_word' id='word_1_729' title='bbox 3334 5563 3464 5618; x_wconf 84' lang='lat' dir='ltr'><strong>fulta</strong></span> 
     </span>
    </p>
   </div>
   <div class='ocr_carea' id='block_1_58' title="bbox 194 5645 3463 5728">
    <p class='ocr_par' dir='ltr' id='par_1_58' title="bbox 194 5645 3463 5728">
     <span class='ocr_line' id='line_1_58' title="bbox 194 5645 3463 5728; baseline 0.003 -28"><span class='ocrx_word' id='word_1_730' title='bbox 194 5645 324 5702; x_wconf 88' lang='lat' dir='ltr'><strong>ﬁdes</strong></span> <span class='ocrx_word' id='word_1_731' title='bbox 351 5649 402 5703; x_wconf 93' lang='lat' dir='ltr'><strong>in</strong></span> <span class='ocrx_word' id='word_1_732' title='bbox 432 5659 546 5705; x_wconf 90' lang='lat' dir='ltr'><strong>tuto</strong></span> <span class='ocrx_word' id='word_1_733' title='bbox 564 5665 673 5705; x_wconf 91' lang='lat' dir='ltr'><strong>non</strong></span> <span class='ocrx_word' id='word_1_734' title='bbox 701 5657 784 5705; x_wconf 91' lang='lat' dir='ltr'><strong>est</strong></span> <span class='ocrx_word' id='word_1_735' title='bbox 803 5693 819 5716; x_wconf 96' lang='lat'><strong>,</strong></span> <span class='ocrx_word' id='word_1_736' title='bbox 853 5651 997 5705; x_wconf 89' lang='lat' dir='ltr'><strong>nulla</strong></span> <span class='ocrx_word' id='word_1_737' title='bbox 1019 5651 1118 5705; x_wconf 91' lang='lat' dir='ltr'><strong>erit</strong></span> <span class='ocrx_word' id='word_1_738' title='bbox 1147 5665 1175 5704; x_wconf 89' lang='lat' dir='ltr'><strong>a</strong></span> <span class='ocrx_word' id='word_1_739' title='bbox 1196 5651 1498 5722; x_wconf 90' lang='lat' dir='ltr'><strong>suspicione</strong></span> <span class='ocrx_word' id='word_1_740' title='bbox 1525 5652 1814 5722; x_wconf 90' lang='lat' dir='ltr'><strong>immunis;</strong></span> <span class='ocrx_word' id='word_1_741' title='bbox 1835 5664 1890 5710; x_wconf 90' lang='lat' dir='ltr'><strong>et</strong></span> <span class='ocrx_word' id='word_1_742' title='bbox 1917 5656 1961 5710; x_wconf 90' lang='lat' dir='ltr'><strong>si</strong></span> <span class='ocrx_word' id='word_1_743' title='bbox 1987 5656 2071 5710; x_wconf 92' lang='lat' dir='ltr'><strong>cui</strong></span> <span class='ocrx_word' id='word_1_744' title='bbox 2102 5671 2208 5710; x_wconf 88' lang='lat' dir='ltr'><strong>non</strong></span> <span class='ocrx_word' id='word_1_745' title='bbox 2232 5655 2467 5711; x_wconf 87' lang='lat' dir='ltr'><strong>sufﬁciat</strong></span> <span class='ocrx_word' id='word_1_746' title='bbox 2497 5666 2602 5711; x_wconf 92' lang='lat' dir='ltr'><strong>tam</strong></span> <span class='ocrx_word' id='word_1_747' title='bbox 2629 5659 2837 5713; x_wconf 88' lang='lat' dir='ltr'><strong>sincera</strong></span> <span class='ocrx_word' id='word_1_748' title='bbox 2864 5657 3158 5728; x_wconf 89' lang='lat' dir='ltr'><strong>professio,</strong></span> <span class='ocrx_word' id='word_1_749' title='bbox 3185 5653 3328 5708; x_wconf 89' lang='lat' dir='ltr'><strong>nulla</strong></span> <span class='ocrx_word' id='word_1_750' title='bbox 3355 5655 3463 5710; x_wconf 84' lang='lat' dir='ltr'><strong>alia</strong></span> 
     </span>
    </p>
   </div>
   <div class='ocr_carea' id='block_1_59' title="bbox 199 5743 3459 5821">
    <p class='ocr_par' dir='ltr' id='par_1_59' title="bbox 199 5743 3459 5821">
     <span class='ocr_line' id='line_1_59' title="bbox 199 5743 3459 5821; baseline 0.002 -27"><span class='ocrx_word' id='word_1_751' title='bbox 199 5743 531 5811; x_wconf 87' lang='lat' dir='ltr'><strong>quantumvis</strong></span> <span class='ocrx_word' id='word_1_752' title='bbox 555 5743 753 5814; x_wconf 87' lang='lat' dir='ltr'><strong>jurata,</strong></span> <span class='ocrx_word' id='word_1_753' title='bbox 784 5743 1122 5814; x_wconf 90' lang='lat' dir='ltr'><strong>quantumvis</strong></span> <span class='ocrx_word' id='word_1_754' title='bbox 1151 5744 1460 5814; x_wconf 86' lang='lat' dir='ltr'><strong>explicatior</strong></span> <span class='ocrx_word' id='word_1_755' title='bbox 1484 5744 1771 5804; x_wconf 87' lang='lat' dir='ltr'><strong>sufﬁceret.</strong></span> <span class='ocrx_word' id='word_1_756' title='bbox 1803 5747 1910 5804; x_wconf 85' lang='lat' dir='ltr'><strong>Has</strong></span> <span class='ocrx_word' id='word_1_757' title='bbox 1936 5751 2128 5821; x_wconf 90' lang='lat' dir='ltr'><strong>quippe</strong></span> <span class='ocrx_word' id='word_1_758' title='bbox 2157 5749 2574 5806; x_wconf 91' lang='lat' dir='ltr'><strong>Constitutiones</strong></span> <span class='ocrx_word' id='word_1_759' title='bbox 2611 5759 2663 5805; x_wconf 90' lang='lat' dir='ltr'><strong>et</strong></span> <span class='ocrx_word' id='word_1_760' title='bbox 2689 5766 2755 5804; x_wconf 79' lang='lat' dir='ltr'><strong>ex</strong></span> <span class='ocrx_word' id='word_1_761' title='bbox 2781 5750 2964 5818; x_wconf 90' lang='lat' dir='ltr'><strong>primis</strong></span> <span class='ocrx_word' id='word_1_762' title='bbox 2998 5761 3118 5801; x_wconf 91' lang='lat' dir='ltr'><strong>cum</strong></span> <span class='ocrx_word' id='word_1_763' title='bbox 3156 5745 3335 5800; x_wconf 90' lang='lat' dir='ltr'><strong>debita</strong></span> <span class='ocrx_word' id='word_1_764' title='bbox 3370 5762 3459 5801; x_wconf 87' lang='lat' dir='ltr'><strong>re-</strong></span> 
     </span>
    </p>
   </div>
   <div class='ocr_carea' id='block_1_60' title="bbox 200 5836 3458 5914">
    <p class='ocr_par' dir='ltr' id='par_1_60' title="bbox 200 5836 3458 5914">
     <span class='ocr_line' id='line_1_60' title="bbox 200 5836 3458 5914; baseline 0.003 -29"><span class='ocrx_word' id='word_1_765' title='bbox 200 5836 437 5890; x_wconf 88' lang='lat' dir='ltr'><strong>verentia</strong></span> <span class='ocrx_word' id='word_1_766' title='bbox 459 5846 512 5892; x_wconf 92' lang='lat' dir='ltr'><strong>et</strong></span> <span class='ocrx_word' id='word_1_767' title='bbox 536 5837 887 5892; x_wconf 87' lang='lat' dir='ltr'><strong>submissione</strong></span> <span class='ocrx_word' id='word_1_768' title='bbox 914 5847 1242 5906; x_wconf 79' lang='lat' dir='ltr'><strong>exceperunt</strong></span> <span class='ocrx_word' id='word_1_769' title='bbox 1268 5838 1320 5892; x_wconf 92' lang='lat' dir='ltr'><strong>in</strong></span> <span class='ocrx_word' id='word_1_770' title='bbox 1347 5839 1575 5896; x_wconf 90' lang='lat' dir='ltr'><strong>comitiis</strong></span> <span class='ocrx_word' id='word_1_771' title='bbox 1604 5843 1714 5896; x_wconf 92' lang='lat' dir='ltr'><strong>suis</strong></span> <span class='ocrx_word' id='word_1_772' title='bbox 1737 5842 2070 5913; x_wconf 79' lang='lat' dir='ltr'><strong>generalibus</strong></span> <span class='ocrx_word' id='word_1_773' title='bbox 2109 5842 2384 5914; x_wconf 67' lang='lat' dir='ltr'><strong>Pratpositi</strong></span> <span class='ocrx_word' id='word_1_774' title='bbox 2428 5843 2631 5912; x_wconf 89' lang='lat' dir='ltr'><strong>nostri,</strong></span> <span class='ocrx_word' id='word_1_775' title='bbox 2663 5856 2860 5910; x_wconf 89' lang='lat' dir='ltr'><strong>easque</strong></span> <span class='ocrx_word' id='word_1_776' title='bbox 2895 5841 2962 5895; x_wconf 91' lang='lat' dir='ltr'><strong>ab</strong></span> <span class='ocrx_word' id='word_1_777' title='bbox 2997 5839 3242 5895; x_wconf 91' lang='lat' dir='ltr'><strong>omnibus</strong></span> <span class='ocrx_word' id='word_1_778' title='bbox 3264 5849 3319 5894; x_wconf 91' lang='lat' dir='ltr'><strong>et</strong></span> <span class='ocrx_word' id='word_1_779' title='bbox 3348 5839 3458 5895; x_wconf 93' lang='lat' dir='ltr'><strong>sin-</strong></span> 
     </span>
    </p>
   </div>
   <div class='ocr_carea' id='block_1_61' title="bbox 207 5928 2301 6007">
    <p class='ocr_par' dir='ltr' id='par_1_61' title="bbox 207 5928 2301 6007">
     <span class='ocr_line' id='line_1_61' title="bbox 207 5928 2301 6007; baseline 0.005 -27"><span class='ocrx_word' id='word_1_780' title='bbox 207 5928 362 5996; x_wconf 87' lang='lat' dir='ltr'><strong>gulis,</strong></span> <span class='ocrx_word' id='word_1_781' title='bbox 384 5932 470 6000; x_wconf 89' lang='lat' dir='ltr'><strong>qui</strong></span> <span class='ocrx_word' id='word_1_782' title='bbox 493 5932 544 5986; x_wconf 91' lang='lat' dir='ltr'><strong>in</strong></span> <span class='ocrx_word' id='word_1_783' title='bbox 571 5938 766 5986; x_wconf 69' lang='lat' dir='ltr'><strong>emtum</strong></span> <span class='ocrx_word' id='word_1_784' title='bbox 793 5938 1034 5987; x_wconf 81' lang='lat' dir='ltr'><strong>nostrum</strong></span> <span class='ocrx_word' id='word_1_785' title='bbox 1059 5929 1368 5989; x_wconf 80' lang='lat' dir='ltr'><strong>adinittendi</strong></span> <span class='ocrx_word' id='word_1_786' title='bbox 1397 5943 1600 6002; x_wconf 89' lang='lat' dir='ltr'><strong>essent,</strong></span> <span class='ocrx_word' id='word_1_787' title='bbox 1629 5935 1889 5992; x_wconf 89' lang='lat' dir='ltr'><strong>subscribi</strong></span> <span class='ocrx_word' id='word_1_788' title='bbox 1916 5946 2301 6007; x_wconf 63' lang='lat' dir='ltr'><strong>praeceperunt.</strong></span> 
     </span>
    </p>
   </div>
  </div>
