3950 6282
459 212 534 270 ss
1001 166 1005 168 ’
1681 202 2019 261 ΡΜειτΑτι(

1001 166 1005 168 ’
1681 202 2049 261 ΡιυειτΑτιο
2085 202 2494 263 caucasus.

452 792 637 848 bibere
663 791 1023 847 necessarium
1059 805 1165 845 non
1187 789 1456 854 duximus,
1478 785 1546 841 ad
1577 785 1981 856 praecavendum
2020 784 2241 840 abusum
2267 786 2404 839 illius
2424 784 2587 848 etfati,
2619 784 2756 854 quod
2777 785 2891 838 sine
2921 783 3082 838 dubio
3109 799 3291 837 verum
3311 792 3365 839 et
3389 783 3742 839 catholicum

453 893 538 942 est
567 893 678 939 tum
700 884 840 953 apud
864 883 1075 938 beatum
1101 881 1470 953 Augustinum,
1499 887 1610 934 tum
1638 879 1777 950 apud
1798 879 2074 934 universos
2090 878 2211 934 ﬁdei
2237 879 2509 933 catholicas
2535 879 2785 934 cultores.
2815 875 2952 945 Quin
2984 880 3140 934 etiam
3161 879 3216 933 in
3240 878 3544 948 Appendice
3564 879 3742 949 ejus-

456 977 581 1032 dem
611 975 741 1030 tomi
763 976 1022 1046 integrum
1052 973 1210 1029 Beda:
1230 974 1401 1028 locum
1430 972 1729 1037 retulimus,
1744 972 1830 1044 qui
1849 973 2112 1043 duplicem
2134 973 2248 1042 ejus
2263 971 2402 1027 eﬁ‘ati
2424 987 2636 1028 sensum
2661 970 2857 1025 diserte
2874 964 3124 1040 exprimit
3155 989 3168 1025 :
3200 985 3502 1041 quanquam
3524 979 3578 1025 et
3606 970 3743 1024 vel-

451 1070 627 1126 lemus
667 1070 812 1124 illum
843 1077 1124 1139 utrumque
1161 1068 1213 1122 in
1244 1066 1553 1138 praefatione
1602 1067 1718 1137 ipsa
1749 1073 2207 1138 repraasentatum,
2234 1074 2291 1121 ut
2340 1066 2423 1121 vel
2473 1065 2794 1122 levissimam
2846 1064 3149 1120 offendiculi
3190 1064 3525 1120 occasionem
3568 1079 3742 1118 amo-

458 1177 724 1217 vcremus.

520 1253 629 1309 Nos
653 1267 864 1324 quoque
887 1293 901 1318 ,
943 1260 1001 1306 ut
1023 1251 1324 1308 Catholicos
1362 1249 1542 1316 decet,
1571 1250 1796 1306 liberum
1839 1252 1892 1306 in
1935 1251 2149 1308 homine
2191 1252 2352 1307 ctiam
2390 1251 2538 1322 lapso
2571 1251 2846 1307 arbitrium
2885 1251 3250 1306 incunctanter
3276 1250 3640 1318 agnoscimus,
3668 1258 3745 1305 et

453 1350 610 1420 hujus
637 1349 912 1404 catholicae
940 1348 1178 1403 veritatis
1211 1355 1530 1401 assertorem
1560 1346 1910 1416 Augustinum
1939 1347 2134 1414 secuti,
2165 1362 2285 1402 cum
2313 1347 2426 1416 ipso
2452 1354 2505 1400 et
2531 1344 2776 1400 omnibus
2807 1342 3098 1400 Catholicis
3127 1345 3387 1398 sentimus
3407 1385 3423 1410 ,
3467 1344 3738 1402 volunta-

453 1454 562 1499 tem
590 1442 819 1497 hominis
847 1439 1090 1496 sufﬁcere
1115 1439 1215 1495 sibi
1246 1439 1313 1494 ad
1351 1438 1549 1494 malum
1568 1481 1584 1507 ,
1613 1453 1720 1493 non
1747 1454 1873 1494 vero
1895 1440 1962 1494 ad
1991 1441 2186 1495 bonum
2215 1440 2412 1510 absque
2437 1439 2603 1509 gratia
2638 1458 2650 1492 :
2680 1454 2800 1494 cum
2830 1454 2860 1494 e
2897 1439 3164 1493 contrario
3199 1438 3464 1509 Pelagiani
3503 1455 3736 1494 assere-

453 1546 608 1602 rent,
636 1536 895 1604 integram
925 1547 1023 1586 nec
1051 1540 1267 1600 peccato
1295 1530 1450 1600 primi
1477 1530 1710 1585 hominis
1735 1531 1970 1584 vitiatam
2005 1531 2303 1586 libertatem
2339 1545 2484 1600 aequa
2527 1530 2678 1584 lance
2707 1529 2835 1584 ferri
2863 1530 2976 1584 sive
3009 1529 3076 1584 ad
3104 1531 3302 1584 bonum
3325 1571 3340 1596 ,
3368 1529 3479 1603 sive
3508 1530 3574 1584 ad
3602 1546 3738 1585 ma-

455 1627 587 1681 lum.
617 1625 749 1679 Hinc
767 1639 888 1678 cum
915 1633 1098 1678 sancto
1130 1623 1380 1677 Antistite
1405 1629 1592 1676 notare
1618 1629 1673 1677 et
1693 1622 1916 1691 rejicere
1943 1622 2095 1677 libuit
2121 1623 2378 1677 libertatis
2403 1621 2735 1678 deﬁnitiones
2762 1639 2792 1677 a
2819 1622 3033 1678 Iuliano
3061 1621 3115 1676 in
3136 1621 3318 1693 gratiae
3349 1621 3732 1692 praajudicium

454 1720 735 1785 adductas,
763 1717 954 1789 quibus
983 1715 1270 1786 :equilibris
1297 1714 1366 1770 ad
1391 1716 1592 1771 bonum
1617 1723 1672 1771 et
1697 1715 1893 1770 malum
1921 1714 2144 1771 facilitas
2167 1717 2432 1772 Statuitur.
2467 1716 2569 1772 Ubi
2605 1725 2779 1772 tamen
2823 1718 3049 1788 ingenue
3078 1716 3410 1786 proﬁtemur,
3442 1717 3507 1770 de
3544 1717 3729 1773 libero

453 1813 672 1869 arbitrio
699 1810 988 1868 secundum
1027 1824 1086 1866 se
1123 1817 1362 1880 spectato
1396 1809 1532 1865 forte
1573 1823 1790 1878 parvam
1831 1817 1922 1864 aut
1962 1809 2161 1864 nullam
2203 1809 2337 1865 inter
2365 1809 2667 1865 Catholicos
2692 1821 2746 1865 et
2783 1809 3094 1882 Pelagianos
3121 1818 3364 1866 exortam
3404 1825 3527 1867 esse
3565 1827 3732 1882 quae-

455 1909 706 1964 stionem.
2148 1949 2153 1958 .

527 2000 643 2055 Non
673 1997 900 2053 absimili
919 1997 1164 2053 cautione
1185 2011 1306 2052 cum
1329 1997 1483 2052 beato
1507 1995 1757 2052 Antistite
1776 1995 2169 2076 repudiavimus
2193 1996 2458 2052 Julianeas
2483 1998 2686 2067 peccati
2705 1997 3044 2053 deﬁnitiones
3061 2037 3078 2065 ,
3100 1997 3347 2068 quoniam
3373 1997 3510 2052 mala
3537 2007 3731 2055 mente

455 2095 877 2167 proferebantur,
907 2096 1110 2151 scilicet
1139 2096 1191 2149 in
1217 2095 1470 2150 damnum
1497 2093 1678 2164 gratiae
1706 2092 1773 2146 ad
1798 2091 2007 2146 vitanda
2047 2100 2260 2159 peccata
2302 2093 2616 2147 necessariae
2636 2132 2651 2156 ,
2683 2101 2736 2146 et
2772 2091 2825 2146 in
2872 2091 3256 2146 incrementum
3300 2091 3450 2147 liberi
3492 2093 3724 2147 arbitrii.

454 2187 698 2244 Julianus
726 2203 918 2258 nempe
958 2195 1235 2259 peccatum
1259 2187 1468 2252 aiebat,
1501 2202 1532 2238 a
1557 2201 1654 2255 quo
1679 2184 1929 2239 abstinere
1972 2183 2179 2236 liberum
2209 2193 2308 2248 est,
2340 2199 2401 2238 ea
2431 2183 2678 2239 videlicet
2707 2184 2948 2239 libertate
2967 2227 2980 2249 ,
3008 2184 3092 2238 cui
3132 2184 3266 2238 nihil
3295 2201 3359 2240 ex
3391 2200 3450 2240 se
3477 2184 3607 2239 desit
3643 2185 3716 2239 ad

452 2280 726 2335 vitandum
754 2289 1046 2351 peccatum.
1081 2279 1212 2346 Qua:
1242 2288 1421 2334 tamen
1457 2276 1695 2334 deﬁnitio
1741 2277 1788 2331 si
1835 2276 1902 2331 ab
1931 2275 2035 2329 alio
2069 2273 2413 2344 proferretur,
2445 2290 2603 2345 quam
2631 2275 2700 2330 ab
2723 2274 2908 2331 doloso
2934 2275 3284 2331 interesiarcha
3304 2316 3319 2341 ,
3346 2291 3450 2331 non
3479 2283 3617 2330 esset
3643 2273 3718 2329 de

455 2372 569 2443 ipsa
597 2380 868 2440 tantopere
897 2369 1226 2441 litigandum.
2639 2411 2642 2416 .

526 2461 632 2518 Sed
659 2473 944 2533 utcumque
965 2461 1247 2530 disputarit
1271 2459 1625 2529 Hipponensis
1651 2459 1887 2513 Antistes
1911 2472 2032 2514 cum
2058 2455 2268 2511 Iuliano
2295 2457 2361 2511 de
2388 2457 2645 2512 libertatis
2669 2468 2724 2512 et
2752 2450 2955 2528 peccati
2981 2457 3400 2527 deﬁnitionibus,
3421 2460 3547 2515 illud
3567 2459 3727 2516 nobis

454 2555 674 2610 omnino
689 2562 916 2620 certum,
930 2552 1334 2608 inditi'erentiam
1345 2552 1590 2616 activam,
1605 2551 1718 2607 sive
1735 2551 2051 2617 libertatem,
2069 2559 2129 2604 ut
2150 2560 2355 2615 vocant,
2374 2549 2803 2604 contradictionis
2819 2551 2884 2605 ad
2904 2552 3164 2621 agendum
3188 2553 3270 2606 vel
3292 2567 3394 2606 non
3417 2552 3711 2621 agendum,

454 2647 568 2702 sive
580 2646 740 2700 etiam
763 2645 830 2700 ad
847 2645 1158 2700 merendum
1175 2653 1230 2700 et
1247 2644 1625 2700 dcmerendum
1644 2645 1696 2698 in
1711 2643 1926 2700 homine
1937 2644 2106 2714 lapso,
2125 2653 2430 2698 constanter
2444 2643 2674 2715 agnitam
2689 2653 2742 2697 et
2759 2643 3032 2714 probatam
3050 2661 3076 2697 a
3106 2653 3286 2698 sancto
3301 2644 3546 2698 Antistite
3567 2661 3581 2708 ;
3603 2645 3725 2700 sive

455 2739 509 2794 in
529 2739 723 2794 bonum
742 2754 806 2794 ex
829 2739 996 2808 gratia
1021 2737 1220 2792 victrici
1243 2738 1482 2793 voluntas
1503 2736 1716 2802 feratur,
1731 2737 1850 2793 sive
1878 2737 1944 2791 ad
1973 2738 2167 2792 malum
2185 2752 2250 2791 ex
2266 2752 2326 2792 se
2352 2738 2464 2806 ipsa
2490 2746 2543 2791 et
2569 2736 2782 2806 proprio
2809 2735 3040 2793 defectu.
3056 2738 3224 2808 Atque
3241 2736 3379 2791 istud
3401 2736 3522 2792 ﬁdei
3539 2737 3728 2791 catho-

457 2832 572 2888 licae
595 2833 786 2904 dogma
808 2842 917 2887 tum
937 2839 1080 2898 ante,
1105 2840 1213 2885 tum
1244 2841 1362 2902 post
1385 2840 1622 2886 exortam
1642 2825 2110 2901 Pelagii'bzeresim
2139 2847 2205 2886 ex
2234 2845 2386 2901 aequo
2416 2830 2679 2899 professus
2706 2840 2787 2887 est
2809 2832 2984 2886 clarus
3010 2834 3193 2902 gratiae
3217 2832 3486 2886 defensor.
3511 2831 3578 2885 Et
3603 2834 3724 2902 qui-

452 2924 664 2981 demde
692 2936 907 2994 peccato
927 2939 1089 2994 agens
1108 2966 1122 2988 ,
1154 2925 1290 2980 libro
1313 2925 1472 2980 tertio
1491 2923 1560 2980 de
1578 2924 1770 2979 Libero
1800 2923 2034 2978 Arbitrio
2053 2964 2069 2990 ,
2098 2923 2270 2992 capite
2298 2923 2504 2978 decimo
2526 2933 2716 2978 octavo
2742 2942 2754 2978 :
2789 2923 3130 2991 Quaecumque
3151 2924 3248 2976 ista
3271 2940 3422 2977 causa
3450 2934 3524 2977 est
3550 2924 3721 2979 volun-

457 3019 573 3071 tatis
594 3057 608 3082 ,
640 3016 842 3085 inquit,
867 3016 1069 3072 scilicet
1095 3017 1246 3070 mala:
1265 3055 1280 3079 ,
1308 3016 1353 3068 si
1372 3032 1472 3068 non
1498 3023 1657 3084 potest
1682 3015 1726 3070 ei
1755 3015 1942 3081 resisti,
1957 3015 2062 3068 sine
2086 3024 2285 3084 peccato
2311 3014 2355 3068 ei
2374 3015 2564 3068 ceditur
2586 3031 2604 3068 :
2628 3016 2670 3068 si
2689 3024 2856 3068 autem
2885 3023 3076 3082 potest,
3105 3029 3204 3066 non
3230 3014 3273 3066 ei
3295 3013 3521 3080 cedatur,
3552 3024 3598 3068 et
3623 3033 3721 3070 non

455 3108 760 3179 peccabitur.
785 3107 864 3160 An
889 3110 1016 3177 {orte
1037 3107 1169 3176 fallit
1198 3107 1494 3160 incautum?
1526 3104 1663 3176 Ergo
1691 3115 1864 3160 caveat
1889 3123 1950 3159 ne
1977 3104 2206 3175 fallatur.
2236 3108 2314 3161 An
2356 3116 2494 3161 tanta
2513 3108 2723 3178 fallacia
2757 3116 2829 3161 est
2851 3149 2864 3172 ,
2895 3116 2950 3160 ut
2975 3107 3137 3159 caveri
3164 3106 3370 3160 omnino
3403 3124 3503 3161 non
3532 3109 3727 3178 possit?

457 3200 520 3257 Si
555 3203 624 3254 ita
652 3210 724 3255 est
745 3243 759 3268 ,
793 3200 937 3255 nulla
969 3210 1173 3270 peccata
1211 3210 1348 3253 sunt.
1383 3199 1508 3264 Quis
1545 3200 1676 3253 enim
1701 3208 1870 3270 peccat
1898 3199 1950 3253 in
1978 3216 2036 3254 eo
2063 3200 2198 3269 quod
2223 3201 2362 3254 nullo
2390 3202 2536 3255 modo
2575 3201 2735 3255 caveri
2779 3201 2983 3271 potest?
3027 3197 3233 3254 Scimus
3275 3200 3487 3270 quidem
3531 3201 3726 3256 librum

458 3291 603 3347 hunc
630 3307 660 3345 a
685 3301 868 3346 sancto
899 3291 1126 3346 Doctore
1155 3292 1410 3360 scriptum
1436 3288 1601 3345 fuisse
1625 3299 1748 3345 ante
1766 3289 2074 3345 ventilatam
2100 3290 2165 3346 de
2184 3291 2352 3361 gratia
2376 3292 2796 3347 controversiam
2826 3300 3010 3345 contra
3027 3291 3356 3361 Pelagianos.
3380 3292 3573 3347 Verum
3600 3309 3724 3348 cum

462 3383 550 3439 hic
575 3384 725 3439 locus
759 3399 788 3437 a
809 3383 1022 3454 Pelagio
1045 3383 1144 3452 ipsi
1171 3383 1412 3451 objectus
1435 3382 1620 3436 fuisset
1638 3421 1655 3448 ,
1676 3383 1916 3452 agnoscit
1939 3383 2101 3438 verba
2129 3399 2224 3438 sua
2245 3426 2258 3449 ,
2289 3399 2389 3439 nec
2414 3399 2475 3440 ea
2505 3384 2802 3454 improbat,
2828 3383 2988 3438 modo
3017 3385 3338 3454 intelligatur
3364 3401 3520 3454 posse
3544 3387 3724 3441 caveri

460 3485 884 3545 peccatum-cum
913 3475 1081 3544 gratia
1098 3474 1228 3538 Dei;
1256 3488 1356 3529 nec
1380 3488 1598 3544 prorsus
1624 3472 1808 3528 eadem
1837 3474 2142 3532 conditione
2162 3485 2478 3531 censeantur
2500 3492 2618 3545 quae
2649 3476 2719 3530 ita
2746 3485 2963 3546 peccata
2986 3486 3129 3544 sunt,
3154 3487 3211 3530 ut
3231 3477 3336 3531 sint
3364 3479 3520 3532 etiam
3553 3493 3725 3548 poenae

460 3568 661 3638 peccati
689 3566 792 3639 (De
821 3565 948 3622 Nat.
978 3576 1022 3621 et
1052 3565 1222 3635 (ἔται,
1245 3584 1299 3620 η.
1323 3566 1433 3638 80).
1465 3567 1590 3622 Haec
1613 3567 1755 3623 enim
1775 3583 2075 3639 quanquam
2113 3569 2276 3624 libere
2297 3571 2716 3637 committantur,
2739 3580 2970 3625 attamen
3001 3585 3107 3625 non
3132 3584 3195 3625 ea
3223 3571 3464 3626 libertate
3490 3585 3593 3640 qua
3617 3586 3724 3626 ca:-

461 3668 574 3716 tera
595 3703 610 3728 ,
657 3675 777 3731 qua:
828 3669 953 3715 ante
1001 3669 1432 3730 omnepeccatum
1462 3661 1722 3715 committi
1746 3671 2050 3732 potuerunt.
2097 3649 2207 3717 Hac
2246 3664 2402 3734 igitur
2439 3664 2674 3718 adhibita
2700 3665 2945 3720 cautione
2970 3665 3200 3720 admittit
3231 3664 3288 3720 S.
3321 3666 3644 3735 Augustinus
3672 3667 3724 3720 in

459 3753 577 3822 ipso
593 3761 714 3807 actu
743 3753 947 3822 peccati
975 3767 1156 3807 veram
1181 3751 1246 3806 ad
1272 3768 1378 3808 non
1404 3753 1726 3823 peccandum
1750 3755 2036 3824 potentiam
2056 3795 2072 3822 ,
2103 3755 2157 3810 id
2187 3765 2269 3812 est
2291 3758 2513 3812 activam
2540 3757 2967 3826 indiﬂ‘erentiam,
3007 3759 3215 3830 qualem
3253 3759 3308 3815 in
3343 3759 3496 3814 bonis
3523 3760 3727 3816 actibus

459 3859 527 3900 ex
553 3845 720 3915 gratia
749 3843 903 3900 factis
926 3844 1162 3900 admisit.

531 3935 646 3991 Non
673 3937 896 3992 recessit
924 3937 991 3991 ab
1020 3937 1122 3992 ista
1147 3936 1388 3992 doctrina
1416 3948 1628 3995 sanctus
1651 3941 1940 4010 Episcopus
1959 3982 1973 4008 ,
2001 3941 2114 3997 sive
2147 3942 2334 4012 primis
2354 3983 2369 4009 ,
2412 3943 2522 3998 sive
2562 3945 2847 4013 postremis
2879 3953 3066 4001 contra
3093 3945 3404 4016 Pelagianos
3440 3945 3688 4016 operibus
3707 3985 3722 4012 ,

463 4043 622 4098 quam
657 4043 778 4084 cum
815 4029 1031 4100 Pelagio
1060 4038 1114 4085 et
1143 4029 1353 4086 Iuliano
1380 4031 1658 4087 decertans
1687 4034 2021 4103 apertissime
2049 4042 2362 4105 propugnat.
2386 4035 2570 4106 Neque
2600 4052 2729 4092 vero
2755 4053 2972 4094 necesse
3000 4047 3082 4094 est
3109 4054 3268 4109 super
3292 4055 3354 4095 ea
3384 4055 3443 4094 re
3481 4040 3716 4094 locorum

465 4121 692 4176 iudicem
721 4132 1036 4186 contexere,
1065 4123 1153 4192 qui
1177 4123 1285 4192 jam
1312 4124 1378 4178 ab
1406 4125 1524 4179 aliis
1549 4132 1631 4179 est
1651 4125 1941 4180 confectus.
1974 4127 2028 4180 ld
2050 4127 2219 4182 solum
2249 4127 2682 4195 observabimus,
2712 4130 2936 4186 liberum
2967 4147 3346 4201 nonnunquam
3367 4131 3542 4188 latiori
3567 4143 3618 4188 et
3636 4147 3725 4202 ge-

465 4215 714 4269 neraliori
751 4215 1046 4285 signiﬁcatu
1069 4215 1136 4270 ab
1163 4216 1457 4286 Augustino
1482 4221 1724 4288 usurpari
1756 4234 1850 4288 pro
1880 4219 2177 4273 voluntario
2220 4220 2380 4275 etiam
2419 4223 2723 4277 necessario
2755 4240 2768 4276 :
2799 4239 2905 4293 quo
2948 4239 3107 4279 sensu
3146 4239 3386 4279 amorem
3426 4224 3640 4294 justitia:
3670 4224 3721 4277 in

464 4304 606 4372 Deo,
636 4314 689 4359 et
717 4306 952 4359 innatum
997 4306 1050 4360 in
1098 4306 1316 4362 homine
1342 4307 1678 4364 beatitudinis
1720 4309 2010 4378 generatim
2053 4317 2276 4379 su’mptae
2303 4311 2659 4380 desiderium,
2694 4313 2924 4369 liberum
2950 4329 3069 4369 esse
3095 4315 3259 4382 dixit,
3291 4314 3345 4370 id
3372 4321 3455 4370 est
3489 4317 3722 4370 volunta-

468 4400 627 4453 rium.
655 4399 991 4469 Quapropter
1019 4399 1071 4454 in
1100 4399 1237 4454 libro
1265 4399 1330 4454 de
1372 4401 1564 4455 Natura
1594 4409 1648 4456 et
1687 4400 1894 4466 Gratia,
1934 4401 2094 4455 allato
2122 4401 2320 4471 Pelagii
2369 4401 2472 4459 hoc
2515 4404 2689 4472 dicto,
2735 4405 3018 4460 Voluntatis
3047 4407 3252 4460 arbitrio
3281 4424 3340 4460 ac
3378 4387 3718 4463 delibet-aliane

466 4489 653 4561 privari
677 4491 922 4562 quidquid
946 4491 1171 4545 naturali
1198 4492 1486 4546 necessitate
1509 4493 1882 4562 constringitur,
1907 4491 1960 4546 id
1986 4507 2090 4545 non
2117 4495 2333 4549 omnino
2363 4496 2550 4565 probat
2570 4496 2628 4551 S.
2655 4499 2996 4569 Augustinus,
3019 4479 3146 4554 dum
3174 4500 3389 4567 subdit,
3415 4502 3481 4555 Et
3507 4502 3582 4554 hic
3605 4518 3716 4554 non-

475 4579 618 4635 nulla
645 4583 852 4650 quwstio
880 4591 972 4636 est.
994 4582 1110 4649 Quo
1131 4583 1250 4637 loco
1276 4583 1537 4653 signiﬁcat
1565 4585 1724 4637 nimis
1757 4583 1947 4638 diffuse
1972 4594 2024 4638 et
2056 4585 2391 4653 indistincte,
2415 4587 2522 4641 imo
2545 4590 2704 4644 etiam
2729 4592 3132 4658 inconsiderate,
3162 4593 3398 4648 locutum
3434 4609 3552 4648 esse
3575 4593 3719 4648 Pela-

467 4677 613 4748 gium
631 4715 647 4740 ,
678 4684 832 4745 atque
855 4676 907 4729 in
935 4677 1050 4745 ejus
1074 4676 1214 4732 dicto
1233 4679 1475 4733 nonnihil
1501 4677 1674 4732 adhuc
1698 4693 1974 4746 superesse
1998 4679 2334 4749 quaestionis,
2368 4695 2435 4735 eo
2459 4682 2600 4750 quod
2624 4697 2731 4736 non
2773 4684 2826 4738 id
2852 4700 3010 4740 omne
3036 4685 3176 4755 quod
3203 4687 3492 4742 voluntatis
3514 4687 3724 4742 arbitrio

467 4783 532 4823 ac
555 4765 938 4822 deliberatione
966 4769 1219 4838 privatur,
1252 4769 1474 4824 naturali
1508 4769 1810 4824 necessitati
1841 4768 2125 4823 obnoxium
2155 4770 2224 4823 sit
2247 4788 2260 4823 :
2283 4773 2476 4840 quippe
2501 4772 2552 4826 id
2580 4773 2867 4829 absurdum
2888 4817 2904 4842 ,
2936 4791 3035 4831 nec
3076 4777 3206 4833 satis
3231 4787 3473 4832 accurate
3493 4787 3583 4830 aut
3605 4793 3721 4846 pro-

475 4857 596 4914 vide
625 4859 822 4914 dictum
842 4873 963 4915 esse
987 4899 1004 4926 ,
1049 4860 1233 4930 probat
1261 4861 1507 4929 exemplo
1534 4859 1698 4912 innati
1726 4861 1778 4912 in
1807 4860 1959 4912 nobis
1983 4859 2324 4916 beatitudinis
2344 4863 2609 4931 appetitus
2629 4905 2644 4929 ,
2675 4873 2731 4920 et
2760 4867 3046 4921 voluntatis
3069 4870 3286 4937 justitia:
3311 4870 3366 4925 in
3405 4870 3548 4933 Deo;
3589 4870 3723 4937 quod

466 4961 751 5021 utrumque
777 4952 1129 5007 necessarium
1147 4962 1228 5008 est
1246 4995 1260 5018 ,
1293 4954 1371 5007 sic
1393 4961 1571 5005 tamen
1598 4958 1655 5004 ut
1675 4966 1770 5004 suo
1795 4951 2022 5020 quodam
2052 4953 2210 5008 modo
2229 4954 2295 5008 ad
2323 4955 2610 5010 voluntatis
2639 4957 2917 5012 arbitrium
2935 5001 2950 5024 ,
2977 4961 3165 5016 saltem
3194 4963 3367 5032 quoad
3397 4961 3553 5031 hujus
3574 4979 3723 5018 exer-

471 5040 622 5098 cendi
651 5040 864 5097 modum
885 5085 898 5107 ,
927 5044 1192 5113 pertinere
1220 5058 1376 5112 posse
1401 5039 1661 5095 videatur.
1698 5040 1845 5094 Unde
1872 5043 2043 5096 verbis
2078 5044 2243 5113 ipsius
2268 5055 2548 5101 contextus
2581 5047 2917 5104 adhaerentes
2936 5091 2952 5117 ,
2983 5065 3047 5105 eo
3080 5053 3197 5110 loco
3225 5055 3291 5109 ad
3318 5055 3608 5124 marginem
3634 5071 3722 5124 ap-

467 5132 739 5203 posuimus
769 5133 868 5188 hoc
893 5137 1237 5190 summarium
1271 5153 1283 5187 :
1320 5131 1603 5184 Necessitas
1630 5147 1729 5185 non
1759 5141 1948 5202 pugnat
1987 5148 2101 5186 cum
2125 5137 2328 5191 arbitrio
2354 5135 2643 5192 voluntatis.
2684 5138 2875 5193 Durius
2901 5142 3115 5210 quidem
3155 5145 3206 5200 id
3244 5146 3506 5215 aliquibus
3535 5146 3723 5202 dictum

473 5224 641 5280 videri
679 5237 886 5298 posset,
917 5229 1019 5284 nisi
1045 5243 1107 5283 ex
1138 5227 1256 5296 ipso
1289 5230 1542 5279 contextu
1570 5223 1698 5276 satis
1723 5224 2122 5293 intelligeretur,
2155 5228 2257 5283 illic
2286 5231 2572 5284 voluntatis
2608 5231 2915 5298 arbitrium,
2945 5235 2989 5288 si
3021 5235 3088 5289 ad
3115 5253 3230 5292 rem
3256 5239 3423 5306 ipsam
3453 5237 3720 5305 attendas,

429 5389 452 5402 ,ἢ
473 5319 612 5373 sumi
636 5334 733 5390 pro
762 5321 870 5390 ipsa
899 5321 1171 5375 voluntate
1189 5358 1202 5383 ,
1233 5319 1344 5372 sive
1374 5329 1472 5383 pro
1497 5313 1815 5371 voluntario.
1848 5317 2161 5386 Quanquam
2189 5330 2242 5376 et
2261 5322 2364 5378 dici
2385 5334 2602 5393 posset,
2630 5341 2750 5380 cum
2775 5325 2861 5380 hic
2886 5329 3209 5399 Augustinus
3235 5331 3366 5386 nolit
3387 5339 3588 5386 tantum
3608 5346 3724 5402 qua-

453 5407 549 5464 ‘vis
575 5412 886 5466 necessitate
911 5408 1102 5480 perimi
1138 5409 1192 5459 in
1234 5405 1450 5458 homine
1492 5403 1715 5459 liberum
1739 5405 2049 5473 arbitrium,
2089 5419 2272 5466 contra
2310 5415 2453 5484 quod
2482 5416 2692 5471 volebat
2720 5415 2996 5487 Pelagius;
3019 5421 3224 5477 cautius
3249 5421 3472 5478 fortasse
3496 5422 3724 5480 futurum

470 5499 635 5560 fuisse
660 5502 1008 5557 summarium
1037 5496 1338 5565 adjectione
1363 5493 1521 5546 unius
1541 5495 1714 5561 vocis,
1745 5499 1796 5550 in
1825 5499 1966 5551 hunc
1993 5499 2238 5571 modum,
2268 5504 2389 5561 Non
2418 5507 2603 5578 qumvis
2631 5507 2897 5573 necessitas
2927 5522 3116 5581 pugnat
3137 5529 3250 5566 cum
3271 5513 3477 5568 arbitrio
3498 5515 3724 5570 volunta-

470 5596 554 5651 tis.
583 5595 789 5652 Revera
817 5595 960 5650 enim
1005 5588 1298 5644 necessitas
1329 5584 1712 5642 infallibilitatis
1742 5606 1845 5644 non
1875 5589 2179 5648 adversatur
2201 5613 2338 5653 verm
2371 5599 2635 5662 libertati,
2666 5608 2724 5652 ut
2753 5600 3016 5672 plerisque
3058 5605 3111 5658 in
3146 5605 3277 5660 locis
3319 5608 3376 5661 S.
3411 5607 3722 5678 Augustinus

465 5691 754 5757 explicuit,
782 5691 870 5756 qui
899 5695 953 5740 et
971 5679 1289 5739 vocabulum
1320 5677 1650 5733 necessitatis
1671 5695 1776 5734 nou
1798 5697 1922 5740 raro
1946 5688 2211 5755 usurpavit
2237 5706 2332 5760 pro
2353 5689 2656 5746 vehementi
2683 5690 2904 5759 quadam
2936 5697 3285 5765 propensionc
3301 5714 3363 5755 ex
3381 5709 3581 5757 natura:
3600 5703 3722 5761 vitio

3663 201 3772 260 24

459 326 646 399 gratiae
665 325 882 392 auxilio,
908 322 1178 395 possibilia
1203 335 1322 378 esse
1346 319 1754 377 contendebant.
1783 321 1916 376 Hinc
1936 319 2270 376 manifestum
2300 329 2381 376 est
2399 319 2567 376 cuivis
2596 319 2805 376 sincero
2829 329 2882 376 et
2907 333 3060 392 aequo
3083 319 3293 384 lectori,
3311 332 3418 390 quo
3438 333 3606 374 sensu
3636 319 3757 375 di-

457 419 694 476 xerimus
718 419 770 474 in
790 417 1026 484 sectione
1048 416 1271 487 septima
1302 415 1630 470 Priefationis
1654 414 1719 469 ad
1747 423 1947 469 tomum
1978 415 2280 484 septimum,
2309 415 2578 468 Bedam-in
2605 413 3009 470 Commentariis
3036 429 3200 485 super
3224 412 3440 469 Cantica
3466 413 3752 467 cantico-

455 527 576 569 rum
599 517 1042 567 commonstrasse
1083 507 1413 564 reconditum
1439 507 1586 562 virus
1607 506 1660 563 in
1700 507 1829 561 locis
1855 507 2148 577 Pelagianae
2180 507 2244 560 ad
2271 505 2656 561 Demetriadem
2681 507 2938 575 epistolae,
2970 521 3091 560 cum
3135 506 3186 559 in
3210 505 3347 569 aliis,
3376 511 3487 558 tum
3533 503 3594 559 in
3631 504 3752 561 [ιὶε

457 608 574 678 ejus
594 606 789 672 verbis,
821 604 955 676 quod
977 603 1118 658 Deus
1137 619 1229 658 nec
1244 601 1550 674 impossibile
1568 600 1759 673 aliquid
1779 600 1934 670 potuit
1963 601 2226 670 imperare,
2247 601 2332 671 qui
2343 601 2513 671 justus
2536 608 2646 663 est;
2684 616 2775 653 nec
2801 600 3136 654 damnaturus
3166 608 3238 653 est
3263 598 3515 653 hominem
3532 616 3634 668 pro
3667 614 3754 653 eo

453 699 592 773 quod
613 698 768 751 vitare
795 713 897 750 non
921 705 1102 769 potest,
1134 695 1222 769 qui
1249 695 1362 766 pius
1383 701 1473 748 est.
1501 693 1617 759 Quo
1645 693 1698 747 in
1727 691 1866 759 loco,
1892 691 2042 762 cujus
2075 707 2262 747 sensus
2293 692 2403 761 jam
2428 691 2642 746 aliunde
2666 693 2795 746 satis
2820 692 3125 761 exploratus
3141 699 3274 758 erat,
3303 690 3599 744 antidotum
3624 691 3754 745 ad-

3827 1021 3864 1049 Δ
