3948 6340
139 284 209 343 25
1236 279 1598 338 PREFATIO
1625 278 2023 336 caucasus.
2433 246 2436 250 ί
3300 281 3384 342 gs.

137 410 251 457 orta
275 421 291 459 :
313 417 418 474 quo
443 419 604 462 sensu
631 405 685 460 in
710 404 924 459 homine
955 409 1072 473 post
1091 401 1290 470 lapsum
1313 414 1418 452 non
1444 408 1655 452 veretur
1679 412 1966 468 agnoscere
1990 399 2171 453 duram
2197 400 2435 466 peccandi
2462 401 2828 468 necessitatem;
2851 401 2945 458 sed
2971 415 3090 474 quae
3117 402 3186 456 sit
3213 415 3372 472 gene-

135 493 259 548 ralis
282 493 534 550 duntaxat
553 515 566 550 :
584 497 827 566 quoniam
850 496 902 548 in
923 492 1168 563 przesenti
1187 489 1487 547 conditione
1501 489 1677 544 omnia
1701 496 1755 543 et
1779 487 2002 560 singula,
2019 490 2174 545 etiam
2193 491 2347 558 levia,
2364 501 2572 560 peccata
2589 494 2754 549 vitare
2783 494 2942 549 homo
2966 507 3073 549 non
3103 501 3278 563 potest
3299 493 3371 547 ob

135 595 334 640 naturae
357 587 744 653 inﬁrmitatem;
773 587 854 641 vel
880 601 999 656 qua:
1028 584 1097 638 sit
1115 583 1329 638 moralis
1356 590 1592 648 tantum,
1614 589 1667 636 et
1692 579 1802 635 fere
1821 580 2008 636 similis
2035 581 2121 635 isti
2143 582 2481 649 necessitati,
2505 597 2660 653 quam
2680 582 2830 638 aﬁ‘ert
2857 599 3015 654 prava
3039 582 3370 639 consuetudo

130 678 330 732 crebris
354 679 553 734 actibus
579 678 960 749 progenita.Ea
977 691 1104 730 vero
1130 674 1506 730 consuetudine
1533 672 1823 742 simplicem
1843 679 1900 728 et
1925 673 2216 727 absolutam
2246 673 2425 729 inferri
2454 675 2822 730 necessitatem
2851 689 2958 730 non
2984 675 3356 731 existimarunt

129 770 186 822 S.
216 770 534 840 Augustinus
555 779 645 825 aut
669 770 936 835 Julianus,
968 769 1108 839 quod
1132 784 1197 822 ex
1228 768 1500 836 utriusque
1527 764 1967 833 disputationibus
1993 774 2291 834 promptum
2321 764 2459 822 foret
2481 766 2784 822 ostendere.

197 861 481 920 Occasione
510 873 688 922 autem
719 866 822 922 loci
849 867 1092 936 superius
1117 863 1346 926 adducti,
1373 877 1478 916 non
1515 861 1585 915 ab
1624 875 1681 914 re
1719 859 1873 914 fuerit
1907 860 2209 926 observare,
2239 859 2501 929 vulgatum
2532 857 2810 929 Augustini
2831 873 2899 913 ex
2921 858 3058 913 libro
3081 858 3147 914 de
3172 858 3370 915 Corre-

127 953 302 1021 ptione
331 964 384 1010 et
411 955 608 1024 Gratia,
632 959 805 1028 capite
825 957 1126 1022 undecimo,
1151 954 1363 1009 eil'atum
1393 952 1457 1006 ad
1479 952 1865 1020 manuscriptos
1885 949 2092 1005 codices
2111 967 2141 1003 a
2162 950 2313 1004 nobis
2332 951 2669 1005 emendatum
2691 949 2854 1006 fuisse
2873 950 2926 1004 in
2949 949 3090 1005 hunc
3111 950 3323 1006 modum
3347 966 3365 1005 :

122 1043 354 1099 Liberum
391 1048 652 1103 arbitrium
673 1050 741 1103 ad
760 1049 949 1102 malum
975 1049 1171 1118 sufficit,
1201 1045 1268 1098 ad
1302 1047 1483 1098 bonum
1516 1053 1683 1096 autem
1715 1059 1894 1113 parum
1922 1051 2013 1108 est,
2030 1042 2128 1094 nisi
2153 1043 2415 1109 adjuvetur
2439 1044 2501 1096 ab
2530 1042 2854 1113 omnipotenti
2880 1040 3022 1095 Bono
3041 1057 3060 1095 :
3083 1041 3171 1096 ubi
3197 1057 3360 1112 supe-

124 1136 292 1192 riores
312 1139 472 1195 etiam
503 1141 910 1196 Lovaniensium
937 1139 1196 1196 editiones
1226 1137 1420 1192 habent
1448 1135 1575 1189 nihil
1601 1135 1852 1202 est.Quod
1879 1135 1976 1188 etsi
2004 1135 2324 1204 Augustinus
2345 1135 2502 1190 habet
2526 1134 2577 1189 in
2603 1133 2840 1204 Epistola
2854 1134 3138 1189 centesima
3150 1143 3367 1206 octoge-

42 1213 44 1215 b
121 1227 253 1281 sima
283 1239 449 1297 sexta,
481 1232 548 1286 ad
576 1233 873 1299 Paulinum,
899 1245 1121 1286 numero
1151 1228 1424 1299 trigesimo
1451 1236 1658 1296 quarto,
1686 1225 1776 1279 ubi
1799 1226 1891 1288 ait,
1922 1227 2029 1280 sine
2050 1227 2210 1297 gratia
2238 1226 2304 1278 ad
2325 1243 2424 1279 non
2453 1225 2760 1296 peccandum
2779 1224 2906 1278 nihil
2933 1223 3201 1279 voluntatis
3229 1226 3366 1280 arbi-

117 1319 268 1371 trium
292 1319 486 1385 valere;
513 1323 676 1393 priori
713 1331 891 1376 tamen
919 1321 1058 1386 loco,
1085 1319 1174 1388 qui
1202 1333 1270 1373 ex
1295 1317 1430 1372 libro
1454 1315 1521 1370 de
1549 1316 1891 1384 Correptione
1919 1326 1971 1369 et
1997 1315 2172 1371 Gratia
2193 1315 2508 1381 desumitur,
2537 1315 2726 1370 melius
2751 1314 2974 1384 quadrat
3002 1331 3181 1385 parum
3205 1331 3367 1386 quam

117 1411 248 1466 nihil
278 1428 297 1467 :
325 1413 586 1484 siquidem
612 1414 719 1468 illic
741 1415 911 1485 agitur
935 1413 1000 1467 de
1027 1413 1198 1482 primo
1227 1410 1442 1464 homine
1473 1409 1750 1462 innocente
1770 1448 1785 1474 ,
1814 1423 1969 1476 quem
2000 1408 2137 1461 Deus
2157 1407 2325 1461 noluit
2351 1421 2467 1462 esse
2495 1408 2609 1462 sine
2634 1407 2823 1478 gratia,
2853 1422 3010 1476 quam
3041 1407 3209 1463 libero
3237 1409 3354 1476 ejus

114 1505 360 1572 permisit
383 1506 634 1570 arbitrio;
665 1507 914 1577 quoniam
941 1506 1150 1560 liberum
1172 1505 1464 1570 arbitrium,
1495 1503 1569 1556 ait
1600 1509 1814 1556 sanctus
1839 1501 2054 1566 Doctor,
2085 1502 2154 1554 ad
2191 1500 2380 1554 malum
2419 1501 2624 1570 sufficit,
2662 1501 2728 1554 ad
2765 1501 2948 1554 bonum
2977 1509 3145 1555 autem
3185 1517 3367 1572 parum

111 1605 204 1663 est,
232 1598 328 1651 nisi
349 1598 615 1669 adjuvetur
641 1599 702 1652 ab
731 1601 1058 1670 omnipotenti
1085 1597 1248 1660 Bono.
1279 1599 1434 1652 Certe
1463 1605 1521 1650 ut
1549 1595 1650 1650 dici
1680 1595 1844 1664 possit
1872 1593 1938 1648 de
1968 1593 2194 1647 hominis
2221 1594 2352 1663 lapsi
2376 1593 2542 1648 libero
2565 1592 2806 1660 arbitrio,
2829 1593 2970 1663 quod
2990 1609 3054 1649 ex
3082 1609 3143 1650 se
3166 1594 3367 1664 absque

112 1689 276 1756 gratia
308 1691 442 1744 nihil
468 1692 538 1746 sit
561 1691 626 1746 ad
653 1692 850 1747 bonum
879 1690 1234 1761 operandam;
1263 1690 1437 1742 minus
1475 1702 1708 1757 congrue
1741 1685 1842 1740 dici
1884 1700 2038 1755 posse
2066 1685 2268 1741 videtur
2289 1685 2354 1740 de
2385 1685 2598 1740 homine
2627 1685 2932 1750 innocente,
2964 1685 3116 1755 cujus
3142 1685 3367 1742 liberum

108 1781 408 1850 arbitrium,
435 1793 617 1853 utpote
643 1800 848 1848 sanum,
880 1783 944 1838 ad
973 1784 1168 1838 bonum
1199 1783 1314 1835 sine
1345 1779 1449 1834 ullo
1475 1779 1624 1832 obice
1649 1777 1772 1832 ferri
1803 1784 2032 1848 poterat.

179 1873 596 1929 llaecminutiora
617 1876 876 1945 persecuti
888 1890 1092 1941 sumus,
1109 1883 1165 1927 ut
1180 1871 1438 1926 verborum
1457 1869 1813 1924 controversias
1829 1873 2118 1938 auferamus
2135 1867 2233 1942 (De
2245 1868 2377 1923 dono
2391 1867 2590 1924 Perseu.
2612 1886 2664 1922 η.
2684 1870 2795 1942 11).
2817 1869 3130 1940 Quanquam
3151 1883 3357 1937 eorum,

108 1963 195 2032 qui
222 1973 463 2019 veterum
487 1965 701 2020 Patrum
746 1982 907 2036 opera
948 1961 1243 2020 recensere
1276 1963 1487 2017 student
1507 2005 1520 2028 ,
1545 1962 1738 2014 misera
1763 1967 1904 2014 esset
1934 1959 2184 2025 conditio,
2214 1959 2260 2013 si
2282 1960 2333 2014 in
2358 1959 2500 2029 ipsas
2524 1960 2682 2014 etiam
2710 1969 2863 2014 notas
2888 1974 3072 2015 eorum
3096 1960 3364 2028 margina-

110 2053 187 2108 les
208 2096 222 2116 ,
250 2065 308 2108 ut
337 2065 521 2110 contra
553 2071 651 2111 nos
687 2058 738 2110 in
774 2057 875 2112 hac
900 2056 1130 2110 editione
1155 2064 1329 2108 actum
1373 2063 1448 2107 est
1470 2093 1485 2119 ,
1510 2053 1722 2122 impune
1765 2050 2209 2113 animadvertere,
2238 2059 2292 2106 et
2316 2051 2549 2119 singulas
2575 2067 2756 2106 earum
2782 2053 3010 2124 syllabas
3033 2052 3099 2107 ad
3126 2067 3367 2107 severam

111 2143 330 2197 immitis
354 2159 595 2199 censura:
625 2147 870 2200 trutinam
899 2146 1162 2200 discutere
1191 2143 1462 2213 quibusvis
1491 2143 1684 2212 iniquis
1711 2141 2021 2196 censoribus
2063 2141 2264 2195 liceret.
2307 2140 2508 2208 Quotus
2546 2144 2688 2197 enim
2717 2144 2941 2214 quisque
2967 2153 3048 2198 est
3066 2185 3081 2210 ,
3108 2144 3197 2214 qui
3223 2143 3274 2196 in
3306 2158 3369 2200 re

109 2242 214 2286 tam
260 2234 457 2290 lubrica
499 2245 550 2290 et
589 2236 784 2291 difﬁcili
824 2253 927 2291 non
971 2235 1252 2306 aliquando
1289 2235 1370 2288 vel
1413 2234 1599 2288 leviter
1636 2233 1886 2302 cespitet;
1931 2233 2020 2302 qui
2051 2233 2361 2286 sententiam
2390 2234 2621 2288 auctoris
2648 2249 2858 2304 semper
2885 2235 2951 2290 ad
2977 2237 3182 2305 apicem
3211 2249 3363 2291 asse-

107 2337 314 2395 quatnr,
346 2336 437 2382 aut
469 2328 698 2398 perfecte
725 2329 941 2396 reddat;
972 2330 1060 2400 qui
1092 2328 1318 2398 denique
1357 2337 1461 2381 tam
1503 2326 1648 2381 brevi
1675 2325 1958 2381 verborum
1995 2323 2310 2396 compendio
2351 2325 2609 2397 pagellam
2647 2325 2959 2397 quandoque
3001 2329 3257 2398 integram
3298 2326 3368 2382 ad

112 2419 358 2472 amussim
389 2420 654 2490 explicare
694 2422 892 2492 possit?
2403 2400 2432 2426 .

178 2507 371 2564 Verum
397 2513 736 2581 quantumvis
763 2513 953 2583 injusta
976 2514 1147 2568 futura
1170 2513 1234 2567 sit
1262 2510 1609 2583 quorumdam
1641 2511 1691 2564 in
1721 2524 1821 2565 nos
1847 2509 2118 2564 hominum
2135 2524 2378 2576 censura,
2405 2510 2704 2565 institutum
2734 2509 3076 2565 nihilominus
3093 2518 3357 2576 nostrum,

115 2597 214 2653 Deo
254 2600 491 2669 favente,
524 2612 828 2659 constanter
864 2619 1272 2674 persequemur:
1297 2613 1349 2658 et
1375 2605 1418 2657 si
1449 2603 1658 2674 quidem
1688 2602 1843 2657 nobis
1871 2617 1992 2657 esse
2020 2602 2230 2656 molesti
2258 2611 2496 2672 pergent,
2525 2602 2652 2656 illud
2681 2602 2835 2658 nobis
2854 2604 3043 2660 solatio
3071 2603 3190 2666 erit,
3218 2601 3364 2673 quod

109 2691 292 2745 eadem
323 2709 442 2748 sors
469 2694 595 2748 olim
625 2696 904 2766 contigerit
929 2697 1065 2751 veris
1094 2697 1367 2766 Augustini
1404 2695 1697 2766 discipulis,
1724 2695 1775 2748 in
1817 2695 2001 2764 primis
2029 2695 2258 2748 Casario
2298 2695 2593 2750 Arelatensi
2631 2697 2900 2766 episcopo,
2930 2697 3079 2767 cujus
3119 2695 3253 2752 ﬁdes
3295 2695 3367 2751 ob

111 2782 455 2850 praedicatum
488 2785 805 2838 sanctissimi
839 2785 946 2840 Viri
971 2785 1262 2842 doctrinam
1291 2804 1320 2839 a
1350 2787 1663 2856 quibusdam
1688 2785 2129 2840 obtrectatoribus
2157 2782 2404 2838 infamata
2423 2795 2522 2840 est.

177 2873 312 2928 Hinc
339 2875 568 2929 collecta
603 2877 854 2932 Valentia:
881 2879 1111 2949 synodus
1140 2880 1528 2949 episcoporum,
1560 2877 1751 2947 quibus
1776 2877 2037 2932 Caesarius
2077 2875 2235 2930 ﬁdem
2264 2891 2414 2930 suam
2443 2878 2771 2947 approbavit.
2798 2879 2933 2946 Quin
2968 2880 3128 2934 etiam
3155 2877 3370 2934 Bonifa-

102 2965 219 3021 cius
245 2966 492 3023 Pontifex
517 2969 802 3035 Romanus,
830 2971 1021 3025 calcata
1040 2973 1356 3042 jurgantium
1399 2970 1644 3025 malevola
1669 2969 1971 3035 intentione,
2004 2968 2397 3040 prosecutionem
2416 2971 2578 3023 sancti
2600 2967 2811 3026 Casarii
2837 2969 3116 3042 apostolica
3141 2970 3367 3025 auctori-

103 3065 201 3110 tate
220 3058 460 3126 ﬁrmavit,
495 3067 552 3113 ut
575 3056 864 3132 Cyprianus
887 3060 1197 3118 Tolonensis
1221 3064 1440 3116 antistes
1464 3063 1512 3115 in
1539 3063 1653 3131 ejus
1677 3060 1791 3116 Vita
1823 3060 2002 3114 tradit.

173 3148 485 3221 Quanquam
519 3151 705 3207 melius
735 3151 958 3208 fortasse
989 3153 1143 3207 nobis
1165 3152 1231 3208 de
1261 3154 1531 3206 hominum
1563 3155 1806 3222 aequitate
1830 3150 2145 3220 sperandum
2173 3151 2260 3206 sit.
2290 3149 2450 3207 Forte
2477 3152 2638 3218 enim,
2669 3162 2726 3208 ut
2747 3153 2923 3209 verbis
2948 3154 3226 3225 Augustini
3246 3165 3368 3212 uta-

113 3252 249 3307 tntn‘,
271 3241 316 3297 si
347 3243 435 3312 qui
457 3241 614 3297 aliter
634 3243 915 3311 senserint,
943 3245 1142 3314 quando
1159 3261 1326 3298 secum
1351 3245 1449 3314 ipsi
1474 3245 1736 3314 paululum
1760 3243 1867 3296 sine
1895 3242 2117 3296 certandi
2148 3244 2312 3296 studio
2333 3245 2678 3315 cogitaverim,
2704 3262 2854 3316 quam
2895 3247 2958 3300 sit
2989 3247 3260 3302 absurdum
3285 3265 3374 3305 nec

114 3332 316 3403 dignum
333 3335 673 3407 disputatione
699 3335 833 3405 quod
856 3337 1048 3401 dicunt,
1072 3337 1307 3390 continuo
1330 3337 1623 3390 sententiam
1650 3334 2042 3409 commutabant.
2077 3333 2224 3399 Quod
2247 3336 2289 3388 si
2316 3337 2585 3402 noluerint,
2610 3353 2711 3391 non
2736 3355 2888 3409 usque
2913 3339 3038 3392 adeo
3060 3340 3121 3394 de
3142 3341 3373 3395 humanis

109 3426 324 3479 sensibus
361 3427 735 3498 desperandum
761 3437 851 3495 est,
883 3438 936 3481 ut
964 3439 1242 3482 metuamus
1273 3445 1333 3482 ne
1359 3428 1452 3481 hoc
1473 3429 1690 3498 cuipiam
1712 3425 2043 3499 persuadeant
2074 3426 2173 3499 (De
2189 3425 2521 3482 Peccatorum
2548 3427 2742 3484 Meritis
2768 3431 2854 3484 lib.
2874 3432 2992 3498 i,n.
3009 3431 3123 3503 22).

196 3513 329 3580 Quid
351 3517 455 3586 jam
478 3518 634 3572 nobis
663 3518 804 3572 aliud
834 3526 998 3573 restat
1025 3527 1143 3588 post
1170 3519 1409 3573 diuturni
1435 3533 1498 3572 ac
1518 3518 1767 3573 laboriosi
1792 3518 1968 3588 operis
1993 3526 2230 3588 optatum
2257 3520 2433 3584 linem,
2465 3535 2624 3590 quam
2648 3527 2706 3574 ut
2734 3521 2949 3576 tutelam
2978 3537 3043 3579 ac
3068 3523 3372 3594 praesidium

115 3607 588 3666 illustrissimorum
619 3611 802 3666 Galliae
829 3611 1120 3665 autistitutn
1151 3610 1404 3672 demisso,
1433 3609 1525 3664 sed
1552 3610 1714 3664 alacri
1743 3619 1941 3675 tamen,
1971 3610 2151 3663 animo
2181 3609 2568 3679 deposcamus?

177 3696 386 3754 Scilicet
411 3716 537 3755 eum
564 3684 862 3755 admirabili
897 3701 1089 3756 divina:
1129 3699 1482 3755 Providentia:
1521 3700 1746 3754 consilio
1785 3701 1976 3754 factum
2007 3700 2096 3766 sit,
2128 3706 2185 3753 ut
2211 3700 2532 3755 sanctissimi
2560 3700 2813 3757 Ecclesiae
2832 3701 3063 3758 doctoris
3088 3705 3370 3776 Augustini

108 3805 254 3846 nova:
283 3807 509 3862 Operum
533 3791 754 3848 editioni
782 3807 1030 3861 suprema
1061 3802 1170 3846 tum
1194 3808 1223 3845 a
1253 3791 1406 3846 nobis
1428 3792 1790 3860 imponeretur
1815 3807 2025 3854 manus,
2057 3807 2177 3846 cum
2203 3791 2268 3846 ad
2297 3794 2566 3863 generalia
2591 3793 2812 3849 Comitia
2834 3811 2901 3852 ex
2930 3799 3172 3853 omnibus
3200 3799 3367 3869 Regni

110 3884 342 3950 partibus
372 3900 475 3938 una
507 3884 853 3938 convenirent
876 3884 940 3938 ad
969 3882 1152 3938 fanum
1185 3885 1352 3938 sancti
1378 3882 1624 3939 Germani
1654 3902 1668 3937 :
1699 3885 1832 3939 nihil
1859 3884 2013 3938 nobis
2038 3884 2408 3952 Opportunius,
2441 3887 2821 3943 lartunatiusve
2848 3890 3154 3959 contingere
3181 3893 3369 3960 potuit,

104 3989 260 4043 quam
285 3984 341 4029 ut
368 3990 464 4031 eos
495 3976 886 4047 appellaremus
915 3977 1316 4047 qualiscumque
1345 3977 1538 4032 laboris
1569 3977 1736 4031 nostri
1769 3975 1979 4046 judices
2009 3985 2064 4030 et
2088 3976 2334 4042 arbitros,
2363 3977 2452 4046 qui
2479 3986 2535 4032 et
2557 3977 2811 4049 dignitate
2832 3996 2925 4035 sua
2947 3983 3221 4038 constituti
3248 3993 3374 4041 sunt

107 4079 133 4116 a
164 4067 273 4120 Deo
301 4079 547 4136 pastores
574 4067 641 4121 ad
667 4067 947 4137 regendam
980 4068 1290 4134 Ecclesiam,
1322 4076 1376 4123 et
1404 4069 1470 4122 ad
1495 4067 1771 4124 catholicae
1799 4066 2055 4122 doctrinae
2081 4077 2475 4123 sacrosanctum
2503 4068 2800 4140 depositum
2825 4072 2968 4143 vigili
2999 4089 3122 4130 cura
3153 4083 3370 4146 aposto-

107 4154 312 4226 licaque
338 4159 657 4214 auctoritate
684 4157 977 4212 tutandum.

177 4251 350 4318 Atque
389 4252 493 4306 hoc
532 4251 797 4321 praecipue
840 4250 1075 4314 nomine,
1105 4249 1452 4304 lllustrissimi
1496 4249 1752 4304 Ecclesiae
1781 4249 2074 4318 Principes,
2109 4250 2459 4320 Augustinum
2504 4251 2815 4309 adducimus
2853 4254 2920 4310 ad
2958 4271 3074 4323 vos,
3106 4258 3197 4328 qui
3227 4266 3369 4314 totus

104 4349 337 4404 quantus
363 4351 467 4408 est,
497 4342 597 4396 sub
621 4343 777 4396 unius
811 4341 972 4396 veluti
1013 4341 1216 4396 tabellae
1246 4351 1532 4410 conspectu
1560 4340 1727 4395 oculis
1751 4341 1945 4395 vestris
1974 4341 2412 4410 contemplandas
2439 4343 2708 4414 objicitur.
2751 4346 2932 4417 Neque
2977 4363 3100 4403 vero
3138 4363 3363 4419 conSpe-

104 4438 249 4483 ctum
275 4441 512 4486 vestrum
538 4431 884 4487 reformidare
914 4441 1086 4502 potest
1114 4433 1309 4488 veteris
1341 4442 1396 4486 et
1428 4431 1582 4487 avitae
1612 4431 1734 4486 ﬁdei
1772 4442 2130 4502 propugnator
2154 4433 2469 4503 acerrimus,
2495 4436 2584 4505 qui
2616 4451 2830 4491 causam
2860 4439 3111 4494 Ecclesia:
3151 4440 3307 4496 toties
3335 4458 3369 4499 a

102 4539 161 4578 se
189 4525 489 4594 defensam,
517 4529 778 4598 majorum
807 4544 1015 4598 quoque
1046 4536 1341 4582 vestrorum
1368 4525 1626 4596 praesidiis
1653 4524 1809 4580 toties
1835 4525 2101 4580 suﬁ'ultam
2130 4525 2270 4580 haud
2300 4527 2526 4596 ignorat,
2553 4543 2710 4597 quam
2745 4538 2800 4583 et
2835 4544 2866 4582 a
2905 4532 3074 4601 vobis,
3103 4534 3192 4605 qui
3218 4535 3365 4606 ipso-

105 4629 228 4668 rum
255 4617 493 4686 vestigiis
519 4619 759 4674 lubenter
787 4620 1046 4684 insistitis,
1076 4635 1182 4674 non
1211 4619 1456 4674 dissimili
1481 4619 1658 4673 animo
1682 4626 1839 4688 atque
1865 4617 2039 4672 studio
2068 4629 2248 4687 sperat
2277 4617 2436 4673 hodie
2459 4622 2919 4691 propugnandam.

179 4703 322 4759 Hinc
347 4705 406 4759 in
431 4707 580 4762 nobis
609 4710 772 4763 oritur
801 4726 903 4764 non
933 4710 1090 4765 dubia
1121 4725 1263 4780 spes,
1295 4725 1391 4767 vos
1416 4726 1585 4780 nuper
1607 4709 1890 4764 elaborata:
1921 4709 2425 4778 Augustinianorum
2449 4725 2670 4780 operum
2693 4714 2906 4772 editioni
2934 4721 3188 4790 propitios
3217 4719 3364 4790 fore;

95 4813 274 4869 neque
301 4804 540 4854 vestrum
556 4799 695 4854 illius
722 4802 817 4855 viri
835 4802 1281 4857 lucubrationibus
1298 4803 1597 4857 defuturum
1625 4800 1992 4870 patrocinium,
2012 4816 2167 4870 quem
2189 4801 2455 4870 specialem
2471 4803 2588 4872 ﬁdei
2615 4817 2879 4876 patronum
2898 4809 2981 4882 (S.
3007 4811 3192 4884 Prosp.
3215 4817 3366 4887 epist.

96 4891 178 4944 ad.
210 4891 441 4963 August.
471 4908 523 4945 η.
545 4892 597 4962 1)
629 4907 719 4946 vos
767 4893 990 4948 universi
1018 4910 1139 4950 cum
1160 4894 1316 4948 beato
1347 4894 1610 4964 Prospero
1640 4893 2005 4947 incunctanter
2041 4893 2344 4962 agnoscitis.

159 4984 307 5041 Nihil
336 4986 428 5040 hic
452 5001 668 5042 necesse
689 4997 769 5043 est
796 5003 825 5042 a
853 4989 1004 5044 nobis
1025 4989 1451 5052 commemorari,
1471 4997 1663 5058 quanta
1691 4986 1851 5041 fuerit
1885 4987 2013 5042 olim
2046 4987 2438 5044 Gallicanorum
2460 5005 2580 5044 cum
2609 4991 2860 5050 Romanis
2889 5000 3203 5068 praesulibus
3230 5019 3364 5060 con-

94 5079 272 5135 sensio
301 5080 359 5134 in
385 5081 555 5135 sancti
587 5081 693 5138 Viri
717 5084 1152 5138 commendandis
1181 5085 1450 5152 operibus.
1487 5084 1710 5137 Exstant
1751 5092 1860 5136 tum
1898 5084 2049 5140 Sedis
2075 5087 2380 5156 apostolica:
2410 5087 2722 5143 Pontiﬁcum
2755 5090 3070 5161 Innocentii,
3093 5094 3370 5154 Ctelestini

93 5179 146 5224 et
168 5172 434 5235 aliorum;
468 5182 577 5227 tum
601 5172 988 5229 Gallicanarum
1016 5174 1339 5244 synodorutn
1369 5175 1726 5239 Arausicanm,
1759 5172 2050 5230 Valentime
2085 5185 2138 5230 et
2173 5177 2395 5231 aliarum
2426 5179 2733 5248 consignata
2774 5181 2962 5238 litteris
3001 5200 3364 5254 monumenta,

93 5262 288 5332 quibus
313 5261 676 5332 Hipponensis
709 5265 943 5319 Antistes
969 5272 1023 5319 et
1059 5266 1194 5318 inter
1213 5265 1440 5333 optimos
1473 5264 1724 5320 Ecclesiae
1749 5267 2028 5337 magistros
2056 5276 2452 5334 annumeratur,
2480 5277 2533 5324 et
2571 5278 2818 5340 tanquam
2843 5274 3074 5348 antiquae
3104 5279 3226 5335 ﬁdei
3269 5297 3365 5336 cu-

92 5362 204 5408 stos
233 5353 616 5425 integerrimus
646 5370 710 5410 ex
740 5356 978 5410 omnium
1017 5357 1282 5409 communi
1317 5371 1441 5410 voce
1468 5367 1518 5410 ct
1541 5371 1698 5412 sensu
1723 5357 2039 5412 declaratur.

161 5451 356 5506 lsthaee
390 5451 693 5520 aequissima
720 5451 912 5506 veteris
935 5450 1185 5505 Ecclesia:
1207 5451 1404 5518 judicia
1431 5450 1494 5504 de
1523 5452 1688 5506 sancti
1714 5452 1964 5506 Praesulis
1985 5450 2228 5506 doctrina
2269 5459 2323 5506 et
2363 5451 2466 5506 ﬁde
2503 5460 2562 5506 ut
2603 5455 2810 5513 animos
2837 5459 3088 5517 addidere
3115 5464 3267 5517 nobis
3295 5463 3362 5518 ad

94 5542 343 5600 immensi
375 5543 574 5599 laboris
604 5559 738 5598 onus
763 5543 1092 5599 subeundum
1115 5585 1129 5608 ,
1159 5544 1228 5598 ita
1261 5543 1482 5599 ell‘ceere
1511 5553 1567 5598 ut
1605 5560 1667 5600 ea
1697 5561 1800 5617 qua
1842 5560 1936 5615 par
1969 5553 2084 5599 erat
2120 5545 2376 5617 religione
2421 5545 2713 5603 doctissimi
2755 5552 3020 5609 Autistitis
3058 5555 3254 5624 scripta
3280 5563 3366 5610 at-

95 5637 462 5711 tingeremus;
491 5636 578 5706 pia
603 5637 849 5690 nimirum
876 5635 1152 5689 sedulitate
1178 5635 1522 5704 religiosaque
1560 5635 1801 5692 cautione
1829 5651 1962 5706 Opus
1992 5650 2110 5690 esse
2137 5638 2260 5704 rati,
2295 5646 2354 5694 ut
2375 5655 2479 5710 qua
2505 5653 2699 5708 mente,
2730 5657 2833 5712 quo
2861 5643 3100 5710 consilio,
3127 5659 3230 5712 qua
3259 5646 3365 5703 ﬁde

93 5731 326 5800 primum
357 5728 596 5804 proiecta
620 5739 797 5787 essent
821 5743 885 5783 ex
914 5725 1226 5782 sanctissimi
1259 5728 1493 5783 Doctoris
1515 5745 1606 5787 ore
1631 5742 1687 5794 et
1711 5745 1871 5788 manu
1895 5727 2174 5784 utilissima
2200 5743 2384 5801 opera,
2409 5747 2622 5792 rursum
2650 5734 2936 5794 ederentur
2972 5750 3001 5790 a
3043 5735 3197 5792 nobis
3242 5735 3363 5814 pari
