3948 6396
2069 287 2130 299 σοι*
2573 286 2576 287 ⁷

537 463 659 564 quae
677 489 930 548 lectorem
949 497 1324 561 properantem
1343 529 1360 557 ,
1381 495 1435 543 et
1460 485 1544 542 cui
1578 499 1670 557 per
1689 483 1855 540 otium
1874 484 2073 552 integra
2100 480 2188 536 illa
2208 477 2475 550 Opuscula
2495 477 2768 547 perlegere
2795 488 2901 528 non
2929 480 3114 541 vacet,
3145 469 3467 527 admoneant
3502 471 3817 543 argumenti

539 587 608 643 de
634 599 742 656 quo
760 584 954 656 agitur,
987 583 1314 652 invitentque
1331 581 1396 636 ad
1426 595 1489 636 ea
1514 579 1742 652 penitius
1770 576 2096 632 discutienda
2116 590 2234 645 quae
2259 589 2291 629 e
2309 589 2368 628 re
2388 587 2481 626 sua
2497 586 2616 626 esse
2637 567 2974 624 intellexerit.

610 655 706 735 His
749 655 1042 745 absolutis,
1071 676 1169 730 tria
1198 674 1453 730 duntaxat
1492 687 1523 726 a
1552 671 1704 727 nobis
1729 672 1944 740 insuper
1980 667 2272 724 desiderari
2298 679 2452 734 posse
2477 663 2765 717 videntur:
2807 673 3000 729 nempe
3042 657 3293 714 iudicatio
3333 655 3596 713 variarum
3640 663 3818 718 sancti

533 772 819 844 Augustini
843 770 1164 833 editionum,
1191 783 1310 826 uua:
1334 767 1401 823 ab
1444 767 1656 821 inventa
1700 773 1814 818 arte
1841 761 2212 834 typographica
2256 758 2407 814 facta:
2453 767 2618 812 sunt:
2648 754 2840 810 deinde
2864 753 3300 827 commemoratio
3345 752 3582 808 virorum
3632 755 3814 809 omnis

537 865 743 922 ordinis
766 863 1186 921 clarissimorum
1203 902 1220 930 ,
1241 861 1333 932 qui
1356 858 1509 915 nobis
1536 867 1773 914 veterum
1797 855 2038 911 codicum
2063 854 2330 925 suppetias
2361 851 2699 908 contulerunt
2723 849 2790 904 ad
2820 851 2954 904 hanc
2974 848 3260 903 editionem
3281 844 3642 902 adornandam
3670 866 3686 904 :
3714 847 3815 904 de-

537 960 698 1028 nique
726 957 969 1014 collectio
989 956 1412 1034 testimoniorum
1433 968 1503 1009 ex
1527 951 1754 1009 vetustis
1780 950 1968 1006 saltem
1985 947 2308 1013 auctoribus,
2336 946 2429 1017 qui
2448 944 2840 1000 sanctissimum
2864 942 3150 998 Doctorem
3168 938 3389 1011 ejusque
3407 939 3604 1011 scripta
3621 939 3814 1011 elogiis

536 1059 886 1106 exornarunt.

608 1143 690 1197 Ad
718 1144 944 1213 primum
971 1139 1114 1212 quod
1137 1141 1358 1208 attinet,
1391 1154 1479 1196 res
1507 1137 1891 1210 propemodum
1924 1135 2129 1190 inﬁnita
2169 1142 2311 1190 esset
2335 1147 2520 1187 omnes
2545 1144 2967 1186 commemorare
3004 1125 3506 1198 Augustiniannrum
3531 1125 3802 1196 Operutn,

425 1234 436 1242 “
535 1234 649 1288 sive
673 1234 929 1298 omnium,
949 1231 1059 1288 sive
1085 1232 1434 1304 singulorum,
1456 1231 1740 1287 editiones.
1770 1229 1896 1284 Post
1925 1229 2091 1282 libros
2116 1226 2182 1282 de
2205 1226 2426 1281 Civitate
2453 1224 2582 1290 Dei,
2613 1223 2702 1294 qui
2730 1237 2880 1276 nova:
2904 1219 3296 1292 typographica:
3316 1218 3446 1273 artis
3475 1219 3675 1288 primos
3695 1219 3808 1275 fere

536 1328 766 1382 honores
791 1327 1069 1396 lucemque
1094 1333 1431 1392 meruerunt,
1462 1325 1563 1380 alia
1589 1322 1908 1379 sanctissimi
1931 1322 2172 1376 Doctoris
2205 1320 2377 1391 Opera
2407 1318 2630 1373 subinde
2657 1316 2886 1387 vulgavit
2910 1315 3142 1370 Joannes
3167 1313 3556 1369 Amorbachius
3575 1355 3592 1380 ,
3638 1327 3806 1382 eaque

541 1421 716 1475 omnia
742 1421 792 1476 in
822 1438 981 1476 unum
1010 1421 1222 1476 tandem
1252 1435 1447 1490 corpus
1475 1419 1717 1490 redigere
1746 1418 1908 1488 carpit
1932 1433 2074 1472 anno
2095 1417 2252 1486 1504,
2286 1417 2425 1487 quod
2451 1416 2694 1471 undecim
2727 1415 2777 1469 in
2817 1425 2992 1484 partes
3019 1415 3329 1469 distinctum
3370 1415 3505 1468 intra
3532 1413 3801 1470 biennium

536 1513 760 1569 absolvit
789 1532 802 1569 :
833 1513 958 1568 dum
987 1513 1196 1570 interim
1222 1512 1454 1568 Jodocus
1478 1505 1979 1566 Badius'Ascensius
2005 1509 2244 1580 quaedam
2274 1511 2440 1564 sancti
2470 1510 2710 1564 Doctoris
2735 1507 2998 1580 Opuscula
3027 1509 3187 1562 variis
3209 1509 3363 1564 annis
3403 1516 3513 1562 tum
3543 1508 3790 1576 Parisiis,

543 1613 653 1659 tum
699 1604 957 1676 Lugduni,
982 1606 1121 1677 typis
1161 1604 1391 1674 imprimi
1418 1603 1640 1658 curavit.
1673 1602 1924 1671 Majorem
1947 1601 2314 1656 collectionem
2339 1601 2522 1656 decem
2556 1601 2736 1666 tomis,
2757 1616 2898 1655 anno
2922 1600 3081 1664 l529,
3109 1599 3329 1655 Basileze
3356 1599 3409 1654 in
3438 1599 3609 1655 lucem
3631 1602 3802 1657 emisit

536 1696 842 1752 Desiderius
889 1697 1142 1752 Erasmus
1173 1715 1186 1750 :
1212 1697 1363 1765 cujus
1418 1695 1705 1751 editionem
1747 1694 1930 1748 multae
1969 1693 2087 1747 alize
2126 1695 2287 1749 variis
2328 1693 2380 1747 in
2421 1693 2552 1748 locis
2579 1693 2875 1749 subsecutae
2915 1701 3038 1748 sunt
3074 1708 3245 1763 usque
3285 1692 3354 1748 ad
3397 1707 3596 1748 annum
3644 1694 3801 1764 157⁸1,

533 1806 642 1861 quo
686 1791 944 1846 Doctores
982 1791 1347 1846 Lovanienses
1387 1789 1674 1844 auctiorem
1696 1798 1750 1844 et
1768 1789 1924 1859 longe
1954 1789 2334 1843 accuratiorem
2361 1788 2683 1857 Antwerpia:
2709 1788 2901 1859 publici
2926 1787 3061 1856 juris
3089 1786 3346 1842 fecerunt.

603 1885 719 1940 Jam
747 1900 876 1941 vero
899 1885 1107 1956 quoties
1139 1884 1254 1940 haec
1301 1884 1647 1939 Lovaniensis
1671 1883 1839 1938 editio
1866 1898 2050 1938 recusa
2081 1882 2184 1948 sit,
2213 1881 2255 1936 si
2283 1883 2402 1952 quis
2439 1897 2752 1951 percensere
2792 1881 2983 1946 vellet,
3015 1895 3105 1936 res
3129 1879 3304 1935 abiret
3344 1880 3396 1934 in
3422 1880 3638 1952 longum
3659 1925 3676 1951 ,
3707 1899 3805 1940 nec

531 1977 669 2033 forte
694 1979 823 2032 tanti
849 1987 1008 2032 esset.
1041 1977 1171 2046 Quis
1197 1992 1358 2047 porro
1385 1978 1710 2048 singulorum
1739 1977 2123 2047 Opusculorum
2145 1974 2376 2046 singulas
2395 1976 2658 2032 editiones
2686 1975 3006 2032 enumeret?
3029 1975 3086 2030 ln
3105 1975 3189 2030 his
3206 1975 3440 2032 Joannes
3464 1975 3806 2034 Ulimmerius

531 2085 728 2123 novum
780 2069 1062 2135 volumen,
1118 2069 1203 2124 cui
1256 2068 1463 2123 titulum
1504 2069 1771 2139 inscripsit
1829 2070 1891 2123 de
1935 2067 2186 2134 Diversis,
2261 2077 2512 2123 constans
2587 2067 2932 2123 Sermonibus
3009 2076 3222 2122 centum
3290 2068 3499 2138 triginta
3571 2069 3806 2136 duobus,

531 2162 724 2232 partim
755 2173 908 2218 antea
953 2163 1195 2230 ineditis,
1220 2165 1408 2233 partim
1439 2164 1506 2219 ab
1557 2165 1672 2233 ipso
1713 2164 1983 2234 castigatis
2003 2205 2017 2228 ,
2058 2177 2199 2217 anno
2223 2163 2381 2228 1564,
2413 2179 2535 2218 cum
2562 2163 2680 2217 Vita
2711 2163 2989 2235 Augustini
3026 2178 3055 2216 a
3101 2163 3342 2219 Possidio
3366 2165 3562 2234 scripta
3597 2173 3649 2220 et
3691 2167 3808 2235 ejus

535 2255 767 2326 Operum
799 2256 1032 2312 lndiculo
1057 2258 1107 2312 in
1131 2258 1318 2329 vulgus
1341 2257 1535 2313 emisit.
1566 2257 1712 2313 Alios
1738 2272 2014 2312 sermones
2044 2266 2228 2311 nostro
2255 2267 2492 2324 tempore
2525 2273 2554 2312 e
2586 2256 2815 2312 tenebris
2849 2267 3101 2312 eriterunt
3125 2257 3352 2312 Jacobus
3378 2257 3713 2320 Sirmondus,
3750 2267 3809 2313 et

536 2349 894 2420 Hieronymus
917 2349 1222 2420 Vignerius,
1254 2365 1479 2420 quorum
1510 2350 1772 2418 posterior
1789 2349 1934 2418 Opus
1970 2349 2333 2418 imperfectum
2363 2358 2548 2403 contra
2576 2349 2841 2404 Julianum
2871 2351 3072 2419 primus
3101 2349 3351 2419 vulgavit.

613 2441 718 2496 llas
745 2441 796 2496 in
840 2442 1024 2511 primis
1050 2443 1320 2512 suppetias
1349 2441 1628 2497 habuimus
1656 2441 1722 2496 ad
1748 2450 1984 2497 nostram
2012 2441 2300 2496 editionem
2325 2440 2704 2496 conﬁciendam
2741 2461 2753 2496 :
2783 2443 2974 2512 quibus
2997 2456 3272 2497 accessere
3311 2440 3498 2496 inﬁniti
3525 2455 3809 2511 propemo-

533 2534 662 2588 dum
687 2543 894 2588 veteres
933 2533 1175 2600 codices,
1205 2550 1236 2588 e
1259 2534 1504 2604 plurimis
1545 2534 1845 2604 deprompti
1880 2534 2215 2589 bibliothecis
2234 2577 2247 2597 ,
2276 2550 2407 2603 quas
2445 2536 2979 2590 commemoravimus
3021 2535 3133 2590 suis
3161 2535 3292 2589 locis
3313 2577 3328 2600 ,
3356 2535 3445 2589 ubi
3474 2534 3806 2604 singulorum

533 2624 766 2694 Operttm
791 2625 1112 2682 collationes
1137 2627 1203 2682 ad
1232 2637 1444 2683 veteres
1467 2627 1678 2683 codices
1706 2629 1868 2684 factas
1896 2630 2210 2684 notavimus.
2236 2627 2571 2699 Singulorum
2604 2629 2842 2683 virorum
2882 2629 3094 2682 nomina
3113 2669 3128 2693 ,
3161 2634 3249 2699 qui
3279 2629 3540 2698 ejusmodi
3570 2627 3809 2684 subsidia

537 2716 694 2772 nobis
721 2719 1090 2786 contulerunt,
1119 2734 1404 2776 recensere
1428 2735 1745 2790 cuperemus
1776 2738 1994 2778 :verum
2021 2723 2088 2777 ab
2115 2721 2214 2775 hac
2235 2723 2634 2778 enumeratione
2657 2721 2758 2777 hoc
2787 2721 2907 2778 loco
2931 2722 3196 2778 abstinere
3224 2723 3395 2777 visum
3417 2730 3536 2788 est,
3566 2738 3632 2777 ne
3652 2739 3814 2793 quem

533 2818 626 2868 attt
647 2811 955 2867 illaudatum
979 2813 1370 2882 praeteriremus
1393 2855 1410 2882 ,
1444 2825 1535 2869 aut
1563 2830 1660 2870 suo
1682 2831 1787 2871 non
1808 2830 2349 2872 commemoraremus
2369 2815 2555 2870 ordine
2575 2856 2590 2880 ,
2633 2825 2724 2869 aut
2757 2814 2937 2870 debito
2957 2814 3184 2885 denique
3212 2816 3382 2882 elogio
3417 2815 3802 2871 fraudaremus.

531 2903 789 2960 Omnibus
816 2914 872 2961 et
898 2906 1118 2978 singulis
1156 2909 1378 2978 gratiam
1411 2909 1715 2981 habebunt,
1748 2893 1814 2966 hut
1852 2926 2162 2981 speramus,
2207 2912 2432 2967 lectores
2467 2911 2743 2977 benevoli,
2782 2926 2904 2966 cum
2929 2926 3114 2967 eorum
3144 2910 3490 2966 bibliothecas
3537 2910 3646 2965 suis
3674 2911 3811 2965 locis

531 3009 976 3056 commemoratas
1018 3001 1263 3056 viderint.

604 3093 676 3146 At
703 3093 820 3147 sine
849 3093 1038 3162 ingrati
1081 3095 1243 3148 animi
1268 3095 1400 3149 vitio
1424 3095 1583 3151 silere
1611 3111 1718 3151 non
1751 3113 2062 3167 possumus,
2094 3108 2349 3169 quantam
2376 3099 2665 3155 habeamus
2690 3102 2912 3170 gratiam
2954 3110 3066 3156 tum
3109 3101 3527 3158 eminentissimo
3552 3097 3821 3156 Ecclesia:

533 3182 759 3254 principi
791 3184 1024 3238 Antonio
1070 3183 1340 3240 Ludovico
1365 3185 1432 3241 de
1460 3186 1692 3242 Noailles
1716 3189 2115 3260 archiepiscopo
2144 3190 2460 3255 Parisiensi,
2489 3206 2647 3260 quem
2674 3193 3038 3248 sanctissimus
3064 3193 3306 3248 Pontifex
3349 3191 3681 3247 Innocentius
3711 3191 3820 3249 ΧΠ

535 3271 606 3326 ob
632 3273 881 3342 pietatem
909 3282 964 3328 et
991 3273 1290 3330 doctrinam
1319 3276 1419 3331 sibi
1458 3287 1636 3332 notam
1671 3287 1726 3333 et
1768 3278 2041 3349 probatam
2063 3320 2077 3342 ,
2106 3295 2254 3336 sacra
2275 3296 2538 3350 purpura,
2575 3281 2699 3335 dum
2730 3282 2843 3338 h:ec
2871 3284 3269 3338 absolveremus
3290 3327 3304 3349 ,
3329 3283 3559 3352 gratanti
3584 3282 3764 3336 animo
3797 3325 3814 3348 ,

535 3366 800 3420 universis
821 3366 1260 3436 applaudentibus
1282 3369 1584 3436 decoravit;
1613 3379 1724 3426 tum
1751 3370 2108 3426 illustrissimo
2135 3373 2330 3428 Carolo
2359 3373 2599 3428 Mauritio
2623 3375 2670 3428 le
2696 3374 2894 3430 Tellier
2921 3376 3320 3449 archiepiscopo
3347 3377 3464 3430 duci
3508 3376 3756 3431 Remensi
3787 3395 3802 3430 :

535 3458 626 3527 qui
655 3457 844 3523 ambo,
876 3473 974 3530 pro
1000 3459 1195 3514 eximio
1219 3475 1316 3516 suo
1341 3460 1394 3516 in
1417 3462 1766 3533 Augustinum
1798 3463 1974 3518 studio
1993 3506 2008 3528 ,
2051 3479 2242 3520 novam
2266 3464 2402 3520 hanc
2424 3465 2715 3522 editionem
2745 3483 2839 3521 suo
2870 3468 3165 3538 patrocinio
3191 3469 3389 3538 dignati
3420 3477 3577 3533 sunt,
3617 3484 3819 3538 suaque

536 3549 856 3606 auctoritate
882 3550 1202 3605 roborarunt
1230 3571 1242 3606 :
1272 3553 1462 3623 quibus
1490 3554 1876 3608 illustrissimus
1895 3555 2186 3612 Meldarum
2219 3558 2441 3613 antistes
2462 3601 2475 3623 ,
2502 3557 2730 3614 Jacobus
2760 3559 3026 3631 Benignus
3061 3561 3285 3616 Bossuet
3306 3602 3321 3626 ,
3357 3576 3462 3614 non
3485 3561 3660 3615 minus
3686 3576 3815 3631 pro-

540 3657 708 3712 penso
732 3644 783 3698 in
811 3653 1055 3699 sanctum
1086 3645 1365 3702 Doctorem
1387 3649 1567 3701 animo
1596 3647 1738 3702 ultro
1766 3649 2010 3703 accessit.

608 3736 888 3792 Postremo
916 3746 1158 3793 veterum
1185 3739 1256 3794 de
1299 3740 1596 3811 Augustino
1650 3741 1949 3796 testimonia
1983 3757 2274 3813 congerere
2311 3743 2449 3799 haud
2487 3758 2666 3814 opera:
2715 3747 2940 3815 pretium
2976 3746 3135 3803 fuerit
3163 3767 3176 3803 :
3203 3763 3322 3802 cum
3364 3746 3653 3801 illustriora
3696 3747 3813 3818 ejus

536 3828 707 3900 elogia
738 3827 907 3883 cuivis
949 3829 1158 3886 erudito
1183 3830 1368 3886 lectori
1416 3832 1628 3887 aliunde
1663 3832 1818 3886 obvia
1863 3835 1998 3900 sint;
2033 3851 2131 3890 nec
2173 3837 2271 3890 alia
2323 3840 2621 3893 necessaria
2663 3839 2943 3894 videantur
2991 3841 3056 3894 ad
3102 3852 3301 3895 tantum
3332 3840 3502 3895 virum
3544 3857 3818 3896 commen-

543 3919 773 3975 dandum
794 3961 810 3988 ,
839 3935 997 3990 quem
1029 3921 1080 3975 in
1103 3923 1432 3992 exponendis
1477 3924 1598 3978 ﬁdei
1637 3924 1970 3996 dogmatibus
1995 3971 2008 3993 ,
2040 3938 2093 3982 et
2121 3930 2306 3983 morali
2335 3930 2575 3986 doctrina
2601 3930 2885 3985 christiana
2913 3933 3258 4001 explicanda,
3310 3932 3589 3988 Doctorem
3633 3932 3803 3986 maxi-

535 4030 702 4082 mum,
733 4015 1223 4086 integerrimum,et
1243 4018 1438 4087 puriori
1467 4017 1668 4074 Christi
1691 4019 1943 4077 doctrina:
1969 4024 2198 4078 maxime
2223 4023 2572 4080 inhaerentem
2599 4025 2848 4080 universa
2875 4027 3116 4096 agnoscit
3146 4028 3403 4082 Ecclesia.

1391 4391 1858 4538 VITA
1987 4391 2914 4541 POSSIDII.
3782 4493 3784 4498 ι

1938 4660 2413 4718 οεῆεὲὲῖὼἓῖῖρὲἓθεκο

613 4819 906 4888 Possidius,
941 4820 1089 4876 urbis
1111 4821 1430 4883 Calamensis
1467 4827 1516 4881 in
1554 4827 1798 4882 Numidia
1825 4828 2109 4897 episcopus
2149 4826 2354 4881 electus
2387 4841 2528 4881 anno
2567 4828 2689 4897 597,
2720 4831 3007 4903 discipulus
3035 4834 3134 4888 fuit
3160 4834 3221 4888 D.
3260 4837 3558 4906 Augustini,
3587 4854 3820 4907 quocum

535 4914 886 4988 quadraginta
921 4931 1084 4986 prope
1110 4919 1278 4983 annis,
1312 4931 1368 4973 ut
1394 4921 1506 4990 ipse
1533 4929 1736 4982 narrat,
1765 4919 1896 4973 vixit
1925 4917 2278 4972 familiariter.
2318 4918 2548 4988 Magistri
2579 4923 2658 4975 sui
2683 4935 2979 4978 extremum
3004 4928 3215 4996 excepit
3239 4929 3506 4997 spiritum,
3538 4929 3823 5002 Vitamque

458 5044 464 5066 .
536 5008 749 5079 scripsit
773 5023 928 5078 quam
955 5008 1086 5064 inl'ra
1117 5009 1414 5077 referimus,
1447 5029 1550 5066 non
1581 5012 1686 5066 stili
1710 5011 1923 5080 quidem
1951 5010 2258 5079 splendore,
2290 5010 2386 5066 sed
2407 5013 2552 5066 suavi
2577 5015 2803 5084 quadam
2831 5018 3168 5086 simplicitate
3195 5035 3401 5076 necnon
3423 5013 3681 5078 factorum
3724 5041 3818 5080 va

534 5103 694 5159 ritate
724 5102 1026 5171 pretiosam.
1057 5103 1152 5159 Cui
1179 5104 1471 5161 lndiculum
1494 5104 1731 5173 adjnnxit
1753 5103 2026 5166 librorum,
2053 5110 2366 5159 tractatuum
2391 5115 2443 5160 et
2463 5108 2805 5174 epistularum
2827 5111 2889 5164 D.
2918 5110 3194 5180 Augustini
3219 5113 3318 5185 (1).
3341 5112 3484 5170 Inter
3506 5118 3680 5173 varias
3699 5136 3822 5188 quae

535 5194 845 5266 prodierunt
868 5194 1019 5267 hujus
1040 5195 1172 5251 Vitae
1203 5197 1480 5260 editiones,
1515 5196 1742 5264 primum
1773 5194 1944 5247 locum
1970 5193 2127 5250 facile
2156 5203 2356 5265 tenent,
2387 5209 2598 5270 propter
2619 5201 3015 5256 annotationum
3035 5205 3545 5269 excellentiam,duo
3559 5225 3695 5280 quas
3708 5214 3825 5267 vul-

533 5305 724 5360 gavere
738 5290 1180 5348 PP.Benedictini
1204 5293 1254 5346 in
1282 5290 1599 5346 collectione
1625 5304 1844 5357 operum
1873 5291 2040 5344 sancti
2069 5289 2323 5359 doctoris,
2348 5304 2402 5347 et
2422 5296 2642 5350 seorsim
2662 5295 2895 5351 Joannes
2913 5295 3118 5353 Salinas
3140 5299 3534 5370 Neapolitanus,
3560 5307 3824 5376 regularis
3869 5375 3872 5382 Α

535 5386 822 5444 canonicos
846 5386 1240 5444 Lateranensis.
1266 5385 1452 5439 Haacce
1483 5383 1748 5452 posterior
1772 5381 1934 5436 editio
1959 5383 2144 5438 Roma:
2174 5383 2295 5439 data
2324 5397 2403 5442 est
2431 5405 2570 5445 anno
2596 5390 2753 5446 l73l.
2780 5388 3069 5462 Utramque
3087 5395 3468 5452 consuluimus.
3652 5399 3725 5457 Μ.

592 5543 666 5614 (1)
699 5543 938 5597 Indutias
956 5543 1022 5594 de
1040 5554 1140 5605 quo
1159 5540 1336 5602 agitur,
1360 5541 1410 5589 lu
1430 5545 1562 5588 torno
1584 5536 1752 5589 ultimo
1777 5547 2044 5602 Opportune
2066 5541 2246 5594 veniet.
