3948 6380
72 394 152 457 π
878 386 1030 445 VITA
1068 386 1123 444 S.
1163 385 1529 447 AUGUSTINI
1585 384 1891 445 EPISCOPI
1930 387 2251 446 AUCTORE
2289 385 2608 446 POSSIDIO.
3291 379 3365 448 54

2391 537 2597 562 κ-θκηί

1761 531 3329 546 -ῇ-Ἥυ-ωΜῌ

2587 543 3330 570 ﬁ“

210 835 220 847 .
1441 686 1674 846 Vl

1790 686 2001 847 ΤΑ
3016 765 3160 788 --

283 969 997 1122 SANCTI
1091 973 1911 1122 AURELII
2006 975 3167 1142 AUGUSTINL

1060 1246 1819 1321 HIPPONENSIS
1882 1249 2428 1340 EPISCOPI,

1008 1432 1330 1489 AUCTOIlE
1361 1433 1662 1492 PUSSIDIO
1697 1432 2087 1490 CALAMENSI
2129 1434 2474 1492 EPISCOPO.

156 1591 329 1648 Variis
373 1594 665 1649 lectionibus
703 1611 826 1665 quas
869 1593 989 1649 PP.
1018 1596 1250 1652 Maurini
1279 1608 1382 1650 tum
1412 1615 1438 1652 e
1464 1613 1552 1651 sea:
1577 1593 1849 1661 codicibus,
1885 1597 2070 1651 scilicet
2099 1596 2292 1652 duobus
2322 1597 2729 1654 Floriacensibus
2748 1641 2763 1664 ,
2793 1596 3150 1664 Germanensi,
3192 1595 3364 1654 Veda-

64 1689 247 1750 stino,
281 1686 574 1742 Fossatensi
616 1699 662 1742 et
699 1687 1014 1746 Cisterciensi
1037 1733 1052 1757 ,
1084 1699 1192 1744 tum
1229 1707 1294 1745 ea:
1333 1691 1629 1744 editionibus
1670 1690 1886 1760 antiquis
1927 1707 2129 1755 eruere,
2166 1692 2450 1762 complures
2487 1692 2616 1745 alias
2645 1691 2921 1764 adjecimus
2950 1693 3274 1763 depromptas
3300 1706 3366 1746 es

64 1781 278 1835 Joanne
303 1782 532 1849 Salinas,
568 1784 630 1836 de
653 1801 751 1857 quo
779 1803 935 1856 supra
962 1786 1015 1840 in
1051 1785 1164 1840 Vita
1194 1785 1436 1840 Possidii.
1468 1784 1715 1839 Eruditus
1743 1784 1831 1837 ille
1858 1785 1951 1850 vir,
1986 1785 2067 1838 cui
2094 1784 2352 1840 nonnulla:
2379 1786 2618 1840 debentur
2642 1787 2868 1856 ejusdem
2895 1787 3089 1858 generis
3120 1785 3359 1840 lucubra—

67 1875 237 1929 tiones
267 1887 316 1930 et
347 1878 596 1949 imprimis
625 1880 1004 1934 Commonitorii
1031 1879 1309 1934 Lirinensis
1334 1879 1718 1952 exquisitissima
1743 1877 1914 1939 editio,
1947 1889 2001 1932 ut
2032 1880 2151 1932 bene
2177 1889 2417 1933 noverunt
2447 1880 2603 1934 nostri
2629 1879 2931 1951 Theologim
2969 1880 3172 1936 Cursus
3207 1878 3368 1935 Com-

63 1968 205 2037 pleti
253 1970 676 2038 lcctores,Vitant
705 1971 777 2028 D.
801 1973 1071 2045 Augustini
1110 1985 1311 2029 auctore
1351 1973 1585 2028 Possidio
1628 1972 1806 2027 Roma:
1844 1971 2099 2043 vulgavit,
2129 1990 2263 2028 anno
2296 1975 2450 2030 1751.
2493 1973 2559 2028 Hi
2595 1985 2712 2029 sunt
2751 1975 2911 2046 fontes
2948 1975 3084 2030 unde
3118 1975 3367 2030 variantes

64 2063 165 2115 sibi
200 2066 443 2132 proprias
474 2068 642 2120 hausit
669 2084 685 2121 :
716 2067 836 2122 Duo
864 2069 1060 2123 codices
1087 2068 1140 2122 in
1163 2068 1470 2123 Bibliotheca
1502 2067 1780 2124 Succorum
1810 2067 2019 2137 Reginis
2043 2068 2273 2138 inscripti
2295 2068 2513 2123 numeris
2539 2068 2638 2125 541
2667 2079 2715 2125 et
2745 2069 2900 2134 1025,
2930 2077 3126 2142 tresque
3156 2067 3247 2124 alii
3277 2084 3368 2123 co-

66 2152 219 2210 dices
257 2156 589 2214 Bibliotheca:
619 2159 900 2229 Vaticanw,
934 2161 1089 2230 1188,
1117 2161 1255 2219 1190
1277 2172 1325 2216 et
1357 2163 1484 2218 1191
1519 2179 1674 2218 nume:

1122 2329 1498 2374 I’B/ECIPUARUSI
1529 2329 1981 2374 ABBREVIATIONUM
2014 2327 2333 2374 EXPIJCATIO.

633 2452 712 2502 Cd.
738 2452 918 2502 Codex.

637 2537 749 2587 odd.
774 2537 987 2587 Codices.

642 2630 722 2672 Ms.
748 2623 1105 2685 Manuscriptus.

2348 2459 2455 2502 MSS.
2481 2451 2798 2515 manusa-ipti.

2342 2537 2453 2586 ωδ.
2481 2536 2616 2586 Editi.

2353 2621 2499 2672 Vatis.
2527 2621 2778 2673 Vatiamus
2796 2619 2972 2674 codex.
3069 2628 3127 2672 Μ.

1389 2874 2104 2967 PR/EFATIO.

161 3074 456 3146 InSpirante
498 3087 673 3128 rerum
714 3071 947 3127 omnium
987 3071 1188 3127 factore
1223 3080 1277 3126 ct
1313 3067 1671 3139 gubernatore

87 3168 236 3235 Deo,
285 3166 389 3221 mei
437 3181 642 3220 memor
683 3165 970 3236 propositi,
1013 3180 1118 3235 quo
1159 3178 1253 3233 per
1291 3159 1509 3231 gratiam
1557 3157 1672 3212 Sal-

84 3262 283 3315 valoris
309 3258 655 3328 omnipotenti
685 3273 747 3312 ac
767 3257 958 3312 divinze
984 3272 1077 3327 per
1100 3255 1257 3310 (idem
1284 3251 1528 3308 Trinitati
1557 3266 1672 3306 ser-

82 3354 194 3408 vire
240 3352 488 3417 decrevi,
535 3361 589 3407 et
632 3361 786 3406 antea
834 3351 885 3405 in
938 3351 1042 3405 vita
1097 3351 1350 3405 laicorum
1377 3391 1390 3412 ,
1431 3357 1484 3404 et
1533 3361 1673 3401 nunc

82 3446 135 3502 in
196 3445 373 3501 ofﬁcio
437 3445 846 3515 episcoporum,
893 3445 1110 3498 studens
1173 3459 1237 3498 ex
1300 3424 1674 3513 qualicumque

81 3551 302 3610 accepto
348 3539 559 3610 ingenio
605 3545 658 3592 et
704 3553 951 3592 sermone
990 3535 1325 3591 :ediﬁcationi
1367 3536 1381 3567 ¹
1422 3533 1675 3606 prodesse

81 3643 278 3689 sancta:
302 3648 365 3688 ac
390 3649 529 3687 vene
555 3631 749 3686 Christi
784 3631 990 3685 Domini
1007 3629 1283 3684 catholicae
1309 3628 1582 3689 Ecclesiae,
1604 3627 1671 3682 de

81 3727 186 3781 vita
212 3734 266 3781 et
285 3726 524 3781 moribus
549 3724 929 3796 pmdestinati,
953 3732 1009 3780 et
1037 3738 1134 3777 suo
1174 3731 1413 3791 tempore
1436 3736 1673 3792 przesen-

83 3819 175 3873 tati
204 3820 224 3850 ¹
256 3817 553 3874 sacerdotis
601 3809 785 3887 Optimi
830 3815 1129 3885 Augustini,
1154 3830 1273 3886 qua:
1301 3814 1352 3868 in
1379 3813 1568 3868 eodem
1599 3814 1676 3867 vi-

83 3909 156 3974 di,
183 3911 248 3965 ab
276 3927 448 3980 eoque
476 3908 673 3971 audivi,
703 3907 922 3962 minime
938 3907 1164 3962 reticere
1204 3906 1394 3961 debeo.
1438 3904 1492 3960 Id
1531 3906 1672 3960 enim

84 4001 236 4056 etiam
262 4011 386 4056 ante
418 4016 517 4054 nos
543 3999 832 4054 factitatum
861 3997 1022 4054 fuisse
1051 4014 1081 4052 a
1106 3996 1518 4068 religiosissimis
1553 4011 1675 4051 san-

84 4101 180 4147 cta:
208 4093 390 4147 matris
433 4091 687 4145 Ecclesim
715 4089 989 4144 catholica:
1024 4089 1151 4144 viris
1186 4088 1409 4160 legimus
1436 4096 1490 4143 et
1527 4103 1675 4142 com-

84 4187 318 4256 perimus
350 4229 366 4254 ,
391 4185 484 4257 qui
513 4183 692 4238 divino
723 4183 885 4237 afflati
909 4183 1128 4252 Spiritu,
1173 4197 1419 4237 sermone
1463 4181 1678 4251 proprio

85 4287 242 4347 atque
267 4281 406 4342 stilo,
439 4289 496 4334 et
521 4277 738 4332 auribus
768 4287 822 4331 et
850 4277 1018 4331 oculis
1058 4277 1196 4331 scire
1236 4275 1547 4339 volentium,
1592 4273 1674 4329 di-

84 4368 253 4422 cendo
277 4378 330 4424 et
356 4367 639 4424 scribendo
669 4368 858 4422 similia
889 4366 1245 4420 studiosorum
1295 4365 1495 4420 notitiae
1538 4364 1678 4418 intu-

86 4459 275 4528 lerunt,
298 4461 485 4530 quales
512 4459 800 4530 quantique
828 4459 926 4512 viri
949 4473 1014 4514 ex
1034 4457 1303 4512 communi
1332 4455 1543 4511 Domini
1558 4470 1676 4524 gra-

84 4552 155 4606 tia
187 4552 207 4584 ³
233 4553 283 4606 iu
331 4554 495 4608 rebus
547 4552 812 4617 humanis,
843 4559 897 4605 et
924 4551 1122 4614 vivere,
1152 4560 1206 4606 et
1230 4566 1399 4620 usque
1432 4549 1486 4604 in
1517 4549 1675 4603 linem

85 4643 258 4698 obitus
277 4658 625 4714 perseverare
645 4651 975 4698 meruerunt.
997 4640 1199 4696 Idcirco
1220 4642 1331 4712 ipse
1341 4656 1552 4712 quoque
1576 4639 1676 4695 dis-

82 4743 421 4806 pensatornm
447 4738 685 4790 omnium
727 4721 1002 4798 minimus,
1031 4733 1133 4789 ﬁde
1155 4749 1258 4789 non
1277 4736 1418 4800 ficta,
1445 4750 1549 4806 qua
1571 4734 1675 4789 Do-

85 4830 226 4886 mino
255 4829 645 4887 dominantium
681 4829 1032 4898 omnibusque
1060 4827 1213 4884 bonis
1242 4827 1581 4883 serviendum
1620 4836 1675 4883 et

89 4923 394 4990 placendum
423 4932 512 4980 est
550 4922 810 4987 lidelibus,
841 4921 907 4976 de
935 4920 1173 4991 praedicti
1218 4921 1536 4977 venerabilis
1573 4921 1673 4975 viri

89 5023 139 5068 et
165 5026 370 5084 exortu,
397 5027 452 5073 et
479 5030 760 5087 procursu,
787 5023 841 5070 et
866 5013 1046 5068 debito
1071 5014 1174 5068 line
1196 5012 1239 5079 ’*,
1259 5029 1376 5083 qua:
1419 5029 1512 5082 per
1551 5028 1675 5068 eum

93 5105 263 5174 didici,
294 5117 348 5162 et
366 5116 618 5178 expertus
639 5122 780 5173 sum,
803 5121 959 5175 quam
986 5105 1228 5175 plurimis
1252 5104 1406 5159 annis
1439 5105 1553 5175 ejus
1593 5104 1676 5159 in-

98 5193 299 5254 hterens
324 5200 592 5264 charitati,
617 5207 673 5252 ut
698 5196 951 5252 Dominus
984 5195 1281 5262 donaverit,
1306 5195 1677 5266 explicandum

95 5291 312 5360 suscepi.
343 5293 543 5348 Verum
564 5305 829 5347 summam
856 5305 1037 5360 quteso
1057 5288 1408 5358 majestatem,
1433 5304 1538 5358 quo
1569 5305 1678 5344 mu-

152 5401 172 5434 ι
203 5410 401 5456 veteres
433 5403 550 5455 edd.
586 5401 952 5463 Germanensis,
982 5400 1278 5452 Fossatensis
1311 5406 1364 5449 et
1397 5400 1678 5452 cistercien-

95 5461 160 5513 sis
179 5463 354 5517 habent
371 5463 722 5532 wdi/icationis.
938 5461 946 5463 ⁷
1352 5521 1362 5531 ο

157 5527 178 5556 ³
199 5525 386 5572 Salinae.
410 5542 474 5572 ex
496 5529 577 5572 ui.
605 5528 798 5572 Reginae
817 5534 1096 5572 Succorum.
1120 5520 1362 5572 nraseleclt

169 5529 178 5556 '
199 5529 386 5590 Salinas,
410 5529 479 5580 ex'
496 5529 577 5578 αι.
603 5529 798 5590 Reginae
817 5534 1096 5584 Succorum,
1120 5529 1378 5596 prteetecti.
1405 5530 1460 5595 tu.

169 5587 190 5617 ⁸
211 5590 484 5641 Vedastinus
503 5592 582 5639 Cd.
611 5599 664 5640 et
685 5601 812 5638 unus
837 5603 901 5638 ex
923 5589 1113 5638 duobus
1135 5585 1514 5635 Floruacensnbus
1536 5594 1670 5638 Mss:

109 5651 197 5715 ξεῖ
226 5653 471 5715 catttmunis
503 5651 692 5715 Domini
715 5649 944 5715 gratiam.
969 5675 1032 5686 ——
1053 5648 1232 5697 saliuas
1257 5661 1318 5696 ex
1341 5647 1421 5696 Cd.
1450 5649 1670 5711 Reginae:

110 5713 184 5777 εξ
203 5713 424 5777 commoti
447 5712 695 5777 ﬂaminica
715 5710 891 5777 gratia.
918 5719 974 5760 Μ.

169 5768 529 5847 meminerim
552 5768 797 5847 cauom
829 5771 938 5847 ιτίεω
962 5769 1092 5847 ne.
1108 5778 1372 5847 Peneus;
1394 5770 1568 5847 ιειξυαξι
1597 5773 1678 5847 hic

114 5831 340 5886 Donidius
377 5837 433 5889 ad
475 5831 724 5904 Augusuni
763 5831 1008 5897 verba,de
1023 5831 1222 5884 civitate
1237 5831 1341 5895 Dei,
1358 5831 1673 5897 l.ll,cap.l.

1781 3082 1881 3122 nus
1908 3067 2213 3140 hujusmodi
2241 3085 2272 3124 a
2293 3084 2379 3126 me
2403 3080 2671 3143 arreptum
2701 3072 2771 3128 ita
2801 3087 2982 3144 geram
3015 3083 3070 3130 et
3099 3089 3372 3146 peragam,

1781 3173 1838 3217 ut
1860 3179 1958 3219 nec
1981 3163 2153 3218 Patris
2184 3164 2440 3219 luminum
2470 3164 2737 3221 olfendam
2763 3167 3064 3234 veritatem,
3089 3183 3185 3223 nec
3214 3167 3373 3223 bono-

1779 3270 1899 3308 rum
1929 3255 2180 3310 Ecclesia:
2233 3255 2460 3310 Iiliorum
2485 3257 2591 3311 ulla
2617 3272 2682 3312 ex
2722 3269 2872 3328 parte
2911 3256 3156 3314 fraudare
3195 3257 3380 3314 videar

1781 3346 2114 3402 charitatem.
2161 3347 2268 3404 Nec
2317 3349 2569 3421 attingam
2609 3365 2671 3405 ea
2715 3351 2891 3405 omnia
2938 3351 3227 3416 insinuare,
3258 3367 3380 3422 qua“.

1784 3439 1925 3494 idem
1974 3439 2314 3495 beatissimus
2349 3441 2682 3511 Augustinus
2724 3441 2780 3496 in
2817 3441 2928 3497 suis
2971 3441 3379 3499 Coufessionum

1784 3529 1935 3586 libris
1962 3531 2032 3588 de
2075 3534 2381 3603 semetipso,
2413 3533 2583 3603 qualis
2625 3542 2749 3590 ante
2799 3545 3104 3606 perceptam
3153 3535 3378 3606 gratiam

1784 3624 1962 3692 fuerit,
1987 3624 2264 3695 qualisque
2285 3626 2395 3695 jam
2418 3635 2630 3696 sumpta
2655 3627 2876 3691 viveret,
2909 3627 3221 3698 designavit.
3265 3627 3379 3684 Hoc

1784 3720 1926 3774 enim
1955 3719 2128 3775 facere
2160 3719 2350 3787 voluit,
2367 3729 2428 3775 ut
2445 3721 2518 3776 ait
2536 3721 2845 3792 Apostolus,
2861 3737 2928 3777 ne
2942 3721 3010 3792 de
3029 3737 3088 3778 se
3100 3723 3380 3793 quisquam

1785 3809 2060 3866 hominum
2091 3827 2250 3882 supra
2275 3828 2432 3883 quam
2458 3827 2520 3877 se
2542 3828 2662 3869 esse
2698 3822 2938 3880 noverat,
2968 3822 3058 3869 aut
3091 3814 3157 3869 de
3193 3829 3252 3870 se
3279 3830 3378 3869 au-

1781 3900 1948 3956 ditum
1978 3901 2183 3970 fuisset,
2207 3903 2450 3960 crederet
2475 3905 2558 3960 vel
2600 3912 2808 3974 putaret
2862 3903 2944 3978 (II
2986 3903 3103 3962 Cor.
3143 3922 3240 3973 xu,
3283 3905 3376 3977 6),

1785 3992 2098 4048 humilitatis
2138 4004 2334 4050 saneta:
2372 4011 2522 4052 more
2566 4005 2737 4063 utens,
2781 4007 2836 4052 et
2874 3997 2985 4068 jam
3035 3998 3236 4053 nullum
3281 3997 3381 4054 fal-

1785 4084 1966 4151 lens‘,
2014 4085 2109 4141 sed
2136 4086 2346 4142 laudem
2392 4103 2499 4142 non
2538 4102 2724 4155 suam,
2770 4087 2864 4144 sed
2908 4089 2988 4142 sui
3039 4089 3267 4154 Domini,
3310 4088 3379 4146 de

1786 4178 1999 4248 propria
2029 4177 2349 4236 liberatione
2375 4194 2436 4236 ac
2459 4195 2682 4236 munere
2709 4194 2974 4251 quaerens,
3006 4180 3164 4236 exiis
3192 4179 3381 4236 videli-

1784 4276 1871 4322 cet
1895 4284 2012 4338 quze
2038 4268 2146 4339 jam
2179 4281 2522 4343 perceperat;
2553 4280 2607 4326 et
2635 4270 2894 4327 fraternas
2915 4287 3099 4343 preces
3127 4288 3375 4344 poscens,

1784 4360 1851 4416 de
1874 4363 1937 4416 iis
1953 4379 2071 4430 qua:
2087 4365 2332 4434 accipere
2351 4365 2619 4436 cupiebat.
2639 4365 3023 4422 Sacramentum
3039 4367 3196 4438 igitur
3222 4369 3374 4438 regis,

1783 4460 1843 4506 ut
1862 4455 2092 4524 angelica
2120 4457 2436 4512 auctoritate
2456 4457 2719 4526 prolatum
2747 4467 2850 4524 est,
2876 4457 3060 4510 bonum
3075 4467 3146 4512 est
3167 4456 3378 4511 abscon-

1743 4559 1758 4578 τ
1783 4544 1902 4599 dere
1933 4561 1951 4598 :
1979 4563 2134 4617 opera
2154 4557 2323 4601 autem
2349 4547 2558 4602 Domini
2579 4547 2798 4602 revelare
2821 4557 2866 4601 et
2891 4548 3138 4617 conﬁteri,
3164 4547 3373 4602 honori-

1782 4636 1935 4706 ﬁcum
1959 4646 2031 4692 est
2063 4636 2256 4709 (Tobiae
2277 4655 2374 4703 xu,
2397 4638 2473 4710 7).

1785 4750 2013 4806 CAPUT
2052 4751 2337 4806 PRIMUM.
2373 4781 2444 4791 ——
2493 4751 2763 4824 Augustini
2805 4763 2976 4822 ortus,
3025 4755 3280 4812 conversio
3325 4765 3374 4811 et

1853 4841 2148 4913 baptismus.
2171 4842 2424 4897 Ambrosii
2455 4843 2687 4899 doctrina
2710 4856 2973 4901 revocatur
2993 4845 3056 4901 ab
3076 4864 3242 4903 errore
3263 4847 3374 4903 Ma-

1855 4935 2182 4989 nichaeorum.
2211 4933 2512 5008 Baptizatur
2536 4937 2601 4991 ab
2625 4937 2818 4993 eodem.
2912 4946 2918 4961 ‘

1879 5036 1959 5092 Ex
2021 5040 2292 5110 provincia
2358 5057 2486 5114 ergo
2547 5044 2797 5101 Africana
2823 5047 2877 5112 ’,
2934 5046 3146 5102 civitate
3200 5046 3372 5119 Taga-

1850 5151 2150 5227 ir'l‘resklllss.
2177 5167 2192 5202 :
2219 5153 2525 5227 ertilitatis
2543 5162 2724 5208 sanctte
2751 5171 2884 5227 more
2912 5159 3075 5227 utique
3108 5159 3258 5214 nihilo
3288 5160 3376 5227 fal-

1785 5209 1904 5283 lens.
1926 5240 1992 5283 Α-
2012 5213 2193 5265 salinas
2216 5218 2398 5283 excid.
2413 5219 2643 5283 ueginte:
2672 5209 2977 5274 Humilitatis

1783 5277 2039 5400 ἲέιῗιέιωεεηῗῖ
2062 5284 2205 5341 utque
2226 5277 2348 5330 nihil
2369 5277 2560 5344 fallens.
2573 5281 2707 5332 Alter
2720 5283 2800 5332 Cd.
2820 5285 3044 5348 Reginae:
3068 5295 3086 5336 ι
3107 5285 3236 5353 tique
3253 5285 3375 5339 nihil

1847 5403 1868 5432 ³
2084 5416 2109 5474 ,ε
2127 5402 2622 5475 t._il_ientius_l_egerem_
2635 5420 2647 5454 :
2662 5415 2738 5475 Ea;
2760 5405 3007 5475 provincia
3038 5423 3153 5475 ergo
3164 5409 3367 5475 gfricaq,

1782 5467 1837 5510 ut
1859 5464 2168 5536 manuscripti
2188 5471 2295 5536 tres
2308 5464 2504 5517 codices
2525 5468 2733 5536 Vaticani
2757 5464 2946 5536 ferunt;
2971 5464 3238 5536 prazsérﬁni
3261 5464 3372 5536 quia

1783 5525 2136 5602 cumnabsolute
2148 5595 2160 5602 Δ
2175 5525 2411 5602 ᾼΐτὶοθιιθη
2419 5530 2666 5602 provincia
2696 5525 2988 5602 nominatur;
3007 5525 3371 5602 proconsularis

1783 5587 2089 5655 intelligitur,
2112 5595 2168 5640 ut
2188 5589 2250 5655 in
2260 5587 2476 5655 concilio
2491 5592 2850 5655 Carmaginensi
2866 5629 2881 5654 ,
2909 5587 2987 5645 de'
3004 5587 3258 5646 iieratione
3281 5597 3368 5644 ba-

1783 5649 1972 5723 ptismi}
2007 5652 2098 5700 sub
2119 5651 2349 5723 Cypriane
2370 5652 2563 5723 habito._
2586 5672 2609 5700 ι
2776 5657 2825 5723 in
2856 5649 3003 5706 unum
3017 5692 3037 5723 ,_
3057 5656 3370 5723 inguil__._Car-

1782 5711 2332 5780 convenissent
2355 5715 2564 5780 episcopi
2602 5714 2793 5777 plurimi
2819 5732 2882 5767 ex
2908 5711 3146 5780 provincia
3168 5711 3319 5770 Africa
3339 5736 3365 5768 ν

1786 5772 1898 5849 {seu
1913 5773 2166 5849 .africana,
2175 5774 2248 5849 ad
2265 5772 2618 5849 designandani
2625 5772 3064 5849 proconsularem),
3084 5796 3107 5825 α
3128 5783 3339 5849 Numidia
3352 5816 3370 5849 ρ

1784 5837 2074 5888 Mauritania.
2098 5853 2121 5885 ι
2148 5835 2302 5900 Unde,
2325 5835 2437 5888 cuin
2458 5835 2748 5902 Αυευδεῖιιυε
2767 5864 2866 5904 non
2887 5853 2951 5906 εκ
2970 5835 3373 5922 m'prooonsulari
