3948 6394
527 281 604 353 85
918 237 924 288 Γ
1239 236 1247 241 ζ
1671 283 1833 342 νιτΑ
1871 284 1930 340 s.
1972 284 2097 344 AUC

2208 283 2335 343 TINI
2371 287 2695 348 EPISCOPI.
2895 325 2897 329 ι
2933 321 2954 336 ~
2989 334 2992 336 η
3047 305 3053 315 ·
3083 284 3090 320 ³
3737 297 3798 360 ιι

525 405 728 473 stensi,
771 405 840 462 de
866 416 1090 461 numero
1117 400 1393 458 curialium
1429 399 1735 471 parentibus
1781 394 2014 457 honestis
2062 411 2114 458 et

525 502 830 562 christianis
890 500 1200 573 progenitus
1251 506 1408 563 erat;
1457 497 1720 568 alitusqne
1763 513 1830 553 ac
1883 497 2118 552 nutritus

521 610 710 654 eorum
730 609 879 661 cura,
906 600 962 648 et
980 590 1248 663 diligentia
1271 589 1649 660 impensisque,
1676 589 2003 646 secularibus
2028 589 2113 643 lit-

521 691 650 748 teris
675 688 915 746 eruditus
941 687 1200 758 apprime,
1240 678 1487 740 omnibus
1528 682 1779 739 videlicet
1819 677 2112 753 disciplinis

518 780 775 849 imbutus,
821 793 951 851 quas
992 777 1236 835 liberales
1273 784 1471 832 vocant
1497 777 1540 830 ί.
1574 775 1707 831 Nam
1733 784 1788 832 et
1809 775 2114 847 grammati-

517 891 636 933 cam
663 875 808 947 prius
834 874 886 932 in
911 887 1006 929 sua
1025 873 1257 937 civitate,
1288 881 1344 928 et
1374 872 1692 928 rhetoricam
1723 872 1777 927 in
1802 871 1996 927 Africa:
2023 885 2112 927 ca-

515 968 627 1040 pite
650 967 965 1038 Carthagine
981 974 1168 1038 postea
1187 961 1386 1020 docuit.
1415 959 1776 1036 Consequenti
1795 963 1956 1020 etiam
1985 971 2114 1018 tern-

514 1073 647 1132 pore
675 1068 818 1114 trans
838 1061 988 1113 mare
1015 1057 1071 1111 in‘
1092 1054 1224 1111 urbe
1258 1057 1445 1120 Roma,
1473 1063 1530 1111 et
1550 1055 1695 1126 apud
1728 1049 2106 1120 Mediolanum,

513 1150 605 1208 ubi
627 1159 751 1207 tunc
775 1147 1112 1220 imperatoris
1150 1146 1508 1203 Valentiniani
1554 1145 1778 1202 minoris
1829 1146 2110 1201 comitatus

511 1242 685 1300 fuerat
722 1243 1060 1300 constitutus.
1090 1241 1146 1296 in
1182 1255 1288 1312 qua
1315 1240 1444 1296 urbe
1477 1250 1602 1297 tunc
1623 1237 1989 1310 episcopatum
2015 1239 2109 1294 ad-

509 1335 844 1392 ministrabat
863 1333 1262 1406 acceptissimus
1287 1333 1416 1400 Deo,
1445 1339 1500 1388 et
1519 1334 1573 1387 in
1591 1331 1806 1403 optimis
1832 1331 1960 1387 viris
1981 1339 2110 1401 pne“

509 1427 835 1484 clarissimus
858 1425 1110 1481 sacerdos
1145 1423 1476 1478 Ambrosinus.
1524 1419 1694 1492 Hujus
1711 1421 1914 1477 interea
1957 1419 2108 1477 verbi

507 1517 604 1575 Dei
643 1517 1004 1590 praedicatoris
1051 1515 1498 1588 frequentissimis
1521 1515 1577 1570 in
1603 1514 1832 1570 ecclesia
1870 1513 2107 1586 disputa-

507 1611 740 1669 tionibus
763 1621 943 1667 astans
969 1611 1022 1665 in
1053 1609 1272 1682 populo,
1301 1605 1612 1665 intendebat
1627 1623 1920 1680 suspensus
1945 1617 2105 1680 atque

505 1702 720 1760 afﬁxus.
748 1702 947 1758 Verum
976 1693 1259 1772 aliquando
1281 1693 1696 1756 Manichaeorum
1719 1699 1861 1772 apud
1886 1697 2109 1756 Cartha-

503 1798 682 1869 ginem
705 1797 1014 1852 adolescens
1036 1786 1208 1850 fuerat
1225 1807 1408 1850 errore
1429 1792 1680 1850 seductus
1699 1801 1782 1850 :et
1806 1791 1924 1848 ideo
1947 1798 2106 1849 easte-

501 1891 580 1946 ris
594 1890 900 1960 suspcnsior
915 1889 1122 1954 aderat,
1159 1903 1227 1944 ne
1254 1885 1383 1958 quid
1403 1886 1490 1942 vel
1517 1902 1615 1958 pro
1644 1885 1780 1956 ipsa,
1811 1886 1897 1943 vel
1921 1889 2104 1941 contra

500 1981 672 2054 ipsam
701 1983 945 2038 haeresim
974 1981 1258 2038 diceretur.
1300 1977 1370 2036 Et
1409 1980 1672 2051 praevenit
1698 1980 1722 2012 ²
1749 1979 1843 2036 Dei
1863 1979 2105 2036 liberato-

499 2074 577 2133 ris
604 2075 882 2131 clementia
917 2073 1002 2130 sui
1027 2071 1319 2130 sacerdotis
1345 2088 1439 2129 cor
1466 2073 1866 2144 pertractantis,
1895 2078 1954 2128 ut
1977 2083 2103 2129 con-

499 2173 581 2222 tra
603 2167 745 2221 illum
776 2181 1013 2222 errorem
1035 2165 1331 2221 incidentes
1353 2165 1488 2236 legis
1508 2165 1841 2220 solverentur
1861 2167 2102 2237 quaestio-

499 2273 598 2314 nes
628 2276 640 2311 :
670 2268 829 2329 atque
860 2258 944 2313 ita
960 2255 1201 2323 edoctus,
1233 2257 1434 2312 sensim
1460 2266 1624 2327 atque
1649 2256 1906 2326 paulatim
1933 2256 2106 2312 haere-

498 2353 574 2407 sis
616 2352 701 2406 illa
735 2351 1075 2406 miseratione
1104 2349 1280 2406 divina
1308 2351 1424 2420 ejus
1458 2366 1524 2406 ex
1565 2351 1745 2406 animo
1786 2351 1936 2421 pulsa
1983 2359 2098 2416 est;

499 2427 846 2516 protinusque
891 2445 1004 2514 ipse
1030 2444 1082 2498 in
1119 2442 1223 2498 ﬁde
1251 2441 1512 2499 catholica
1538 2441 1904 2510 conﬁrmatus,
1943 2442 2102 2514 proﬁ-

499 2536 673 2592 ciendi
718 2537 770 2591 in
810 2535 1068 2606 religione
1115 2534 1290 2590 eidem
1339 2533 1537 2589 amoris
1575 2534 1735 2590 ardor
1763 2536 1970 2592 innatus
1996 2545 2097 2602 est,

499 2643 606 2698 quo
654 2625 1133 2700 pr0pinquantibus
1179 2617 1367 2680 diebus
1413 2624 1612 2681 sanctis
1662 2625 1885 2680 Pascha),
1913 2625 2100 2682 salutis

495 2736 684 2791 aquam
717 2720 1027 2790 perciperet.
1053 2719 1118 2773 Et
1141 2718 1335 2774 factum
1366 2726 1447 2774 est
1473 2717 1650 2772 divina
1679 2726 1968 2789 prrestante
1991 2719 2101 2790 opi-

493 2812 788 2877 tulatione,
835 2821 894 2866 ut
935 2826 1029 2881 per
1062 2811 1206 2866 illum
1251 2809 1411 2866 talem
1455 2824 1518 2864 ac
1558 2818 1762 2865 tantum
1806 2812 2098 2867 antistitem

493 2903 854 2968 Ambrosium,
889 2913 942 2958 et
969 2902 1266 2958 doctrinam
1297 2902 1583 2957 salutarem
1626 2902 1882 2958 Ecclesia
1913 2901 2098 2958 catho-

492 2993 635 3060 lica},
661 3005 714 3050 et
741 2994 917 3048 divina
943 2993 1240 3064 perciperet
1260 2992 1607 3047 Sacramenta
1634 2992 1680 3045 ³.

497 3086 723 3142 CAPUT
768 3083 830 3140 11.
873 3115 944 3124 -
989 3085 1196 3138 Relictis
1248 3085 1479 3138 omnibus
1519 3078 1728 3152 suscipit
1769 3083 2086 3155 propositum

713 3176 958 3232 seruiendi
987 3174 1119 3240 Deo,
1135 3178 1250 3246 jam
1279 3191 1426 3229 anms
1455 3175 1621 3240 maior
1647 3173 1871 3246 triginta.

571 3271 802 3341 Moxque
843 3285 908 3325 ex
953 3269 1156 3324 intimis
1199 3269 1374 3322 cordis
1407 3265 1655 3322 medullis
1694 3281 1845 3338 spem
1881 3281 2096 3322 omnem

492 3380 653 3438 quam
696 3361 927 3419 habebat
967 3360 1020 3415 in
1061 3362 1288 3425 saeculo,
1312 3357 1621 3425 dereliquit;
1661 3357 1771 3427 jam
1812 3373 1917 3412 non
1966 3373 2098 3414 uxo-

494 3473 630 3524 rem,
651 3470 755 3513 non
778 3455 916 3509 lilios
939 3454 1137 3512 carnis.
1165 3467 1268 3506 non
1294 3454 1525 3507 divitias.
1549 3465 1650 3504 non
1673 3447 1900 3505 honores
1917 3450 2096 3507 saeculi

497 3565 743 3622 quaerens
763 3546 884 3613 ;sed
903 3546 1010 3601 Deo
1025 3549 1044 3574 κ
1065 3560 1186 3600 cum
1203 3544 1314 3599 suis
1330 3542 1531 3598 servire
1548 3541 1750 3608 statuit,
1771 3541 1890 3595 etin
1915 3540 2027 3608 illo,
2042 3547 2097 3597 et

495 3659 564 3701 ex
585 3643 676 3698 illo
699 3641 890 3715 pusillo
915 3656 1074 3713 grege
1098 3654 1218 3696 esse
1239 3637 1479 3705 studens,
1503 3652 1660 3707 quem
1690 3637 1946 3691 Dominus
1967 3635 2095 3692 allo-

495 3736 694 3807 quitur,
725 3733 944 3788 dicens:
978 3730 1154 3786 Nolite
1174 3733 1364 3796 timere,
1403 3728 1617 3797 pusillus
1666 3745 1807 3800 grex,
1855 3730 2094 3798 quoniam

496 3827 801 3896 complacuit
826 3825 975 3880 Patri
994 3833 1154 3879 oestro
1183 3823 1306 3878 dare
1331 3819 1467 3877 vobis
1493 3837 1719 3894 regnum.
1751 3820 1963 3876 Vendite
1982 3839 2095 3890 qua

497 3921 783 3992 possidetis,
814 3927 861 3974 et
905 3918 1023 3972 date
1060 3917 1425 3988 eleemosynam
1455 3913 1646 3986 :facite
1691 3913 1826 3968 vobis
1865 3913 2092 3972 sacculos

496 4030 596 4068 non
625 4020 1002 4075 veterascentes,
1045 4010 1337 4064 thesaurum
1382 4024 1483 4060 non
1510 4003 1823 4076 deﬁcientem
1858 4005 1912 4061 in
1954 4005 2091 4064 caelis

479 4104 652 4179 (Luc.
686 4119 782 4166 xu,
811 4103 930 4174 32),
954 4111 1010 4158 et
1036 4110 1249 4157 caetera.
1280 4099 1348 4154 Et
1392 4097 1519 4153 illud
1560 4093 1698 4170 quod
1727 4097 1855 4154 dicit
1898 4099 2089 4155 iterum

493 4218 741 4282 provincia
756 4223 916 4282 ortus,
940 4215 1030 4267 sed
1051 4215 1103 4265 in
1124 4213 1360 4275 Numidia,
1381 4212 1524 4282 cujus
1540 4212 1825 4282 epulentum
1846 4225 1902 4263 ac
1923 4214 2090 4267 nobile

494 4276 606 4334 'erat
626 4280 854 4345 oppidum
875 4276 1098 4342 Tagaste,
1122 4283 1384 4340 prepterea
1404 4276 1589 4324 rectius
1617 4276 1865 4325 diceretur
1888 4288 1952 4325 ex
1975 4289 2089 4338 pro-

493 4343 652 4397 vincia
673 4342 840 4394 Atticae
862 4347 1004 4390 natus
1028 4352 1040 4388 :
1067 4346 1262 4397 accepta
1276 4338 1501 4387 nimirum
1515 4338 1683 4397 Att-ica,
1698 4343 1755 4387 ut
1765 4338 1879 4386 olim
1903 4351 1931 4386 a
1954 4345 2090 4388 Ponto

543 4349 652 4394 neia
673 4349 840 4394 Atticae
862 4349 1004 4390 natus
1028 4352 1040 4388 :
1067 4349 1262 4401 διαμένω
1276 4349 1501 4387 nimirum
1515 4349 1683 4397 mm,
1698 4349 1755 4387 ut
1765 4349 1879 4386 onm
1903 4351 1931 4386 a
1954 4349 2086 4388 Pomc

543 4407 638 4478 uno
660 4402 796 4478 mea,
809 4398 1919 4478 ,νεαιρωεβιξιξιξιμίιξξῑιεξςέξθξι.
1926 4412 2086 4478 ears

490 4465 548 4536 in
569 4475 674 4519 tres
693 4465 999 4536 dividebatur
1022 4470 1205 4536 partes,
1231 4465 1453 4536 nimirum
1483 4465 1530 4536 in
1550 4465 1904 4536 Mauritaniam,
1921 4465 2087 4536 humi-

489 4526 625 4596 diam
640 4542 703 4596 ac
716 4523 1119 4596 Mﬁcan_stricte
1151 4531 1390 4596 sumptam
1404 4555 1421 4584 ,
1453 4528 1706 4596 quaeerat

491 4591 754 4652 provincia.
781 4596 837 4641 At
858 4589 1021 4640 lsidori
1044 4585 1339 4652 HiSpalensis
1358 4585 1642 4652 reverentia
1665 4585 1910 4652 prohibuit
1939 4600 2007 4638 ne
2039 4589 2089 4652 in

489 4648 685 4712 textum
707 4652 1078 4702 immitteremus
1113 4648 1439 4712 conjecturam
1473 4648 1686 4712 nostram
1699 4682 1714 4707 ,
1751 4648 1863 4711 quia
1897 4649 2005 4712 ipse
2038 4650 2088 4700 in

488 4710 616 4782 uno
637 4713 704 4763 de
723 4712 1042 4782 samum
1064 4709 1637 4782 «aedes-sues._c=ap.s
1658 4709 1800 4782 '99.“
1825 4709 2088 4782 meum

489 4771 998 4883 gmigw
1020 4773 1321 4883 episcopum,
1340 4771 1458 4824 licet
1488 4771 1540 4822 in
1569 4772 1780 4824 Numidia
1817 4775 1934 4822 urbs
1953 4772 2087 4824 Cala-

488 4837 672 4886 mensis
692 4837 785 4887 sita
807 4839 958 4886 easet.
1048 4837 1103 4884 tit.

556 4900 572 4930 ί
609 4897 806 4961 Salinas.
840 4896 1030 4967 esset!»
1255 4897 1404 4966 me
1431 4909 1447 4944 =

488 4973 659 5028 eorum
673 4956 861 5028 cura'et
885 4956 1151 5028 diligentia,
1176 4956 1438 5028 impensius
1460 4956 1773 5028 sacularibus
1789 4956 1959 5028 litteris
1971 4975 2085 5028 era-

489 5020 620 5073 ditus
635 5057 653 5092 ,
677 5017 897 5087 apprime
1171 5015 1442 5091 disciple
1458 5016 1667 5092 tributus
1680 5058 1692 5080 ,
1720 5031 1839 5092 quas
1864 5020 2086 5076 liberales

487 5091 672 5148 coctast.
707 5085 937 5148 {tametsi
963 5089 1195 5148 parentes
1232 5094 1345 5132 eum
1381 5085 1630 5148 ὶιιλιξεριιδὶεΔ
1650 5085 1828 5144 quibus
1862 5092 2087 5148 poterant

483 5147 720 5212 juverint,
743 5151 809 5197 ex
830 5147 938 5212 ipso
959 5141 1191 5212 inmens.
1215 5141 1633 5212 Doctoreﬂibro}
1653 5141 2085 5212 chatraﬁcademi-

488 5205 592 5274 eos.
610 5222 660 5259 ιι.
683 5205 734 5274 ξ.
757 5205 946 5274 conss
1261 5205 1550 5274 somniant.
1571 5207 1626 5274 in
1649 5207 1889 5274 marha
1906 5209 2083 5270 pm-

487 5241 956 5335 ιίῗιὲιδῖέωνξεη
965 5241 1626 5335 mmet:
1643 5241 2084 5335 gessisset;

488 5330 740 5404 :
771 5341 898 5404 an;
909 5345 992 5384 me
1478 5330 1774 5404 pauperem,
1815 5331 2000 5404 inquit,
2022 5333 2084 5404 ad

485 5396 753 5462 esteem
771 5393 929 5462 studia
1259 5428 1278 5456 ι
1301 5400 1356 5462 ει
1375 5392 1519 5444 (Ionio
1547 5392 1600 5446 et
1619 5400 1835 5458 smptu.
1860 5392 1936 5454 et.-
1954 5395 2082 5457 quod

485 5456 598 5524 plus
615 5456 716 5521 cst,
737 5456 898 5510 animo
921 5456 1177 5521 excepisti.
1196 5471 1226 5530 ρ
1317 5459 1375 5506 tt.

552 5521 573 5555 ί
605 5521 775 5573 Plures
795 5527 926 5573 ωε..
945 5521 992 5572 et
1012 5521 1244 5573 prouertu.

551 5553 573 5618 ί
1307 5583 1366 5633 Et
1387 5578 1598 5634 dﬂiitttan
1619 5579 1886 5648 perciperet
1906 5588 2079 5632 sacra-

485 5655 712 5702 ama.

551 5655 742 5776 alii,
877 5721 997 5764 Deo.
1022 5708 1171 5776 Abest
1197 5705 1340 5776 soli;
1362 5713 1465 5760 MSS.
1483 5703 1750 5776 ——_$alina_s,
1768 5717 1833 5758 ex
1856 5706 1946 5776 _cd.
1979 5718 2078 5776 uno

490 5767 678 5826 vatim:
703 5767 796 5828 s'ed
821 5784 924 5829 Deo
955 5770 1136 5827 servire
1170 5769 1473 5824 conﬂauerit.
1497 5769 1631 5824 alter
1656 5767 1742 5821 (xl.
1769 5771 1916 5822 vatic.
1944 5783 1958 5819 :
1984 5767 2078 5822 sed
2127 5779 2154 5785 '

488 5831 1348 5898 Dmmuimessemm.
1497 5838 1554 5885 Π.

2224 405 2500 474 Dominus,
2532 409 2670 467 idem
2692 411 2773 466 vir
2791 413 3004 468 sanctus
3027 408 3202 467 facere
3231 411 3451 483 cupiens
3482 428 3496 467 :
3531 411 3592 468 Si
3608 414 3682 470 vis
3705 427 3803 473 esse

2225 504 2494 572 μεγίστοιν,
2530 502 3797 576 “mw-Madame:

2225 595 2425 650 habebis
2446 597 2734 650 thesaurum
2758 596 2812 650 in
2831 597 3002 662 caelis;
3031 607 3076 651 et
3101 597 3230 664 ueni,
3256 613 3460 669 sequere
3486 614 3566 652 me
3587 596 3793 670 (Matth.

2220 697 2333 752 xu,
2362 686 2475 758 ει).
2502 687 2572 743 Et
2599 703 2760 759 super
2786 687 2908 744 ﬁdei
2934 688 3337 746 fundamentum
3362 689 3627 746 aediﬁcare
3671 690 3796 748 desi-

2220 780 2418 836 derans
2445 783 2484 848 ¹,
2517 797 2623 838 non
2649 783 2810 854 ligna,
2841 781 3042 849 fenum,
3074 793 3130 840 et
3163 784 3443 854 stipulam;
3474 785 3568 840 sed
3601 800 3793 852 aurum,

2219 883 2519 955 argentum,
2559 884 2614 929 et
2655 874 2858 945 lapides
2898 877 3180 946 pretiosos.
3225 875 3295 932 Et
3329 886 3444 933 erat
3484 885 3614 934 tunc
3661 880 3796 934 annis

2218 953 2390 1035 ’παίω
2417 953 2652 1038 triginta,
2676 967 2791 1024 sola
2814 965 3100 1038 superstite
3127 976 3298 1024 matre
3325 963 3370 1037 ⁸,
3401 967 3616 1040 sibique
3634 969 3796 1025 adhue.

2218 1067 2388 1123 rente,
2431 1071 2486 1115 et
2525 1060 2598 1116 de
2637 1067 2885 1133 Suscepto
2927 1061 3048 1133 ejus
3078 1062 3356 1133 propesite
3394 1061 3662 1118 serviendi
3698 1063 3795 1120 Deo

2217 1151 2445 1222 amplius
2490 1168 2647 1229 quam
2679 1154 2746 1210 de
2769 1155 2944 1210 carnis
2986 1155 3267 1226 nepotibus
3307 1155 3626 1211 exsultante.
3679 1154 3795 1212 Nam

2217 1243 2332 1314 ejus
2381 1255 2532 1314 pater
2575 1255 2730 1302 antea
2769 1243 3050 1304 defunctus
3087 1255 3222 1303 erat.
3262 1246 3605 1303 Renuntiavit
3650 1248 3794 1304 etiam

2216 1337 2563 1403 scholasticis,
2594 1355 2728 1410 quos
2756 1339 3078 1396 rhetoricam
3121 1339 3365 1409 docebat,
3409 1348 3468 1396 ut
3507 1340 3607 1396 sibi
3648 1341 3794 1412 magi-

2215 1439 2383 1486 strum
2413 1427 2574 1488 alium
2621 1431 2981 1504 providerent,
3013 1450 3078 1492 eo
3115 1437 3257 1506 quod
3301 1435 3504 1491 servire
3548 1434 3661 1491 Deo
3694 1434 3793 1506 ipse

2214 1523 2557 1580 decrevisset.

2330 1635 2556 1693 CAPUT
2586 1635 2672 1692 Ill.
2697 1669 2764 1677 —
2795 1638 3032 1694 Secessus
3054 1639 3347 1711 Augustini.
3374 1638 3596 1707 Quidam
3629 1641 3691 1698 ab

2707 1728 2986 1801 Augustino
3013 1745 3299 1788 conversus.

2283 1820 2361 1876 Ac
2405 1821 2601 1892 placuit
2635 1821 2687 1878 ei
2729 1831 2981 1894 percepta
3024 1823 3194 1896 gratia
3221 1818 3246 1857 ⁸
3273 1830 3397 1882 cum
3440 1825 3558 1883 aliis
3602 1827 3784 1886 civibus

2211 1919 2266 1967 et
2319 1914 2505 1970 amicis
2560 1914 2671 1970 suis
2735 1915 2848 1970 Deo
2901 1915 3101 1988 pariter
3158 1917 3508 1975 servientibus
3556 1921 3625 1976 ad
3660 1920 3777 1977 Afri-

2209 2018 2326 2060 cam
2353 2013 2408 2061 et
2434 2007 2703 2079 propriam
2733 2005 2952 2064 domum
2979 2023 3244 2081 agrosque
3265 2025 3528 2066 remeare.
3560 2011 3646 2067 Ad
3673 2027 3786 2084 quos

2209 2097 2449 2165 veniens,
2474 2108 2526 2153 et
2555 2099 2605 2153 in
2631 2093 2823 2171 quibus
2850 2100 3190 2166 constitutus,
3221 2097 3389 2158 ferme
3413 2100 3664 2170 triennio,
3695 2103 3790 2159 eti

2209 2204 2267 2244 se
2287 2189 2395 2258 jam
2425 2186 2666 2246 alienatis
2683 2192 2825 2248 curis
2851 2191 3196 2250 smeularibus
3221 2191 3263 2260 ⁸,
3291 2209 3410 2250 cum
3439 2193 3504 2250 iis
3522 2195 3613 2267 qui
3629 2196 3790 2252 eidem

2209 2279 2573 2348 adbarehant,
2603 2283 2713 2339 Deo
2736 2284 2966 2350 vivebat,
2994 2285 3230 2357 jejunits,
3248 2287 3593 2354 orationibus,
3614 2289 3789 2344 bonis-

2208 2389 2313 2443 que
2340 2375 2611 2444 operibus,
2641 2377 2694 2431 in
2722 2377 2838 2448 lege
2858 2377 3068 2432 Domini
3096 2378 3360 2434 meditans
3398 2379 3482 2435 die
3524 2395 3585 2435 ac
3620 2390 3788 2436 nocte.
3893 2413 3910 2438 ει

2207 2464 2276 2520 Ει
2296 2465 2364 2521 de
2389 2467 2452 2523 iis
2471 2483 2589 2538 qua:
2609 2469 2709 2525 sibi
2738 2470 2878 2526 Deus
2901 2469 3154 2542 cogitanti
3178 2477 3338 2541 atque
3376 2473 3547 2526 oranti
3587 2472 3787 2528 intelleo

2207 2565 2290 2613 cta
2321 2560 2622 2628 revelabat;
2665 2571 2717 2617 et
2759 2572 3053 2632 praesentes
3080 2572 3134 2617 et
3167 2562 3416 2619 absentes
3465 2565 3786 2620 sermonibus

2205 2665 2270 2706 ac
2289 2651 2436 2708 libris
2481 2652 2724 2709 docebat.
2775 2651 3008 2724 Contigit
3053 2653 3188 2709 forte
3232 2653 3423 2708 eodem
3459 2663 3721 2725 tempore,
3739 2664 3783 2710 ut

2205 2743 2418 2814 quidam
2458 2761 2522 2800 ex
2572 2747 2636 2800 iis
2676 2761 2810 2818 quos
2851 2747 3034 2801 dicunt
3088 2749 3318 2817 Agentes
3355 2747 3409 2801 in
3448 2747 3632 2814 rebus,
3664 2747 3777 2819 apud

2203 2835 2754 2910 Hipponem-Regium
2813 2839 3166 2904 constitutus,
3233 2839 3370 2895 bene
3437 2839 3782 2906 christianus,

2204 2928 2476 2999 Deumque
2497 2931 2714 2997 timens,
2742 2940 3012 3000 comperta
3041 2931 3154 3000 ejus
3189 2917 3326 2984 bona
3352 2929 3491 2984 fama
3521 2941 3687 3002 atque
3708 2931 3786 2987 do-

2203 3019 2394 3086 ctrina,
2420 3020 2748 3076 desideraret
2776 3033 2933 3088 atque
2959 3029 3169 3090 optaret
3194 3036 3316 3075 eum
3344 3020 3546 3090 videre,
3578 3025 3786 3094 promit-

2203 3117 2325 3164 tens
2350 3125 2408 3165 se
2438 3125 2592 3180 posse
2606 3110 2790 3165 mundi
2818 3110 2975 3180 hujus
2999 3125 3186 3166 omnes
3210 3120 3556 3168 contemnere
3591 3113 3786 3186 cupidi-

2202 3207 2337 3258 tates
2363 3209 2524 3272 atqne
2563 3201 2862 3268 illecebras,
2909 3202 2954 3256 si
2996 3201 3280 3272 aliquando
3307 3218 3370 3257 ex
3419 3203 3536 3274 ejus
3581 3219 3681 3262 ore
3707 3202 3790 3262 Dei

2201 3293 2425 3349 verbum
2451 3292 2636 3348 audire
2655 3293 2957 3349 meruisset.
2986 3293 3138 3360 Quod
3167 3309 3288 3348 cum
3314 3291 3380 3348 ad
3410 3307 3467 3350 se
3494 3293 3640 3352 ﬁdeli
3678 3292 3790 3353 fuis-

2202 3395 2286 3441 set
2308 3385 2567 3458 relatione
2605 3384 2862 3453 delatum,
2894 3385 3122 3440 liberare
3143 3383 3165 3416 ⁸
3193 3386 3425 3440 animam
3478 3389 3702 3458 cupiens
3729 3388 3789 3444 ab

2202 3479 2361 3550 hujus
2385 3479 2508 3534 vita:
2533 3455 2782 3549 periculis
2808 3489 3083 3549 morteque
3110 3489 3329 3545 mterna,
3354 3478 3421 3533 ad
3443 3491 3789 3536 memoratam

2202 3571 2343 3626 ultro
2375 3580 2535 3642 atque
2577 3569 2857 3626 confestim
2904 3571 3047 3625 venit
3093 3570 3381 3640 civitatem,
3422 3581 3478 3628 et
3521 3571 3791 3628 hominem

2200 3665 2372 3718 visum
2424 3664 2684 3719 allocutus
2736 3663 3062 3733 frequentius
3111 3674 3270 3734 atque
3324 3662 3634 3719 exhortatus
3687 3672 3789 3730 est,

2199 3765 2453 3826 quantum
2487 3756 2624 3812 Deus
2649 3755 2896 3820 donabat,
2926 3764 2984 3809 ut
3028 3753 3168 3826 quod
3199 3755 3308 3810 Deo
3348 3763 3562 3811 voverat
3613 3755 3790 3812 reddi-

2199 3848 2383 3904 disset.
2421 3849 2497 3903 Ac
2523 3848 2544 3878 ⁸
2571 3863 2629 3903 se
2654 3846 2743 3902 ille
2772 3841 2839 3902 de
2867 3846 3021 3901 diein
3043 3846 3183 3902 diem
3206 3846 3465 3902 facturum
3506 3847 3788 3918 polliceba-

2198 3949 2305 4010 tur,
2337 3956 2437 3997 nec
2466 3950 2642 3996 tamen
2687 3939 2740 3995 in
2785 3939 2899 4009 ejus
2921 3947 3047 3994 tunc
3073 3939 3172 3996 hoc
3198 3938 3432 4010 implevit
3461 3940 3744 4011 praesentia
3769 3955 3782 3992 :

2197 4035 2294 4090 sed
2317 4049 2507 4090 vacare
2536 4035 2718 4104 utique
2745 4034 2766 4065 "
2797 4041 2852 4088 et
2898 4033 3052 4086 inane
3099 4046 3216 4088 esse
3256 4049 3362 4088 non
3404 4034 3595 4105 potuit,
3651 4029 3783 4104 quod

2195 4142 2292 4199 per
2317 4127 2422 4182 tale
2443 4141 2537 4180 vas
2560 4125 2817 4180 mundum
2845 4125 2974 4180 etin
3017 4124 3236 4192 honore,
3286 4124 3416 4179 utile
3453 4125 3700 4192 Domino,
3734 4129 3781 4178 et

2195 4220 2262 4276 ad
2303 4235 2464 4276 omne
2512 4233 2646 4290 opus
2690 4218 2889 4274 bonum
2933 4227 3174 4287 paratum
3208 4215 3280 4290 (ll
3309 4215 3443 4270 Tim.
3493 4233 3550 4284 η,
3577 4216 3780 4290 21),’ὶη

2195 4313 2342 4370 omni
2369 4313 2487 4369 luco
2514 4311 2690 4368 divina
2704 4311 2922 4382 gerebat
2942 4310 3289 4380 providentia.

2299 4428 2527 4486 CAPUT
2557 4427 2644 4483 Π.
2666 4457 2746 4486 -—,
2761 4427 2973 4498 Capitur
3000 4428 3067 4481 ad
3107 4427 3406 4498 presbyterii
3431 4427 3672 4499 gradum.

2278 4531 2480 4587 Eodem
2525 4530 2704 4600 itaque
2754 4485 2992 4599 tempore
3047 4485 3120 4583 in'
3169 4485 3404 4585 Ecclesia
3431 4485 3774 4601 uilipponensi

2194 4625 2456 4681 catholica
2486 4623 2729 4679 Valerius
2762 4631 2979 4677 sanctus
3011 4621 3375 4692 episcopatum
3415 4624 3656 4693 gerebat.
3687 4617 3774 4688 Qui

2193 4733 2314 4775 cum
2334 4761 2350 4786 ,
2382 4718 2651 4789 ﬂagitante
2681 4715 3042 4772 ecclesiastica
3085 4716 3400 4772 necessitate
3422 4717 3468 4783 ⁸,
3509 4716 3582 4773 de
3617 4713 3775 4786 provi-

2255 4961 2276 4991 ²
2311 4965 2452 5009 Juxta
2475 4957 2672 5022 salinas,
2697 4958 2891 5022 quidam
2908 4952 3425 5022 Cddfadduntnomen
3449 4959 3634 5022 matris,
3659 4967 3771 5010 Mon-

2190 5018 2328 5091 niea;
2355 5025 2408 5091 et
2428 5019 2574 5084 paulo
2593 5018 3092 5091 post—patrisnomen,
3111 5019 3243 5091 quod
3268 5026 3345 5091 est
3368 5018 3627 5073 Patricius.

2253 5086 2275 5117 s
2306 5079 2986 5158 Διτεξι-ιξρειιιιίλέατκὶεηιὶ
3014 5079 3204 5148 gratia;
3233 5082 3322 5133 sed
3355 5096 3530 5134 vocem
3567 5079 3768 5147 Bqltismi

2190 5159 2287 5197 non
2311 5147 2493 5196 habent
2518 5153 2622 5194 Mss.

2253 5208 2275 5240 ⁸
2306 5215 2485 5272 Omnes
2503 5215 2610 5256 Mss.
2636 5206 2863 5272 omittunt
2884 5204 3020 5272 curis
3041 5204 3374 5272 διαιρέαι-ὤθεε,
3400 5213 3453 5258 et
3477 5221 3545 5272 ex
3559 5201 3636 5258 his
3655 5215 3769 5254 unus
3875 5201 3930 5272 1:,

2188 5268 2610 5339 [loriacensis-p-ro
2631 5265 2863 5339 alienatis
2884 5270 3081 5339 praetert
3116 5265 3368 5339 alienatus.
3391 5296 3453 5306 —
3475 5271 3679 5339 salinas,
3710 5277 3763 5314 ex

2186 5332 2376 5393 duobus
2411 5329 2671 5393 codicibus,
2709 5329 3033 5393 servat-curis
3068 5329 3413 5393 swcularibus;
3452 5344 3518 5383 ex
3552 5332 3630 5381 Cd.
3661 5329 3762 5390 Reg.

2189 5390 2676 5456 1025:510ij
2698 5390 3152 5456 aﬁcnalispristinls
3173 5390 3763 5456 uitiauit-novatam:

2186 5457 2271 5519 qui
2292 5457 2469 5507 omittit
2489 5451 2622 5506 curis
2643 5451 2974 5516 sacularibus,
2998 5453 3122 5518 legit
3141 5451 3395 5507 alienatae.
3482 5465 3540 5509 id.

2252 5519 2274 5551 ⁸
2307 5518 2504 5570 Salinas.
2531 5529 2594 5566 ex
2619 5515 2732 5565 edd.
2750 5516 2940 5566 duobus
2961 5519 3128 5570 Vatia"
3433 5527 3491 5568 tt.

2252 5529 2274 5551 ο
2307 5529 2504 5579 salinas,
2531 5529 2594 5566 ex
2619 5529 2732 5565 υαα.
2750 5529 2940 5566 duobus
2963 5529 3128 5578 vane,
3152 5529 3367 5570 morm.
3433 5529 3491 5568 Μ.

2250 5579 2274 5611 ⁸
2304 5580 2455 5632 Editio
2483 5577 2831 5639 Lugdunensis,
2855 5576 2980 5629 hac.
3068 5585 3124 5629 tt.

2247 5641 2268 5676 '
2301 5635 3210 5703 Idd.:seﬂmmtutique.—ldem
3245 5640 3424 5694 salinas
3459 5657 3524 5694 ex
3561 5635 3757 5693 unum.

2187 5713 2667 5827 “innisum
2685 5771 2802 5831 Reg.
2819 5765 2909 5818 stt
2928 5778 2942 5817 :

3870 3405 3891 3968 3’

3870 4013 3888 4118 ἓ

3897 3161 3916 3168 υ.

3907 3191 3916 3198 ι

3913 3544 3917 3554 r

3912 4300 3918 4310 ν

3934 3172 3948 3204 ὲ

3921 3262 3945 3294 ’Ἰ

3943 3379 3945 3396 |

3927 3733 3943 3752 ,Ι

3921 4109 3928 4138 ἐ

3939 4217 3941 4236 l

3903 4567 3939 4612 'tt'l

3901 4659 3931 4702 ιεξ

3909 4751 3914 4766 ’
3927 4763 3937 4784 η

3870 4941 3935 5057 LI

3901 5057 3936 5080 Ἰ

3870 5057 3935 5179 l9}

3875 5195 3935 5272 in

3875 5257 3933 5439 l.

3757 5489 3934 6390 Ι

3903 5827 3914 5872 l

3899 5891 3932 5952 ‘1‘
