3948 6402
500 358 575 422 se
1609 361 1765 419 vna
1804 357 1861 420 s.
1901 321 2263 421 aucusruvt
2305 361 2607 421 EPlSCOPI
3699 368 3758 429 to

500 479 668 548 blice,
704 478 756 534 in
786 477 944 535 domo
983 485 1038 534 et
1079 478 1130 533 in
1171 477 1425 543 ecclesia,
1465 478 1648 534 salutis
1686 481 1907 536 verbum
1947 496 2067 535 cum

498 570 644 626 omni
685 569 871 626 ﬁducia
909 571 1162 626 adversus
1188 569 1460 625 Africanas
1501 569 1766 636 haereses,
1811 572 2070 627 maxime-

495 681 600 737 que
626 674 808 721 contra
847 665 1177 731 Donatistae,
1215 663 1533 720 Manichteos
1557 674 1613 721 et
1655 665 1892 736 Paganos
1921 666 1939 698 ⁸
1960 707 1976 733 ,
2007 665 2068 720 Ιί-

491 756 601 813 bris
627 754 914 821 confectis,
957 763 1012 811 et
1050 755 1340 826 repentinis
1367 757 1389 788 ¹
1420 756 1788 821 sermonibus,
1831 755 2068 812 ineffabi-

488 846 612 904 liter
656 845 1042 902 admirantibus
1067 844 1380 901 Christianis
1424 855 1479 903 et
1503 846 1886 902 collactantibus
1913 846 1963 909 ³,
2014 854 2070 902 et

490 936 596 996 hoc
641 938 811 1009 ipsum
851 938 939 993 ubi
978 947 1222 1009 poterant
1266 955 1374 995 non
1415 939 1743 1006 tacentibus,
1780 939 1874 995 sed
1915 939 2065 994 diffa-

489 1029 778 1084 mantibus.
825 1028 1050 1101 Sicque,
1102 1030 1385 1101 adjuvante
1432 1031 1657 1086 Domino
1686 1031 1742 1097 ⁸,
1791 1032 1968 1087 levare
2012 1031 2063 1086 in

487 1120 664 1178 Africa
712 1120 952 1177 Ecclesia
989 1120 1248 1188 catholica
1290 1136 1481 1178 exorsa
1531 1131 1614 1178 est
1660 1122 1900 1191 caput“,
1946 1137 2062 1193 quae

481 1211 653 1269 multo
676 1220 910 1282 tempore
930 1212 1039 1269 illic
1063 1212 1082 1243 ⁸
1108 1213 1602 1269 convalescentibus
1625 1213 1906 1280 haereticis,
1930 1229 2062 1283 prae-

481 1303 739 1373 cipueque
768 1302 1131 1375 rebaptizante
1167 1304 1356 1359 Donati
1401 1312 1551 1374 parte
1589 1305 1844 1373 majorem
1885 1304 2062 1358 multi-

478 1394 716 1452 tudinem
752 1395 1032 1462 Afrorum,
1075 1395 1291 1450 seducta
1325 1402 1380 1450 et
1413 1411 1664 1467 oppressa
1691 1395 1898 1466 iacebat
1925 1395 1965 1448 ⁷.
1996 1396 2062 1450 Et

479 1485 581 1543 hos
606 1485 722 1556 ejus
747 1485 912 1540 libros
941 1486 1053 1542 sive
1085 1493 1340 1541 tractatus
1375 1486 1601 1542 mirabili
1631 1485 1724 1540 Dei
1749 1486 1914 1556 gratia
1940 1501 2060 1555 pro-

478 1576 730 1632 cedentes
773 1591 836 1632 ac
875 1576 1220 1646 profluentes,
1269 1577 1555 1632 instructos
1600 1575 1820 1631 rationis
1863 1577 2013 1646 copia
2037 1619 2052 1644 ,

475 1676 636 1740 atque
662 1669 978 1724 auctoritate
1007 1676 1309 1723 sanctarum
1339 1667 1728 1738 Scripturarum
1749 1707 1766 1734 ,
1800 1667 1898 1738 ipsi
1927 1682 2058 1738 quo-

475 1777 592 1833 que
623 1762 857 1817 haeretici
909 1768 1292 1816 concurrentes
1339 1775 1461 1815 cum
1514 1759 1800 1814 Catliolicis
1859 1759 2055 1830 ingenti

473 1852 667 1910 ardore
694 1852 979 1908 audiebant
1009 1875 1023 1905 :
1057 1860 1112 1908 et
1139 1851 1408 1922 quisquis,
1438 1860 1497 1906 ut
1530 1850 1726 1915 voluit,
1758 1859 1813 1905 et
1853 1850 2052 1920 potuit,

472 1946 710 2003 notarios
733 1945 1025 2014 adhibens,
1053 1946 1213 2001 etiam
1250 1960 1311 2000 ea
1340 1960 1458 2014 qua:
1483 1944 1797 1999 dicebantur
1830 1953 2051 2015 excepta

470 2038 770 2110 descripsit.
794 2039 862 2094 Et
885 2039 1009 2094 inde
1029 2038 1138 2110 jam
1165 2054 1262 2109 per
1283 2046 1448 2093 totum
1477 2037 1670 2092 Africae
1699 2053 1893 2107 corpus
1921 2053 2055 2106 prac-

469 2132 614 2190 clara
657 2133 897 2188 doctrina
941 2131 1181 2204 odorque
1221 2132 1567 2187 suavissimus
1609 2130 1804 2186 Christi
1832 2130 2054 2186 diﬁ‘usus

466 2232 526 2281 et
552 2222 919 2279 manifestatus
952 2231 1067 2290 cst,
1112 2221 1474 2294 congaudente
1507 2235 1750 2293 quoque,
1796 2237 1862 2277 eo
1904 2237 2054 2276 com-

468 2324 651 2386 perto,
679 2313 917 2369 Ecclesia
944 2313 1037 2369 Dei
1080 2313 1451 2368 transmarina.
1479 2312 1741 2379 Quoniam
1767 2313 1905 2368 sicut
1929 2313 2054 2368 dum

467 2405 666 2476 patitur
703 2421 865 2459 unum
888 2405 1219 2470 membrum,
1245 2405 1640 2475 compatiuntur
1676 2405 1850 2459 omnia
1887 2421 2054 2460 mem-

467 2495 595 2564 bra;
643 2496 714 2551 ita
759 2497 918 2551 etiam
964 2511 1086 2551 cum
1131 2497 1458 2567 gloriﬁcatur
1504 2513 1665 2552 unum
1718 2498 2048 2567 membrum,

466 2589 802 2659 congaudent
827 2589 1003 2644 omnia
1029 2589 1264 2644 membra
1295 2591 1318 2623 ⁸
1348 2587 1369 2659 (
1391 2590 1408 2644 Ι
1429 2588 1546 2646 Cor.
1572 2607 1668 2656 xu,
1700 2591 1814 2662 26).

465 2677 693 2736 CAPUT
725 2679 934 2735 Vlll.—-
962 2679 1267 2751 Designatur
1290 2683 1571 2752 episcopus,
1601 2685 1710 2737 vivo
1741 2682 1971 2752 Valerio,
2006 2696 2052 2742 et

848 2772 880 2826 ὰ
902 2769 1127 2842 Megalia
1151 2773 1364 2843 primate
1387 2775 1668 2829 ordinatur.

456 2849 462 2855 ’
537 2861 632 2918 1118
663 2876 792 2917 vero
827 2862 1015 2918 beatus
1053 2878 1219 2919 senex
1261 2864 1504 2921 Valerius
1543 2869 1752 2925 caeteris
1817 2887 1882 2927 ex
1949 2873 2051 2930 hoc

462 2953 690 3022 amplius
715 2955 1016 3020 exsultans,
1045 2963 1101 3010 et
1142 2955 1253 3011 Deo
1284 2958 1483 3026 gratias
1509 2975 1671 3030 agens
1703 2960 1772 3016 de
1795 2977 2049 3018 concesso

463 3046 565 3102 sibi
611 3047 826 3116 speciali
868 3046 1161 3112 beneﬁcio,
1210 3057 1450 3104 metuere
1477 3055 1676 3118 coepit,
1714 3061 1771 3105 ut
1820 3060 1904 3106 est
1950 3053 2049 3107 liu-

465 3154 654 3198 manus
700 3139 940 3207 animus,
987 3155 1056 3196 ne
1096 3141 1165 3196 ab
1201 3140 1302 3194 alia
1338 3141 1576 3197 Ecclesia
1625 3143 1902 3198 sacerdote
1943 3146 2048 3213 pri-

463 3237 618 3299 vata,
648 3229 714 3286 ad
756 3232 1120 3301 episcopatum
1167 3241 1527 3302 quaereretur,
1572 3241 1626 3287 et
1671 3233 1770 3288 sibi
1814 3233 2048 3289 auferre-

463 3329 551 3378 tur
583 3337 745 3378 :nam
782 3310 841 3378 et
878 3322 931 3377 id
957 3323 1324 3392 provenisset,
1369 3323 1472 3378 nisi
1509 3331 1564 3377 et
1603 3323 1706 3378 hoc
1748 3323 1887 3378 idem
1929 3326 2042 3394 epi-

462 3430 658 3485 scopus
683 3415 894 3486 cognito
917 3455 931 3479 ,
964 3413 1032 3469 ad
1057 3413 1234 3469 locum
1266 3423 1529 3471 secretum
1557 3430 1677 3470 eum
1708 3417 1936 3471 transire
1962 3433 2045 3472 cu-

460 3518 633 3566 rasset
661 3511 719 3576 9,
765 3515 927 3579 atque
975 3507 1291 3562 occultatum
1345 3523 1376 3562 a
1422 3509 1782 3579 quaerentibus
1828 3511 2044 3566 minime

459 3595 686 3657 inveniri
717 3597 947 3654 fecisset.
983 3596 1132 3654 Unde
1153 3596 1380 3666 amplius
1404 3596 1692 3654 formidans
1717 3599 1854 3654 idem
1879 3616 2040 3655 vene-

459 3691 644 3750 rabilis
671 3705 833 3746 senex
853 3731 867 3756 ,
909 3696 966 3744 et
997 3689 1171 3743 sciens
1200 3703 1259 3743 se
1285 3704 1508 3758 corpore
1535 3701 1588 3744 et
1613 3699 1766 3746 aelate
1793 3691 2042 3746 inﬁrmis-

458 3782 652 3841 simum
671 3825 686 3850 ,
717 3782 824 3851 egit
851 3778 1070 3834 secretis
1089 3780 1280 3835 litteris
1305 3781 1442 3850 apud
1469 3782 1745 3851 primatem
1769 3784 2043 3853 episcopo-

457 3889 578 3930 rum
589 3867 1121 3939 Carthaginensem“,
1131 3869 1365 3940 allegans
1377 3871 1786 3927 imbecillitatem
1803 3875 2040 3943 corporis

459 3965 542 4021 sui
568 3962 842 4031 aetatisque
869 3960 1180 4031 gravitatem
1202 4003 1218 4028 ,
1247 3969 1300 4016 et
1324 3961 1612 4016 obsecrans
1634 3970 1691 4016 ut
1715 3963 2040 4033 Hipponensi

458 4053 716 4112 Ecclesia:
757 4051 1091 4106 ordinaretur
1128 4052 1440 4123 episcopus,
1481 4067 1588 4123 quo
1625 4069 1733 4107 suae
1775 4053 2040 4108 cathedrae

457 4159 568 4201 non
597 4153 703 4200 tam
726 4141 1068 4210 succederet,
1111 4142 1209 4198 sed
1247 4144 1600 4200 consacerdos
1627 4145 1900 4200 accederet
1926 4145 2038 4199 Au-

458 4235 724 4307 gustinus.
775 4234 841 4288 Et
881 4248 1000 4303 quae
1042 4235 1242 4304 optavit
1283 4243 1337 4290 et
1378 4235 1580 4305 rogavit
1621 4245 1902 4307 satagens,
1950 4253 2037 4292 re-

458 4326 660 4397 scripto
688 4327 1007 4398 impetravit.
1032 4327 1102 4383 Et
1135 4335 1317 4398 postea
1347 4327 1512 4397 petito
1548 4327 1616 4381 ad
1642 4322 1958 4383 visitandum
1984 4339 2036 4384 et

455 4417 769 4475 adveniente
800 4421 840 4452 “
886 4420 954 4476 ad
997 4419 1287 4477 Ecclesiam
1321 4419 1712 4489 Hipponensem
1746 4427 1870 4475 tunc
1925 4421 2035 4492 pri-

485 4531 540 4603 ,ιβ
571 4531 710 4603 Editi,
733 4537 780 4584 et
802 4531 1111 4603 Pelagianos;
1131 4531 1481 4603 reluctantibus
1500 4534 1848 4603 manuscriptis,
1863 4541 1917 4603 et
1929 4549 2036 4587 me-

454 4594 550 4666 rito
572 4594 785 4666 quidem;
809 4594 1069 4660 Augustino
1091 4594 1223 4648 enim
1244 4596 1531 4660 presbytero
1551 4594 1760 4646 nondum
1783 4594 1875 4647 orti
1899 4606 2036 4649 erant

456 4652 719 4789 #:3833113;
741 4721 797 4789 _et
829 4716 1056 4782 repetitis.
1082 4725 1140 4771 At
1162 4727 1271 4770 Mss.
1297 4726 1312 4769 :
1338 4722 1395 4771 Et
1429 4717 1720 4783 repentinis;
1749 4719 1796 4768 id
1830 4728 1930 4782 est,
1948 4735 2034 4772 ex-

456 4783 1175 4894 resecis-mm

517 4899 540 4932 ι
797 4874 1343 4968 ἵεέῗῗΐίῇὲηᾜιίωω.
1387 4909 1534 4969 Atque
1574 4905 1666 4955 Dei
1705 4906 1852 4969 dono,
1905 4905 2031 4957 leva-

785 5026 1127 5103 eam-ﬁes-
1143 5027 1230 5103 ξιί
1251 5041 1264 5078 =
1283 5027 1596 5103 summ
1619 5027 1708 5080 οεί
1729 5043 1829 5103 vae
1843 5030 1893 5081 ξπ
1911 5030 2032 5103 ari-

452 5098 579 5136 cana
592 5086 801 5159 Ecclesia
813 5095 920 5139 orta
932 5094 1021 5162 est,
1042 5086 1174 5154 apud
1197 5102 1341 5154 quam
1361 5086 1509 5142 inulto
1528 5086 1755 5156 tempore,
1781 5100 1875 5144 etc.
1923 5086 1961 5141 ai

516 5145 540 5180 ⁸
570 5149 767 5200 Codices
792 5158 921 5203 Mss.
939 5148 1053 5203 illis.

513 5211 538 5286 ζ
1150 5213 1271 5286 11⁸88
1295 5219 1389 5286 :_Et
1408 5227 1634 5280 oppressa
1654 5214 1853 5286 tacelmt.
1894 5222 1966 5286 at:

514 5271 538 5342 ξ
558 5277 620 5342 in
645 5271 788 5342 editis
808 5274 995 5342 additur
1011 5285 1137 5342 :‘Per
1159 5274 1288 5342 idem
1308 5271 1677 5342 tempuscoram
1697 5275 1928 5342 episcopis
1941 5275 2030 5342 Itoc

450 5331 530 5386 illi
538 5333 832 5402 jubentibua,
861 5333 955 5402 qui
980 5335 1254 5402 plentm'um
1275 5331 1416 5402 totius
1446 5339 1618 5402 Africa:
1909 5337 2028 5402 Hip-

450 5395 898 5473 ρσηεθρςοςπιιρςάέ
917 5395 1017 5473 ﬁre
1051 5405 1097 5452 ει
1125 5395 1608 5473 eammeam
1631 5398 1790 5473 eam

449 5457 541 5532 ulla
861 5457 1015 5532 verba
1038 5475 1111 5532 ex
1135 5457 1261 5511 libro
1287 5457 1440 5532 primo
1474 5457 1903 5532 nctractationum;
1921 5474 2025 5524 cap.

451 5521 541 5598 l7,
567 5521 757 5598 temere
793 5523 888 5575 huc
921 5523 1174 5585 translata;
1211 5521 1323 5573 nam
1355 5524 1530 5574 absunt
1568 5522 1761 5573 omnino
1795 5535 1824 5572 a
1858 5521 2027 5572 mami-

448 5591 762 5722 ἀἶΪ
779 5660 842 5698 ει
858 5660 958 5722 ιωρ
972 5645 1641 5722 φράίοεέιερψτξιτψιιβνε
1655 5651 1914 5722 mea...
1936 5654 2007 5722 Mf.

515 5708 559 5741 ⁸ο
591 5714 691 5760 Duo
712 5709 1020 5773 manuscripti
1034 5722 1049 5759 :
1062 5708 1200 5773 apud
1221 5707 1474 5772 primatem
1491 5707 1763 5773 episcopum
1782 5707 2028 5774 carthagi-

696 5838 800 5903 διες.
825 5831 945 5903 editi
975 5845 1097 5886 vero
1121 5847 1136 5884 :
1161 5838 1417 5898 Mquam
1445 5830 1714 5897 petitionem
1735 5832 1800 5884 ad
1831 5831 2024 5885 visitant-

454 5892 574 5950 dum
595 5892 884 5946 adveniatte.

2175 487 2318 536 mate
2341 479 2601 536 Numidia:
2624 475 2847 549 Megalio
2875 475 3171 535 Calamensi
3195 476 3473 552 episcopo,
3502 489 3556 536 e'
3605 487 3758 540 Vale-

2172 572 2284 627 rius
2310 573 2532 627 antistes
2559 571 2822 642 episcOpis
2850 572 2938 642 qui
2970 572 3104 627 forte
3143 581 3268 628 tunc
3291 571 3529 641 aderant,
3560 585 3620 632 et
3648 576 3756 635 cleo

2171 663 2296 720 ricis
2320 663 2564 719 omnibus
2601 663 3022 734 Hipponensibus
3043 702 3060 730 ,
3085 671 3141 718 et
3182 664 3441 720 universa:
3476 666 3625 736 plebi
3671 667 3752 724 in-

2169 754 2442 827 Opinalam
2489 755 2692 810 cunctis
2729 770 2878 810 suam
2925 754 3156 809 insinuat
3204 766 3329 811 tunc
3376 757 3754 818 voluntatem:

2170 845 2519 915 omnibusque
2545 843 2878 900 audientibus
2903 845 3316 916 gratulantibus,
3353 855 3512 919 atque
3551 847 3609 903 id
3642 850 3753 906 ﬁeri

2167 938 2456 1008 perficique
2481 937 2676 1007 ingenti
2700 937 2962 993 desiderio
2986 937 3356 1005 clamantibus,
3385 938 3753 1010 episcopatum

2167 1029 2435 1098 suscipere
2459 1038 2640 1083 contra
2663 1045 2864 1084 morem
2885 1028 3134 1084 Ecclesia:
3154 1044 3250 1083 suo
3265 1029 3472 1084 vivente
3497 1030 3754 1101 episcopo

2165 1119 2444 1191 presbyter
2488 1118 2833 1174 recusabat‘.
2883 1119 3121 1189 Dumque
3153 1105 3241 1174 illi
3283 1118 3398 1174 ﬁeri
3436 1121 3645 1187 solere,
3687 1122 3752 1178 ab

2165 1213 2409 1268 omnibus
2436 1213 2780 1280 suaderetur,
2811 1220 2969 1283 atque
3007 1211 3060 1266 id
3089 1215 3270 1283 ignaro
3301 1212 3672 1268 transmarinis
3701 1224 3750 1270 et

2163 1301 2427 1358 Africanis
2467 1302 2720 1358 Ecclesia:
2764 1302 3021 1372 exemplis
3050 1301 3362 1372 probaretur
3385 1345 3399 1371 ,
3440 1305 3748 1373 compulsus

2163 1401 2322 1462 atque
2362 1403 2577 1448 coactus
2618 1392 2925 1456 succubuit,
2969 1399 3024 1448 et
3068 1393 3398 1464 episcopatus
3437 1410 3625 1450 curam
3651 1397 3671 1427 ²
3697 1405 3748 1451 et

2162 1486 2380 1554 majoris
2406 1486 2506 1542 loci
2526 1485 2911 1540 ordinationem
2939 1486 3188 1556 suscepit.
3221 1485 3371 1556 Quod
3393 1486 3444 1541 in
3475 1503 3535 1543 se
3562 1499 3747 1558 postea

2161 1574 2275 1630 ﬁeri
2301 1592 2406 1630 non
2432 1575 2712 1643 debuisse,
2743 1585 2802 1630 ut
2827 1577 2943 1631 vivo
2969 1591 3065 1632 suo
3093 1579 3341 1648 episcopo
3369 1579 3741 1648 ordinaretur,
3783 1604 3785 1606 ·

2161 1678 2214 1724 et
2239 1669 2406 1736 dixit,
2429 1677 2483 1724 et
2500 1671 2712 1740 scripsit
2733 1668 2922 1741 (Epist.
2952 1670 3059 1726 215
3079 1714 3093 1739 ,
3127 1689 3179 1726 n.
3212 1673 3290 1743 4),
3321 1684 3535 1744 propter
3563 1677 3746 1732 conci-

2160 1760 2216 1814 lii
2246 1761 2557 1816 universalis
2604 1762 2816 1816 vetitum
2849 1760 2921 1835 (a)
2943 1802 2960 1830 ,
2991 1762 3130 1832 quod
3155 1762 3265 1832 jam
3302 1764 3574 1822 ordinatus
3601 1767 3743 1823 didi-

2159 1854 2232 1908 cit
2264 1871 2276 1906 :
2308 1869 2408 1908 nec
2427 1854 2567 1924 quod
2589 1854 2689 1908 sibi
2718 1853 2912 1909 factum
2929 1870 3047 1910 esse
3067 1855 3252 1922 doluit,
3271 1857 3389 1912 aliis
3415 1858 3527 1914 ﬁeri
3551 1862 3740 1917 voluit.

2159 1945 2313 2000 Unde
2351 1945 2510 2000 etiam
2550 1947 2735 2017 sategit
2787 1945 2894 2019 (ὁ),
2937 1957 2994 2002 ut
3050 1948 3288 2003 conciliis
3333 1951 3743 2008 constitueretur

2158 2038 2524 2108 episc0porum
2545 2081 2561 2106 ,
2592 2040 2659 2096 ab
2679 2040 3068 2097 ordinatoribus
3105 2043 3286 2098 deberi
3323 2043 3638 2102 ordinandis
3664 2047 3747 2102 vel

2158 2128 2413 2181 ordinatis
2455 2129 2693 2184 omnium
2756 2138 2949 2186 statuta
2999 2131 3333 2188 sacerdotum
3383 2133 3437 2188 in
3493 2137 3747 2192 notitiam

2158 2234 2278 2275 esse
2319 2219 2623 2276 deferenda.

2375 2353 2600 2412 CAPUT
2631 2354 2720 2411 lX.
2744 2387 2816 2398 —
2840 2357 3044 2429 Pugnat
3071 2376 3186 2414 cum
3211 2359 3508 2417 Donatistis.

2228 2490 2399 2559 Atque
2440 2489 2509 2543 ita
2554 2487 2748 2544 factum
2785 2498 2897 2556 est,
2930 2499 2990 2546 ut
3024 2493 3304 2564 episc0pus
3333 2496 3496 2550 multo
3537 2497 3754 2554 instan-

2159 2579 2261 2634 tius
2309 2597 2372 2636 ac
2417 2582 2726 2650 ferventius,
2754 2584 2954 2654 majore
3005 2587 3352 2654 auctoritate,
3404 2589 3742 2647 non-adhuc

2155 2672 2208 2727 in
2241 2689 2343 2728 una
2381 2683 2584 2730 tantum
2613 2677 2828 2747 regione
2852 2719 2870 2746 ,
2905 2677 2999 2733 sed
3028 2679 3343 2750 ubicumque
3385 2692 3606 2750 rogatus
3653 2701 3748 2740 ve-

2153 2766 2352 2833 nisset,
2399 2768 2619 2822 verbum
2661 2769 2843 2824 salutis
2881 2779 3096 2826 internae
3121 2770 3363 2826 alacriter
3398 2787 3460 2826 ac
3496 2776 3750 2844 gnaviter

2155 2859 2490 2928 pullulante8
2515 2869 2672 2930 atque
2709 2870 2983 2916 crescente
3015 2861 3225 2915 Domini
3262 2861 3498 2916 Ecclesia
3541 2865 3750 2933 pradi-

2152 2960 2330 3013 caret,
2371 2960 2586 3019 paratus
2616 2965 2829 3020 semper
2857 2951 3195 3019 poscentibus
3224 2952 3445 3006 reddere
3472 2955 3746 3012 rationem

2151 3037 2218 3093 de
2246 3039 2347 3093 ﬁde
2376 3049 2430 3092 et
2455 3054 2548 3109 Spe
2573 3081 2587 3102 ,
2615 3055 2732 3110 qua:
2755 3040 2808 3095 in
2835 3041 2998 3094 Deum
3028 3031 3130 3094 est.
3165 3041 3228 3094 Et
3257 3041 3371 3109 ejus
3398 3041 3538 3097 dicta
3569 3057 3744 3118 atque

2149 3140 2401 3199 excepta,
2437 3132 2666 3186 maxime
2711 3132 2996 3186 Donatista:
3039 3131 3090 3185 in
3131 3132 3316 3186 eadem
3358 3132 3697 3204 Hipponensi
3726 3139 3750 3171 δ

2153 3222 2234 3276 vel
2262 3222 2430 3276 vicina
2461 3231 2739 3276 manentes
2775 3223 3015 3288 civitate,
3043 3223 3108 3276 ad
3136 3239 3260 3278 suos
3283 3225 3562 3295 episcopos
3587 3229 3749 3286 defe-

2149 3314 2352 3368 rebant.
2379 3313 2506 3381 Qum
2547 3330 2669 3368 cum
2697 3314 3005 3380 audissent,
3035 3326 3088 3370 et
3131 3324 3316 3370 contra
3360 3317 3495 3374 forte
3533 3321 3745 3393 aliquid

2148 3405 2404 3471 dicerent,
2433 3413 2523 3458 aut
2545 3420 2574 3458 a
2601 3405 2709 3460 suis
2727 3404 3117 3472 refellebantur,
3149 3415 3235 3460 aut
3256 3407 3439 3463 eadem
3472 3426 3741 3480 respousa

2147 3494 2215 3549 ad
2256 3502 2495 3549 sanctum
2539 3495 2885 3566 Augustinum
2926 3495 3328 3561 deferebantur,
3360 3498 3545 3568 eisque
3583 3516 3742 3557 com-

2147 3590 2348 3658 pertis,
2389 3589 2650 3658 patienter
2685 3604 2746 3642 ac
2775 3589 2983 3655 leniter,
3013 3599 3092 3655 et,
3121 3598 3177 3642 nt
3196 3590 3446 3659 scriptum
3476 3601 3575 3656 est,
3601 3608 3738 3649 cum

2149 3679 2341 3733 timore
2388 3686 2444 3733 et
2495 3689 2724 3734 tremore
2789 3679 3013 3734 salutem
3067 3681 3300 3734 omnium
3339 3680 3359 3712 ⁵
3406 3681 3737 3748 operabatur

2152 3771 2410 3844 (Philipp.
2454 3788 2522 3838 u,
2559 3772 2646 3842 12)
2677 3789 2688 3824 :
2722 3772 3010 3827 ostendens
3034 3813 3048 3838 ,
3093 3788 3250 3842 quam
3290 3773 3415 3826 nihil
3456 3772 3526 3826 illi
3568 3774 3738 3830 refel—

2146 3865 2256 3920 lere
2285 3863 2548 3921 voluerint
2567 3878 2628 3917 ac
2654 3864 2946 3930 valuerint,
2989 3879 3251 3934 quamque
3276 3880 3457 3919 verum
3496 3865 3736 3923 manife-

2143 3964 2388 4024 stumque
2428 3955 2505 4026 sit,
2537 3954 2676 4025 quod
2703 3955 2954 4009 Ecclesiae
2984 3956 3075 4010 Dei
3102 3955 3232 4010 ﬁdes
3271 3965 3413 4010 tenet
3454 3971 3517 4011 ac
3546 3958 3730 4013 docet.

2145 4045 2212 4099 Et
2239 4045 2351 4099 haec
2379 4045 2565 4100 diebus
2592 4061 2654 4099 ac
2697 4045 2937 4100 noctibus
2961 4046 3028 4101 ab
3052 4045 3242 4100 eodem
3265 4045 3458 4118 jngiter
3489 4047 3734 4117 ageban-

2145 4145 2248 4191 tur.
2278 4136 2407 4190 Nam
2454 4145 2507 4192 et
2535 4138 2784 4206 epistolas
2826 4138 3056 4207 privatas
3096 4137 3161 4191 ad
3201 4153 3437 4208 quosque
3481 4139 3732 4208 ejusdem

2141 4227 2338 4284 erroris
2363 4228 2660 4297 episcopos,
2694 4236 2747 4283 et
2774 4229 3066 4284 eminentes
3094 4229 3294 4284 scilicet
3319 4229 3479 4284 laicos
3512 4229 3660 4286 dedit
3683 4234 3727 4301 ⁵,

2139 4321 2342 4374 ratione
2368 4319 2572 4374 reddita
2598 4319 2893 4374 admonens
2927 4327 3086 4390 atque
3111 4321 3425 4387 exhortans,
3462 4329 3521 4375 ut
3547 4323 3731 4385 velab

2139 4410 2224 4465 illa
2245 4425 2303 4465 se
2321 4411 2575 4480 pravitate
2593 4411 2937 4480 corrigerent,
2961 4411 3043 4464 vel
3060 4420 3201 4465 certe
3222 4411 3286 4465 ad
3305 4412 3728 4482 disputationem

2137 4501 2398 4557 venirent.
2423 4501 2490 4555 At
2509 4501 2581 4555 illi
2602 4516 2777 4556 causa:
2797 4501 3085 4556 difﬁdentia
3106 4503 3127 4533 "
3157 4517 3220 4556 ne
3241 4501 3451 4572 quidem
3482 4520 3726 4575 unquam

2139 4638 2219 4746 ba;
2252 4635 2446 4746 Salinas,
2473 4649 2538 4685 ex
2560 4635 2641 4684 Cd.
2678 4641 2793 4698 Reg.
2816 4634 2903 4685 541
2933 4633 3224 4702 τηθιὶθὶοιςιιδ
3245 4636 3493 4703 presbyter
3516 4653 3723 4694 recusa-

2169 4702 2444 4823 aga'etgres
2462 4758 2654 4823 codices
2673 4765 2987 4823 praetereunt,
3010 4765 3055 4810 et
3077 4759 3374 4823 episcopatus
3390 4774 3575 4812 curam.

2202 4822 2222 4889 ξ
2255 4820 2469 4889 Edd.,_ac
2491 4819 2698 4889 sua-trite?
3169 4819 3313 4872 etiam
3334 4823 3413 4872 Od.
3439 4836 3566 4874 unus
3586 4827 3724 4889 apud

2133 4880 2336 4947 Salinas;
2362 4881 2486 4932 alter
2509 4884 2700 4942 omittit,
2723 4880 2936 4947 gnaviter
2963 4881 3239 4947 pntlulante.
3307 4893 3360 4933 M.

2197 4945 2218 5013 ξ
2251 4944 2459 5003 salinas,
2487 4957 2549 4993 ex
2573 4957 2671 4994 uno
2693 4944 2771 4994 cii.
2809 4960 2821 4993 :
2851 4953 2906 4993 In
2940 4944 3109 4995 eadem
3145 4944 3433 5010 Hipponensi
3467 4947 3721 5013 Ecclesia,

2132 5003 2219 5100 vel;
2248 5013 2378 5117 stilus
2408 5013 2718 5117 ﬁloriacensis
2738 5066 2840 5127 Cd.,
2864 5065 3122 5117 hominum.
3147 5095 3207 5105 --
3230 5069 3358 5118 Idem
3393 5082 3521 5120 unus
3551 5084 3581 5120 e
3621 5079 3720 5122 Va-

2133 5130 2213 5179 tic.
2240 5130 2365 5191 apud
2392 5128 2586 5178 Salinas.
2652 5137 2707 5177 Μ.

2195 5191 2216 5222 θ
2250 5189 2444 5261 salinas,
2471 5205 2534 5264 ex
2558 5198 2760 5260 quatuor
2783 5197 2888 5260 Mss.
2916 5203 2928 5238 :
2956 5199 3074 5240 nam
3094 5197 3140 5242 et
3161 5189 3385 5264 epistolas
3407 5191 3716 5264 privatas‘art

2131 5252 2404 5364 23:53:51"?
2406 5250 2770 5363 “ﬁm‘emﬁs
2804 5250 3042 5316 episcopos
3075 5250 3329 5304 ετηὶιίεηιεδ
3350 5250 3530 5305 scilicet
3551 5259 3597 5304 et
3617 5253 3717 5306 ιαί.

2131 5325 2210 5363 εοδ
2235 5322 2384 5365 dedit.
2463 5323 2518 5363 Μ.

2193 5376 2213 5406 ⁷
2234 5377 2329 5449 ,ιτιίρ
2349 5378 2595 5449 sectemur
2618 5383 2849 5449 Joannem
2869 5374 3047 5449 Salices
3067 5377 3168 5440 (ιιιίν
3191 5376 3348 5449 relate
3366 5375 3714 5449 ιθριίοηθ.

2130 5437 2272 5503 tionis
2295 5436 2587 5497 Parisiensis,
2612 5437 2794 5488 scilicet
2818 5451 2830 5486 :
2858 5436 3178 5503 Atjltigca’usa
3211 5436 3505 5503 difﬁdentia,
3533 5439 3667 5503 addit
3693 5455 3710 5491 :

2129 5500 2295 5563 Verior
2319 5509 2480 5550 tamen
2502 5507 2660 5563 nostra
2685 5505 2882 5563 apparet
2912 5498 3083 5563 lectio,
3109 5513 3216 5549 cum
3240 5498 3380 5563 paulo
3403 5507 3510 5562 post
3529 5501 3713 5553 subdat

2128 5561 2380 5625 Possidius,
2399 5564 2536 5625 juxta
2555 5560 2872 5625 parisiensem
2895 5560 3182 5625 editionem:
3211 5560 3264 5611 Et
3286 5569 3337 5625 ut
3358 5560 3520 5611 eorum
3543 5575 3711 5614 causa:

2129 5620 2587 5688 diﬁidentin'cimctis
2601 5621 2905 5688 innotesceret
2918 5620 3171 5688 elaboravit
3184 5636 3202 5684 ;
3214 5624 3297 5672 ubi
3312 5630 3473 5672 Patres
3493 5631 3537 5688 sf,
3549 5625 3709 5688 ausuri

2129 5681 2388 5750 emendant
2401 5686 2738 5750 Levanienscm
2755 5685 3012 5750 editionem
3028 5681 3301 5750 legentem:
3317 5694 3469 5750 causa
3476 5681 3708 5750 difﬁden-

2127 5745 2225 5799 tiw.
2245 5745 2558 5809 Adstipulatur
2581 5753 2756 5796 nostrae
2776 5747 2966 5795 lectioni
2982 5745 3137 5801 codex
3153 5747 3399 5796 Vaticanus
3413 5745 3558 5797 1190:
3607 5755 3668 5799 Μ.

2211 5831 2262 5880 al
2281 5831 2470 5879 Concilii
2499 5829 2685 5878 Nicaeni.

2211 5844 2241 5880 a
2281 5831 2470 5879 Concilii
2499 5830 2685 5878 Nicaeni.

2190 5830 2268 5956 lbi
2285 5900 2336 5942 In
2361 5891 2562 5942 concilio
2577 5889 2937 5954 Carthaginensi
2957 5891 3119 5954 tertio,
3135 5901 3258 5943 anno
3278 5892 3390 5956 397,
3415 5903 3521 5942 can.
3538 5891 3588 5941 3.

3915 2749 3928 2894 Ξ

3913 3811 3930 3954 Ξ

3921 4179 3938 4324 ξ

3558 5985 3948 6402 Α
