3948 6404
534 363 602 423 47
1647 357 1805 418 Vl’l‘A
1841 361 1900 417 Β.
1941 353 2305 420 AUGUSTINI
2342 355 2659 425 EPISCUPI,

535 496 650 535 rum
680 480 1005 550 proditione,
1048 479 1149 534 illis
1187 477 1556 533 ecclesiasticis
1594 477 1758 545 gestis
1784 475 2104 531 declaratum

534 580 635 626 est.
668 578 838 640 Atque
867 572 939 624 ita
969 579 1234 639 pastorum
1261 568 1526 637 diligentia
1545 609 1560 632 ,
1588 567 1852 621 dominico
1879 566 2024 636 gregi
2051 573 2108 619 et

535 672 868 733 augmentum
895 661 1135 724 accessit,
1166 668 1219 713 et
1242 658 1498 714 adversus
1526 657 1666 713 fures
1690 667 1848 727 atque
1873 658 2104 713 latrones

533 750 772 806 defensio
791 759 1099 818 competens
1119 757 1391 816 procurata
1413 755 1512 802 est.
1540 745 1669 801 Cum
1693 746 1918 816 quodam
1945 746 2104 800 etiam

535 839 740 905 Felice,
770 840 836 894 dc
876 854 1095 892 numero
1123 853 1304 891 eorum
1334 852 1468 907 quos
1503 837 1702 891 electos
1733 836 1912 890 dicunt
1939 833 2106 888 Mani-

534 931 665 985 clnei
699 931 715 961 ⁸
740 971 752 993 ,
801 929 1003 997 publice
1045 929 1096 982 in
1134 928 1454 997 llipponensi
1497 925 1719 980 ecclesia
1758 924 1976 994 notariis
2013 938 2108 978 ex-

535 1021 849 1089 cipientibus
873 1019 1155 1088 diSputavit
1178 1018 1374 1088 populo
1396 1025 1600 1070 astante
1632 1035 1645 1070 :
1674 1025 1728 1070 et
1760 1023 1880 1085 post
1913 1029 2105 1070 secun-

535 1110 655 1164 dam
682 1109 763 1162 vel
797 1107 1001 1162 tertiam
1035 1107 1372 1162 collationem
1401 1106 1487 1160 ille
1513 1105 1832 1159 Manichacus
1860 1101 2106 1157 frustrata

537 1199 766 1252 vanitate
794 1207 848 1252 et
872 1212 1054 1252 errore
1081 1197 1245 1265 ipsius
1265 1206 1444 1258 sectae,
1471 1195 1537 1249 ad
1563 1203 1795 1248 nostram
1821 1207 2106 1248 conversus

537 1299 621 1345 est
643 1289 799 1343 fidem
821 1297 976 1357 atque
998 1287 1310 1353 Eeclesiam,
1335 1287 1469 1341 sicut
1491 1285 1672 1341 eadem
1699 1284 1894 1339 reiecta
1915 1281 2108 1336 docere

537 1379 730 1450 poterit
755 1379 1011 1448 scriptura
1042 1377 1138 1449 (a).

537 1487 761 1544 CAPUT
786 1486 1321 1543 XVll.—Pascentius
1348 1503 1509 1540 comes
1529 1485 1747 1540 Arianae
1770 1486 1822 1538 in
1843 1484 2110 1537 collatione

606 1580 890 1633 revincitur.
913 1575 1126 1633 Collatia
1149 1594 1262 1630 cum
1283 1576 1564 1630 Maximino
1582 1576 1812 1646 episcopo
1826 1573 2034 1626 Ariano.

606 1670 867 1724 Praeterea
918 1684 1039 1723 eum
1087 1668 1313 1739 quodam
1363 1669 1519 1722 etiam
1585 1665 1862 1720 Pascentio
1917 1664 2110 1718 comite

536 1763 724 1817 domus
749 1763 906 1832 regiae
931 1762 1145 1825 Ariano,
1172 1761 1257 1830 qui
1303 1775 1394 1830 per
1430 1761 1794 1814 auctoritatem
1833 1773 1942 1812 suae
1992 1771 2112 1825 per-

537 1870 682 1908 sonzc
737 1853 847 1909 fisci
901 1851 1395 1907 vehementissimus
1446 1859 1678 1915 exactor,
1727 1847 1882 1902 fidem
1929 1846 2110 1900 catho-

537 1947 691 2001 licam
720 1947 967 2000 atrociter
991 1961 1053 1999 ac
1073 1945 1266 2014 jugiter
1291 1943 1643 2012 oppugnabat,
1672 1950 1726 1996 et
1761 1955 1916 2010 quam
1947 1939 2109 2008 pluri-

540 2050 655 2090 mos
671 2035 973 2090 sacerdotes
989 2034 1078 2088 Dei
1101 2033 1403 2102 simpliciori
1431 2032 1532 2086 fide
1553 2031 1808 2095 viventes,
1835 2029 2110 2084 dicacitate

538 2140 599 2179 ac
617 2133 879 2195 potestate
916 2124 1232 2194 exagitabat,
1276 2132 1327 2176 et
1362 2121 1718 2190 perturbabat,
1749 2117 2108 2187 interpositis”

539 2216 810 2270 honoratis
837 2224 890 2269 et
915 2214 1178 2268 nobilibus
1201 2213 1346 2277 viris,
1376 2212 1512 2279 apud
1537 2210 1904 2280 Carthaginem
1932 2211 1999 2264 ab
2020 2208 2110 2263 illo

539 2316 870 2374 provocatus,
900 2319 1076 2359 coram
1100 2303 1336 2358 contulit.
1366 2301 1470 2356 Sed
1496 2301 1633 2356 idem
1661 2301 1938 2354 haereticus
1959 2299 2111 2353 tabu-

537 2398 612 2451 las
665 2408 822 2466 atque
879 2395 1091 2458 stilum,
1147 2393 1286 2462 quod
1331 2392 1578 2460 magister
1623 2398 1802 2443 noster
1831 2389 1849 2419 ³
1898 2397 1951 2442 et
1989 2397 2111 2442 ante

536 2500 877 2555 congressum
916 2492 968 2536 et
1006 2483 1059 2536 in
1095 2496 1382 2550 congressu
1413 2479 1793 2534 instantissime
1824 2478 1935 2532 fieri
1963 2477 2108 2532 vole-

537 2573 659 2636 bat,
698 2588 764 2627 ne
803 2571 1049 2626 adessent
1077 2570 1222 2625 omni
1252 2569 1408 2623 modo
1448 2569 1741 2623 recusabat.
1790 2569 1856 2622 Et
1892 2567 2016 2621 dum
2057 2567 2110 2622 id

541 2673 912 2733 pernegasset,
959 2663 1141 2717 dicens
1184 2662 1323 2730 quod
1373 2671 1516 2715 metu
1561 2661 1733 2729 legum
1782 2660 2108 2729 publicarum

540 2753 823 2823 periclitari
853 2753 1042 2805 tabulis
1068 2753 1277 2821 scriptis
1303 2750 1499 2814 nollet;
1531 2758 1688 2818 atque
1713 2749 2037 2819 interpositis
2059 2748 2110 2803 id

539 2845 746 2912 placere
775 2843 1099 2911 Augustinus
1128 2844 1406 2910 episcopus
1444 2855 1563 2893 cum
1608 2838 1718 2893 suis
1761 2839 1849 2909 qui
1889 2838 2111 2893 aderant

539 2932 997 2986 consacerdotibus
1027 2930 1249 2995 videret,
1279 2937 1335 2982 ut
1357 2928 1558 2997 absque
1584 2927 1692 2982 ulla
1714 2929 1971 2996 scriptura
2001 2927 2109 2996 pri-

540 3023 695 3074 vatim
721 3021 1068 3088 displllal‘etll,
1100 3019 1435 3072 collationem
1474 3018 1708 3084 suscepit
1746 3037 1759 3070 :
1797 3017 2107 3085 praedicens,

540 3121 591 3164 ut
619 3111 951 3180 postmodum
973 3108 1218 3177 contigit,
1243 3108 1382 3177 quod
1408 3117 1526 3175 post
1544 3107 1771 3161 solutum
1793 3115 2110 3162 conventum

539 3215 658 3254 esse
703 3199 946 3268 cuiquam
996 3204 1174 3266 posset
1224 3196 1446 3250 liberum
1475 3193 1498 3227 ’⁵
1542 3194 1675 3250 forte
1715 3195 1927 3260 dicere,
1968 3197 2112 3250 nullo

540 3291 812 3357 scripturae
840 3288 1159 3341 documento
1178 3327 1193 3349 ,
1235 3299 1294 3339 se
1324 3285 1520 3340 dixisse
1552 3286 1691 3354 quod
1729 3285 1861 3340 forte
1892 3301 1996 3341 non
2025 3286 2111 3342 di-

542 3379 706 3437 xerit,
739 3377 822 3431 vel
858 3391 962 3429 non
998 3375 1193 3428 dixisse
1223 3374 1360 3444 quod
1390 3374 1597 3428 dixerit.
1643 3376 1710 3429 Et
1748 3377 1959 3430 miscuit
1989 3391 2110 3431 cum

541 3469 726 3521 eodem
753 3481 1053 3521 sermonem
1074 3507 1089 3531 ,
1113 3475 1269 3534 atque
1294 3465 1519 3520 asseruit
1538 3466 1660 3535 quid
1682 3467 1940 3533 crederet,
1972 3476 2025 3522 et
2043 3469 2112 3523 ab

544 3559 630 3611 illo
655 3559 777 3626 quid
808 3567 1011 3611 teneret
1040 3557 1255 3622 audivit,
1284 3565 1337 3610 et
1360 3573 1482 3611 vera
1514 3558 1716 3612 ratione
1742 3568 1901 3629 atque
1926 3568 2102 3614 aucto-

542 3650 696 3702 ritate
744 3648 1131 3718 Scripturarum
1186 3648 1402 3717 probata
1456 3647 1717 3714 docuit”,
1777 3660 1828 3704 et
1883 3650 2113 3705 ostendit

546 3750 737 3792 nostra:
777 3739 897 3792 ﬁdei
937 3739 1263 3792 firmamenta
1296 3755 1308 3789 :
1342 3738 1484 3792 illius
1524 3746 1700 3792 autem
1740 3749 1942 3794 asserta
1971 3742 2112 3796 nulla

543 3829 794 3890 veritate,
841 3829 979 3882 nulla
1026 3829 1413 3896 Scripturarum
1458 3837 1759 3883 sanctarum
1803 3831 2114 3885 auctoritate

543 3918 750 3973 suffulta
778 3919 974 3982 docuit,
1003 3929 1055 3972 et
1077 3917 1365 3981 frustravit.
1394 3917 1462 3971 Et
1488 3926 1593 3972 uta
1615 3935 1674 3974 se
1694 3921 1916 3975 invicem
1939 3929 2115 3989 partes

542 4009 790 4078 digressze
822 4019 974 4073 sunt,
1014 4009 1102 4061 ille
1129 4011 1296 4076 magis
1324 4008 1596 4079 magisque
1637 4010 1804 4064 iratus
1831 4017 1885 4064 et
1912 4011 2110 4077 furens,

545 4099 814 4150 mendacia
838 4098 998 4150 multa
1022 4113 1115 4165 pro
1139 4097 1241 4151 fide
1255 4113 1347 4150 sua
1371 4096 1498 4152 falsa
1514 4099 1766 4168 jactabat,
1785 4099 1975 4154 victum
1995 4114 2115 4154 esse

543 4202 571 4239 a
604 4203 661 4239 se
689 4188 802 4253 ipso
829 4187 1188 4254 proclamans,
1223 4187 1505 4242 mulierum
1529 4203 1621 4242 ore
1645 4187 1911 4242 laudatum
1935 4190 2114 4259 Augu-

547 4280 760 4332 stinum.
792 4276 919 4341 Qua:
946 4292 1063 4328 cum
1095 4275 1114 4306 ⁸
1141 4275 1357 4334 minime
1383 4279 1636 4344 laterent,
1676 4287 1890 4333 coactus
1931 4287 2015 4334 est
2049 4279 2115 4334 ad

547 4375 716 4440 ipsum
739 4367 972 4425 scribere
990 4367 1344 4434 Pascentium,
1365 4377 1579 4438 propter
1598 4369 1737 4422 illius
1753 4377 1950 4423 metum
1964 4369 2117 4424 omis-

546 4465 618 4514 sis
640 4463 941 4516 nominibus
960 4458 1338 4514 conferentium
1361 4473 1376 4523 ;
1403 4466 1457 4512 et
1481 4458 1532 4512 in
1557 4456 1635 4512 eis
1655 4457 1844 4512 litteris
1865 4458 2115 4528 quidquid

547 4552 684 4604 inter
708 4563 882 4619 partes
902 4552 1096 4605 dietum
1122 4549 1204 4605 vel
1225 4558 1430 4620 gestum
1453 4547 1644 4615 fuerat,
1670 4549 1891 4605 fideliter
1910 4550 2116 4605 intima-

550 4639 622 4692 vit
652 4657 663 4692 :
691 4640 755 4691 ad
783 4655 868 4702 ea,
901 4641 942 4692 si
974 4647 1307 4706 negarentur,
1341 4639 1607 4708 probanda
1636 4655 1876 4710 magnam
1905 4640 2114 4695 testium

553 4728 752 4781 habens
771 4729 997 4795 copiam,
1018 4729 1342 4782 clarissimos
1361 4730 1562 4784 scilicet
1583 4738 1736 4797 atque
1758 4730 2112 4794 honorabiles,

548 4821 631 4889 qui
661 4828 781 4872 tunc
802 4819 1040 4882 aderant,
1067 4818 1226 4871 viros.
1255 4821 1428 4886 Atque
1457 4819 1542 4874 ille
1567 4821 1632 4873 ad
1659 4820 1764 4874 duo
1793 4821 1892 4876 sibi
1919 4823 2115 4878 directa

550 4909 766 4975 scripta,
794 4923 954 4960 ttnum
980 4908 1066 4959 vix
1091 4906 1318 4961 reddidit
1343 4908 1654 4977 rescriptum
1681 4911 1732 4975 ⁷,
1774 4911 1825 4964 in
1861 4926 1967 4981 quo
2001 4927 2114 4965 ma-
2159 4965 2164 4972 ,

549 4997 628 5066 gis
656 4996 897 5065 injuriam
925 4994 1098 5049 facere
1119 5037 1133 5060 ,
1159 5010 1317 5064 quam
1344 5011 1454 5049 suae
1481 5006 1641 5050 sectae
1668 5000 1928 5055 rationem
1955 5002 2118 5056 valuit

609 5128 625 5158 ί
653 5127 744 5191 _ﬂic
780 5125 896 5176 editi
933 5125 1129 5185 addunt,
1166 5124 1340 5189 quippe
1369 5126 1630 5191 Hipponem
1666 5138 1863 5181 venerat
1899 5135 2117 5186 mandem

545 5185 1113 5253 seminaturuserrorem.
1139 5185 1295 5253 verba
1315 5185 1696 5253 sunt'Augustini
1719 5192 1771 5241 in
1799 5191 1923 5242 libro
1945 5207 2117 5247 secun-

545 5248 1052 5318 do_Betractationum,_
1064 5259 1169 5310 cap.
1194 5247 1241 5298 8.

607 5311 628 5371 ξ
660 5309 794 5371 Εᾴἰιὶ,
813 5308 1137 5371 ρνίεεεηιίῡιωζ

607 5370 632 5440 .’
659 5369 981 5440 ἒ¹9ΐὲ³έὶθη⁵θ⁸
1001 5370 1097 5440 {1‘19
1120 5371 1443 5440 masyssripti.
1466 5373 1593 5436 quod
1613 5373 1767 5438 magis
1788 5381 1959 5428 noster.

604 5430 627 5462 δ
658 5431 808 5479 Editio
831 5437 939 5479 l.ov.
966 5430 1110 5490 addit,
1133 5429 1400 5482 arbitrium.

605 5493 628 5556 ξ
660 5490 882 5556 Plerique
909 5499 1034 5556 Mss,
1056 5492 1241 5556 prolata
1265 5492 1440 5543 docuit.

602 5551 626 5584 ⁸
656 5553 738 5602 Hic
761 5551 876 5601 editi
900 5551 1112 5602 addunt:
1145 5552 1283 5602 Illum
1303 5553 1617 5606 venerabilem
1637 5555 1808 5608 virum.

603 5615 622 5644 ⁷
658 5613 852 5681 Salinas,
876 5622 940 5681 ex
1071 5621 1182 5681 Reg.
1207 5615 1296 5664 541
1519 5618 2023 5681 audienshtercticus,
2047 5623 2113 5672 ad

547 5673 640 5722 duo
653 5673 832 5736 scripta
845 5672 935 5723 sibi
951 5672 1160 5734 directa;
1168 5688 1315 5725 unum
1328 5672 1502 5726 librum
1532 5677 1748 5729 reddidit
1776 5672 2024 5744 scripturn.
2053 5690 2109 5736 Μ.

603 5758 673 5827 (a)
696 5765 806 5807 Acta
836 5772 944 5807 cum
972 5759 1129 5810 Felice
1161 5759 1430 5821 manichaeo,
1451 5760 1500 5809 in
1532 5768 1661 5809 tomo
1675 5762 1722 5812 8.

2211 472 2497 530 declarare.
2539 476 2688 544 Quod
2729 493 2759 531 a
2795 475 3091 532 volentibus
3129 484 3184 532 et
3208 493 3237 531 a
3266 476 3564 534 valentibus
3603 481 3783 552 legere

2210 569 2599 637 comprobatur.

2280 656 2410 713 Cum
2464 659 2695 726 ipsorum
2743 673 2952 730 quoque
3006 661 3316 716 Arianorum
3363 660 3615 734 episcopo
3656 676 3789 732 quo-

2211 748 2331 803 dam
2355 748 2635 804 Maximino
2661 765 2779 804 cum
2803 751 2992 807 Gothis
3016 751 3080 804 ad
3104 751 3334 806 Africam
3354 753 3621 818 veniente,
3647 753 3787 823 apud

2214 838 2511 910 Hipponem
2532 856 2688 910 quam
2712 841 2947 912 plurimis
2966 843 3262 898 volentibus
3283 851 3441 913 atque
3463 845 3783 912 petentibus,

2211 940 2266 986 et
2286 933 2551 1001 prteclaris
2574 933 2892 1002 interpositis
2913 934 3041 988 viris
3065 935 3287 988 contulit
3309 952 3322 988 :
3344 943 3398 988 et
3417 935 3541 1004 quid
3562 935 3788 1005 Singula.»

2211 1022 2532 1077 asseruerint
2558 1032 2761 1091 partes,
2799 1022 3051 1094 scriptum
3078 1032 3176 1079 est.
3214 1023 3343 1090 Quae
3368 1023 3414 1078 si
3442 1024 3665 1079 studiosi
3693 1025 3785 1080 di-

2211 1114 2435 1184 ligenter
2461 1115 2633 1183 legere
2663 1113 2980 1179 curaverint,
3003 1115 3184 1185 procul
3214 1114 3374 1168 dubio
3405 1115 3728 1184 indagabunt
3743 1117 3783 1180 ⁸.

2210 1205 2294 1259 vel
2332 1203 2455 1274 quid
2487 1204 2673 1259 callida
2703 1212 2756 1258 et
2783 1205 3152 1259 irrationabilis
3182 1205 3398 1259 bzeresis
3425 1205 3490 1260 ad
3523 1206 3785 1262 seducen-

2211 1295 2336 1350 dum
2376 1303 2432 1349 et.
2469 1294 2832 1363 decipiendum
2877 1296 3213 1364 profiteatur,
3262 1295 3344 1350 vel
3385 1295 3512 1365 quid
3552 1297 3786 1351 Ecclesia

2211 1387 2465 1440 catholica
2504 1387 2571 1441 de
2604 1386 2778 1440 divina
2807 1395 2980 1440 teneat
3005 1393 3059 1440 et
3093 1384 3342 1455 praedicet
3368 1385 3647 1440 Trinitate.
3677 1387 3786 1442 Sed

2213 1477 2459 1546 quoniam
2487 1476 2572 1531 ille
2604 1476 2884 1531 lucreticus
2926 1476 2993 1531 de
3031 1477 3269 1546 Hippone
3305 1475 3517 1530 rediens
3553 1476 3618 1531 ad
3655 1474 3786 1533 Car-

2212 1567 2510 1638 thaginem,
2549 1568 2615 1621 de
2650 1583 2742 1622 sua
2773 1569 2935 1622 multa
2962 1569 3013 1622 in
3046 1568 3326 1624 collatione
3358 1569 3675 1639 loquacitate
3706 1570 3784 1625 vi-

2213 1669 2410 1714 ctorem
2467 1675 2527 1715 se
2573 1659 2639 1713 de
2695 1660 2803 1729 ipsa
2863 1659 3146 1714 collatione
3198 1661 3479 1716 recessisse
3528 1661 3784 1730 iactavit,

2213 1759 2268 1804 et
2293 1749 2542 1803 mentitus
2569 1759 2686 1814 est;
2719 1766 2836 1820 qua:
2862 1751 3040 1819 utique
3077 1766 3180 1805 non
3208 1751 3360 1806 facile
3384 1767 3414 1806 a
3438 1751 3632 1806 divina:
3656 1751 3788 1822 legis

2213 1839 2409 1908 ignaris
2437 1840 2724 1894 examinari
2755 1849 2809 1894 et
2834 1840 3110 1908 diiudicari
3137 1851 3354 1910 possent
3391 1861 3403 1896 :
3439 1858 3471 1897 a
3499 1844 3789 1899 venerabili

2213 1929 2503 1997 Augustino
2525 1929 2792 1997 sequentis
2821 1931 3073 1998 temporis
3092 1931 3231 1993 stilo,
3262 1940 3316 1985 et
3337 1931 3476 1986 illius
3495 1935 3654 1987 totius
3672 1934 3788 1988 eol-

2214 2018 2422 2071 lationis
2457 2018 2522 2072 de
2551 2020 2770 2088 singulis
2795 2021 3016 2088 objectis
3043 2029 3098 2075 et
3129 2023 3396 2090 responsis
3424 2021 3558 2077 facta
3585 2033 3670 2078 est
3701 2038 3788 2080 re-

2212 2109 2535 2176 capitulatio,
2563 2119 2617 2164 et
2640 2127 2793 2177 quam
2818 2111 2944 2164 nihil
2973 2112 3058 2166 ille
3077 2111 3298 2180 objectis
3317 2111 3514 2168 referre
3535 2117 3788 2184 potuerit,

2212 2199 2556 2253 nihilominus
2587 2200 3002 2255 demonstratum
3032 2209 3140 2264 est,
3169 2201 3361 2255 additis
3386 2203 3787 2274 supplementis,

2175 2311 2179 2314 ·
2213 2305 2329 2358 quae
2367 2290 2417 2342 in
2456 2301 2693 2359 tempore
2720 2291 3015 2346 collationis
3043 2301 3264 2361 angusto
3297 2304 3480 2346 cuncti
3523 2293 3712 2348 inferri
3741 2306 3792 2348 et

2214 2378 2369 2432 scribi
2401 2381 2616 2434 minime
2646 2388 2946 2447 potuerunt.
2977 2379 3031 2434 ld
3058 2381 3198 2434 enim
3228 2391 3409 2449 egerat
3435 2383 3663 2451 nequitia
3695 2381 3792 2436 ho-

2213 2467 2371 2520 minis
2390 2509 2405 2532 ,
2434 2479 2490 2522 ut
2517 2484 2610 2522 sua
2638 2469 2918 2524 novissima
2955 2470 3322 2538 prosecutione
3350 2471 3516 2526 multo
3539 2471 3790 2543 longissi-

2213 2575 2328 2624 ma,
2362 2569 2527 2616 totum
2563 2562 2700 2630 quod
2730 2572 3057 2616 remanserat
3083 2561 3186 2616 diei
3216 2563 3442 2630 spatium
3480 2573 3788 2632 occuparet.

2215 2705 2436 2762 CAPUT
2465 2707 3084 2780 XVlll.—Pelagianist¢e
3110 2711 3223 2764 novi
3249 2710 3487 2777 Icari-elici,
3509 2716 3784 2782 expugnati

2284 2810 2330 2853 et
2350 2801 2683 2854 condemnati.
2708 2800 2948 2856 Ecclesia
2965 2800 3226 2857 catholica
3243 2813 3484 2871 quantum
3502 2803 3786 2876 profuerint

2285 2892 2476 2945 labores
2500 2892 2782 2962 Augustini.
2814 2892 3051 2948 Haretici
3074 2903 3119 2947 et
3155 2893 3352 2966 Pagani
3383 2895 3657 2964 deﬁciunt.
3686 2897 3787 2952 An-

2285 2984 2469 3054 gustiui
2495 2999 2700 3052 cperunt
2730 3000 2879 3052 quam
2905 2985 3018 3055 inge
3030 3002 3088 3039 ns
3111 2985 3277 3056 copia.

2284 3115 2549 3168 Adversus
2606 3115 2977 3185 Pelagianistas
3015 3132 3224 3187 quoque
3266 3133 3431 3175 novos
3485 3129 3786 3178 nostrorum

2214 3213 2510 3274 temporum
2569 3206 2842 3260 hmreticos
2893 3216 2947 3262 et
2979 3207 3330 3277 disputatores
3383 3211 3633 3278 callidos,
3677 3224 3787 3270 arte

2214 3297 2379 3364 magis
2415 3296 2587 3349 subtili
2636 3307 2689 3351 et
2733 3298 2752 3327 '
2800 3299 2954 3353 noxia
3002 3301 3325 3365 scribentes,
3373 3310 3428 3356 et
3458 3301 3788 3374 ubicumque

2214 3395 2458 3454 poterant
2487 3386 2689 3453 publice
2739 3397 2792 3440 et
2843 3402 2936 3456 per
2983 3388 3168 3443 domos
3215 3390 3507 3460 loquentes,
3560 3408 3656 3463 per
3695 3411 3787 3449 an-

2213 3489 2308 3528 nos
2351 3473 2514 3528 ferme
2555 3476 2737 3530 decem
2776 3477 3029 3531 laboravit
3077 3478 3098 3510 ³
3150 3479 3263 3550 (a),
3314 3481 3567 3536 librorum
3626 3485 3786 3540 multa

2214 3567 2446 3621 condens
2471 3577 2523 3621 et
2547 3567 2732 3632 edens,
2765 3579 2817 3623 et
2846 3569 2898 3622 in
2923 3569 3142 3624 ecclesia
3173 3573 3376 3641 populis
3399 3589 3465 3628 ex
3491 3575 3678 3629 eodem
3701 3591 3789 3631 er-

2214 3673 2335 3712 rore
2361 3658 2781 3726 frequentissime
2805 3660 3095 3727 disputans.
3121 3659 3185 3714 Et
3205 3663 3452 3731 quoniam
3478 3664 3635 3720 iidem
3661 3682 3789 3735 per-

2214 3749 2353 3802 versi
2383 3749 2504 3802 Sedi
2535 3749 2837 3817 apostolicte
2869 3765 2960 3819 per
2986 3765 3135 3805 suam
3161 3752 3503 3809 ambitionem
3541 3757 3786 3813 eamdem

2218 3841 2486 3910 perfidiam
2516 3841 2828 3910 persuadere
2852 3843 3196 3908 conabantur,
3225 3844 3604 3903 instantissime
3625 3850 3785 3904 etiam

2215 3933 2451 3988 conciliis
2472 3932 2728 3988 Africanis
2747 3941 3046 3988 sanctorum
3070 3935 3432 4004 episcoporum
3455 3949 3662 4007 gestum
3683 3951 3784 4006 est,

2218 4033 2277 4079 ιιι
2313 4034 2494 4078 sancto
2533 4040 2679 4094 pap:e
2712 4023 2865 4079 Urbis
2893 4024 2944 4088 ⁸,
2984 4035 3038 4080 et
3075 4027 3213 4095 prius
3253 4029 3537 4084 venerabili
3568 4031 3589 4063 ⁸
3627 4032 3787 4089 luno-

2217 4119 2390 4173 eentio
2410 4161 2422 4183 ,
2451 4129 2504 4173 et
2529 4127 2709 4188 postea
2735 4127 2918 4173 sancto
2944 4118 3158 4174 Zosimo
3184 4121 3296 4190 ejus
3333 4125 3627 4180 successori
3665 4142 3786 4196 per-

2217 4210 2545 4274 suaderetur,
2575 4225 2730 4278 quam
2761 4209 2845 4263 illa
2875 4221 3016 4264 secta
3042 4226 3070 4264 a
3096 4210 3199 4265 fide
3223 4211 3477 4268 catholica
3507 4221 3563 4269 et
3585 4215 3788 4271 abomi-

2218 4303 2389 4357 nanda
2417 4310 2468 4356 et
2493 4299 2788 4355 damnanda
2817 4299 3021 4355 fuisset.
3049 4303 3116 4356 At
3140 4302 3213 4356 illi
3241 4312 3396 4358 tanta:
3421 4303 3564 4360 sedis
3583 4306 3790 4362 antisti-

2221 4402 2326 4456 tes,
2362 4393 2468 4445 suis
2496 4390 2717 4445 diversis
2743 4391 3063 4460 temporibus
3088 4390 3300 4446 eosdem
3328 4402 3571 4449 notantes
3589 4437 3604 4462 ,
3630 4405 3789 4468 atque

2218 4497 2247 4536 a
2282 4481 2530 4536 membris
2571 4481 2817 4534 Ecclesiae
2847 4481 3221 4550 prmcidentes,
3257 4483 3395 4536 datis
3423 4483 3613 4540 litteris
3640 4495 3697 4542 et
3723 4486 3787 4541 ad

2283 4635 2304 4702 ξ
2333 4631 2546 4702 Salinas:
2572 4632 2872 4702 servavimus
2905 4633 2954 4702 in
2978 4638 3119 4702 textu
3140 4632 3400 4702 lectionem
3435 4637 3788 4702 Parisiensem;

2217 4692 2372 4744 codex
2399 4700 2559 4754 tamen
2583 4699 2698 4754 ηας.
2725 4691 2843 4742 1025
2865 4706 2878 4742 :
2905 4691 3208 4744 Judicabunt.
3275 4703 3329 4744 M.

2280 4755 2301 4784 ³
2334 4751 2629 4811 Particulam,
2652 4751 2716 4813 et,
2741 4755 3040 4804 restituimus
3062 4768 3126 4805 ex
3151 4765 3252 4806 iis.

2281 4814 2302 4877 ξ
2333 4813 2527 4877 Salinas,
2554 4826 2622 4877 ex;
2640 4815 2719 4877 Cd.
2747 4821 2862 4877 Reg.
2889 4815 3032 4876 1025,
3055 4815 3343 4869 elaborabat.
3408 4825 3464 4866 Μ.

2279 4874 2302 4906 δ
2333 4881 2382 4923 1n
2407 4874 2548 4924 editis
2568 4875 2755 4924 additur
2791 4874 2960 4925 Horme.
3020 4874 3026 4876 ⁷
3205 4887 3208 4890 ’

2279 4935 2301 4968 ⁸
2331 4934 2468 5004 Apud
2485 4935 2682 5004 salinas,
2703 4939 2762 5004 ab
2785 4949 2882 5004 uno
2901 4937 2983 4985 Cd.
3007 4937 3147 5004 abest
3175 4950 3272 4988 vox
3307 4938 3603 5004 merabili;
3636 4945 3685 4994 in
3727 4944 3794 4994 al-

2218 5002 2342 5062 tero,
2367 4995 2471 5046 voci
2494 4995 2751 5048 venerabili
2771 4997 2958 5046 additur
2974 5011 3070 5048 vox
3091 4997 3185 5062 pio.
3272 5007 3326 5049 at.

2279 5098 2350 5162 (a)
2383 5106 2539 5167 Annos
2567 5111 2595 5148 a
2625 5098 2868 5167 Pelagiani
2899 5100 3079 5149 erroris
3101 5109 3273 5151 exortu
3293 5101 3352 5167 ad
3382 5101 3510 5167 illius
3545 5117 3635 5167 per
3667 5107 3790 5155 Zosio

2216 5160 2346 5208 mum
2374 5160 3109 5226 condemnationemcomlutat.
3143 5169 3252 5210 Nam
3285 5162 3460 5226 alioqui
3491 5160 3658 5216 contra
3679 5179 3793 5214 eum

2217 5234 2448 5283 errorem
2468 5220 2739 5283 disputavit
2755 5220 3042 5283 saipsimue
3079 5231 3122 5283 si.
3157 5229 3327 5283 pcetor
3369 5220 3431 5273 aii
3464 5238 3592 5274 anno
3620 5227 3791 5276 Christi

2155 5333 2158 5335 .
2214 5283 2406 5332 circiter
2427 5281 2512 5329 411
2546 5280 2630 5344 aut
2657 5280 2780 5344 {12;
2819 5280 2917 5344 quo
2945 5280 3068 5344 anno
3086 5281 3178 5332 412
3214 5282 3363 5334 libros
3388 5285 3452 5334 de
3486 5295 3792 5338 Peccatorum

2216 5344 2391 5392 Meritis
2421 5349 2473 5391 et
2503 5342 2793 5391 Remissione
2807 5342 3026 5401 confecit,
3046 5357 3154 5393 cum
3178 5345 3401 5395 eumdem
3433 5359 3652 5396 errerem
3681 5361 3793 5399 ser-

2216 5403 2436 5452 monibus
2472 5404 2602 5465 prius
2626 5416 2896 5472 aggressus
2914 5412 3046 5454 esset
3060 5419 3087 5472 ;_
3114 5418 3267 5472 usque
3292 5407 3349 5455 ad
3365 5420 3540 5472 annum
3554 5409 3664 5472 βο,
3694 5421 3794 5472 quo

2215 5472 2372 5528 morte
2405 5477 2539 5524 oecui
2555 5473 2663 5528 atus
2681 5473 2757 5528 est
2793 5468 3010 5514 scribens
3040 5465 3259 5528 ultimum
3296 5481 3418 5528 olus
3456 5469 3505 5516 in
3529 5465 3788 5519 .tulianu'm.

2215 5525 2341 5588 Hinc
2365 5533 2584 5588 PrOSper,
2612 5527 2662 5572 in
2688 5524 2814 5588 libro
2845 5539 2992 5588 quem
3016 5540 3152 5588 anno
3183 5527 3274 5576 453
3303 5524 3466 5577 contra
3501 5529 3792 5580 Collatorem

2217 5585 2383 5648 edidit,
2403 5597 2505 5648 cap.
2537 5585 2655 5648 l,_n.
2682 5585 2728 5644 2,
2748 5586 2795 5633 in
2822 5585 3087 5648 afpendicc
3119 5589 3233 5637 tomi
3256 5589 3428 5637 decimi
3451 5598 3627 5639 postne
3642 5592 3787 5640 F.dil.:

2224 5662 2246 5691 ι
2263 5646 2436 5708 viginti
2460 5646 2664 5708 amiilius
2681 5647 2804 5712 anni
2824 5646 2993 5712 sunt”)
3034 5649 3204 5712 inquit,
3241 5667 3263 5694 ι
3279 5649 3404 5712 quod
3435 5658 3600 5700 contra
3629 5651 3786 5701 inimi-

2214 5729 2300 5788 cos
2317 5717 2486 5790 gratiae
2515 5715 2619 5776 Dei,
2654 5710 2883 5763 catholica
2916 5710 3046 5760 acies
3075 5710 3216 5774 hujus
3248 5710 3338 5759 viri
3355 5710 3503 5763 ductu
3521 5719 3707 5777 pugnat
3738 5719 3790 5766 et

2219 5780 2378 5826 \‘ltl"il.
2407 5797 2419 5816 θ

3551 5826 3948 6404 ‘J
