3948 6400
184 321 243 372 57
1368 321 1688 380 suamne
1726 322 2046 382 POSSIDIO.
2851 387 2856 394 ,
3315 343 3384 402 δε

178 440 248 493 sui
271 436 429 495 amici.
459 437 506 491 in
530 437 781 491 extremis
799 438 918 491 vitae
942 436 1009 491 de
1043 437 1230 493 talibus
1272 435 1697 508 frequentissime

179 529 412 583 referebat
431 528 605 579 dictum
627 544 642 578 ε
669 526 737 580 ad
752 543 910 597 quem
937 542 1053 581 cum
1077 527 1516 597 visitandumjam
1537 527 1696 582 morti

183 623 564 691 propinquantem
591 619 922 681 ventitasset,
951 628 1002 673 et
1026 619 1112 673 ille
1138 633 1324 673 manus
1353 629 1502 685 gestu
1528 634 1586 674 se
1629 619 1696 674 de

185 712 363 767 saeculo
387 712 607 764 evitat-um
629 709 974 778 signiﬁcaret,
1005 719 1160 778 atque
1182 724 1214 763 a
1247 725 1306 763 se
1337 709 1408 764 illi
1440 721 1580 765 esset
1607 725 1692 765 re-

190 817 420 874 spoustuu.
447 800 597 854 adhuc
634 815 760 854 eum
807 799 1058 854 Ecclesiae
1105 801 1461 854 necessarium
1515 800 1693 856 vivere

192 910 348 964 posse;
370 894 513 955 illtun,
527 908 585 945 ne
602 900 877 959 putaretur
896 890 1048 960 hujus
1064 893 1184 945 vita:
1197 892 1366 946 teneri
1382 892 1689 961 cupiditate.

187 986 230 1042 ei
249 983 561 1052 respondisse:
586 982 647 1036 Si
672 998 946 1051 nunquam,
968 982 1120 1048 bene;
1148 981 1192 1036 si
1219 979 1511 1051 aliquando,
1537 997 1692 1052 quare

183 1093 262 1130 seu
282 1076 442 1128 modo!
463 1074 522 1129 Et
543 1075 699 1128 talem
725 1073 1039 1128 sententiam
1069 1071 1358 1127 mirabatur
1377 1081 1430 1126 et
1447 1071 1691 1128 laudabat

177 1166 396 1219 hominem
425 1165 713 1232 protulisse,
741 1165 905 1218 Deum
929 1161 1140 1233 quidem
1172 1163 1690 1227 timentem,verum-

171 1267 314 1309 tamen
334 1255 381 1309 ia
419 1255 529 1307 villa
549 1263 730 1308 uatum
777 1262 832 1307 et
868 1255 1143 1318 nutritum,
1168 1253 1260 1306 sed
1288 1269 1391 1307 non
1423 1253 1582 1307 multa
1611 1252 1685 1309 le-

164 1345 324 1401 ctionis
356 1344 603 1399 eruditum
635 1344 856 1400 scientia
890 1363 903 1397 :
935 1353 1116 1398 contra
1148 1344 1292 1398 illum
1330 1344 1530 1398 scilicet
1565 1358 1687 1398 sen-

156 1452 253 1488 sum
279 1436 558 1504 :rgrotantis
599 1435 862 1504 episcopi,
907 1434 973 1488 de
1012 1450 1117 1503 quo
1141 1443 1354 1488 sanctus
1381 1434 1432 1488 in
1462 1434 1684 1504 epistola

152 1541 228 1580 sua
252 1543 391 1596 quam
417 1527 478 1580 de
499 1527 811 1581 Mortalitate
835 1527 1045 1596 scripsit
1071 1537 1268 1598 martyr
1282 1526 1595 1598 Cyprianus,
1613 1527 1683 1582 ita

151 1616 322 1682 retulit,
347 1616 520 1670 dicens
545 1634 559 1670 :
585 1615 713 1670 Cum
739 1615 944 1686 quidam
974 1616 1036 1669 de
1053 1616 1258 1686 collegis
1283 1628 1328 1670 et
1349 1617 1681 1670 consacerdo-

145 1710 256 1764 tilms
287 1711 456 1764 nostris
477 1709 773 1778 inﬁrmitate
799 1709 1043 1780 defessus,
1066 1718 1112 1762 et
1156 1709 1218 1763 de
1246 1709 1682 1778 appropinquante

146 1812 281 1856 morte
309 1803 556 1866 sollicitus,
583 1811 918 1856 commeatum
949 1801 1039 1854 sibi
1070 1811 1376 1870 precaretur,
1403 1802 1555 1855 astitit
1585 1801 1677 1855 de-

142 1895 335 1959 precanti
356 1905 398 1947 et
411 1897 522 1964 jam
543 1910 669 1964 pene
689 1893 922 1948 ’πονέειυί
929 1893 1128 1963 juvenis
1149 1893 1337 1945 honore
1355 1902 1399 1945 ct
1421 1893 1681 1962 majestate

140 1987 414 2051 venerabilis,
440 1996 633 2039 statura
655 1987 836 2051 celsus,
859 1995 904 2038 et
924 1986 1090 2038 clarus
1115 1995 1333 2054 aspectu,
1368 1993 1413 2037 et
1439 2001 1582 2053 quem
1598 2001 1680 2036 as-

140 2088 302 2132 tantem
314 2080 398 2132 sibi
415 2082 493 2133 nia;
512 2089 677 2148 posset
699 2080 953 2132 humanus
967 2087 1194 2147 aspectus
1214 2076 1373 2130 oculis
1389 2076 1678 2131 carnalibus

139 2172 318 2234 intueri,
343 2172 430 2224 nisi
451 2174 583 2241 quod
606 2172 762 2225 talem
787 2170 954 2224 uidere
969 2171 1078 2240 jam
1101 2179 1293 2240 poterat
1309 2169 1372 2224 de
1390 2169 1576 2223 stacqu
1603 2187 1673 2224 re-

135 2278 336 2315 cessurus
358 2273 536 2334 :alqne
560 2263 648 2316 ille
676 2279 778 2316 non
816 2262 925 2316 sine
941 2260 1162 2330 quadam
1189 2261 1405 2314 animiet
1427 2261 1559 2312 vocis
1587 2262 1676 2314 in-

135 2355 386 2423 dignatione
397 2354 674 2424 infremuit,
691 2364 741 2408 et
767 2354 914 2419 dixit,
939 2350 1056 2406 Pati
1070 2353 1272 2417 timetis,
1287 2352 1426 2406 exire
1440 2367 1538 2405 non
1569 2351 1675 2405 vul-

135 2443 336 2514 tis;quid
351 2446 531 2514 faciant
561 2446 698 2498 vobis
711 2445 738 2498 .’

132 2551 323 2610 CAPUT
357 2555 588 2610 XXVIII.
612 2585 684 2596 ——
708 2555 836 2620 Quae
860 2554 1086 2624 proxime
1114 2562 1230 2607 ante
1251 2561 1455 2607 mortem
1483 2553 1545 2606 ab
1567 2553 1674 2607 Au-

187 2646 363 2714 gustino
387 2648 538 2699 edita.
571 2647 1003 2700 Retractationum
1027 2643 1160 2697 libri.
1183 2643 1517 2697 Barbarornm
1537 2646 1671 2698 irru-

190 2737 298 2806 ptio.
320 2735 568 2806 Hipponis
594 2739 809 2792 obsidio.

202 2826 323 2881 Ante
367 2829 659 2895 proximum
687 2831 842 2881 “vero
887 2826 1028 2881 diem
1075 2826 1250 2879 obitus
1299 2824 1380 2880 sui
1419 2839 1447 2877 a
1487 2841 1545 2880 se
1587 2825 1669 2878 di-

135 2926 285 2974 ctatas
320 2928 368 2974 et
399 2921 570 2976 editos
610 2921 875 2975 recensuit
911 2920 1107 2985 libros,
1139 2921 1250 2973 sive
1277 2935 1370 2974 eos
1398 2934 1531 2988 quos
1563 2918 1672 2988 pri-

132 3025 206 3063 mo
248 3019 461 3083 tempore
508 3013 884 3068 conversionis
931 3028 1041 3066 sua:
1093 3011 1265 3065 adhuc
1305 3011 1504 3072 laicus,
1558 3011 1669 3065 sive

129 3116 238 3170 quos
263 3104 546 3172 presbyter,
578 3106 692 3158 sive
741 3119 875 3173 quos
916 3103 1197 3172 episc0pus
1242 3102 1532 3156 dictaverat
1571 3119 1584 3153 :
1616 3109 1670 3154 et

133 3207 430 3262 quacumque
454 3196 503 3249 in
541 3195 623 3249 bis
665 3195 973 3264 recognovit
993 3184 1148 3248 aliter
1173 3207 1329 3262 quam
1361 3208 1478 3247 sese
1511 3192 1669 3246 habet

128 3283 434 3342 ecclesiastica
464 3288 652 3353 regula
670 3303 699 3340 a
728 3303 789 3343 se
821 3287 980 3342 fuisse
1006 3286 1197 3340 dictata
1219 3297 1267 3339 et
1297 3285 1516 3354 scripta,
1543 3300 1664 3338 eum

126 3373 268 3429 adhuc
287 3378 691 3432 ecclesiasticum
713 3393 866 3432 usum
890 3377 1062 3431 minus
1081 3377 1258 3438 sciret,
1276 3377 1555 3443 minusque
1581 3391 1666 3427 sa-

128 3465 298 3530 truissct
317 3468 357 3533 ‘,
384 3485 409 3522 a
427 3469 726 3537 semetipso
753 3476 808 3522 et
833 3468 1151 3536 reprehensa
1177 3475 1230 3522 et
1253 3477 1490 3521 correcta
1518 3474 1659 3519 sunt.

129 3552 260 3610 Unde
277 3557 412 3612 etiam
437 3561 552 3614 duo
579 3560 900 3626 conscripsit
925 3559 1209 3623 volumina,
1244 3574 1466 3628 quorum
1494 3568 1576 3612 est
1600 3559 1664 3611 ti-

128 3645 340 3712 tulu+,De
359 3652 645 3705 recensione
670 3651 913 3704 librorum
943 3649 1039 3727 (to.
1057 3649 1354 3718 Puereptns
1377 3650 1534 3705 etiam
1561 3649 1660 3703 sibi

125 3737 336 3803 quosdam
363 3740 526 3796 libros
562 3741 636 3811 (ll)
669 3750 792 3795 ante
819 3740 1204 3810 diligentiorem
1235 3739 1658 3794 emendationem

125 3841 149 3879 a
178 3832 408 3886 nonnullis
450 3834 716 3888 fratribus
746 3832 1189 3901 conquerebatur,
1227 3831 1350 3885 licet
1388 3846 1482 3885 eos
1513 3840 1659 3899 post-

127 3920 302 3975 modum
326 3925 680 3978 emendasset.
725 3922 1030 3991 lmpt-rfecta
1060 3923 1218 3976 etiam
1248 3922 1488 3991 quadam
1531 3937 1660 3976 suo-

130 4025 220 4064 rutn
250 4012 478 4068 librorum
529 4023 836 4084 praeventus
880 4023 1052 4069 morte
1098 4013 1399 4084 dereliquit.
1456 4015 1660 4082 Quique

127 4103 337 4169 prodesse
357 4107 601 4160 omnibus
623 4106 834 4170 volens,
859 4115 914 4158 et
935 4104 1233 4159 valentibus
1262 4105 1282 4135 ³
1313 4103 1475 4157 multa
1500 4103 1659 4156 libro-

124 4204 220 4244 rum
242 4193 414 4264 legere,
433 4206 486 4252 et
514 4213 625 4250 non
655 4195 976 4257 valentibus,
1009 4210 1073 4249 ex
1107 4203 1328 4264 utroque
1353 4194 1533 4248 divino
1556 4192 1657 4249 Το-

124 4291 364 4348 stamento,
390 4286 580 4342 Vetere
621 4296 676 4340 et
701 4283 869 4349 Novo,
894 4284 1164 4354 praemissa
1195 4283 1499 4352 pnnfationc
1527 4298 1659 4350 pne-

124 4380 254 4438 cepta
291 4373 445 4430 divina
485 4391 580 4430 seu
622 4374 781 4428 vetita
819 4374 883 4427 ad
907 4374 1029 4429 vita:
1075 4374 1312 4443 regulam
1344 4373 1659 4442 pertinentia

124 4465 366 4532 excerpsit,
393 4475 548 4537 atque
595 4482 660 4521 ex
705 4465 789 4519 bis
815 4480 976 4519 unum
996 4463 1233 4518 codicem
1273 4463 1428 4528 fecit;
1467 4472 1524 4517 ut
1569 4463 1658 4532 qui

125 4551 264 4606 vellet
282 4554 480 4624 legeret,
503 4572 667 4628 atque
698 4558 750 4610 in
790 4571 856 4612 eo
880 4555 964 4610 vel
985 4571 1142 4626 quam
1168 4554 1422 4609 obediens
1443 4555 1551 4609 Deo
1577 4555 1658 4608 in-

128 4638 400 4701 obediensvc
423 4659 586 4712 esset,
609 4655 958 4718 agnosceret:
988 4652 1045 4701 et
1062 4644 1165 4701 hoc
1187 4659 1320 4715 opus
1338 4645 1504 4700 voluit
1529 4645 1660 4715 Spo-

129 4730 286 4786 cnlntn
307 4737 558 4807 appemri.

185 4817 357 4878 Verum
395 4825 534 4882 brevi
577 4826 927 4895 consequenti
972 4835 1210 4896 tempore
1260 4825 1439 4880 divina
1469 4826 1658 4881 volun-

129 4916 214 4964 ωε
246 4923 296 4968 οι
324 4924 573 4985 potestate
621 4917 893 4988 provenit,
943 4927 999 4972 ut
1040 4931 1227 4972 manus
1277 4917 1462 4987 ingens
1484 4917 1660 4973 diver-

132 4997 191 5053 sis
205 4999 309 5058 tells
322 5015 515 5061 armata
530 5016 586 5062 et
600 5007 754 5062 bellis
773 5007 1079 5073 exercitata,
1095 5005 1398 5060 immanium
1423 5005 1655 5062 hostium

101 5109 107 5119 λ
133 5083 442 5148 “Malorum
469 5104 526 5151 et
547 5096 836 5150 Alanorum
867 5095 1204 5150 commixtam
1250 5110 1428 5150 secum
1453 5095 1653 5150 habens

133 5171 384 5237 “borum
409 5193 639 5254 gentem,
670 5186 999 5255 aliarumque
1023 5185 1349 5240 diversarum
1379 5200 1655 5254 personas,

139 5267 447 5341 “Hispaniae
485 5279 722 5346 partibus
769 5277 1150 5340 transmarinis,
1207 5278 1425 5330 navibus
1467 5277 1658 5330 Africae

139 5355 387 5422 illuxisset
428 5378 482 5423 et
512 5369 758 5424 irruisset
784 5385 798 5421 :
829 5369 1175 5438 universaque
1200 5383 1296 5438 per
1325 5367 1438 5422 loca
1466 5368 1658 5422 Mauri-

188 5467 414 5546 :SELK;
435 5485 485 5546 at
659 5473 962 5546 intelligeret.
986 5502 1066 5546 -τχ
1081 5474 1275 5546 Salinas,
1321 5477 1438 5526 item
1475 5488 1666 5546 ex_uno

447 5535 754 5607 ἐξαφθέντες
772 5535 837 5607 ei
846 5536 1107 5607 alter-cod,
1120 5535 1362 5607 minusth
1370 5541 1572 5601 saperet.
1610 5545 1663 5585 Μ.

223 5591 336 5654 Μ.
350 5591 659 5650 ﬂuuialibus
679 5612 698 5660 ,'
717 5591 882 5648 contra
907 5608 1031 5657 Mss,
1051 5591 1105 5648 et
1127 5591 1400 5649 valentibus.

1799 436 2062 494 taoiarum
2088 443 2246 496 etiam
2272 443 2339 498 ad
2379 445 2507 502 alias
2533 457 2741 505 nostras
2768 454 3032 510 transiens
3075 456 3372 526 provincias

1799 535 1854 583 et
1897 530 2160 600 regiones,
2196 535 2340 589 omni
2387 539 2614 593 szuviens
2641 542 2949 600 crudelitate
2995 555 3051 601 et
3079 551 3374 616 atrocitate,

1800 631 1988 676 cuncta
2009 638 2126 693 qure
2143 627 2331 694 potuit,
2354 631 2756 698 exspoliatione,
2778 635 3030 702 caadibus,
3049 638 3378 710 diversisque

1808 716 2103 774 tormentis.
2132 717 2413 783 incendiis,
2441 722 2663 791 aliisque
2717 725 3185 785 innumerabilibus
3213 741 3267 786 et
3294 733 3376 786 itt-

1800 801 1975 860 fandis
2002 807 2155 862 malis
2178 808 2495 880 depopulata
2523 822 2637 877 est;
2663 815 2792 869 nulli
2819 819 2986 882 sexui,
3003 820 3128 874 nulli
3153 837 3376 890 parcens

1793 898 1963 960 aetati,
2003 914 2100 954 nec
2126 901 2252 968 ipsis
2286 904 2374 957 Dei
2413 906 2777 962 sacerdotibus
2817 909 2900 964 vel
2930 910 3216 975 ministris,
3267 931 3372 970 nec

1794 986 1921 1057 ipsis
1966 990 2310 1046 ecclesiarum
2357 997 2681 1051 ornamentis
2732 1013 2827 1053 seu
2869 999 3235 1056 instrumentis
3278 1004 3366 1060 vel

1790 1080 2045 1137 aediﬁciis.
2075 1083 2141 1138 Et
2171 1084 2306 1139 hanc
2327 1087 2705 1143 ferocissimam
2729 1090 2960 1146 hostium
2985 1095 3368 1162 grassatinnem

1789 1180 1845 1226 et
1873 1175 2238 1238 vastationem,
2254 1176 2345 1232 ille
2368 1179 2456 1232 Dei
2490 1180 2666 1242 homo,
2687 1191 2740 1235 et
2760 1181 2950 1236 factam
2973 1183 3134 1238 fuisse
3155 1193 3209 1238 et
3229 1187 3367 1252 ﬁeri,

1790 1278 1894 1318 non
1935 1277 1989 1318 ut
2017 1269 2191 1322 czeteri
2243 1269 2516 1326 hominum
2563 1274 2823 1329 sentiebat
2846 1284 2901 1330 et
2933 1278 3199 1347 COgitabal.
3231 1297 3244 1331 :
3276 1280 3370 1334 sed

1788 1355 1943 1411 altius
1964 1368 2020 1414 et
2065 1361 2374 1429 profundius
2401 1380 2461 1419 ea
2492 1366 2856 1432 considerans,
2881 1377 2936 1424 et
2965 1371 3016 1423 in
3045 1370 3126 1425 his
3163 1372 3372 1426 anima-

1787 1462 1904 1501 rum
1939 1451 2201 1520 praecipue
2221 1454 2301 1507 vel
2325 1455 2556 1523 pericula
2588 1457 2668 1511 vel
2701 1469 2898 1513 mortes
2926 1460 3244 1529 praevidens,
3277 1477 3370 1517 so-

1786 1535 1880 1591 lito
1912 1542 2137 1608 amplius
2164 1542 2456 1612 (quoniam,
2491 1555 2544 1599 ut
2581 1548 2836 1615 scriptum
2885 1557 2985 1613 est,
3021 1550 3122 1616 Qui
3151 1554 3366 1619 apponit

1783 1629 2064 1693 scientiam,
2092 1635 2302 1701 apponit
2345 1634 2568 1689 dolorem
2600 1637 2790 1705 (l‘Iccle.
2821 1641 3010 1710 1,18);
3052 1650 3127 1705 et,
3159 1641 3258 1696 Cor
3283 1644 3366 1698 inv

1785 1719 2031 1788 tetligens.
2056 1723 2187 1776 tinea
2207 1725 2420 1795 ossibus)
2444 1725 2658 1781 fuerunt
2676 1729 2722 1782 ei
2749 1729 2996 1800 lacrymre
3011 1746 3178 1802 panes
3203 1732 3286 1788 die
3301 1748 3366 1788 ac

1785 1819 1939 1864 nocte
1987 1809 2156 1881 (Psal.
2189 1829 2297 1876 xu,
2339 1815 2414 1883 4),
2460 1817 2949 1889 amarissimamque
2996 1830 3050 1875 et
3087 1823 3363 1890 lugubrem

1786 1914 1893 1968 prae
1917 1903 2126 1957 caneris
2173 1920 2283 1958 sua:
2322 1908 2610 1960 senectutis
2635 1908 2743 1977 jam
2781 1925 2915 1978 pene
2945 1921 3236 1966 extremam
3267 1913 3365 1967 du-

1781 1989 1937 2043 cebat
1963 2006 2026 2046 ac
2057 1994 2316 2050 tolerabat
2344 1997 2524 2050 vitam.
2557 1997 2776 2052 Videbat
2798 2001 2938 2055 enim
2968 2002 3055 2056 ille
3085 2003 3244 2057 homo
3271 2004 3363 2060 Dei

1779 2079 2019 2136 civitates
2063 2084 2271 2138 excidio
2324 2087 2574 2155 perditas,
2618 2090 2915 2160 pariterque
2963 2108 3082 2148 cum
3128 2093 3364 2149 tediliciis

1781 2171 2021 2225 villarum
2065 2171 2408 2237 habitatores,
2454 2179 2584 2230 alios
2626 2179 2803 2233 hostili
2848 2198 2979 2236 nece
3031 2184 3359 2249 exstinctos,

1777 2261 1908 2316 alios
1933 2263 2186 2332 elfugatos
2203 2276 2360 2335 atque
2377 2267 2672 2336 dispersos;
2704 2271 2968 2324 Ecclesias
2993 2273 3356 2328 sacerdotibus

1777 2367 1839 2406 ac
1867 2354 2122 2408 ministris
2143 2354 2443 2423 destitutas,
2476 2358 2809 2429 virginesque
2845 2375 3022 2415 sacras
3047 2372 3100 2416 et
3119 2377 3358 2432 quosque

1775 2447 2109 2498 continentes
2131 2445 2324 2515 ubique
2347 2447 2665 2515 dissipatos;
2693 2459 2747 2503 et
2779 2450 2829 2502 in
2852 2449 2933 2502 his
2961 2450 3095 2504 alios
3123 2460 3357 2506 tormen-

1778 2533 1844 2586 tis
1891 2534 2190 2603 defecisse,
2239 2538 2372 2590 alios
2415 2539 2588 2608 gladio
2640 2539 2985 2608 interemptos
3031 2557 3180 2608 esse,
3226 2543 3360 2598 alios

1776 2624 1828 2678 in
1885 2628 2207 2695 captivitate,
2240 2631 2442 2697 perdita
2481 2631 2646 2686 animi
2696 2642 2752 2687 et
2780 2635 3016 2701 corporis
3047 2635 3349 2703 integritate

1773 2728 1835 2768 ac
1869 2717 2011 2778 tidei,
2042 2719 2180 2771 malo
2211 2735 2358 2774 more
2384 2736 2447 2774 ac
2482 2721 2617 2774 duro
2647 2721 2886 2777 hostibus
2909 2723 3211 2785 deservire;
3253 2727 3353 2797 hy-

1773 2821 1926 2859 mnos
1951 2807 2038 2859 Dt'i
2067 2818 2119 2862 et
2141 2809 2322 2863 laudes
2348 2810 2414 2862 de
2441 2811 2682 2864 ecclesiis
2702 2812 2997 2880 deperisse,
3023 2814 3241 2867 :udillcia
3259 2830 3351 2870 cc-

1771 2895 1997 2949 clesiaru
2023 2914 2050 2948 ιι
2102 2913 2259 2965 quam
2294 2899 2532 2965 plurimis
2581 2899 2707 2953 locis
2735 2901 2941 2970 ignibus
2989 2915 3346 2972 concremata,

1771 2988 2024 3040 solemnia
2055 3005 2173 3058 qua:
2207 2991 2311 3044 Deo
2340 2989 2602 3044 debentur
2617 2990 2684 3044 de
2717 2992 2945 3060 propriis
2970 2993 3099 3046 locis
3124 2993 3348 3050 desiisse

1769 3078 2047 3137 Sacriﬁcia,
2099 3089 2430 3133 sacramenta
2482 3079 2658 3133 divina
2707 3082 2784 3134 vel
2836 3097 2939 3134 non
2981 3083 3219 3150 qutcri‘,
3259 3085 3342 3138 vel

1769 3171 2022 3237 qu;et'ettti
2050 3173 2136 3239 qui
2170 3171 2335 3226 tradat
2369 3188 2471 3224 non
2493 3170 2647 3225 facile
2670 3172 2918 3241 reperiri;
2954 3174 3002 3226 in
3036 3173 3175 3242 ipsns
3201 3188 3353 3229 mon-

1769 3259 1898 3311 tium
1926 3260 2086 3314 silvas
2109 3271 2161 3315 ct
2186 3277 2444 3315 cavernas
2472 3270 2740 3330 petrarum
2771 3271 2826 3316 et
2850 3263 3130 3332 speluncas
3163 3263 3350 3318 confu-

1766 3351 1990 3420 gientes,
2026 3353 2108 3406 vel
2136 3352 2200 3406 ad
2245 3369 2482 3423 quasque
2518 3355 2860 3417 munitiones,
2893 3354 3027 3409 alios
3058 3353 3219 3410 fuisse
3251 3371 3348 3410 εἰ·
3429 3417 3434 3420 _

1768 3451 2096 3510 pugnatoSt-t
2131 3443 2435 3498 interfectos
2478 3445 2519 3506 ³,
2549 3443 2683 3497 alios
2704 3445 2772 3498 ita
2802 3447 3112 3500 necessariis
3140 3455 3350 3500 susten-

1769 3535 1955 3588 taculis
1972 3537 2214 3590 evolutos
2226 3546 2386 3606 atque
2401 3539 2652 3605 privatos,
2671 3548 2723 3590 ut
2739 3537 2874 3592 fame
2889 3539 3345 3603 contabescerent;

1768 3626 2014 3696 ipsosque
2041 3627 2398 3680 Ecclesiarum
2425 3628 2738 3697 pra-positos
2764 3627 3069 3688 elclericos.
3101 3628 3189 3698 qui
3213 3628 3347 3684 forte

1769 3717 1862 3770 Dei
1897 3718 2152 3772 beneﬁcio
2179 3718 2261 3772 vel
2292 3733 2384 3772 eos
2431 3734 2537 3772 non
2565 3718 2913 3785 incurrerunt,
2944 3719 3026 3775 vel
3069 3721 3345 3774 incurren-

1766 3817 1848 3863 tes
1876 3819 2174 3876 evaserant,
2204 3810 2365 3864 rebus
2385 3812 2631 3864 omnibus
2658 3811 2979 3880 exspoliatos
2998 3822 3154 3880 atque
3182 3808 3348 3864 nuda-

1764 3909 1848 3952 tos
1864 3899 2231 3970 egentissimus
2259 3899 2580 3967 mendicare,
2608 3916 2704 3955 nec
2724 3901 2802 3955 eis
2822 3901 3066 3955 omnibus
3085 3900 3150 3953 ad
3167 3900 3344 3954 omnia

1763 3991 1954 4058 quibus
1985 3989 2231 4044 fulciendi
2259 3998 2439 4044 essent
2465 3990 2737 4045 subveniri
2771 4006 2926 4060 posse
2961 4008 2974 4044 :
3005 3991 3090 4043 vix
3113 3999 3220 4043 tres
3250 4004 3343 4043 su-

1765 4081 2012 4148 perstites
2037 4096 2104 4133 ex
2134 4079 2606 4133 innumerabilibus
2642 4079 2931 4143 Ecclesias,
2964 4078 3062 4131 hoc
3086 4087 3188 4140 est,
3217 4079 3348 4131 (Zar-

1765 4170 2155 4238 thaginensem,
2201 4169 2624 4239 Hipponenscm,
2663 4180 2716 4222 et
2744 4168 3060 4230 Cirtensem,
3103 4183 3219 4236 qua:
3249 4167 3342 4220 Dei

1763 4260 2022 4317 beneﬁcio
2064 4263 2257 4316 excisa:
2284 4277 2387 4315 non
2420 4270 2564 4325 sunt,
2590 4269 2645 4314 et
2660 4274 2842 4314 earum
2872 4266 3181 4328 permanent
3209 4257 3344 4313 civi-

1765 4362 1920 4418 tates,
1953 4363 2006 4406 et
2038 4352 2216 4407 divino
2262 4361 2316 4407 ct
2346 4352 2577 4406 humano
2599 4350 2746 4406 fultae
2772 4349 3052 4419 przesidio;
3079 4349 3203 4403 licet
3225 4356 3343 4417 post

1766 4445 1884 4512 ejus
1911 4447 2110 4499 obitum
2133 4446 2258 4514 urbs
2283 4443 2635 4514 Hipponensis
2665 4441 2852 4496 incolis
2876 4440 3123 4494 destituta
3151 4438 3216 4490 ab
3241 4437 3340 4488 ho-

1761 4537 1928 4590 stibus
1951 4536 2102 4589 fuerit
2126 4543 2480 4590 concremata.
2519 4535 2581 4588 Et
2606 4549 2664 4587 se
2692 4533 2832 4586 inter
2855 4530 2970 4584 haec
3004 4529 3140 4583 mala
3166 4527 3342 4597 cujus-

1761 4626 1885 4682 dam
1926 4626 2179 4695 sapientis
2225 4627 2484 4679 sententia
2511 4621 2908 4688 consolabatur,
2925 4620 3151 4675 dicentis
3181 4636 3194 4673 :
3225 4618 3342 4675 Non

1761 4716 1861 4771 erit
1879 4730 2099 4784 magnus
2115 4728 2362 4784 magnum
2386 4722 2594 4782 putans,
2613 4712 2754 4782 quod
2768 4711 2964 4766 cadunt
2978 4711 3115 4782 ligna
3136 4718 3192 4766 et
3206 4708 3344 4780 lapi-

1762 4808 1879 4874 des,
1905 4817 1960 4862 et
1983 4807 2280 4860 moriuntur
2308 4803 2562 4860 mortales
2584 4803 2625 4857 ³.

1835 4899 1960 4954 Ηωο
2006 4912 2135 4966 ergo
2188 4896 2363 4951 omnia
2414 4896 2536 4962 ille,
2564 4904 2621 4949 ut
2656 4903 2769 4950 erat
2810 4894 2918 4949 alte
2951 4896 3183 4965 sapiens,
3211 4909 3344 4967 quo-

1763 4991 1892 5046 tidie
1920 4989 2144 5045 ubertim
2189 4989 2485 5058 plangebat.
2531 4988 2882 5057 Accrevitque
2924 4989 3240 5044 muneribus
3281 4999 3339 5045 et

1767 5079 2226 5137 lamentationibus
2242 5079 2377 5149 ejus,
2408 5065 2465 5132 ὖι
2492 5079 2649 5133 etiam
2663 5077 2835 5132 adhuc
2856 5078 2906 5131 in
2929 5091 3027 5132 suo
3046 5087 3185 5132 statu
3215 5091 3344 5134 con-

1829 5193 1846 5224 ί
1879 5191 1968 5256 sic
1987 5189 2176 5256 aliquod
2206 5189 2370 5251 probae
2392 5194 2519 5256 notae
2541 5195 2676 5256 nise;
2703 5195 2759 5256 at
2780 5186 2898 5237 editi
2931 5199 2943 5235 :
3235 5200 3346 5249 qua

1766 5260 1867 5302 Deo
1887 5245 2118 5318 ἀερςιιείιν
2142 5245 2224 5318 de:
2238 5247 2446 5312 ρτορτίέδ
2470 5245 3091 5318 adsenseum/icta
3111 5255 3158 5298 ει
3179 5245 3344 5318 μιάνα-

1766 5285 2110 5364 malum
2133 5285 2204 5373 {Et
2229 5285 2936 5373 ιῗόγῖᾍῖιιὲῖξὲὡῗτζῖθὶίᾶ
2951 5285 3345 5373 ξὲᾟίἓιῖὖιῑιῖίυῖε

1769 5382 1868 5424 nec
1888 5373 2120 5440 άειξςηριιν
2144 5371 2207 5440 de.
2228 5365 2437 5435 ρνορθίίε
2461 5365 2577 5438 aes
2838 5365 3081 5440 ραετίθεεεα
3097 5384 3160 5440 ,ας
3182 5365 3343 5440 δαέντι-

1768 5439 1926 5485 menta
1949 5432 2112 5484 divina
2134 5431 2207 5482 vel
2227 5430 2328 5482 non
2342 5430 2499 5495 φαεισὶ
2515 5467 2530 5491 ,
2557 5438 2652 5495 etc.
2672 5446 2686 5495 ;
2695 5431 2896 5495 adjecta
2919 5430 3008 5480 hac
3029 5430 3191 5480 notula
3219 5445 3232 5479 :
3271 5431 3344 5478 sic

1769 5503 1879 5564 Lov.
1905 5495 2092 5558 legunt,
2119 5501 2172 5544 ct
2191 5493 2786 5564 recte,'conseutieutibus

1831 5558 1852 5587 ³
1884 5565 2004 5605 Tres
2019 5565 2120 5616 uss.
2151 5562 2239 5616 εει
2263 5558 2571 5616 interceptos;
2596 5560 2741 5615 atque
2779 5566 2842 5601 ex
2879 5558 2984 5602 istis
3016 5562 3142 5599 unus
3175 5559 3342 5610 prose-

1770 5619 1960 5681 quitur;
1990 5615 2202 5681 .-;lio_s_sic
2227 5629 2257 5664 a
2277 5613 2570 5681 necessariis,
2600 5613 2694 5663 etc.

1836 5665 1991 5739 (sola
2018 5665 2163 5727 editio
2185 5685 2292 5739 boy.
2322 5665 2461 5725 :n'on
2482 5665 2818 5739 erilmagnum
2838 5671 2964 5735 quod
2998 5666 3172 5720 cadunt
3207 5665 3340 5730 ligna

1773 5744 1817 5787 et
1841 5736 2040 5801 lapides,
2065 5743 2111 5789 et
2132 5736 2397 5788 moriamur
2419 5735 2655 5788 maritales.

3373 5147 3390 5208 ι
