3948 6402
1439 258 1503 275 “-

547 328 620 388 ss
1285 330 1442 388 VITA
1478 329 1536 386 s.
1572 292 1940 387 Ausus'rmt
1977 330 2299 399 EPISCOPI,
2348 334 2667 393 eucroae
2706 337 3022 395 POSSIDIO.
3703 351 3765 411 οι

546 448 707 521 ipsius
737 447 1008 515 actionem,
1034 446 1260 503 omnibus
1284 443 1671 502 consolationem
1684 453 1734 501 et
1759 445 2113 502 Sacramenta-

544 558 659 597 rum
677 540 1036 613 confectionem
1050 548 1096 593 et
1119 539 1451 609 erogationem
1465 537 1493 592 7
1519 534 1618 592 Ubi
1633 538 1679 591 si
1700 537 1914 593 ministri
1930 538 2109 601 desint,
2150 610 2153 613 _

545 643 789 700 quantum
810 632 1014 687 exitium
1039 629 1263 699 sequitur
1281 644 1383 693 eos,
1400 627 1484 698 qui
1510 626 1573 680 de
1586 627 1682 681 isto
1703 624 1888 681 seculo
1911 627 1990 683 vel
2011 643 2111 681 non
2144 708 2147 711 Ι

548 724 822 795 tegenerati
848 729 1027 777 exeunt
1050 718 1129 775 vel
1155 719 1297 790 ligati
1313 718 1558 789 !quantus
1577 727 1647 773 est
1671 719 1823 773 etiam
1845 719 2012 773 luctus
2037 720 2106 789 βε·
2148 712 2151 727 ’

544 814 733 869 dolium
755 827 981 874 suorum,
1002 809 1089 880 qui
1104 825 1189 864 eos
1215 824 1381 864 secum
1395 808 1449 863 in
1468 809 1582 863 vita
1604 817 1803 863 atteram
1818 810 1988 880 requie
2010 826 2111 865 non

545 902 828 958 habebunt!
850 909 1066 972 quantus
1097 898 1310 972 denique
1353 899 1564 971 gemitus
1600 898 1822 952 omnium
1841 939 1859 966 ,
1894 908 1942 952 et
1979 915 2109 971 quo-

547 996 779 1050 rmndam
797 1003 985 1064 quanta
1009 990 1320 1063 blasphemia
1333 992 1396 1046 de
1419 990 1641 1046 absentia
1656 991 2041 1046 ministeriorum
2063 1000 2110 1046 et

544 1088 883 1141 ministrorum
904 1084 955 1137 ει
995 1082 1120 1138 Vide
1139 1084 1262 1154 quid
1289 1082 1445 1155 faciat
1482 1082 1728 1136 malorum
1762 1082 2107 1151 temporalium

543 1180 708 1239 timor,
738 1186 783 1230 et
800 1184 989 1246 quanta
1010 1176 1063 1230 in
1079 1192 1139 1230 eo
1157 1175 1219 1230 sit
1242 1173 1499 1245 acquisitio
1522 1172 1771 1227 malorum
1784 1182 2105 1228 teternorum.
2146 1192 2151 1197 ο

542 1267 603 1322 Si
642 1275 806 1320 autem
856 1266 1071 1321 ministri
1108 1264 1294 1328 adsint,
1322 1280 1413 1335 pro
1438 1262 1620 1317 viribus
1657 1277 1783 1335 quas
1807 1262 1880 1317 eis
1925 1260 2106 1317 Domi-
2142 1340 2143 1347 χ

540 1375 633 1412 nus
660 1357 1027 1421 subministrat,
1056 1354 1282 1410 omnibus
1312 1353 1597 1409 subvenitur
1640 1367 1660 1407 :
1705 1352 1796 1406 alii
1844 1352 2107 1421 baptizan-

539 1460 640 1512 tur,
672 1451 760 1504 alii
785 1449 1185 1514 reconciliantur,
1227 1444 1387 1499 nulli”
1415 1444 1656 1498 dominici
1699 1445 1924 1515 corporis
1967 1460 2106 1499 com-

538 1540 774 1593 munione
805 1538 1139 1608 fraudantur,
1179 1551 1349 1590 omnes
1382 1533 1724 1597 consolantur,
1763 1533 2102 1601 wdiﬁcantur,
2142 1538 2145 1547 ‘

538 1630 895 1691 exhortantur,
937 1637 992 1682 ut
1032 1625 1197 1680 Deum
1231 1634 1442 1696 rogent,
1486 1624 1573 1695 qui
1621 1633 1794 1694 potens
1822 1632 1896 1679 est
1939 1625 2108 1676 omnia

536 1735 651 1791 qua!
669 1721 926 1782 timentur,
957 1727 1204 1780 avertere;
1230 1716 1393 1785 parati
1430 1713 1497 1767 ad
1527 1724 1815 1785 utrumque,
1840 1721 1894 1766 ut
1935 1713 1979 1767 si
2007 1729 2106 1767 non

539 1819 695 1879 potest
719 1808 779 1861 ab
803 1808 873 1862 eis
888 1805 1022 1861 calix
1041 1807 1131 1859 iste
1154 1804 1384 1868 transire,
1409 1804 1496 1871 ﬁat
1516 1804 1745 1857 voluntas
1760 1803 1869 1871 ejus
1894 1801 2100 1874 (Matth.

540 1916 689 1963 xxvi,
714 1898 801 1969 42)
820 1900 907 1969 qui
928 1899 1046 1951 mali
1067 1896 1256 1968 aliquid
1282 1912 1381 1950 non
1403 1904 1557 1965 potest
1583 1892 1725 1948 velle.
1754 1892 1896 1947 Certe
1900 1895 2011 1964 jam
2026 1895 2099 1947 vi-

535 1993 622 2045 des
633 1992 767 2063 quod
778 2001 824 2044 te
837 1989 1105 2059 scripseras
1121 2005 1219 2043 non
1230 1988 1409 2052 videre,
1423 1996 1663 2059 quantum
1675 1986 1789 2039 boni
1799 2001 2104 2055 consequan-

537 2091 619 2135 tur
645 2082 813 2151 populi
841 2079 1131 2142 Christiani,
1149 2079 1193 2133 si
1220 2079 1271 2132 in
1302 2077 1623 2148 praesentibus
1639 2076 1784 2130 malis
1808 2092 1905 2129 non
1926 2076 1996 2129 eis
2015 2075 2102 2130 de-

534 2173 601 2226 sit
632 2171 894 2240 prtcsentia
937 2170 1277 2223 ministrorum
1305 2167 1489 2222 Christi
1513 2182 1759 2235 :quorum
1789 2165 1922 2219 vides
1947 2165 2098 2219 etiant
2138 2178 2139 2183 ‘

533 2270 776 2332 quantum
801 2260 924 2314 obsit
949 2259 1167 2313 absentia
1184 2299 1198 2321 ,
1226 2259 1345 2311 dum
1373 2273 1463 2309 sua
1491 2265 1718 2324 quierunt
1745 2272 1842 2308 non
1870 2270 1985 2326 qua:
2009 2255 2102 2307 Je-
2136 2262 2139 2265 ‘

537 2370 597 2406 su
621 2351 808 2409 Christi
836 2348 1091 2421 (Philipp.
1115 2365 1173 2414 tt,
1194 2349 1255 2403 21
1270 2344 1318 2419 )’;
1346 2364 1433 2401 nec
1455 2344 1632 2399 habent
1657 2344 1800 2400 illam
1820 2345 1882 2398 de
1898 2362 1998 2414 qua
2021 2345 2101 2397 di-

535 2453 671 2497 ctum
705 2453 776 2497 est
801 2459 819 2496 :
851 2441 965 2496 Non
994 2442 1184 2511 quaerit
1204 2454 1322 2508 qum
1362 2453 1454 2491 sua
1485 2446 1603 2491 sunt
1631 2437 1673 2507 (Ι
1708 2436 1824 2491 Cor.
1851 2452 1975 2500 xm,
2006 2436 2099 2503 5);

537 2550 629 2587 nec
656 2533 915 2585 imitantur
941 2546 1054 2583 eum
1081 2529 1169 2601 qui
1195 2528 1354 2582 dixit:
1382 2527 1495 2582 Non
1523 2542 1767 2596 qua-rens
1787 2527 1924 2597 quod
1974 2528 2101 2583 mihi

536 2622 662 2676 utile
684 2621 727 2685 ³,
756 2619 850 2676 sed
877 2619 1017 2690 quod
1043 2619 1220 2673 multis
1248 2627 1305 2672 ut
1330 2617 1460 2673 salvi
1494 2615 1746 2688 liant(ld.
1773 2631 1831 2684 ι,
1871 2618 1983 2686 55).
2006 2617 2104 2683 Qui
2133 2630 2137 2638 λ

537 2713 686 2766 etiam
710 2709 1039 2782 persecutoris
1071 2709 1312 2780 principis
1339 2707 1477 2762 illius
1504 2708 1713 2761 insidias
1741 2724 1840 2797 non
1868 2707 2099 2779 fugisset,

533 2805 631 2859 nisi
653 2819 706 2858 se
736 2802 850 2856 aliis
886 2801 1063 2870 quibus
1104 2800 1412 2854 necessarius
1446 2808 1573 2863 erat,
1604 2813 1801 2852 servare
1833 2797 2061 2853 voluisset
2084 2814 2102 2851 :

535 2903 737 2966 propter
759 2891 894 2965 quod
919 2893 1011 2957 ait,
1053 2887 1352 2961 Compellor
1378 2900 1553 2943 autem
1600 2903 1666 2943 ex
1694 2888 1900 2943 duobus
1926 2904 1940 2940 :
1969 2902 2096 2943 con-

529 2985 907 3055 cupiscentiam
956 2981 1155 3036 babens
1186 2979 1401 3034 dissolvi
1451 2986 1506 3032 et
1550 2992 1670 3033 esse
1715 2992 1837 3032 cum
1863 2977 2098 3043 Christo,

532 3075 700 3130 multo
727 3072 893 3144 magis
912 3070 1200 3139 Optimum;
1238 3082 1452 3123 manere
1502 3076 1677 3122 autem
1707 3067 1757 3121 in
1785 3082 1965 3135 carne,
2008 3085 2101 3122 ne-

531 3164 822 3220 cessarium
865 3168 1080 3233 propter
1114 3174 1207 3214 vos
1246 3156 1499 3231 (Philipp.
1522 3172 1571 3223 ι,
1599 3155 1692 3228 25)
1723 3154 1818 3229 (a).

531 3295 757 3353 CAPUT
794 3292 986 3350 XXXI.
1005 3321 1079 3335 --
1098 3290 1241 3347 Mors
1263 3299 1311 3345 et
1327 3291 1585 3361 sepultura
1601 3290 1887 3362 Augustini.
1907 3289 2104 3346 Psalmi

604 3384 982 3457 paenitentiam.
1021 3382 1347 3452 Sacriﬁcium
1383 3397 1476 3452 pro
1513 3389 1708 3435 mortuo
1740 3381 1985 3436 oblatum.
2012 3381 2103 3435 Bi-

601 3475 865 3531 bliotheca.
889 3472 1217 3530 Honasteria.
1240 3472 1569 3543 Epitaphium
1588 3481 1748 3543 poetas
1768 3472 2051 3543 cujusdam.

608 3587 750 3645 Sane
803 3588 893 3643 ille
940 3594 1155 3642 sanctus
1204 3587 1255 3641 in
1293 3585 1411 3649 vita~
1436 3600 1529 3640 sua
1577 3586 1773 3654 prolixa
1812 3600 1910 3656 pro
1958 3586 2099 3641 utili-

534 3689 641 3734 tate
687 3694 750 3733 ac
794 3678 1043 3735 felicitate
1083 3684 1279 3732 sancte
1339 3674 1591 3731 Ecclesia:
1636 3675 1908 3730 catholicae
1965 3676 2100 3730 divi-

531 3771 671 3824 nitus
704 3762 1027 3832 condonata,
1058 3766 1187 3821 vixit
1227 3767 1380 3823 annis
1423 3766 1749 3837 septuaginta
1791 3775 1840 3821 et
1879 3782 2003 3831 sex,
2049 3767 2098 3822 in

534 3860 783 3915 clericatu
823 3868 999 3914 autem
1031 3857 1118 3913 vel
1149 3857 1453 3927 episcopatu
1492 3858 1645 3911 anilis
1679 3856 1846 3913 ferme
1871 3856 2101 3927 quadra-

531 3951 696 4023 ginta.
729 3950 914 4007 Dicere
932 3958 1109 4005 autem
1136 3947 1286 4003 nobis
1315 3946 1338 3980 ‘
1368 3948 1505 4002 inter
1531 3947 1806 4001 familiaria
1841 3948 2100 4018 colloquia

529 4049 894 4106 consueverat,
927 4046 1046 4109 post
1072 4045 1375 4108 perceptum
1412 4036 1760 4106 Baptismum.
1791 4036 1951 4091 etiam
1980 4036 2097 4091 lan-

529 4133 680 4188 datos
691 4131 1021 4188 Christianos
1044 4130 1067 4162 ⁸
1090 4140 1145 4184 et
1165 4128 1468 4184 sacerdotes
1487 4128 1685 4197 absque
1707 4127 1862 4197 digna
1883 4134 1938 4181 et
1954 4142 2102 4182 com-

528 4223 725 4294 petenti
751 4220 1055 4291 ptenitentia
1074 4220 1220 4274 exire
1247 4218 1314 4273 de
1337 4232 1559 4287 corpore
1585 4233 1689 4271 non
1711 4216 1926 4272 debere.
1946 4216 2096 4284 Quod

527 4323 582 4369 et
620 4313 735 4384 ipse
773 4311 925 4377 fecit,
966 4310 1147 4364 ultima
1177 4324 1276 4379 qua
1306 4307 1585 4362 defunctus
1624 4316 1705 4362 est
1741 4307 2094 4377 egritudine:

526 4420 648 4459 nam
677 4402 776 4458 sibi
814 4402 1045 4471 iusserat
1073 4398 1312 4455 Psalmos
1351 4395 1649 4459 Davidicos,
1679 4397 1766 4467 qui
1806 4405 1929 4452 sunt
1967 4411 2098 4466 pau-

526 4494 724 4551 cissimi
751 4494 818 4548 de
855 4491 1187 4564 pmnitentia,
1220 4488 1423 4546 scribi.
1448 4487 1696 4557 ipsosque
1720 4487 2096 4556 quaterniones

523 4584 709 4653 jacens
736 4583 786 4636 in
819 4583 954 4636 lecto
981 4589 1164 4636 contra
1189 4580 1443 4651 parietem
1476 4576 1673 4646 positos
1712 4575 1733 4607 ⁸
1772 4576 1961 4632 diebus
1986 4590 2098 4630 suae

527 4671 846 4727 infirmitatis
865 4670 1186 4734 intuebatur,
1207 4678 1263 4723 et
1281 4668 1510 4739 legebat,
1533 4676 1585 4722 et
1604 4666 1802 4738 iugiter
1829 4682 1895 4723 ac
1929 4667 2093 4723 uber-

527 4762 623 4816 tim
642 4760 833 4815 tlebat:
855 4769 908 4813 et
932 4757 1247 4827 mentio
1265 4758 1379 4827 ejus
1398 4772 1427 4810 a
1443 4771 1704 4826 quoquam
1731 4757 2093 4827 impediretur,

527 4858 649 4906 ante
670 4848 788 4904 dies
813 4844 1195 4903 lenne'decem
1218 4860 1375 4914 quam
1399 4845 1567 4899 exiret
1593 4844 1663 4899 de
1685 4860 1927 4914 corpore,
1952 4861 1981 4899 a
2009 4860 2097 4901 no-

589 4979 607 5041 β
633 4976 836 5041 salinas,
858 4990 921 5028 ex
944 4976 1025 5027 ω.
1050 4982 1166 5041 Reg.
1191 4972 1312 5025 1025
1339 4987 1353 5023 :
1381 4982 1452 5025 De
1473 4972 1685 5025 absentia
1703 4975 2031 5038 mysteriorum
2053 4982 2099 5028 et

527 5037 868 5111 me-
934 5046 1015 5111 δὲ.
1201 5095 1284 5111 ....

592 5104 613 5135 ³
645 5099 841 5161 saliuas,
866 5111 930 5148 ex
952 5098 1034 5149 cd.
1061 5104 1176 5160 Reg.
1200 5095 1310 5154 541,
1332 5093 1598 5146 nonmulti.
1664 5102 1719 5143 Μ.
1790 5154 1803 5166 ⁹
1932 5156 1946 5168 ,

594 5161 616 5194 ⁸
645 5159 844 5221 Salinas,
869 5173 934 5210 ex
962 5167 1171 5222 utroque
1192 5156 1273 5206 Cd.
1299 5164 1414 5219 Reg.
1442 5169 1456 5205 :
1482 5154 1855 5250 A'onquodmshi
1875 5155 1990 5268 agile
2009 5163 2095 5209 est.

592 5281 618 5315 ι
646 5282 1002 5334 meum:
1531 5276 1694 5329 dicere
1714 5246 2097 5342 nobis;o"iuisso,

525 5347 2100 5476 %m%exq.Reg.wzaianlaudabitisconoersatio-

521 5463 942 5587 “8065,3133”;
960 5471 1045 5575 (ἕξ
1067 5525 1217 5575 vatic.
1254 5522 1372 5573 1188
1399 5536 1413 5573 :
1454 5531 1512 5572 In
1534 5520 1654 5573 lecto
1673 5527 1840 5573 contra
1872 5519 2101 5585 parietem

525 5594 798 5652 positam

589 5708 663 5772 (α)
692 5717 873 5772 cetera
893 5709 1067 5772 videre
1088 5708 1237 5760 estin
1257 5712 1388 5757 ιοωο
1417 5703 1651 5764 sewndo,
1686 5703 1829 5764 epist.
1863 5700 1981 5763 228,
2012 5715 2095 5752 un.

526 5768 608 5831 to,
627 5768 888 5834 11,12,13
910 5777 962 5821 et
983 5770 1059 5820 tt.

2217 445 2301 504 bis
2326 450 2611 519 postulavit
2638 453 3007 521 prmsentibus,
3036 471 3103 510 ne
3141 457 3258 527 quis
3288 458 3356 513 ad
3380 474 3500 515 eum
3542 463 3773 534 ingrede-

2218 548 2385 605 retur,
2410 540 2508 594 nisi
2537 541 2601 595 iis
2631 549 2833 597 tantum
2881 544 3044 604 horis.
3071 547 3265 615 quibus
3290 548 3477 605 medici
3509 550 3575 606 ad
3616 553 3772 626 inspi-

2214 629 2458 685 ciendum
2490 633 2744 687 intrarent
2765 634 2804 700 ¹,
2833 636 2911 687 vel
2933 652 3051 689 cum
3072 637 3121 691 ei
3149 636 3369 693 refectio
3389 640 3689 698 inferretur.
3713 645 3772 702 Et

2215 717 2287 774 ita
2312 706 2733 777 observatum'ac
2759 724 2949 778 factum
2975 736 3056 780 est
3087 744 3101 779 :
3146 737 3199 781 et
3240 729 3385 783 omni
3426 731 3514 786 illo
3542 740 3771 803 tempore

2214 811 2438 866 orationi
2480 813 2716 867 vacabat.
2749 814 2975 870 Verbum
3007 816 3096 871 Dei
3142 832 3306 889 usque
3333 819 3399 874 ad
3441 820 3605 891 ipsam
3634 840 3771 882 suam

2213 908 2503 956 extremam
2549 903 2914 972 mgrilttdinem
2958 905 3410 975 impraatermisse,
3454 911 3697 968 alacriter
3722 924 3771 970 et

2213 988 2439 1057 fortiter,
2493 1006 2618 1046 sana
2668 1003 2864 1057 mente,
2909 1010 3144 1066 saneque
3184 997 3407 1054 consilio
3456 1000 3508 1055 in
3553 1002 3767 1059 ecclesia

2212 1082 2532 1152 prmdicavit.
2564 1082 2811 1140 Membris
2833 1087 3076 1143 omnibus
3096 1089 3175 1143 sui
3204 1092 3443 1160 corporis
3471 1093 3760 1162 incolumis,

2212 1173 2417 1243 integro
2443 1187 2655 1243 aspectu
2682 1185 2838 1245 atque
2865 1176 3066 1245 auditu,
3095 1187 3169 1244 et,
3191 1190 3247 1235 ut
3275 1183 3527 1252 scriptum
3556 1198 3658 1253 est,
3685 1202 3771 1243 no-

2211 1262 2292 1318 bi’s
2317 1264 2627 1331 astantibus,
2651 1275 2704 1321 et
2726 1267 3048 1334 videntibus,
3071 1277 3125 1325 et
3139 1286 3261 1325 cum
3288 1286 3355 1327 eo
3376 1275 3570 1342 pariter
3587 1277 3610 1308 ⁸
3628 1290 3770 1332 oran-

2210 1352 2351 1406 tibus
2375 1353 2692 1409 obdormivit
2721 1357 2742 1388 ⁸
2771 1372 2891 1412 cum
2937 1359 3173 1427 patribus
3214 1362 3344 1428 suis,
3383 1364 3645 1420 enutritus
3678 1366 3698 1399 ³
3721 1368 3769 1423 ἰιι

2208 1440 2344 1497 bona
2382 1453 2689 1511 senectute;
2730 1456 2785 1501 et
2828 1447 2981 1503 nobis
3004 1463 3181 1504 coram
3214 1467 3309 1521 pro
3353 1453 3468 1522 ejus
3503 1469 3768 1511 commen-

2207 1533 2377 1588 danda
2404 1536 2641 1605 corporis
2686 1537 3013 1606 depositione
3058 1540 3370 1597 sacrificium
3407 1544 3515 1598 Deo
3543 1545 3767 1603 oblatum

2207 1633 2309 1691 est,
2336 1632 2390 1679 et
2417 1627 2653 1694 sepultus
2671 1637 2771 1682 est.
2804 1628 3199 1685 Testamentum
3248 1633 3451 1687 nullum
3486 1635 3626 1700 fecit,
3661 1638 3770 1706 quis

2210 1715 2347 1770 unde
2373 1715 2568 1770 faceret
2597 1732 2796 1788 pauper
2822 1719 2913 1773 Dei
2960 1735 3066 1775 non
3098 1721 3297 1776 habuit.
3326 1722 3576 1778 Ecclesia;
3601 1724 3770 1782 biblio-

2207 1806 2443 1871 thecam,
2473 1824 2764 1879 omnesque
2789 1809 3000 1867 codices
3035 1812 3314 1882 diligenter
3340 1817 3567 1884 posteris
3603 1826 3768 1872 costo-

2204 1898 2426 1954 diendos
2451 1915 2663 1970 semper
2685 1902 2920 1970 jubebat.
2959 1904 3013 1959 Si
3039 1904 3162 1973 quid
3190 1920 3318 1959 vero
3342 1907 3601 1972 Ecclesia,
3627 1909 3703 1963 vel
3723 1909 3766 1963 in

2205 1989 2521 2060 sumptibus,
2540 1991 2618 2045 vel
2643 1992 2693 2045 in
2716 1993 3039 2046 ornamentis
3057 1993 3256 2058 habuit,
3281 1995 3400 2049 fidei
3422 1996 3711 2069 presbyteri
3729 1999 3766 2063 ',

2204 2080 2291 2149 qui
2330 2079 2429 2135 sub
2454 2081 2638 2135 eodem
2667 2080 2858 2136 domus
2906 2082 3157 2138 Ecclesim
3185 2098 3365 2139 curam
3419 2087 3659 2155 gerebat,
3700 2088 3772 2142 di-

2204 2169 2366 2222 misit.
2407 2169 2672 2226 Ncc'suos
2697 2173 3136 2242 consanguineos,
3173 2175 3254 2228 vel
3301 2175 3352 2228 in
3385 2178 3657 2243 proposito
3698 2179 3769 2233 vel

2203 2266 2358 2312 extra
2389 2245 2722 2325 conStitutos,
2765 2262 2815 2315 in
2860 2278 2951 2316 sua
2982 2265 3084 2316 vita
3128 2273 3182 2317 et
3231 2276 3400 2320 inerte
3435 2268 3582 2334 vulgi
3634 2284 3771 2322 more

2206 2351 2490 2404 tractavit;
2524 2350 2733 2420 quibus,
2762 2352 2885 2406 dum
2913 2352 3086 2409 adhuc
3123 2365 3445 2424 superesset,
3486 2357 3537 2411 id
3580 2359 3624 2412 si
3652 2373 3773 2429 Opus

2205 2439 2323 2504 fuit,
2356 2440 2498 2510 quod
2536 2449 2589 2494 et
2630 2442 2859 2509 caeteris,
2884 2445 3136 2514 erogavit,
3166 2459 3269 2499 non
3297 2454 3357 2501 ut
3382 2446 3598 2502 divitias
3627 2448 3773 2502 habe-

2205 2540 2345 2596 rent,
2373 2533 2465 2587 sed
2492 2542 2547 2586 ut
2568 2542 2658 2588 aut
2685 2549 2810 2600 non,
2837 2544 2927 2589 aut
2956 2532 3133 2591 minus
3157 2548 3391 2608 egerent.
3419 2538 3635 2595 Clerum
3671 2538 3773 2596 suf-

2205 2620 2639 2684 ficientissimum,
2662 2633 2715 2678 et
2738 2625 3053 2680 monasteria
3081 2626 3311 2680 virorum
3340 2641 3405 2682 ac
3426 2628 3738 2685 feminarum
3754 2670 3767 2693 ,

2211 2713 2606 2768 continentibus
2632 2715 2653 2746 ⁶
2682 2730 2801 2769 enm
2848 2716 2958 2771 suis
2988 2719 3285 2787 prmpositis
3327 2719 3496 2788 plena,
3537 2718 3797 2777 Ecclesia!

2204 2802 2421 2869 dimisit,
2450 2821 2551 2859 una
2576 2822 2696 2861 cum
2741 2807 3094 2873 bibliothecis,
3130 2808 3296 2864 libros
3322 2818 3377 2863 et
3401 2818 3565 2865 tracta
3579 2822 3661 2867 tus
3698 2812 3773 2867 vel

2203 2907 2330 2947 suos
2371 2895 2453 2950 vel
2496 2895 2717 2950 aliorum
2766 2908 3066 2953 sanctorum
3119 2898 3452 2962 habentibus.
3492 2900 3545 2956 in
3597 2902 3774 2973 quibus

2203 2981 2344 3037 dono
2368 2984 2455 3037 Dei
2476 2985 2645 3053 qualis
2664 2995 2992 3057 quantusque
3014 2988 3068 3042 in
3088 2988 3329 3044 Ecclesia
3345 2990 3503 3047 fuerit
3519 2994 3768 3058 noscitur,

2203 3082 2258 3128 et
2305 3073 2356 3126 in
2386 3073 2466 3127 his
2508 3089 2720 3143 semper
2754 3076 2930 3130 vivere
2969 3091 3000 3130 a
3031 3078 3273 3135 fidelibus
3303 3066 3592 3137 invenitur.
3630 3082 3773 3138 Juxta

2203 3164 2342 3235 quod
2380 3166 2536 3220 etiam
2582 3166 2910 3221 saecularium
2936 3168 3149 3237 quidam
3192 3181 3485 3239 poetarum.
3540 3175 3661 3229 suis
3690 3173 3770 3245 ju-

2205 3255 2339 3310 bens
2364 3270 2469 3324 quo
2490 3255 2587 3309 sibi
2610 3256 2866 3311 tumulum
2892 3267 3100 3313 mortuo
3132 3260 3185 3314 in
3210 3275 3401 3332 aggere
3422 3262 3641 3333 publico
3672 3265 3774 3322 col-

2203 3344 2458 3411 locarent,
2478 3355 2864 3416 programmate
2886 3347 3060 3414 finxit,
3078 3347 3260 3406 dicens
3276 3351 3322 3416 ⁷,

2354 3434 2526 3482 Vivere
2555 3443 2661 3543 post
2678 3436 2860 3485 obitum
2884 3443 3044 3487 vatem
3065 3438 3140 3488 vis
3164 3452 3308 3490 nosse
3336 3441 3505 3504 viator,

2414 3495 2541 3543 Quod
2580 3497 2687 3543 suis
2714 3510 2830 3543 ecce
2848 3497 3036 3543 locum.
3056 3513 3150 3543 vox
3170 3506 3250 3543 tua
3266 3514 3445 3543 nemm
3463 3517 3505 3543 m

2414 3495 2541 3553 Quod
2557 3495 2687 3559 legis
2714 3510 2830 3547 ecce
2848 3497 3036 3562 loquor,
3056 3513 3151 3550 vox
3170 3506 3250 3550 tua
3266 3514 3445 3566 nempe
3463 3495 3574 3554 mea
3600 3510 3692 3557 est.

2203 3573 2271 3627 Et
2298 3574 2349 3627 in
2371 3576 2480 3629 suis
2508 3577 2720 3646 quidem
2748 3580 2959 3648 scriptis
2979 3579 3069 3636 ille
3092 3583 3198 3637 Deo
3217 3582 3465 3654 acceptus
3494 3596 3549 3641 et
3577 3588 3766 3642 charos

2202 3663 2469 3728 sacerdos,
2501 3678 2752 3736 quantum
2776 3668 2980 3723 lucente
3007 3671 3223 3727 veritate
3245 3672 3426 3729 videre
3443 3676 3768 3743 conceditur,

2202 3764 2346 3809 recte
2364 3757 2593 3821 aesone,
2616 3757 2752 3821 fidei,
2771 3759 2904 3828 spei,
2935 3767 2990 3813 et
3002 3759 3273 3827 charitatis
3297 3763 3575 3820 catholica:
3600 3767 3772 3823 Eccle-

2202 3843 2294 3898 sim
2323 3845 2516 3900 vixisse
2544 3845 2910 3902 manifestatur
2936 3868 2948 3903 :
2974 3850 3111 3919 quod
3133 3863 3423 3921 agnoscunt
3446 3855 3538 3924 qui
3568 3872 3689 3912 eum
3706 3855 3770 3912 de

2202 3933 2391 3988 divinis
2419 3935 2735 3991 scribentem
2765 3939 3001 4008 legentes
3034 3941 3333 4009 proficiunt.
3371 3943 3475 3998 Sed
3500 3960 3604 4016 ego
3630 3946 3764 4002 arbi-

2202 4035 2313 4080 tror
2336 4027 2454 4096 plus
2478 4042 2541 4081 ex
2567 4042 2633 4083 eo
2653 4028 2907 4098 proﬁcere
2926 4031 3178 4099 potuisse,
3202 4033 3291 4102 qui
3315 4049 3433 4089 eum
3457 4046 3512 4091 et
3551 4037 3764 4109 loquens

2202 4125 2307 4172 tem
2351 4117 2403 4171 in
2448 4118 2673 4173 ecclesia
2714 4130 3025 4188 praesentem
3055 4122 3235 4178 audire
3260 4133 3317 4178 et
3357 4125 3545 4184 videre
3593 4138 3767 4199 potue-

2200 4217 2323 4262 runt
2350 4208 2391 4274 ⁸,
2424 4216 2478 4261 et
2519 4208 2634 4277 ejus
2662 4211 2952 4277 praesertim
2982 4213 3003 4245 ⁹
3033 4212 3171 4268 inter
3211 4212 3453 4270 homines
3478 4231 3756 4274 conversa-

2201 4296 2397 4352 tionem
2411 4312 2515 4353 non
2532 4298 2920 4367 ignoraverunt.
2935 4302 3058 4357 Erat
3069 4304 3209 4358 enim
3231 4318 3333 4358 non
3346 4305 3517 4361 solum
3530 4308 3764 4364 eruditus

2200 4389 2370 4442 scriba
2412 4388 2463 4442 in
2493 4403 2655 4458 regno
2689 4391 2966 4457 cmlorum,
2993 4392 3060 4449 de
3086 4393 3333 4450 thesauro
3370 4412 3466 4450 suo
3495 4399 3769 4467 proferens

2200 4493 2334 4533 nova
2364 4486 2419 4532 et
2448 4488 2647 4547 vetera,
2678 4490 2731 4535 et
2776 4498 2910 4537 unus
2937 4486 3343 4554 negotiatorum,
3372 4488 3462 4557 qui
3506 4490 3769 4547 inventam

2201 4568 2483 4638 pretiosam
2526 4571 2883 4641 margaritam,
2926 4590 3044 4643 qua:
3074 4575 3301 4632 habebat
3343 4579 3598 4650 venditis,
3630 4598 3772 4640 com-

2198 4658 2405 4726 paravit
2433 4656 2645 4730 (llauh.
2671 4675 2784 4725 xm,
2807 4662 2898 4729 52,
2923 4662 3016 4727 45,
3045 4663 3139 4735 46)
3182 4685 3196 4719 :
3229 4682 3411 4723 verum
3435 4670 3599 4726 etiam
3614 4689 3679 4729 ex
3705 4673 3767 4728 iis

2198 4746 2264 4803 ad
2290 4762 2426 4818 quos
2467 4750 2721 4820 scriptum
2747 4760 2849 4820 est,
2882 4752 2970 4808 Sic
2994 4753 3273 4824 loquimini,
3298 4765 3347 4812 et
3372 4758 3445 4812 sic
3467 4761 3621 4831 facite
3659 4761 3773 4835 (Ja-

2262 4855 2495 4933 Lsaliee
2512 4865 2687 4933 1,110.9
2720 4868 2846 4933 Mss...
2870 4860 3384 4933 W:mm
3404 4870 3668 4933 οοιιιιίωτε
3693 4869 3773 4925 νει

2199 4928 2313 4967 cum
2331 4916 2378 4968 ei
2400 4916 2592 4989 refectio
2610 4916 2910 4984 offerebatur.
2976 4931 3033 4971 Μ.
3125 4916 3141 4925 ’
3297 4916 3314 4929 ⁵
3360 4984 3373 4997 ⁸

2260 4978 2282 5009 I
2315 4983 2461 5009 limini
2487 4992 2657 5009 nmnm
2678 4988 2764 5009 “an
2809 4984 3027 5009 manu...
3058 4996 3162 5009 μ...-
3190 4997 3241 5009 ..ιι
3262 4998 3373 5009 μ...

2262 4983 2282 5009 ³
2315 4983 2463 5029 Nostri
2487 4983 2662 5030 omnes
2678 4988 2783 5032 Mss.
2808 4984 3030 5033 omittunt
3055 4996 3166 5035 cson
3185 4997 3242 5036 eo
3262 4984 3461 5051 pariter.

2262 5039 2285 5072 ³
2315 5039 2464 5089 [editio
2484 5046 2594 5089 Lov.
2617 5042 2748 5091 addit
2764 5041 2842 5094 .in
2864 5056 2998 5094 bace.

2262 5056 2285 5072 ·
2315 5056 2464 5089 mtuo
2484 5056 2594 5089 ων.
2617 5056 2748 5091 anan.
2764 5056 2842 5101 ,ιη
2864 5056 2998 5105 pace.

2260 5098 2284 5131 ⁸
2311 5103 2645 5173 ϐρςωεωθιιείε
2664 5102 2817 5173 codex
2857 5105 3073 5173 praeterit
3100 5103 3365 5173 enutritus;
3389 5118 3442 5161 et
3463 5113 3617 5173 infra,
3640 5114 3769 5166 loco.

2198 5166 2257 5233 et
2275 5158 2411 5211 nobis
2431 5174 2595 5211 coram
2615 5174 2703 5225 pro
2722 5162 2844 5225 ejus,
3109 5172 3164 5216 Et
3185 5181 3217 5216 a
3391 5158 3774 5236 prsidii—".5:

2199 5219 2431 5286 lucage;
2450 5222 2531 5286 qd.
2557 5230 2702 5286 Reg.:
2730 5228 2784 5274 El
2806 5236 2893 5286 no,
2944 5237 3124 5286 coram
3144 5234 3324 5286 positis.
3388 5240 3445 5282 Μ.

2262 5239 3484 5363 ἢεξῖιεΐάηἳθὲέέ.ξέιι”⁰ρῖιιεῖίέ⁰ἓῗά”εἶὲ⁰βέ¹εξρνιὲίο.

2263 5342 2284 5405 ξ
2316 5342 2435 5405 sunt
2455 5344 2693 5404 praebent,
2710 5348 3145 5405 ,contmentswne-
3156 5357 3228 5398 Sic
3251 5358 3398 5401 etiam
3418 5352 3616 5405 saliuas.
3686 5363 3721 5404 st

2263 5403 2283 5434 ⁷
2317 5402 2436 5452 ΕΔίῆ
2457 5402 2481 5451 “;
2513 5411 2608 5454 Pro
2641 5402 2981 5475 epigrammate
3015 5404 3188 5471 ﬁnxit,
3215 5408 3394 5463 dicens.
3420 5402 3771 5468 omne—sinsi:

2200 5467 2672 5539 ν”ἷᾶί
2703 5478 2766 5539 ἓ*
2790 5465 3103 5539 ¹ί⁸ὲ39τίί1¹ιθ
3139 5471 3387 5539 Ρτεὲδθηῐν
3423 5471 3557 5539 ﬁni.
3588 5476 3756 5539 αἱρεῖν

2487 5520 2667 5574 βίαι.
2705 5533 2819 5588 Reg.
2856 5520 2942 5577 5H
2978 5540 2991 5578 :
3020 5520 3114 5578 ὶιτο
3139 5520 3775 5600 ὶῃὶθναπιήιᾶὶέἧῖπᾶῗιῖισ

2261 5644 2284 5675 ⁸
2314 5650 2665 5695 Germanenses
2686 5652 2820 5696 Mss:
2848 5655 2903 5698 In
2924 5646 3136 5700 Ecclesia
3156 5650 3328 5703 audire
3349 5655 3717 5719 prmseruialitcr
3731 5664 3775 5707 rt

2235 5702 2362 5753 Edere
2376 5710 2642 5753 notuerunt.

2201 5710 2699 5843 "iegiméa.
2726 5773 2839 5830 Reg.
2863 5767 2982 5817 5H:
3009 5774 3066 5819 El
3086 5769 3191 5831 eius
3211 5781 3506 5832 prementem.
3598 5783 3657 5828 Μ.

3485 5905 3948 6394 .J
