3948 6404
162 414 222 474 οε
976 404 1143 469 “TA
1166 410 1222 469 S.
1263 404 1627 471 AUGUSTINI
1666 407 1983 468 EPISCOPI.
2060 407 2263 470 LIBER
2302 414 2569 477 PRIMUS.
3299 417 3372 482 ω

163 551 256 605 ab;
274 564 327 615 ιι.
351 547 426 618 ις)
448 564 463 613 ε
489 544 626 602 “de
652 547 859 618 quibus
877 547 1108 603 Salvam.-
1126 547 1273 613 dicil,
1307 546 1408 613 ραε
1434 548 1608 619 [eum
1643 554 1694 602 ετ
1784 539 1863 583 ter
1886 543 1949 584 ac
1968 528 2194 614 dulciter
2219 531 2348 597 vixi,
2370 539 2424 587 et
2444 532 2495 586 in
2519 530 2622 589 hoc
2643 533 2839 590 saeculo
2865 533 3142 594 aemulator
3162 545 3219 594 et
3244 538 3369 593 imi-

164 641 361 695 docuerit
379 640 439 693 sit:
452 638 690 705 homines,
709 639 798 694 hic
828 656 1037 713 magnus
1064 640 1319 694 vocabitur
1337 640 1392 694 in
1415 656 1569 713 regno
1588 656 1689 695 ca:-

169 737 315 788 torttnt
349 730 521 805 (lout.
550 747 604 800 v,
638 732 750 804 19).

233 825 335 881 Peto
360 835 507 879 autem
546 824 828 892 impendio
856 835 1079 885 vestram
1100 824 1433 892 cbaritatem,
1462 826 1552 896 qui
1576 823 1691 881 haec

181 915 332 985 sci-ipa
375 913 558 984 legitis,
601 922 660 967 ut
701 930 915 969 mecum
960 916 1309 985 omnipotenti
1344 916 1450 970 Deo
1493 916 1672 985 gratias

1777 913 2922 990 noamsztaig'tmra‘maaaéso:

178 1008 321 1077 agatis.
349 1004 713 1074 Dominamque
741 1006 1085 1068 benedictus,
1114 1005 1203 1076 qui
1240 1005 1421 1059 tribuit
1449 1005 1577 1059 mihi
1607 1006 1688 1060 in-

174 1096 403 1157 tclkdntn,
421 1104 473 1148 ut
498 1094 609 1148 lucc
634 1097 685 1147 in
719 1097 962 1149 notitiam
985 1105 1041 1151 et
1061 1097 1403 1167 przcsentium
1424 1105 1479 1151 et
1496 1096 1690 1152 absen-

162 1187 262 1240 tium
281 1186 526 1254 persentis
559 1188 823 1254 temporis
836 1196 891 1241 et
910 1186 1070 1240 futuri
1101 1188 1393 1252 hominum,
1417 1197 1472 1242 et
1495 1188 1686 1243 vellem

150 1273 334 1339 deferre,
362 1284 413 1329 et
437 1276 716 1330 valuissem
739 1293 757 1341 ;
791 1285 844 1332 et
873 1293 1076 1332 mecum
1098 1293 1160 1330 ac
1190 1293 1284 1347 pro
1306 1293 1390 1332 me
1420 1279 1605 1343 oretis,
1627 1287 1685 1332 ut

144 1366 257 1422 illius
271 1366 510 1436 quondam
540 1367 660 1432 viri,
688 1383 816 1423 cum
841 1384 946 1439 quo
967 1368 1134 1424 ferme
1162 1370 1315 1424 annis
1335 1369 1686 1439 quadraginta

141 1455 217 1513 Dei
254 1455 377 1510 dono
402 1457 418 1488 ⁸
444 1457 644 1527 absque
682 1473 871 1513 amara
901 1460 1008 1513 ulla
1036 1458 1372 1517 dissensione
1409 1459 1686 1515 familiari-

192 1566 970 1621 ιωωκεευάὀοηιο.

1778 627 1921 674 tator
1942 620 2187 685 existam,
2209 628 2265 675 et
2290 620 2343 676 in
2366 619 2542 676 futuro
2564 625 2939 694 omnipotentis
2965 626 3057 681 Dei
3083 627 3362 697 promissis

1778 725 1901 766 cum
1925 710 2112 767 eodem
2143 712 2398 784 perfruar.
2430 716 2600 769 Amen
2626 714 2667 770 ί.

1841 876 1858 908 ι
1892 873 2186 940 εθλίῃειε-ξᾲιη
2220 875 2386 940 codice
2416 875 2616 940 begins:
2649 874 2739 940 5M
2777 876 2858 927 hic
2891 876 3077 929 additur
3111 879 3220 931 linis
3251 893 3366 934 cum

1777 951 2155 1009 nonnuutsatns
2176 951 2341 986 verms
2370 951 2431 987 au
2462 951 2803 989 transuuones
2837 951 3053 1012 emporia
3084 951 3129 990 s.
3154 951 3365 995 Doctoris

1776 1000 2139 1065 pertinentibus
2167 1012 2180 1046 :
2207 1009 2295 1058 om
2314 1011 2427 1047 cum
2450 1007 2549 1049 Deo
2572 1010 2592 1048 l
2610 1006 2715 1065 qtre
2735 1005 2783 1051 et
2805 1007 2985 1065 spiritu
3002 1007 3166 1065 stmcto
3187 1001 3297 1055 tiri:
3318 1012 3365 1055 et

1773 1056 2009 1124 gloriatur
2023 1064 2069 1124 et
2084 1056 2249 1124 regnat
2266 1067 2393 1110 Deus
2403 1072 2489 1124 per
2503 1058 2662 1124 omnia
2675 1056 2855 1124 stecula
2867 1060 3172 1114 seculorum.
3200 1092 3225 1111 η
3237 1078 3362 1115 men.

1778 1121 2007 1170 insititim
2028 1121 2106 1185 hic
2127 1121 2335 1185 ﬁnisest
2349 1155 2365 1181 ,
2391 1121 2484 1185 nec
2505 1122 2565 1171 ad
2588 1122 2780 1185 t'ossidii
2805 1125 3021 1185 pertinet
3050 1130 3257 1185 textum.
3283 1134 3368 1177 No-

1775 1189 1877 1232 tum
1900 1190 1978 1231 est
2000 1183 2131 1232 enim
2154 1181 2495 1246 ecclesiasticas
2515 1181 2821 1246 antiquitatis
2831 1184 3075 1246 studiosis,
3091 1187 3140 1235 in
3154 1183 3250 1236 ﬁne
3266 1194 3364 1236 tum

1775 1251 2073 1306 Sermonum,
2099 1251 2201 1292 tum
2228 1245 2434 1294 \itarum
2451 1278 2466 1303 ,
2490 1256 2599 1306 qua:
2622 1257 2650 1293 a
2672 1246 2930 1296 Veteribus
2951 1245 3095 1298 editae
3116 1255 3229 1298 sunt
3244 1281 3261 1303 .
3284 1246 3366 1297 ali-

1774 1316 1869 1414 qua
1893 1305 1999 1376 addi
2026 1306 2246 1377 etinseri
2262 1340 2276 1361 ,
2301 1307 2425 1355 sicut
2448 1305 2809 1378 et'trequenter
2829 1306 3126 1379 detruncari,
3153 1316 3256 1378 tum
3278 1321 3366 1370 pro

1810 1374 1982 1414 iccntis
2002 1368 2356 1414 scrutenttsnue
2378 1368 2597 1414 arbitrio.
2620 1379 2678 1414 ac
2693 1383 2705 1414 ι
2721 1379 2777 1414 ro
2798 1365 3119 1414 solemmtatis
3139 1376 3329 1414 rauone
3343 1403 3360 1414 .

1810 1367 1982 1416 iccntis
2002 1367 2356 1429 scribentisque
2378 1368 2597 1430 arbitrio,
2618 1365 2678 1416 ac
2693 1383 2705 1429 ι
2721 1379 2777 1417 ro
2796 1365 3123 1430 solemnitatis
3139 1365 3329 1420 ratione
3343 1403 3360 1430 ,

1776 1433 1875 1491 tum
1901 1441 1986 1491 pro
2024 1435 2293 1491 temporum
2330 1429 2640 1478 necessitate.
2678 1429 2839 1488 Quod,
2864 1438 3234 1491 cumhaccurate
3265 1429 3363 1481 non

1774 1488 2061 1551 advertitur,
2086 1487 2138 1538 in
2159 1501 2337 1552 graves
2356 1501 2414 1540 ac
2437 1496 2607 1551 turpes
2627 1500 2826 1540 euut-es
2844 1487 3067 1553 impellit.
3133 1498 3190 1541 nl.
3249 1529 3256 1535 .

147 1679 3347 1737 Ἥ

1436 1719 1762 1731 _____.

1618 1818 1702 1973 Ι

1618 1818 1702 1973 Ι

310 2081 1008 2233 SANCTI
1115 1817 3156 2262 AUIEIEEAAUGUSTINI,

1042 2300 1810 2405 HIPPONEN‘SIS
1845 2302 2399 2394 'EPISCOPI,

796 2433 916 2497 EX
952 2432 1138 2496 EJUS
1177 2431 1661 2495 POTISSIMUM
1705 2431 2054 2495 SCRIPTIS
2094 2433 2626 2501 CONCINNATA.

1474 2556 1975 2635 mum-

1105 2679 1281 2787 LI
1274 2677 1584 2783 BER
1664 2678 2090 2784 PBLM
2104 2677 2321 2788 US.

473 2872 541 2918 De
568 2868 752 2930 prunis
771 2864 943 2927 viginti
963 2875 1137 2916 novem
1166 2857 1306 2913 annis
1332 2862 1600 2925 Augustini,
1619 2862 1682 2911 ab
1716 2862 1824 2925 ejus
1850 2869 1959 2914 ortu
1976 2863 2035 2913 ad
2058 2863 2407 2927 profectionem
2434 2868 2654 2933 ejusdem
2674 2869 2725 2920 in
2756 2868 2954 2922 Italiam.

1524 2965 1926 3001 σκωπ-

586 3049 830 3107 CAPUT
870 3046 1150 3104 PRIMUM.

133 3183 155 3239 1
180 3184 408 3258 Augustini
434 3187 623 3259 patria.
654 3183 693 3237 2
715 3182 922 3238 Natalis
949 3182 1073 3236 dies.
1093 3181 1126 3237 5
1160 3178 1382 3233 Nomen.
1410 3178 1445 3233 4
1470 3175 1668 3232 Parim-

597 3289 674 3333 tes
698 3287 744 3331 et
770 3288 1147 3344 consanguinei.

188 3409 232 3464 1.
259 3411 481 3467 Aurelius
508 3409 865 3481 Augustinus,
886 3407 968 3461 vir
982 3405 1161 3461 divino
1178 3417 1398 3458 munere
1413 3401 1667 3457 Ecclesiae

135 3500 339 3568 donabis,
358 3503 638 3576 Tagastam
668 3501 954 3556 obscurum
985 3497 1176 3553 Africa:
1207 3494 1455 3566 oppidum
1486 3495 1537 3548 in
1559 3491 1668 3547 Nu-

135 3592 279 3648 midia
312 3596 689 3652 mediterranea
740 3603 908 3664 parte,
956 3589 1093 3644 haud
1119 3588 1300 3659 procul
1328 3586 1589 3641 Madauris
1611 3595 1667 3641 et

134 3679 525 3758 Hirpine-Regio
564 3688 749 3750 situm,
791 3693 908 3738 ortu
938 3699 1038 3738 suo
1076 3679 1369 3736 nobilitavit
1394 3677 1666 3749 (Poss.,in

140 3769 232 3827 Vita
248 3780 468 3848 Argum,
486 3794 534 3832 c.
567 3778 591 3832 1
615 3794 633 3843 ;
654 3776 895 3846 August,
917 3772 1080 3843 Epist.
1105 3773 1157 3835 7,
1181 3788 1231 3825 η.
1256 3769 1319 3836 6;
1341 3767 1661 3841 Conﬁsslib.

133 3860 296 3935 λων.
332 3867 396 3934 5,
441 3885 497 3922 n.
540 3867 635 3937 5).
665 3867 738 3920 Ea
783 3865 970 3920 civitas
1008 3862 1212 3919 nefario
1272 3860 1663 3914 Donatistarum

136 3953 361 4014 militasti
389 3968 495 4014 tota
521 3960 649 4014 olim
676 3958 973 4013 adbzeserat
1002 3973 1015 4009 :
1045 3955 1136 4010 sed
1162 3970 1302 4009 anno
1325 3952 1535 4007 circiter
1559 3959 1667 4005 tre-

138 4052 390 4105 centesimo
408 4051 812 4123 quadragesimo
831 4065 970 4104 nono
986 4050 1345 4104 Ctesarearum
1366 4047 1540 4117 legum
1562 4054 1666 4101 ter-

136 4142 508 4212 moompulsa
550 4141 618 4196 ad
668 4140 1097 4196 communionem
1139 4138 1473 4201 catholicam,
1520 4144 1665 4190 tanto

138 4224 293 4286 deinde
315 4233 604 4287 animorum
633 4230 809 4287 studio
831 4231 881 4284 iu
909 4246 1025 4285 eam
1051 4229 1272 4296 coaluit,
1302 4235 1358 4283 ut
1380 4243 1521 4282 anno
1547 4234 1667 4296 post

140 4321 426 4389 sexagesimo
446 4323 586 4379 illius
613 4322 802 4378 incolae
826 4320 891 4376 iis
912 4320 1183 4376 erroribus
1209 4335 1474 4390 nunquam
1501 4317 1667 4388 impli-

141 4404 213 4462 citi
232 4404 379 4467 fuisse
398 4413 695 4470 viderentur
722 4413 1003 4484 (August,
1040 4412 1202 4482 Epist.
1229 4412 1317 4477 95,
1349 4428 1403 4465 η.
1430 4411 1543 4481 17).

194 4498 241 4555 2.
258 4502 311 4557 In
328 4502 487 4562 lucem
504 4506 678 4561 editus
693 4515 776 4561 est
804 4505 1129 4575 Augustinus
1150 4503 1320 4559 idibus
1341 4503 1663 4570 novembris,

145 4604 260 4647 Illo
270 4593 448 4652 Christi
468 4601 753 4670 (quantum
767 4613 834 4653 ex
854 4598 1114 4667 Prospero
1131 4607 1182 4651 et
1205 4597 1446 4652 Possidio
1466 4595 1665 4651 intelli-

147 4679 293 4749 gimus
308 4683 521 4759 (Pmp.,
539 4690 590 4744 in
608 4687 831 4752 Chiam;
852 4687 1021 4754 Poss.,
1041 4689 1092 4741 in
1118 4688 1229 4742 Vita
1253 4689 1488 4759 August.,
1509 4705 1556 4742 c.
1574 4687 1664 4755 30)

150 4778 473 4834 "modum
497 4780 939 4851 quinquagesimo
968 4789 1157 4849 quarto
1187 4799 1199 4833 :
1226 4780 1420 4849 quippe
1445 4781 1532 4850 qui
1561 4779 1665 4835 vita

144 4866 332 4924 mm
351 4871 519 4941 quinto
538 4870 798 4927 kalendas
820 4871 1152 4941 septembris,
1183 4886 1323 4925 anno
1342 4872 1524 4926 salutis
1546 4887 1669 4941 qua-

144 4952 505 5027 dringentesimo
554 4962 848 5033 trigesimo,
894 4961 1064 5015 artatis
1119 4976 1230 5015 sure
1282 4962 1669 5031 septuagesimo

146 5053 272 5102 texto
291 5062 439 5121 prope
471 5051 737 5107 absoluto.
770 5050 921 5118 Quod
947 5050 1162 5119 quidem
1191 5051 1426 5121 pluribus
1457 5066 1522 5105 co
1552 5052 1669 5106 loco

148 5130 478 5215 Win
506 5142 629 5205 erit,
663 5140 753 5196 ubi
778 5141 847 5195 de
877 5150 1117 5210 tempore
1155 5141 1515 5197 conversionis
1555 5140 1669 5211 ejus

149 5222 485 5301 κιιςίτεάίιάς.

196 5310 251 5391 ,5.
266 5313 385 5373 CII
409 5318 665 5376 celem-ari
691 5333 790 5389 per
811 5319 996 5374 orbem
1021 5320 1201 5388 coepit.
1227 5320 1336 5390 jam
1361 5328 1470 5375 tum
1496 5320 1668 5376 eidem

157 5402 540 5483 αξιιιωϋωω
579 5410 805 5467 Aurelio
833 5428 849 5465 :
874 5410 1014 5481 quod
1053 5411 1288 5480 profecto
1331 5412 1436 5476 ille,
1482 5411 1594 5467 sive
1619 5412 1670 5466 id

160 5486 577 5573 ilh_aet:eperat
620 5501 754 5573 ipsis
797 5502 866 5555 ab
891 5501 1237 5563 incunabulis,
1269 5502 1380 5556 sive
1411 5511 1527 5571 post
1552 5503 1673 5559 vitae

471 5568 668 5648 merito
692 5603 908 5648 sanctus
934 5591 1125 5646 Doctor
1142 5591 1364 5660 adeptus
1382 5568 1517 5658 erat,
1534 5606 1673 5647 sem-

166 5668 455 5739 μω
483 5678 615 5737 Nam
638 5679 745 5737 hoc
766 5681 941 5750 ipsum
966 5682 1293 5751 praenomine
1323 5680 1518 5735 Paulus
1543 5681 1673 5737 Oro-

168 5754 437 5829 *⁸5η
460 5770 709 5829 Historia:
733 5770 814 5826 Ad
837 5769 1099 5826 Aurelium
1125 5770 1460 5843 Augustinum
1489 5771 1678 5829 inscri-

66 6192 435 6305 n‘n.
536 6304 545 6305 ,

1780 3046 1959 3113 ptione
1983 3045 2269 3116 insignivit.
2309 3047 2508 3104 Eodem
2539 3050 2684 3106 illum
2730 3055 3005 3111 exornavit
3042 3056 3207 3126 ipsius
3232 3055 3345 3112 fere

1771 3135 1991 3205 (aqualis
2009 3134 2332 3193 Claudianus
2363 3138 2646 3197 Mamertus
2666 3142 2685 3214 (
2701 3141 2916 3199 Homer.
2941 3187 2957 3213 ,
2984 3146 3046 3202 de
3074 3146 3351 3203 Statumi-

1772 3241 1888 3291 nm,
1916 3225 2003 3280 lib.
2031 3226 2085 3291 2,
2119 3228 2362 3298 cap.l0);
2392 3230 2581 3287 eodem
2600 3235 2918 3291 venerabilis
2941 3237 3080 3293 Beda
3101 3237 3274 3309 (Bed.,
3294 3240 3349 3294 in

1782 3313 1896 3370 Vita
1926 3317 1989 3371 S.
2019 3315 2265 3391 Cuthb.);
2292 3321 2479 3376 eodem
2510 3324 2758 3392 praeclara
2773 3340 2997 3398 quzeque
3024 3337 3079 3383 et
3106 3330 3337 3401 antiqui-

1771 3419 1865 3461 ora
1894 3409 2269 3478 opusculorum
2293 3411 2465 3482 ipsius
2492 3413 2603 3469 visa
2629 3414 2781 3471 nobis
2802 3417 3068 3473 volumina
3088 3418 3347 3476 decorant

1772 3508 2071 3570 augentque
2096 3502 2468 3572 Augustinum.
2970 3548 2974 3552 Α

1839 3591 1893 3645 4.
1924 3590 2171 3646 Honestis
2195 3608 2315 3646 eum
2347 3603 2661 3664 prognatum
2689 3597 3002 3665 parentibus
3029 3598 3188 3655 tradit
3211 3599 3345 3656 Pos—

1768 3681 1954 3748 sidius,
1982 3680 2049 3737 de
2076 3681 2362 3738 Curialium
2390 3700 2628 3751 numero,
2664 3685 2764 3742 hoc
2802 3696 2905 3754 est,
2951 3702 3134 3744 eorum
3176 3689 3346 3761 quiin

1770 3773 2069 3844 municipiis
2106 3776 2267 3830 curia:
2311 3775 2544 3833 ofﬁcium
2582 3777 3040 3847 administrabant,
3064 3791 3128 3847 et
3168 3783 3346 3838 munia

1769 3865 2121 3934 procurabant
2147 3865 2314 3921 civilia
2338 3864 2544 3941 (Poss.,
2566 3868 2619 3921 in
2650 3867 2763 3923 Vita
2778 3869 3014 3942 August.,
3047 3887 3093 3926 c.
3127 3873 3217 3944 1).
3248 3873 3348 3928 Pa-

1770 3964 1849 4010 ter
1871 3956 1918 4011 ei
1945 3955 2200 4011 Patricius
2229 3956 2344 4023 fuit,
2369 3958 2643 4028 municeps
2686 3958 3024 4029 Tagastensis
3054 3961 3339 4017 admodum

1771 4046 1962 4113 tenuis,
1992 4046 2176 4115 virque
2202 4048 2380 4103 animo
2415 4049 2580 4118 magis
2604 4064 2761 4118 quam
2807 4050 2999 4120 opibus
3036 4051 3264 4122 pollens,
3289 4062 3347 4107 ut

1768 4135 1882 4207 ipse
1907 4137 2229 4207 Augustinus
2269 4152 2474 4193 summa
2502 4140 2662 4194 animi
2705 4139 3029 4198 demissione
3072 4144 3347 4200 memoria:

1769 4226 1946 4297 prodit
1970 4232 1989 4298 (
2010 4225 2242 4299 συντίθει.
2271 4227 2400 4282 libro
2443 4227 2499 4293 2,
2527 4245 2642 4299 cap.
2688 4230 2741 4295 3,
2789 4247 2842 4284 η.
2896 4231 2965 4303 5)
3000 4251 3012 4287 :
3043 4232 3130 4304 qui
3157 4233 3345 4290 eadem

1768 4318 2025 4374 modestia
2055 4318 2330 4384 adductus,
2359 4319 2563 4390 publica
2591 4320 2642 4375 in
2664 4322 2919 4378 concione
2945 4324 3116 4380 fassus
3142 4334 3227 4381 est
3243 4326 3346 4382 ali-

1768 4410 1998 4481 quando,
2051 4419 2249 4466 vestem
2282 4411 2564 4481 pretiosam
2615 4411 2749 4467 forte
2773 4414 3077 4483 episcopum
3129 4415 3342 4481 decere,

1771 4500 1986 4554 minime
2015 4516 2140 4555 vero
2187 4502 2558 4571 Augustinum,
2612 4503 2876 4556 hominem
2928 4517 3234 4573 pauperem,
3276 4504 3346 4562 de

1771 4589 2088 4661 pauperibus
2127 4598 2310 4645 natum
2358 4587 2887 4661 parentibus(Serm.
2930 4590 3054 4657 556,
3110 4609 3165 4648 n.
3216 4593 3342 4667 15).

1772 4681 1897 4735 Erat
1928 4680 2158 4735 Patricio
2178 4680 2411 4735 liberalis
2429 4690 2480 4735 et
2509 4693 2803 4749 propensus
2824 4679 2877 4734 in
2901 4696 3088 4738 omnes
3111 4684 3340 4749 animus,

1769 4780 1824 4826 at
1852 4770 2133 4826 iracundus
2164 4771 2384 4825 multum
2415 4779 2468 4826 et
2497 4769 2662 4825 ferox.
2692 4772 2733 4826 A
2767 4770 3049 4829 christiana
3092 4776 3194 4832 fide
3220 4777 3349 4833 alic-

1772 4878 1871 4917 nus
1895 4862 1983 4917 diu
2008 4876 2128 4916 cum
2156 4861 2363 4927 fuisset,
2394 4862 2493 4918 sub
2539 4870 2778 4917 extrema
2808 4863 2929 4918 vitae
2958 4873 3190 4936 tempora
3221 4882 3349 4923 con-

1715 4951 1718 4954 ’
1773 4969 1976 5019 versus,
2007 4969 2108 5008 una
2147 4969 2267 5008 cum
2312 4953 2415 5008 lide
2442 4963 2618 5008 castos
2643 4965 2697 5009 et
2724 4953 3041 5010 christianos
3066 4974 3243 5015 mores
3271 4959 3351 5013 in-

1771 5045 2165 5117 duit(Confess.
2210 5046 2334 5100 libro
2380 5046 2434 5112 9,
2466 5061 2579 5116 cap.
2623 5048 2678 5113 9,
2726 5048 2935 5115 nn.19,
2977 5047 3102 5121 22).
3142 5050 3348 5106 Patricii

1772 5138 1963 5207 coniux
1995 5138 2207 5192 nomine
2232 5135 2471 5191 Monnica
2498 5138 2609 5207 (sic
2633 5140 2774 5193 enim
2799 5140 2916 5210 ejus
2937 5157 3129 5197 nomen
3157 5143 3352 5213 ubique

1774 5232 1826 5286 in
1856 5229 2085 5300 antiquis
2113 5229 2383 5285 codicibus
2406 5229 2691 5300 pingebant
2734 5229 2968 5305 librarii)
2997 5235 3350 5305 Augustinum

1772 5324 1960 5395 spiritu
1995 5338 2098 5377 non
2143 5323 2317 5377 minus
2344 5337 2501 5392 quam
2539 5337 2700 5377 carne
2746 5325 3043 5393 parturivil.
3071 5324 3262 5382 Multos
3284 5342 3347 5380 ex

1776 5412 2004 5467 Patricio
2051 5411 2257 5482 peperit
2302 5409 2498 5466 liberos
2530 5430 2543 5466 :
2576 5428 2695 5465 nam
2723 5413 3049 5483 Augustinus
3095 5416 3248 5472 matri
3283 5414 3350 5469 ad

1774 5502 1917 5556 Ostia
1948 5501 2196 5557 Tiberina
2224 5502 2437 5558 obeunti
2458 5517 2597 5557 anno
2626 5510 2999 5560 trecentesimo
3026 5506 3351 5576 octogesimo

1775 5602 1964 5647 Octavo
1994 5591 2208 5647 fratrem
2227 5607 2379 5646 suum
2405 5591 2634 5647 adfuisse
2659 5602 2881 5648 testatur
2902 5594 2920 5663 (
2936 5593 3094 5658 Ibid.,
3124 5611 3239 5663 cap.
3260 5594 3348 5664 11,

1776 5700 1831 5736 η.
1861 5682 1929 5737 27
1949 5686 1986 5751 ).
2022 5683 2070 5736 Is
2095 5696 2255 5751 porro
2283 5696 2386 5736 non
2413 5680 2548 5736 alius
2566 5681 2772 5737 videtur
2798 5699 2828 5736 a
2849 5682 3084 5751 Navigio,
3130 5684 3218 5753 qui
3248 5702 3348 5743 una

1779 5787 1901 5828 cum
1929 5773 2222 5845 Augustino
2241 5771 2403 5827 fratre
2428 5786 2525 5826 suo
2556 5775 2784 5829 nondum
2815 5786 3125 5848 rogauerato
3150 5776 3206 5836 in
3228 5777 3350 5839 villa
