3948 6428
563 394 627 450 7|
1681 385 1838 443 VITA
1875 387 1932 443 S.
1970 384 2332 445 AUGUSTINI
2373 385 2691 447 EPISCOPI.
3729 399 3786 462 τι

566 508 763 561 interea
787 502 972 574 iacuit,
999 502 1178 558 multis
1215 502 1331 574 ipse
1362 501 1540 557 verbis
1566 500 1807 572 deplorat
1835 518 1849 555 :
1875 517 1981 572 quo
2020 501 2139 572 qui-

566 597 688 652 dem
713 605 969 665 tempore,
986 602 1045 648 ut
1062 593 1315 664 loquitur,
1338 592 1514 647 satiari
1533 592 1712 648 inferis
1730 592 1935 648 exarsit
1953 592 2136 662 (lbid.,

566 703 681 758 cap.
710 687 740 743 i
765 727 779 752 ,
820 702 870 739 n.
906 687 981 756 1).
1007 684 1117 740 Nec
1138 684 1206 740 de
1230 685 1391 739 nimia
1421 684 1780 740 tantummodo
1806 685 2012 738 licentia
2038 683 2139 738 sibi

569 793 822 835 concessa
852 765 1128 847 queritur;
1167 774 1263 831 sed
1287 777 1445 831 etiam
1473 775 1615 846 quod
1648 784 1817 831 mater
1837 791 1904 830 es
1929 789 2036 844 quo
2064 774 2141 828 vi-

567 885 683 924 rum
711 882 870 936 supra
897 874 1185 921 memorata
1224 866 1542 921 referentem
1571 864 1840 929 audiisset,
1868 864 2000 919 satis
2020 877 2140 919 esse

567 959 861 1031 putaverit,
894 957 992 1027 ipsi
1016 955 1251 1013 colenda:
1288 956 1544 1012 castitatis
1580 956 1779 1011 monita
1824 955 2136 1021 tradidisse,

571 1063 742 1120 neque
760 1046 1084 1119 diligentiam
1111 1046 1447 1113 adhibuerit,
1478 1063 1583 1117 quo
1613 1045 1971 1114 pestilentiosa
1998 1059 2061 1099 ac
2088 1046 2139 1098 in

569 1146 840 1210 posterum
885 1136 1229 1207 periculosior
1275 1136 1470 1207 libido,
1506 1138 1551 1192 si
1591 1138 1816 1191 resecari
1854 1134 1921 1189 ad
1963 1134 2138 1188 vivum

569 1243 675 1283 non
706 1236 941 1299 poterat,
972 1227 1164 1297 injecto
1192 1227 1411 1298 legitimi
1432 1227 1658 1297 coniugii
1686 1227 1834 1282 freno
1861 1239 2141 1281 coercere-

570 1328 672 1373 tur.
706 1317 901 1379 Verum
928 1334 989 1373 ea
1022 1318 1356 1374 solunnnodo
1377 1333 1503 1374 cura
1525 1319 1624 1373 fuit
1652 1329 1925 1388 parentum
1953 1317 2138 1388 ipsius,

568 1419 627 1464 ut
645 1419 811 1465 artem
839 1409 974 1465 bene
995 1409 1204 1465 dicendi
1234 1410 1688 1481 persuadendique
1714 1410 2047 1476 addisceret;
2077 1424 2143 1464 ac

571 1511 742 1556 metus
763 1508 908 1567 erat,
952 1516 1020 1555 ne
1062 1500 1169 1555 lilio
1211 1501 1439 1570 conjugii
1482 1502 1704 1556 vinculis
1732 1514 1856 1557 tunc
1892 1502 2136 1567 astricto,

568 1603 692 1660 spes
712 1592 884 1645 omnis
906 1591 975 1646 de
1004 1591 1094 1645 illo
1126 1601 1377 1661 concepta
1402 1601 1725 1647 vanesceret.
1754 1590 1809 1645 In
1832 1591 1946 1660 ipso
1965 1589 2145 1645 adole-

569 1680 788 1738 scentiae
820 1697 929 1736 sua:
970 1681 1220 1747 exordio,
1266 1690 1324 1735 ut
1369 1683 1480 1750 ipse
1520 1681 1733 1747 scribit,
1774 1681 1923 1751 petiit
1965 1695 1995 1733 a
2037 1681 2143 1734 Deo

568 1772 863 1827 castitatem
884 1810 900 1835 ,
929 1771 1022 1826 sed
1053 1771 1185 1825 futili
1223 1770 1452 1841 quodam
1486 1782 1538 1825 et
1579 1773 1826 1842 ambiguo
1855 1781 1997 1825 voto.
2045 1768 2141 1823 Di-

567 1876 775 1926 xeram,
801 1861 907 1926 ait,
941 1860 1021 1914 Da
1067 1862 1188 1915 mihi
1224 1862 1500 1915 castitatem
1543 1874 1587 1915 et
1625 1862 1980 1930 continentiam
2002 1901 2017 1926 ,
2055 1861 2145 1914 sed

571 1950 676 2004 noli
702 1950 868 2004 modo.
897 1949 1155 2005 Timebam
1193 1952 1325 2007 enim
1353 1967 1415 2005 ne
1443 1967 1522 2004 me
1561 1953 1659 2007 cito
1684 1953 1945 2007 exaudires
1972 1960 2019 2005 et
2045 1952 2144 2005 cito

570 2054 776 2096 sanares
802 2057 834 2093 α
861 2041 1032 2095 morbo
1057 2043 1490 2112 concupiscentiae.
1511 2059 1661 2115 quam
1687 2043 1932 2097 malebant
1952 2041 2143 2113 expleﬁ

567 2120 721 2207 quam
747 2131 995 2201 exstingui
1026 2131 1272 2203 (Confess.
1300 2131 1389 2185 lib.
1414 2131 1469 2195 8,
1502 2149 1615 2203 cap.
1641 2134 1695 2198 ‘7,
1726 2149 1779 2185 η.
1806 2132 1916 2200 17).

639 2227 695 2283 5.
736 2227 836 2282 Per
876 2221 1013 2281 idem
1045 2230 1253 2297 tempus
1283 2237 1386 2291 quo
1423 2222 1566 2278 domi
1600 2223 1882 2277 feriatbatur
1910 2222 2142 2288 otiosus,

567 2331 686 2371 cum
723 2317 775 2370 iu
815 2316 1248 2371 consuetudinem
1295 2327 1579 2385 pravorum
1612 2312 1812 2381 aliquot
1833 2311 2141 2367 adolescen-

570 2409 703 2464 tium
728 2409 926 2478 pariter
954 2408 1243 2463 otiosorum
1271 2424 1331 2462 se
1354 2404 1609 2470 dedisset,
1634 2402 1701 2457 ab
1730 2402 1795 2458 iis
1820 2402 1871 2456 in
1900 2400 2026 2457 furti
2055 2416 2145 2456 so-

570 2498 812 2553 cietatem
838 2498 1120 2553 adductum
1154 2513 1214 2552 se
1244 2497 1406 2552 fuisse
1431 2504 1723 2559 memorat,
1749 2493 1890 2563 quod
1918 2493 2145 2564 8010.j|l-

571 2587 730 2643 stitia:
755 2586 964 2642 fastidio
992 2602 1056 2642 ac
1095 2588 1240 2641 velut
1259 2594 1589 2657 exzuggerataa
1618 2584 1906 2654 iniquitatis
1932 2582 2146 2639 cumulo

568 2678 846 2735 admisisse
886 2680 1198 2743 confitetur;
1243 2693 1370 2734 cum
1413 2675 1466 2730 in
1510 2674 1611 2730 hoc
1649 2675 1787 2729 furto
1829 2673 1975 2745 aliud
2012 2673 2144 2729 nihil

566 2787 725 2843 quam
765 2770 961 2827 furtum
999 2781 1288 2842 qumreret,
1326 2782 1392 2824 ac
1417 2768 1528 2823 vitii
1571 2769 1743 2838 potius
1784 2766 2142 2838 turpitudine,

564 2877 721 2936 quam
746 2862 1104 2917 emolumento
1128 2861 1230 2916 frui
1271 2868 1592 2932 peroptaret.
1621 2859 1801 2924 Arbor,
1826 2858 2013 2929 inquit,
2037 2867 2144 2913 erat

565 2957 705 3028 pirus
731 2955 786 3010 in
818 2957 999 3011 vicinia
1028 2957 1185 3009 vineta
1211 2965 1419 3018 nostra,
1442 2953 1606 3025 pomis
1630 2962 1825 3015 onusta,
1863 2968 1953 3005 nec
1979 2956 2147 3023 [arma

563 3062 655 3101 nec
697 3062 877 3116 sapore
919 3044 1240 3099 illecebrosis.
1289 3042 1370 3097 Ad
1425 3043 1554 3096 hanc
1599 3042 1944 3096 excutiendam
1997 3052 2147 3113 atque

566 3136 929 3205 asportandum
955 3134 1245 3202 nequissimi
1278 3132 1636 3203 adolescentuli
1674 3133 1982 3201 perreximus
2005 3140 2147 3185 nocte

564 3226 858 3297 intempesta
875 3267 889 3289 ,
917 3240 1170 3295 quousque
1190 3225 1367 3278 ludum
1390 3223 1454 3275 de
1473 3222 1769 3291 pestilentia:
1790 3238 1927 3275 more
1944 3222 1997 3275 in
2015 3222 2146 3276 areis

566 3316 1002 3386 produxeramus;
1040 3324 1085 3368 et
1114 3314 1412 3368 abstulimus
1449 3312 1567 3367 inde
1593 3329 1746 3367 onera
1772 3314 2019 3384 ingentia,
2044 3329 2146 3369 non

573 3403 640 3458 ad
669 3413 865 3459 nostras
897 3403 1101 3473 epulas,
1131 3403 1219 3457 sed
1252 3402 1329 3457 vel
1368 3402 1680 3473 projicienda
1721 3403 1885 3472 porcis
1908 3444 1925 3470 ,
1950 3403 2147 3458 etiamsi

569 3494 761 3562 aliquid
787 3494 905 3548 inde
925 3495 1249 3560 comedimus,
1272 3494 1394 3547 dum
1420 3502 1584 3547 tamen
1604 3494 1742 3563 ﬁeret
1768 3511 1801 3547 a
1828 3493 1993 3562 nobis,
2013 3494 2147 3567 quod

570 3598 629 3637 eo
657 3583 861 3650 liberet,
886 3599 983 3654 quo
1011 3598 1110 3637 non
1138 3584 1302 3637 liceret
1326 3579 1510 3656 (Ibid.,
1534 3582 1622 3637 lib.
1648 3583 1684 3638 2
1703 3625 1717 3647 ,
1739 3600 1855 3654 cap.
1876 3585 1932 3648 4,
1960 3601 2012 3638 n.
2049 3583 2141 3656 9).

572 3672 763 3729 Coram
788 3673 897 3728 Deo
917 3673 1226 3743 espeudens
1244 3714 1258 3733 ,
1284 3673 1404 3743 quis
1429 3672 1637 3727 tandem
1665 3674 1715 3727 in
1739 3672 1878 3729 furto
1907 3684 2012 3729 tam
2043 3674 2146 3729 ini-

569 3778 676 3832 quo
695 3762 858 3817 animi
882 3763 961 3817 sui
982 3762 1204 3817 allectus
1222 3762 1542 3818 exstitisset:
1567 3762 1737 3825 Ilisus,
1761 3763 1852 3828 ait,
1880 3774 1985 3818 erat
2004 3765 2145 3835 quasi

572 3854 773 3908 titillato
790 3854 960 3920 corde,
983 3853 1118 3924 quod
1148 3853 1446 3925 ,‘allebamus
1464 3870 1546 3909 eos
1568 3856 1653 3925 qui
1681 3855 1786 3910 haec
1815 3873 1846 3915 a
1874 3857 2014 3911 nobis
2035 3857 2145 3927 fieri

569 3961 670 3999 non
696 3946 960 4016 putabant;
993 3954 1039 3998 et
1067 3944 1376 3999 vehementer
1408 3945 1660 3999 nolebant.
1702 3944 1728 3998 l
1737 3944 1845 3999 llud
1872 3946 2009 4002 solus
2044 3962 2145 4001 non

568 4040 807 4105 facerem,
851 4053 950 4091 non
982 4039 1198 4107 {acerem
1239 4038 1441 4092 omnino
1475 4037 1613 4092 solus
1637 4053 1655 4091 :
1678 4054 1756 4092 me
1791 4037 1955 4097 solum
1980 4043 2146 4110 facere

569 4144 776 4197 prorsus
801 4145 899 4182 non
933 4128 1103 4183 liberet
1120 4170 1133 4192 ,
1160 4145 1251 4183 nec
1275 4130 1507 4199 facerem.
1541 4129 1585 4183 0
1615 4128 1761 4185 nimis
1783 4117 1988 4184 inimica
2011 4131 2143 4185 ami-

569 4219 717 4293 citia,
746 4219 969 4274 seductio
993 4220 1170 4274 mentis
1194 4221 1578 4290 investigabilis;
1600 4238 1664 4276 ea:
1693 4222 1811 4276 ludo
1835 4232 1880 4276 et
1896 4224 2019 4293 joco
2046 4238 2141 4278 no-

567 4292 712 4364 cendi
733 4310 962 4364 aviditas,
984 4319 1031 4363 et
1049 4310 1201 4364 alieni
1217 4311 1388 4363 damni
1408 4312 1687 4382 appetitus;
1709 4310 1852 4365 nulla
1883 4292 2008 4366 lucri
2026 4314 2141 4381 mei,

566 4402 708 4456 nulla
727 4399 999 4456 ulciscendi
1021 4400 1263 4466 libidine;
1288 4401 1377 4454 sed
1404 4416 1515 4453 cum
1545 4400 1746 4469 dicitur,
1766 4402 1975 4466 Eamus,
1993 4403 2145 4475 facia-

566 4509 698 4561 mus;
714 4504 760 4548 et
778 4494 927 4566 pudet
940 4510 1039 4549 non
1050 4509 1156 4550 esse
1165 4492 1538 4563 impudentem!
1556 4492 1739 4563 (Ibid.,
1752 4510 1862 4565 cap.
1884 4496 1938 4561 9,
1955 4513 2007 4550 n.
2027 4495 2142 4568 i7.)

1195 4623 1419 4682 CAPUT
1456 4622 1546 4681 Ν.
1592 4644 1595 4647 ν

571 4757 596 4811 l
628 4754 931 4827 Carthagine
954 4757 1158 4810 studens
1183 4756 1462 4812 Rhetorica:
1485 4799 1500 4826 ,
1532 4777 1564 4814 a
1590 4762 1795 4830 perditis
1819 4763 2141 4819 scholastico-

638 4865 753 4902 rum
783 4848 1003 4901 moribus
1039 4847 1290 4902 abhorret.
1326 4850 1362 4902 ‘2
1391 4848 1471 4902 Ibi
1500 4852 1698 4921 impuro
1737 4871 1907 4908 amore
1924 4856 2139 4927 capitur.

636 4937 672 4993 ὅ
704 4936 911 4990 Modum
934 4938 987 4989 in
1007 4952 1066 4990 eo
1086 4937 1351 5006 quemdam
1371 4948 1519 4992 tenet.
1545 4940 1579 4993 4
1604 4941 1913 4999 Adeodatum
1937 4962 2001 5001 ea:
2022 4962 2143 5001 cort-

640 5027 819 5082 cubina
830 5028 1057 5099 suscipit.
1073 5026 1108 5083 5
1123 5026 1369 5082 Adeodati
1379 5028 1606 5083 mirabile
1623 5030 1892 5101 ingenium,
1915 5053 2142 5109 morsque

639 5120 928 5172 immatura.

640 5212 690 5263 i.
731 5206 1048 5276 Comparato
1071 5208 1281 5273 viatico,
1309 5209 1623 5265 litterarium
1648 5210 1876 5267 studium
1903 5225 2140 5282 peractu-

567 5315 658 5375 rus
684 5300 1057 5371 Carthaginem
1092 5303 1241 5371 petiit
1270 5319 1283 5356 :
1308 5302 1392 5355 ubi
1420 5317 1523 5357 non
1553 5304 1769 5372 pecunia
1797 5306 1955 5360 modo
1982 5324 2138 5378 quam

568 5400 725 5460 pater.
764 5389 832 5443 ad
875 5390 924 5443 id
967 5401 1279 5460 paraverat,
1320 5401 1643 5448 sustentatus
1680 5404 1797 5461 est;
1826 5396 1920 5451 sed
1946 5398 2139 5469 opibus

567 5485 729 5555 etiam
753 5480 1083 5545 Bomaniani,
1111 5483 1242 5537 civis
1260 5482 1593 5553 Tagastensis
1621 5484 1874 5553 pritnarii,
1897 5488 1988 5558 qui
2016 5504 2138 5545 eum

566 5574 1016 5630 adolescentulum
1055 5588 1341 5644 pauperem
1387 5575 1451 5629 ad
1493 5577 1768 5647 peregrina
1804 5579 1972 5634 studia
2014 5595 2137 5651 per-

569 5673 796 5734 gentem,
827 5678 882 5722 et
907 5666 1085 5729 domo,
1116 5675 1171 5721 et
1196 5675 1427 5737 sumptu,
1451 5676 1507 5723 et
1524 5671 1666 5740 quod
1692 5670 1809 5742 plus
1833 5681 1933 5732 est.
1958 5674 2138 5732 animo

569 5756 773 5829 excepit
795 5756 1002 5829 (Contra
1029 5757 1212 5824 Acad.,
1234 5757 1321 5813 lib.
1351 5757 1408 5827 ε,
1429 5776 1483 5813 n.
1511 5760 1587 5834 5).
1613 5758 1673 5817 In
1701 5762 1799 5819 hac
1823 5764 2133 5836 eloquentia

2250 503 2488 572 νεικείω
2519 503 2717 574 primas
2735 504 3009 561 confestim
3026 508 3218 575 tenuit,
3246 508 3387 565 unde
3407 524 3515 568 non
3536 512 3649 570 sine
3673 515 3787 577 fastu

2241 601 2296 646 et
2318 592 2546 647 elatione
2570 593 2753 658 animi,
2779 596 2972 664 gaudio
2999 597 3368 667 triumphabat.
3395 599 3613 660 Cmteris
3638 614 3787 666 tamen

2240 681 2573 738 scholasticis
2593 685 2918 740 moderatius
2941 700 2999 741 se
3018 689 3253 758 gerebat.
3277 701 3332 745 et
3350 692 3414 746 ab
3433 693 3612 748 insana
3631 712 3787 754 comm

2240 772 2560 829 abhorrebat
2588 776 2799 830 licentia
2818 818 2834 842 ,
2879 777 2969 848 qui
3000 779 3316 835 Eversorum
3345 782 3557 851 nomen,
3589 786 3789 847 infamia:

2242 877 2399 919 causa
2426 866 2525 920 sibi
2551 869 2742 923 merito
2772 869 3095 939 impositum,
3118 873 3260 927 velut
3284 874 3593 934 urbanitatis
3613 881 3789 952 insigne

2243 957 2542 1026 petulanter
2569 961 2904 1014 ostentabant
2925 961 3161 1034 (Confes.
3194 966 3280 1019 lib.
3318 967 3372 1032 5,
3403 983 3517 1039 cap.
3542 969 3598 1034 5,
3637 987 3684 1025 ιι.
3713 972 3787 1046 6).

2249 1046 2408 1103 Foeda
2436 1058 2490 1102 et
2530 1049 2889 1119 intemperans
2932 1053 3139 1108 illorum
3172 1054 3380 1109 licentia
3408 1073 3472 1111 eo
3501 1074 3662 1128 usque
3684 1077 3790 1133 pro-

2243 1138 2596 1207 grediebatur,
2637 1150 2693 1193 ut
2722 1140 2773 1193 in
2819 1142 3041 1196 aliorum
3081 1156 3459 1215 praceptorum
3504 1149 3707 1205 scholas
3742 1167 3791 1209 os

2249 1227 2477 1285 ferreum
2501 1235 2795 1301 procaciter
2814 1232 3093 1298 inferrent,
3122 1247 3175 1291 et
3200 1235 3252 1291 in
3280 1253 3370 1292 eas
3394 1242 3636 1310 ingressi,
3663 1245 3788 1299 ordi-

2243 1335 2363 1373 nem
2385 1321 2451 1375 ad
2469 1323 3147 1393 profectumdiscipulorum
3164 1343 3193 1382 a
3217 1331 3481 1400 magistris
3502 1333 3788 1405 institutum,

2243 1409 2438 1467 furiosa
2465 1413 2693 1481 quadam
2735 1415 2907 1470 fronte
2949 1419 3333 1486 perturbarent.
3366 1421 3527 1478 Multa
3563 1425 3613 1479 id
3648 1442 3791 1496 genus

2245 1501 2495 1570 injuriosa
2522 1506 2894 1572 perpetrabant
2923 1507 3054 1561 mira
3082 1506 3402 1566 hebetudine
3427 1522 3483 1568 et
3509 1515 3643 1570 [teda
3671 1518 3792 1574 rabie

2242 1592 2390 1657 carci,
2437 1591 2636 1662 legibus
2681 1602 2826 1649 certe
2869 1596 3206 1665 vindicanda,
3253 1601 3352 1655 nisi
3396 1618 3458 1656 ea
3499 1611 3792 1662 consuetudo

2247 1691 2461 1749 patrona
2492 1685 2893 1753 eomprobasset
2938 1686 3100 1753 (Ibid.
3149 1689 3236 1743 lib.
3282 1691 3336 1757 5,
3380 1700 3497 1763 cap.
3538 1695 3591 1759 8,
3622 1714 3653 1749 n
3703 1699 3789 1768 ll).

2246 1769 2389 1826 Inter
2409 1789 2552 1842 quos,
2580 1777 2653 1827 ait
2677 1775 3029 1844 Augustinus,
3056 1779 3275 1833 vivebam
3310 1782 3504 1851 pudore
3527 1784 3790 1852 impudenti,

2244 1863 2361 1933 quia
2380 1864 2498 1917 talis
2511 1882 2610 1919 non
2635 1881 2809 1921 eram:
2838 1876 2885 1921 et
2910 1884 3024 1923 cum
3049 1871 3121 1924 eis
3139 1887 3297 1939 erain,
3323 1881 3368 1926 et
3395 1876 3627 1931 amicitiis
3651 1895 3792 1933 eorum

2244 1954 2525 2008 delectabar
2551 1957 2852 2024 aliquando,
2883 1976 2915 2012 a
2942 1976 3154 2030 quorum
3187 1979 3382 2031 semper
3419 1966 3569 2034 factis
3589 1968 3792 2025 abhorre-

2245 2043 2378 2108 bam,
2405 2046 2499 2100 hoc
2521 2056 2592 2101 est
2620 2049 2682 2101 ab
2710 2049 3043 2105 eversionibus
3065 2053 3243 2121 quibus
3272 2066 3497 2122 proterve
3519 2059 3794 2115 insectaban-

2247 2146 2329 2189 tur
2364 2138 2646 2207 iguotorum
2684 2143 3064 2208 verecundiam,
3108 2160 3259 2212 quam
3294 2148 3635 2215 perturbarent
3666 2155 3794 2223 gratis

2245 2226 2522 2296 illudendo,
2549 2240 2697 2301 atque
2723 2231 2840 2286 inde
2872 2235 3120 2302 pascendo
3159 2237 3432 2293 malevolus
3475 2242 3666 2297 lcetitias
3700 2262 3794 2301 suas

2248 2315 2429 2389 (Ibid.,
2460 2319 2546 2374 lib.
2577 2321 2642 2385 5,
2684 2338 2799 2391 cap.
2832 2323 2886 2390 5,
2917 2341 2968 2377 n.
2997 2323 3073 2394 6).
3101 2323 3244 2381 lntcr
3277 2327 3375 2383 hos
3411 2345 3542 2402 ergo
3566 2332 3791 2390 imbecilla

2247 2416 2371 2461 tunc
2381 2410 2959 2481 mmediscebatlibros
2980 2415 3315 2486 eloquentur,
3332 2420 3383 2473 in
3403 2438 3507 2491 qua
3527 2426 3796 2492 praecellere

2246 2500 2493 2568 cupiebat
2511 2516 2669 2570 prava
2690 2502 2774 2556 illa
2796 2512 2852 2558 et
2870 2503 3062 2560 infelici
3082 2521 3368 2563 succensus
3383 2513 3685 2576 ambitione,
3700 2530 3795 2585 quae

2246 2592 2412 2647 solius
2426 2593 2607 2664 gloria:
2619 2609 2774 2648 causa
2787 2595 3050 2653 desudans
3061 2600 3308 2656 solidiora
3321 2617 3415 2656 sua
3427 2606 3615 2673 gaudia
3633 2608 3679 2660 in
3692 2621 3795 2661 aura

2251 2693 2466 2737 ventosa
2492 2685 2737 2739 vanitatis
2763 2680 3003 2741 humana:
3024 2690 3247 2746 collocat
3267 2690 3448 2763 (Ibid,
3470 2712 3586 2767 cap.
3603 2698 3655 2763 4,
3672 2715 3717 2749 n.
3735 2698 3793 2768 7).

2248 2771 2371 2828 Hau:
2394 2774 2535 2828 enim
2560 2776 2731 2830 studia
2758 2792 2878 2831 eum
2905 2795 2998 2848 per
3017 2793 3077 2834 se
3096 2779 3360 2838 ducebant
3383 2786 3449 2839 ad
3472 2784 3661 2849 forum,
3680 2788 3795 2857 quod

2247 2865 2333 2922 ille
2356 2867 2463 2937 jam
2495 2878 2601 2922 tum
2631 2871 2920 2938 spectabat,
2952 2882 3009 2926 ut
3034 2872 3103 2927 ibi
3128 2874 3302 2929 clarus
3340 2890 3404 2930 eo
3443 2879 3695 2947 majorem
3717 2878 3794 2934 sibi

2246 2959 2467 3027 gloriam
2488 2971 2841 3028 compararet,
2863 2977 2969 3031 quo
2985 2964 3174 3020 melius
3193 2977 3370 3020 nosset
3389 2968 3552 3022 etiam
3574 2985 3793 3040 oppressa

2250 3050 2472 3104 veritate
2517 3052 2792 3106 mendacio
2819 3056 3152 3122 patrocinari.
3184 3056 3345 3112 Tanta
3379 3068 3486 3126 est,
3512 3063 3585 3116 ait
3611 3064 3733 3117 hanc
3755 3064 3794 3116 in

2247 3154 2381 3203 rem,
2420 3144 2618 3196 ctecitas
2659 3144 2915 3199 hominum
2943 3147 3005 3200 de
3040 3150 3261 3204 caecitate
3283 3153 3431 3205 etiam
3471 3155 3797 3224 gloriandum!

2250 3228 2472 3303 (Confes.
2506 3234 2594 3288 lib.
2622 3234 2677 3301 5,
2705 3250 2818 3304 cap.
2850 3238 2903 3302 5,
2931 3254 2982 3291 η.
3011 3238 3090 3309 6.)

2317 3321 2371 3375 2.
2400 3323 2501 3379 Sed
2524 3326 2649 3394 quid
2671 3327 2883 3381 silentio
2901 3332 3234 3399 pr-‘t‘terimus
3252 3350 3370 3406 quae
3392 3336 3543 3408 prius
3569 3339 3618 3393 in
3637 3338 3797 3400 eodem

2248 3410 2648 3469 Confessionum
2688 3431 2903 3472 suarum
2937 3420 3073 3476 libro
3112 3424 3364 3492 probrosa
3392 3427 3458 3481 de
3495 3443 3557 3485 se
3602 3428 3798 3499 prodidit

2248 3504 2554 3559 memoriae?
2582 3504 2796 3562 Scilicet
2818 3508 2987 3563 virum
3016 3522 3253 3568 sanctum
3283 3516 3349 3570 ad
3373 3532 3438 3572 ea
3467 3520 3681 3590 insuper
3702 3534 3798 3592 qua

2247 3592 2333 3647 vix
2358 3594 2486 3648 citra
2515 3596 2763 3652 ruborem
2784 3598 2888 3669 legi
2915 3601 3139 3670 possint,
3169 3604 3220 3659 in
3245 3608 3415 3663 oculis
3438 3613 3675 3667 omnium
3693 3627 3800 3667 con-

2250 3681 2444 3738 fitenda
2464 3724 2478 3747 ,
2505 3685 2787 3757 singularis
2813 3689 3017 3759 impulit
3047 3694 3209 3748 animi
3234 3695 3513 3754 demissio.
3554 3701 3671 3756 Veni
3690 3700 3798 3757 Car-

2248 3774 2535 3847 thaginem.
2567 3778 2737 3849 inquit
2767 3778 2929 3852 (quod
2960 3782 3059 3837 sub
3086 3786 3284 3841 exitum
3313 3791 3436 3844 anni
3472 3792 3798 3849 trecentesimi

2247 3869 2617 3939 septuagesimi
2648 3872 2903 3927 accidisse
2931 3874 3182 3949 videtur),
3212 3891 3257 3932 et
3285 3882 3716 3958 circumstrepebal
3737 3899 3801 3940 nte

2248 3956 2468 4026 undique
2502 3970 2705 4030 sartago
2731 3963 3097 4031 [lagitiosorum
3134 3984 3377 4025 amorum.
3410 3956 3654 4030 Nondum
3677 3991 3801 4030 aula-

2249 4043 2364 4098 bam
2382 4087 2396 4112 ,
2430 4057 2474 4101 et
2502 4064 2674 4103 amare
2697 4053 2946 4115 amabam,
2970 4064 3015 4108 et
3039 4059 3298 4113 secretiore
3319 4061 3599 4133 indigentia
3624 4066 3801 4120 edem!

2246 4153 2324 4190 me
2346 4139 2512 4193 minus
2532 4141 2854 4211 indigentem.
2887 4145 2989 4200 Rui
3008 4149 3158 4202 etiam
3180 4151 3233 4203 in
3261 4168 3478 4207 artiorem
3524 4173 3623 4227 quo
3657 4156 3802 4227 captic-

2245 4227 2360 4282 bam
2401 4232 2516 4302 capi
2551 4249 2564 4285 :
2600 4249 2703 4286 non
2746 4248 3004 4299 amorem,
3045 4242 3359 4309 epiuamur,
3399 4246 3618 4303 alterius
3653 4249 3717 4303 ab
3747 4261 3800 4302 ea

2245 4335 2403 4391 quam
2431 4338 2590 4377 unam
2632 4324 2731 4380 sibi
2758 4326 2824 4381 ad
2864 4328 3052 4384 cubilis
3089 4333 3391 4388 societatem
3434 4337 3800 4409 adlegitznatn

2246 4414 2497 4467 continuo
2525 4418 2860 4486 prosequitur
2891 4433 2908 4472 :
2935 4418 3073 4474 Deus
3099 4437 3271 4484 meus,
3308 4424 3649 4484 misericordia
3672 4444 3797 4492 mea.

2244 4512 2430 4571 quanto
2458 4503 2579 4574 felle
2611 4508 2735 4559 mihi
2762 4509 3058 4562 suavitatem
3086 4512 3259 4579 illam,
3288 4523 3333 4567 et
3366 4531 3519 4586 quam
3553 4517 3706 4573 boum
3724 4518 3802 4571 ad-

2249 4594 2503 4663 spersisti!
2530 4598 2649 4666 quia
2674 4608 2720 4651 et
2749 4611 2947 4655 amatus
2977 4618 3088 4655 sum
3113 4615 3160 4657 et
3187 4607 3384 4672 perveni
3407 4596 3601 4665 occulte
3625 4612 3691 4664 ad
3711 4610 3802 4665 viu-

2246 4684 2413 4737 cnlum
2437 4689 2659 4757 fruendi,
2687 4700 2733 4743 et
2773 4693 3048 4763 colligabar
3080 4692 3224 4749 la'tus
3259 4702 3557 4756 erumnosis
3593 4701 3799 4762 natibus.

2245 4782 2299 4825 ut
2327 4774 2542 4829 ccederer
2572 4778 2721 4848 virgis
2748 4782 2923 4850 ferreis
2946 4782 3233 4837 ardentibus
3251 4786 3365 4846 zeli.
3387 4796 3433 4839 et
3457 4792 3800 4860 suspicionum.

2245 4872 2289 4916 et
2303 4864 2555 4932 timorum,
2569 4870 2836 4935 etirarum,
2860 4882 3007 4941 atque
3024 4874 3249 4928 rixarum
3268 4874 3451 4947 (Ibid.,
3467 4896 3585 4951 cap.
3602 4883 3650 4946 1,
3671 4900 3718 4936 n.
3738 4881 3801 4951 l).

2244 4950 2333 5008 Sic
2376 4970 2565 5025 nempe
2602 4975 2762 5027 super
2787 4972 3089 5028 peccmtem
3125 4950 3539 5024 circumvolabat
3582 4971 3744 5026 lldelis
3768 4950 3804 5024 is

2244 5043 2398 5116 longe
2422 5048 2779 5105 misericordia
2809 5051 2921 5117 Dei,
2941 5064 2991 5106 et
3014 5054 3062 5106 in
3086 5055 3329 5110 omnibus
3352 5057 3501 5113 factis
3521 5063 3684 5130 ipsius
3707 5076 3803 5116 ma-

2244 5135 2306 5189 lis
2327 5153 2444 5192 eum
2474 5138 2789 5210 ﬂagellabat.
2821 5143 2985 5196 Ausus
3009 5160 3137 5207 sum,
3162 5148 3254 5207 ait,
3281 5149 3431 5201 etiam
3456 5152 3511 5205 in
3542 5152 3806 5209 celebritate

2242 5227 2611 5282 solemnitatum
2637 5240 2857 5292 tuarum,
2890 5231 3023 5284 intra
3049 5236 3260 5304 parietes
3280 5240 3501 5294 ecclesia:
3518 5252 3622 5296 tua
3639 5256 3807 5296 concu-

2244 5316 2431 5384 piscere
2466 5329 2511 5372 et
2554 5336 2700 5390 agere
2727 5322 2979 5390 negotium
3026 5327 3331 5393 procurandi
3374 5330 3569 5398 fructus
3609 5331 3808 5385 mortis:
3896 5322 3901 5339 “

2242 5406 2376 5461 unde
2394 5425 2471 5462 me
2496 5410 2760 5463 verberasti
2796 5411 3027 5479 gravibus
3048 5417 3205 5483 pinnis
3222 5431 3242 5479 ;
3262 5417 3351 5470 sed
3375 5419 3503 5472 nihil
3524 5421 3594 5474 ad
3620 5422 3806 5490 culpant

2240 5511 2401 5551 meam
2416 5496 2598 5569 (Ibid.,
2617 5515 2731 5569 cap.
2753 5500 2807 5563 5,
2830 5516 2883 5553 n.
2905 5502 2983 5572 5).
3005 5502 3279 5560 Theatrica
3298 5511 3614 5577 spectacula,
3632 5510 3809 5580 quibus
3896 5528 3901 5553 ι

2241 5600 2579 5658 summopere
2607 5590 2817 5645 deditus
2845 5607 2979 5659 erat,
3010 5603 3064 5649 et
3087 5595 3138 5650 in
3168 5598 3360 5667 quibus
3389 5599 3663 5656 libidinum
3690 5616 3803 5657 uta-
3896 5612 3901 5649 ί

2241 5694 2357 5733 rum
2382 5681 2608 5751 exprimi
2634 5683 2884 5738 cernebat
2913 5686 3185 5755 imagines,
3213 5689 3350 5745 illius
3370 5707 3546 5747 mores
3565 5694 3730 5765 magis
3748 5703 3806 5745 ac

2243 5771 2407 5841 magis
2422 5770 2802 5828 labefactabant
2813 5774 2998 5846 (Ibid.,
3011 5794 3121 5849 cap.
3138 5778 3528 5853 2,n.2).blultis
3539 5780 3806 5855 postamdb
