3948 6420
179 309 244 368 73
1537 300 1738 364 uasa
1777 295 2048 367 rantes.
2583 293 2588 301 ‘
2629 297 2632 300 ‘
2803 286 2810 290 “
3350 335 3421 392 η

181 443 230 500 in
265 435 456 512 publica
498 443 798 493 concione,
833 439 978 499 quam
1018 424 1330 496 Carthagine
1369 425 1579 486 habuit,
1623 427 1723 480 fas-

182 547 265 589 ,ιω
296 539 372 587 est
393 544 449 584 se
475 528 583 583 bac
599 521 918 596 potissimum
947 521 998 575 in
1035 520 1164 576 urbe
1191 519 1382 575 malam
1413 520 1626 574 duxisse
1651 520 1728 574 ri-

189 633 321 691 tatn,
357 621 612 690 lniseque
637 615 912 688 aliquando
935 631 998 671 ex
1028 615 1092 668 iis
1143 629 1278 684 quos
1328 613 1458 668 dicit
1491 613 1724 682 Aposto-

201 716 277 773 ιιι
313 714 474 771 stultos
512 722 570 767 et
616 708 930 769 incredulus.
959 716 1014 764 et
1047 705 1113 762 ad
1158 722 1318 760 omne
1345 720 1478 773 opus
1524 706 1723 760 bonum

201 807 416 879 reprobi:
435 803 641 873 (Enarr.
671 801 726 856 in
753 800 892 857 Psal.
918 800 1007 864 56,
1031 815 1183 854 serm.
1207 799 1263 865 5,
1287 815 1341 852 ιι.
1376 796 1485 871 19).

259 903 304 958 5.
335 902 557 955 Attamen
577 895 640 950 iis
665 892 1104 964 concupiscentiae
1126 891 1372 946 sordibus
1397 890 1720 960 inquinatus,

199 995 375 1065 elegans
397 1001 547 1060 atque
575 988 808 1043 urbanus
833 985 1144 1041 adolescens
1170 983 1336 1039 sideri
1365 982 1606 1045 volebat,
1635 981 1721 1036 in-

193 1092 271 1144 sita
299 1084 522 1140 nimirum
547 1080 724 1136 virtuti
764 1075 1158 1148 pulchritudine
1186 1083 1350 1139 tanta,
1387 1082 1444 1128 ut
1478 1073 1569 1144 qui
1603 1088 1722 1128 eam

190 1175 370 1232 minime
395 1173 600 1238 colunt,
632 1170 750 1240 ejus
787 1169 1018 1238 speciem
1060 1182 1170 1236 pne
1204 1182 1263 1221 se
1309 1164 1448 1220 ferre
1486 1163 1722 1217 omnium

183 1268 376 1324 maxime
398 1265 642 1318 ambiant.
679 1259 866 1316 chus
891 1268 1041 1330 atque
1064 1257 1370 1318 inhoriestns,
1401 1254 1591 1323 inquit,
1619 1252 1721 1306 cle-

173 1377 282 1433 με
294 1368 336 1412 et
360 1357 569 1410 urbanus
587 1370 696 1410 esse
718 1351 986 1425 gestiebant
1005 1347 1288 1404 abundanti
1309 1347 1527 1399 vanitate
1545 1341 1719 1415 (Conf.

169 1455 243 1509 lib.
260 1453 439 1524 3.:ep.
462 1451 514 1515 Ι,
535 1466 586 1502 ιι.
619 1448 691 1518 l).
714 1446 838 1500 Erat
861 1454 1008 1498 certe
1029 1442 1096 1499 ad
1125 1456 1338 1496 omnem
1369 1438 1721 1492 urbanitatem

167 1552 334 1599 natura
356 1539 698 1610 occupesitns,
722 1536 963 1604 adeoque
994 1545 1104 1588 tum
1131 1533 1290 1587 etiam
1314 1545 1436 1585 cum
1465 1531 1723 1598 eloquen-

165 1638 240 1692 tia
275 1633 512 1692 Studebat
553 1628 896 1699 Carthagine.
927 1625 1068 1693 turpi
1113 1624 1238 1680 licet
1285 1637 1470 1678 amore
1514 1628 1718 1689 captus,

163 1726 432 1782 honestatis
457 1724 630 1779 cultor
663 1719 1010 1778 nihilominus
1048 1717 1363 1772 habebatur.
1389 1713 1554 1783 Cujus
1579 1719 1727 1768 extat

160 1819 345 1875 illaetre
377 1815 739 1872 testimonium
777 1810 1046 1866 Vincentii
1084 1808 1224 1878 apud
1261 1805 1504 1863 eamdem
1532 1805 1723 1860 civita-

159 1921 254 1965 tem
278 1906 660 1978 litigatistarnm
687 1901 946 1974 episcopi,
978 1903 1028 1955 in
1058 1901 1123 1955 iis
1151 1899 1342 1954 litteris
1365 1912 1497 1969 quas
1520 1896 1586 1951 ad
1613 1896 1724 1949 Au-

157 2000 400 2073 gustinum
417 1999 527 2069 jam
555 1996 755 2068 pariter
774 1995 1082 2063 episcopum
1099 1991 1266 2054 dedit,
1293 1990 1380 2044 ubi
1398 2005 1520 2045 eum
1549 1986 1726 2043 laudat

159 2095 211 2148 in
231 2093 338 2148 btet:
353 2090 507 2147 verba
531 2109 546 2144 :
567 2087 697 2145 Cum
717 2087 906 2159 optime
925 2085 1145 2140 imiterim
1161 2093 1209 2137 te
1229 2085 1376 2154 longe
1389 2081 1554 2136 adhuc
1573 2097 1604 2134 a
1625 2080 1728 2150 ﬁde

161 2184 410 2242 christiana
431 2183 730 2254 sepositum,
757 2191 802 2235 et
828 2179 1010 2234 studiis
1033 2178 1156 2232 olim
1171 2176 1398 2231 deditum
1421 2176 1722 2239 litterarum,

156 2276 322 2346 quietis
359 2286 405 2330 et
441 2273 727 2329 honestatis
770 2271 928 2340 fuisse
964 2269 1205 2323 cultorem
1251 2269 1269 2337 (
1297 2265 1438 2321 Inter
1484 2267 1722 2338 August.,

155 2365 304 2438 Epist.
331 2365 416 2432 93,
440 2383 494 2419 κ.
518 2365 638 2434 51).
672 2361 828 2417 Enim
854 2376 984 2416 vero
1005 2375 1110 2416 non
1131 2359 1200 2413 ita
1233 2360 1486 2429 pudorem
1507 2364 1729 2413 exuerat

156 2457 462 2523 adolescens,
495 2467 553 2511 ut
582 2471 720 2526 vago
746 2469 870 2510 eum
896 2469 959 2507 ac
989 2451 1289 2523 promiscuo
1317 2465 1499 2504 amore
1527 2448 1724 2520 mssitn

155 2549 474 2606 Μαιώτιπί
504 2548 736 2611 liberet;
758 2543 853 2600 sed
884 2543 1120 2614 profecto
1143 2543 1196 2597 in
1228 2541 1571 2597 immoderata
1601 2538 1725 2593 libi-

154 2642 264 2699 dine
278 2645 552 2714 quemdam
574 2639 798 2695 modum
825 2637 1012 2703 tenuit,
1034 2651 1100 2692 eo
1118 2644 1420 2699 contentus,
1451 2632 1590 2704 quod
1615 2639 1726 2687 tum

153 2733 201 2790 in
228 2732 428 2789 homine
466 2731 713 2787 nomium
757 2728 1102 2783 christianum
1146 2727 1456 2796 religionem
1488 2723 1728 2795 professo

154 2823 285 2880 haud
317 2824 626 2880 indecorum
659 2820 966 2876 videri-tur:
999 2819 1088 2873 uni
1127 2815 1388 2886 siquidem
1417 2813 1727 2870 concubina:

159 2915 430 2981 adbcet'ens,
464 2915 566 2970 tori
600 2913 765 2969 fidem
797 2912 872 2966 illi
907 2926 1010 2966 non
1037 2909 1293 2979 imparem
1318 2908 1578 2978 coniugali
1613 2921 1729 2963 ser-

158 3007 316 3064 valtat.
347 3008 508 3078 ρωποι
551 3007 735 3078 primo
755 3020 897 3058 anno
916 3017 1027 3058 sua:
1053 2999 1192 3071 apud
1217 3000 1588 3070 Carthaginem
1618 3013 1732 3068 per-

152 3100 472 3175 egrinationis
511 3109 890 3168 assutnptam,
937 3095 1147 3150 nonnisi
1205 3091 1485 3148 Mediolani
1540 3101 1728 3162 passus

153 3205 224 3250 est
244 3209 272 3247 a
299 3209 356 3250 se
385 3194 569 3251 direlli
587 3233 608 3260 ,
642 3206 766 3245 cum
805 3188 872 3243 ad
902 3202 1123 3244 uxorem
1152 3185 1451 3242 ducendam
1491 3184 1728 3239 animum

152 3284 424 3355 adieci-set.
453 3282 552 3340 illa
576 3297 712 3336 sero
737 3281 790 3335 in
814 3279 1046 3334 Africam
1068 3291 1280 3332 reversa
1304 3285 1572 3346 perpetua:
1600 3291 1730 3330 cono

152 3377 363 3433 limitis
388 3385 512 3432 volo
537 3392 606 3431 se
623 3368 1094 3443 obstrittsithonf.
1116 3369 1202 3425 lib.
1219 3370 1274 3435 ϐ,
1293 3387 1410 3439 cap.
1432 3370 1517 3436 l5,
1537 3386 1589 3423 η.
1611 3368 1727 3440 25).

152 3467 245 3523 Sun
269 3467 618 3525 nibibrminns
668 3465 978 3521 infelicitate
1002 3462 1376 3533 estvelim-batur
1406 3463 1731 3534 Augustinus

153 3556 271 3629 qil
287 3560 352 3614 sit
365 3559 699 3616 discriminis
719 3555 860 3611 inter
881 3571 1090 3611 sacrum
1111 3555 1340 3624 conjugii
1365 3553 1559 3620 foedus,
1588 3553 1732 3624 quod

155 3650 335 3708 sobolis
355 3649 722 3724 suscipiet-dte
748 3664 908 3705 causa
937 3647 1130 3713 ittitur,
1159 3658 1211 3702 et
1243 3645 1508 3703 libidinosi
1532 3645 1731 3700 amoris

150 3754 360 3818 pum,
390 3746 480 3803 ubi
512 3743 703 3817 proles
723 3744 884 3799 etiam
904 3750 1089 3797 contra
1126 3749 1404 3811 parentum
1423 3728 1606 3793 i'otutn
1634 3753 1731 3792 na-

148 3837 311 3903 scitur,
338 3839 590 3912 quamvis
611 3840 728 3909 jam
756 3844 880 3891 nata
907 3834 987 3890 rel
1011 3834 1080 3887 ah
1098 3832 1276 3888 inritis
1296 3846 1533 3887 amorem
1553 3837 1734 3886 estur-

146 3941 306 4003 queat.

207 4021 260 4082 ι.
295 4025 447 4080 Anno
473 4039 593 4082 sua:
623 4022 681 4077 in
709 4020 850 4077 dicta
877 4019 1008 4075 urbe
1034 4014 1472 4088 peregrinationis
1493 4014 1626 4070 forte
1649 4029 1734 4070 se-

147 4114 304 4174 cundo
325 4117 537 4173 sustulit
562 4129 644 4172 ex
669 4129 734 4169 ea
763 4112 952 4177 lilium,
978 4110 1064 4167 cui
1091 4125 1284 4164 nomen
1314 4107 1405 4162 fuit
1435 4105 1730 4162 Adeodato.

147 4204 264 4263 Μ
285 4207 454 4280 ipsum
481 4224 639 4264 anno
661 4203 1038 4261 trecentesimo
1075 4199 1471 4271 septuagesimo
1501 4196 1734 4252 secundo

153 4308 317 4354 natant
341 4313 464 4356 esse
484 4340 502 4362 .
526 4297 806 4354 decimum
833 4302 1076 4348 octavum
1102 4291 1266 4346 aetati
1313 4305 1510 4344 annum
1545 4296 1737 4359 agente

153 4387 450 4461 Augustino,
470 4389 564 4446 vel
593 4402 668 4442 ex
689 4402 757 4442 eo
774 4393 1006 4450 constat,
1033 4385 1170 4454 quod
1192 4397 1334 4436 anno
1361 4382 1738 4437 trecentesimo

154 4481 461 4556 octogesimo
493 4481 736 4553 septimo
763 4492 870 4547 quo
896 4477 1026 4548 ipsis
1070 4473 1412 4530 l’ascltalibns
1454 4471 1600 4527 feriis
1642 4469 1740 4526 fuit

155 4571 310 4628 sacris
327 4571 650 4630 'christiattis
679 4569 936 4630 initiatus,
966 4582 1226 4621 annorum
1251 4576 1367 4621 erat
1391 4563 1561 4621 ferme
1586 4564 1740 4634 quin-

157 4661 320 4722 deci-
341 4663 519 4738 (tua.
549 4664 647 4718 na.
669 4661 724 4725 9,
747 4678 862 4733 cap.
885 4659 940 4725 6,
971 4676 1023 4714 η.
1061 4656 1169 4729 tt).

223 4755 537 4830 {nl-gustia
577 4773 608 4812 ε
630 4755 764 4813 nihil
783 4756 834 4809 in
850 4768 972 4808 eum
993 4750 1279 4806 contulisse
1299 4765 1378 4814 se,
1398 4757 1591 4820 praeter
1610 4746 1741 4803 deli-

157 4855 294 4908 ctua
309 4853 565 4924 agnoscit.
588 4849 790 4903 Verum
804 4846 1072 4916 praeclaris
1083 4859 1203 4899 eum
1215 4844 1368 4898 donis
1379 4842 1741 4896 (annulus-erat

159 4941 318 5010 βω.
342 4954 396 5002 et
421 4943 561 4998 adeo
593 4939 823 5012 [necoci
855 4937 1112 4993 ditaverat
1137 4936 1346 5006 ingenio
1365 4975 1381 5000 ,
1402 4945 1452 4988 ut
1475 4932 1740 4988 decunum

159 5043 384 5108 quam
397 5037 777 5094 antdccitnunt
791 5034 1032 5104 quintum
1050 5046 1247 5086 annum
1263 5044 1444 5099 agens,
1465 5027 1742 5099 permultis

161 5129 386 5198 μείω.
407 5139 464 5186 et
480 5128 663 5184 doctis
681 5127 814 5181 viris
828 5125 937 5195 jam
961 5133 1070 5177 tum
1093 5121 1455 5177 antecelleret.
1478 5119 1593 5174 Jatu
1619 5118 1742 5174 inde

165 5215 378 5294 ὑψηο
411 5217 804 5276 ῑτωι-ιιιεείωο
836 5214 1164 5285 octogesimo
1201 5223 1354 5266 sexto
1380 5211 1593 5281 optione
1628 5210 1742 5280 spei

169 5312 423 5384 μί’μυί
437 5311 744 5368 ridebatur.
765 5308 898 5365 Eunt
911 5306 976 5362 ad
991 5307 1195 5362 erudita
1217 5305 1300 5358 illa
1321 5303 1580 5372 colloquia
1591 5344 1605 5367 ,
1623 5317 1742 5372 quae

505 5405 710 5460 habere
735 5407 1104 5460 consueverat,
1129 5397 1241 5467 jam
1271 5407 1382 5450 ttnn
1409 5395 1735 5450 admittebat.

408 5496 704 5569 aliquando
729 5501 1058 5566 quaereretur
1079 5531 1093 5552 .
1122 5491 1366 5562 quianam
1409 5487 1572 5542 Deum
1602 5487 1654 5541 in
1684 5501 1743 5542 se

495 5597 560 5645 et
587 5603 742 5642 suam
768 5589 994 5656 quisipte
1031 5596 1192 5653 super
1226 5597 1287 5635 ea
1331 5594 1390 5635 re
1426 5580 1741 5634 sententiam

514 5677 883 5751 pronuntiavit
901 5675 1208 5730 Adeodatus
1225 5690 1347 5728 eum
1364 5687 1506 5735 esse,
1523 5671 1614 5742 qui
1636 5674 1744 5742 spi-

737 5786 844 5826 non
875 5769 1120 5850 haberet.
1154 5769 1308 5840 Quod
1343 5768 1744 5840 pronuntiatum

193 5851 211 5880 ί
267 5851 290 5870 ”
336 5851 347 5854 ⁷
389 5861 634 5942 Mer.
672 5865 953 5928 Annon.
984 5865 1026 5931 ι.

1835 428 2074 485 Monnica
2095 435 2361 504 responsis
2380 435 2601 494 aliorum
2624 443 2858 498 omnium
2881 448 3129 514 prmtnlit.
3149 451 3422 515 Qumreati

1834 521 2089 589 postridie
2126 527 2422 592 Augustino
2457 532 2879 598 explanationem
2918 539 3054 592 illius
3095 546 3371 599 sententiae
3395 586 3432 614 ,.

1831 629 1990 684 quatn
2026 615 2255 673 fortasse
2300 621 2571 688 aliquanto
2610 627 2878 682 sereniore
2903 639 2949 682 et
2978 636 3280 702 purgatiore
3306 636 3414 704 Spi-

1831 633 1990 684 quatn
2026 633 2255 673 turtasse
2300 633 2571 688 aliquanto
2610 633 2878 682 sereniore
2903 639 2949 682 et
2978 636 3280 702 purgatiore
3306 636 3414 704 Spi-

1831 706 1935 761 rittt
1959 724 2089 777 puer
2112 710 2336 768 dixisset
2366 731 2377 766 :
2411 713 2466 769 Is
2492 717 2616 770 mihi
2642 719 2850 784 videtur,
2879 727 3168 790 respondit,
3193 633 3434 842 immuni

1831 800 1950 842 dum
1984 803 2212 842 hiis-inn"
2251 823 2345 842 nnn
2375 807 2554 842 Imb-no.)
2592 812 2675 842 nui
2703 823 2835 842 ..ι-..ιη
2865 815 2977 842 ..ἔηει
3034 816 3162 842 Ρη.-.
3197 819 3414 842 ε..,..-..-.ι

1831 800 1950 854 dum
1983 803 2214 871 spiritum
2249 823 2345 859 non
2372 807 2675 879 Iutbcre,qni
2701 823 2835 865 caste
2865 815 2997 866 vivit.
3034 816 3164 871 Cum
3197 800 3415 877 instareb

1834 850 1950 854 _..---
1985 850 2214 871 -r------..-
2249 850 2342 859 ...η-
2372 850 2672 879 ..ηνμνμιιμ
2701 850 2832 865 ιιυηυ
2867 850 2997 866 υιυισ.
3035 850 3164 871 υιιιιι
3197 850 3430 922 ιιιθιδιιῒιι

1830 903 1984 963 pater
2005 936 2018 956 ,
2051 911 2208 966 quem
2235 910 2436 953 castum
2466 912 2677 956 voearet
2697 946 2711 965 ,
2739 921 2930 959 eumue
2957 907 3046 976 qui
3077 908 3200 962 nihil
3223 927 3270 980 p.
3290 921 3427 966 cca-1

1829 995 1932 1049 ret,
1959 1002 2026 1040 an
2052 988 2140 1058 qui
2178 987 2246 1042 ab
2277 989 2459 1045 iLicito
2501 1002 2704 1049 tantum
2733 997 3016 1051 Concubitu
3049 1010 3370 1066 temperaret
3398 1019 3415 1058 :

1832 1076 2116 1142 Quomodo,
2157 1081 2340 1150 inquit,
2371 1095 2538 1139 castus
2565 1099 2723 1157 potest
2750 1107 2874 1154 esse,
2906 1091 2991 1160 qui
3015 1093 3076 1144 ab
3101 1092 3273 1146 illicito
3300 1105 3419 1148 tan.

1828 1177 1933 1222 tum
1957 1173 2220 1226 concubitu
2242 1174 2494 1230 abstinens
2523 1194 2630 1231 sese
2649 1221 2660 1241 ,
2699 1182 2891 1234 caneris
2920 1183 3135 1252 peccatis
3161 1201 3258 1237 non
3286 1185 3420 1239 desi-~

1830 1261 1902 1314 nit
1929 1263 2222 1336 inquinari?
2253 1265 2351 1320 Ille
2385 1279 2455 1323 est
2491 1287 2601 1324 vere
2630 1285 2817 1338 castus,
2853 1275 2940 1344 qui
2987 1274 3146 1328 Deum
3185 1277 3420 1344 attendit,

1829 1361 1874 1405 et
1896 1354 1964 1405 ad
1983 1355 2147 1421 ipsum
2169 1357 2330 1409 solum
2359 1375 2412 1412 se
2435 1369 2583 1414 tenet.
2609 1361 2759 1427 Quod
2784 1364 3076 1432 AugttStino
3101 1367 3176 1419 sic
3200 1365 3419 1432 placuit,

1829 1452 1887 1496 ut
1925 1443 2185 1513 ipsissima
2219 1450 2365 1516 pueri
2411 1451 2566 1505 verba
2601 1455 2970 1520 per.~cribenda
3012 1458 3273 1512 censuerit
3318 1456 3422 1527 (De

1828 1531 1988 1588 Beata
2029 1538 2148 1603 rita,
2179 1556 2265 1592 nn.
2301 1541 2384 1604 l'l,
2414 1541 2522 1612 l8).
2548 1541 2797 1597 Testatur
2838 1545 3056 1614 pariter,
3101 1562 3164 1601 ea
3205 1563 3324 1617 quae
3363 1548 3421 1602 in

1830 1623 1969 1678 libro
2006 1627 2073 1682 de
2113 1627 2358 1698 Magistro
2404 1633 2708 1686 inseruntur
2749 1649 2812 1688 et
2864 1637 3121 1690 Adeodati
3170 1651 3420 1706 persona,

1831 1717 1973 1773 illius
1993 1736 2147 1775 sensa
2170 1737 2289 1777 esse
2309 1726 2509 1789 omnia,
2527 1726 2769 1794 quamvis
2796 1737 2905 1780 tum
2921 1727 3184 1782 decimum
3207 1739 3422 1786 sextum

1830 1809 2168 1865 Sttitlnlltlmio
2210 1827 2406 1867 annum
2455 1825 2655 1886 ageret.
2704 1817 2862 1871 Addit
2907 1821 3053 1888 plura
3111 1835 3169 1873 se
3214 1821 3265 1873 in
3320 1820 3423 1876 hoc

1833 1916 1999 1970 puero
2018 1903 2369 1958 admiratione
2385 1904 2624 1976 digniora
2648 1919 2950 1976 expertum,
2975 1910 3183 1980 sibique
3208 1910 3422 1967 horrori

1831 1993 1992 2049 fuisse
2022 1994 2159 2050 illius
2187 1998 2454 2065 ingenium
2482 2001 2496 2063 (
2522 1999 2670 2072 (.‘onf.
2694 2001 2779 2054 lib.
2813 2002 2865 2061 9.
2890 2018 3002 2072 cap.
3030 2001 3082 2064 6,
3113 2019 3166 2056 η.
3193 2003 3297 2068 ιρι).
3326 2001 3425 2057 Sa-

1831 2096 2108 2140 cramento
2143 2089 2564 2158 regenerationis
2603 2091 2838 2146 initiatus
2880 2104 2957 2146 est
3009 2108 3115 2146 una
3153 2109 3271 2146 cum
3310 2096 3426 2147 Au-

1830 2179 2044 2247 gustino
2065 2186 2236 2248 patre,
2259 2179 2348 2247 qui
2373 2180 2537 2234 lilium
2569 2181 2667 2234 sibi
2700 2183 2750 2235 in
2775 2185 2939 2251 gratia
2964 2182 3164 2239 Christi
3183 2201 3424 2241 etnrvum

1832 2269 1884 2322 iu
1911 2269 2218 2324 societatem
2237 2281 2498 2341 suscepta:
2523 2287 2552 2322 a
2585 2288 2643 2326 se
2664 2273 2782 2326 vita:
2801 2275 3082 2328 sanctioris
3116 2276 3426 2344 assumpsit,

1830 2375 1938 2432 quo
1977 2377 2098 2417 eum
2133 2363 2436 2417 ehristiaum
2479 2363 2773 2433 disciplina:
2825 2365 3106 2435 prmi-eptis
3149 2366 3316 2437 magis
3359 2380 3427 2420 ac

1832 2451 2000 2522 magis
2031 2452 2310 2508 imbueret.
2342 2453 2601 2513 Monuica:
2627 2455 2872 2510 morienti
2911 2456 3048 2524 apud
3087 2455 3232 2510 Ostia
3263 2455 3427 2509 Tibe-

1832 2544 1945 2598 rina
1978 2544 2146 2600 adfuit
2173 2545 2478 2602 Adeodatus
2503 2565 2516 2599 :
2549 2563 2780 2618 cumque
2817 2549 2901 2602 illa
2931 2565 3236 2618 supremum
3266 2549 3430 2617 Spiri-

1834 2645 1943 2690 tum
1984 2637 2303 2702 etﬂarisset,
2351 2640 2632 2709 repentino
2656 2640 2860 2696 doloris
2887 2641 3085 2711 impetu
3113 2642 3432 2696 exi-lamavit

1832 2727 1885 2782 itt
1914 2730 2212 2798 planctum;
2262 2732 2354 2786 sed
2391 2735 2676 2788 astantium
2722 2735 2898 2789 verbis
2939 2736 3116 2789 statim
3159 2735 3431 2792 coercitus

1833 2820 1994 2874 tacuit
2022 2821 2208 2892 (lbid.,
2233 2839 2348 2892 cap.
2381 2823 2466 2889 l2,
2490 2842 2544 2878 ιι.
2570 2824 2684 2895 29).
2730 2825 3065 2896 llemigrante
3108 2827 3160 2880 in
3198 2826 3431 2880 Africam

1783 2978 1786 2981 _
1833 2921 1982 2981 patre
2011 2917 2217 2981 trajecit
2249 2927 2461 2983 quoque
2489 2912 2628 2966 tilius
2657 2932 2669 2966 :
2707 2914 2791 2968 hic
2814 2915 3072 2984 siquidem
3108 2925 3284 2983 partes
3304 2930 3432 2970 suas

1832 3005 2060 3060 sustinet
2090 3006 2140 3059 in
2189 3006 2323 3060 libro
2341 3006 2409 3060 de
2439 3005 2708 3076 Magistro,
2751 3023 2907 3075 quem
2951 3008 3001 3059 itt
3051 3007 3223 3060 Africa
3264 3006 3434 3062 edidit

1835 3099 2178 3168 Augustinus.
2205 3097 2354 3151 lllnm
2390 3098 2442 3151 in
2478 3097 2832 3152 adolescentia
2853 3098 2993 3152 cmlo
3009 3097 3117 3166 jam
3143 3107 3433 3165 maturum,

1840 3189 1994 3245 terris
2025 3198 2344 3260 prtetttttture
2376 3188 2515 3242 licus
2545 3187 2781 3243 abstulit.
2815 3187 2947 3242 Hinc
2979 3200 3163 3256 pater:
3195 3187 3438 3241 Semirior

1837 3295 1972 3340 eum.
1995 3281 2184 3349 inquit,
2201 3280 2456 3340 recordor.
2475 3297 2574 3334 non
2591 3281 2769 3335 timens
2788 3279 3061 3349 quidquam
3080 3280 3324 3348 pueritiw.
3345 3295 3442 3334 nec

1835 3372 2212 3432 adolescentiae,
2263 3387 2352 3425 nec
2401 3373 2606 3425 omnino
2649 3371 2840 3424 homini
2889 3370 2965 3423 illi
3010 3368 3346 3439 (Ibid.,cap.
3375 3369 3434 3437 ti,

1838 3480 1893 3517 η.
1918 3461 2042 3534 lli);
2069 3462 2210 3534 quod
2237 3462 2441 3518 sclicct
2479 3463 2626 3516 illum
2668 3463 2900 3534 διιεςφτί
2944 3462 3156 3533 Baptis.
3183 3463 3286 3518 atis
3313 3479 3438 3518 san-

1839 3553 2076 3610 ctitatem
2104 3569 2376 3624 nunquam
2410 3553 2659 3618 violasse,
2691 3554 2870 3608 animo
2897 3560 3187 3623 reputaret.

2483 3687 2562 3743 CA.
2576 3686 2710 3742 PU'I‘
2749 3685 2814 3741 ν.

1840 3802 1864 3856 1
1899 3802 2211 3874 Augustinus
2241 3811 2383 3872 patre
2407 3801 2612 3856 orbatus
2640 3803 2794 3856 alitur
2823 3802 3130 3875 Carthagine
3153 3803 3442 3872 sumptibus

1907 3895 2106 3959 matris,
2123 3905 2170 3950 et
2186 3911 2281 3965 ope
2297 3893 2621 3948 llontaniani.
2639 3893 2676 3948 2
2695 3894 2842 3949 Lecto
2860 3895 3113 3949 Ciceronis
3137 3893 3183 3947 11
3191 3898 3431 3960 ortensio,

1909 3987 2171 4059 sapientia:
2212 3989 2376 4042 studia
2416 3986 2717 4041 incenditur.
2763 3989 2797 4041 ὅ
2827 3987 3122 4053 Scriptura:
3158 4001 3330 4040 sacras
3369 3986 3435 4039 ob

1911 4077 2253 4134 demissiorem
2282 4077 2454 4133 stilum
2475 4079 2689 4150 fastidit.
2721 4078 2755 4133 4
2781 4077 3058 4131 Aristotelis
3081 4077 3358 4149 categorias
3383 4084 3437 4132 et

1913 4187 2086 4226 onmes
2124 4184 2257 4226 artes
2287 4173 2516 4226 liberales
2541 4181 2717 4241 suopte
2753 4171 2957 4242 ingenio
2987 4171 3216 4242 ρει-άρὶι.

1925 4288 1976 4342 1.
2018 4287 2135 4343 lam
2183 4286 2303 4341 inde
2329 4283 2397 4338 ab
2423 4298 2564 4339 anno
2588 4285 2760 4338 aetatis
2793 4298 2903 4338 suae
2929 4282 3139 4336 decimo
3167 4282 3393 4351 septimo
3417 4322 3436 4349 ,

1845 4384 1934 4456 qui
1963 4382 2176 4455 quidem
2206 4379 2633 4434 numerabatura
2664 4384 2906 4444 reparata
2936 4375 3104 4428 salute
3127 4372 3439 4427 trecentesi-

1849 4491 1969 4530 mus
1996 4471 2415 4544 Septuagesimtts
2443 4468 2666 4539 pt'imtts,
2699 4465 3022 4534 Augustinus
3045 4472 3190 4528 patre
3215 4463 3437 4517 orbatus

1849 4576 1965 4624 erat
1996 4584 2009 4619 :
2045 4581 2108 4620 tn.-
2131 4578 2292 4632 gnum
2327 4557 2646 4614 adolescenti
2672 4556 2947 4619 damnum,
2983 4567 3087 4623 quo
3115 4552 3166 4606 in
3197 4563 3442 4621 apertam

1849 4659 2170 4722 studiorum,
2199 4665 2360 4722 atque
2379 4651 2514 4705 adeo
2540 4645 3164 4714 fortunarum,jactttram
3179 4645 3444 4700 adductus

1846 4765 1970 4808 esse
2008 4749 2301 4803 \idebatur.
2355 4747 2602 4798 Attamen
2639 4738 2787 4812 (qua:
2827 4746 2943 4794 erat
2980 4737 3236 4794 Monuica:
3273 4739 3445 4796 animi

1851 4839 2190 4915 magnitudo)
2233 4850 2402 4893 mater
2431 4839 2482 4891 in
2511 4835 2602 4890 filii
2631 4834 2900 4906 profectus
2940 4833 3168 4889 sollicite
3197 4833 3400 4889 intenta
3427 4876 3445 4902 ,

1850 4937 2000 4992 illum
2042 4932 2232 5004 quibus
2275 4929 2443 5000 potuit
2469 4928 2640 4982 modis
2665 4926 2986 4996 Carthagine
3015 4924 3160 4980 alere
3187 4940 3442 4995 perseve-

1851 5027 1984 5083 ravit
2019 5045 2032 5080 :
2064 5025 2292 5094 indeque
2318 5023 2406 5078 ille
2437 5023 2691 5075 maternis
2722 5017 3058 5074 mercedibus
3085 5027 3320 5086 emptam
3345 5017 3443 5074 lilii

1849 5134 1971 5176 esse
1997 5115 2359 5187 eloquentiam
2386 5112 2512 5167 dicit
2547 5111 2727 5182 (Conf.
2758 5111 2845 5164 lib.
2877 5110 2931 5177 3,
2951 5126 2997 5162 c.
3023 5110 3088 5176 7,,
3109 5126 3163 5164 n.
3191 5110 3268 5179 7).
3300 5109 3446 5178 Sup-

1851 5210 2102 5283 peditavit
2128 5217 2253 5263 tunc
2269 5219 2481 5275 quoque
2499 5213 2803 5270 sumptuum
2825 5211 3026 5271 partem
3057 5201 3438 5269 llontanianus,

1850 5306 1940 5378 qui
1969 5305 2262 5360 luctuosam
2289 5297 2468 5355 eximii
2508 5295 2862 5350 adolescentis
2890 5295 3172 5349 orbitatem
3206 5295 3446 5349 benevo-

1849 5400 2035 5460 lentia,
2059 5395 2316 5456 consiliis,
2346 5390 2684 5447 facultatibus
2714 5398 3011 5443 sustentare
3030 5388 3299 5457 solarique
3331 5399 3438 5440 non

1849 5491 2070 5548 (Ιθμιίιὶι.
2098 5485 2177 5542 Tu
2196 5497 2337 5556 patre
2351 5485 2600 5544 orbatum,
2623 5483 2697 5535 ait
2721 5482 3064 5551 Augustinus.
3081 5480 3302 5533 amicitia
3319 5492 3442 5531 con-

1849 5585 2042 5639 solatus
2092 5598 2164 5645 es,
2215 5579 2497 5632 hortatione
2521 5575 2774 5641 animasti,
2801 5591 2897 5644 ope
2929 5572 3166 5646 adjuristi
3199 5566 3440 5638 (Contra

1850 5673 2193 5735 Academicos,
2225 5669 2312 5724 lib.
2340 5669 2395 5732 2,
2423 5686 2474 5722 n.
2507 5668 2584 5738 5).

1922 5768 1980 5823 2.
2026 5767 2238 5822 Annum
2281 5763 2455 5818 aetatis
2493 5758 2944 5829 undevigesimum
2989 5749 3254 5820 attigerat,
3289 5757 3436 5813 anno

2759 5845 3036 5930 Urnis.)
