3948 6396
599 332 673 394 π
1775 312 1929 371 VlTA
1965 314 2026 374 s.
2065 313 2436 376 AUGUSTINI
2474 315 2810 376 EPISCOPI.
3777 316 3835 379 tt

596 447 796 503 Christi
830 441 1205 502 trecentesimo
1245 436 1636 513 septuagesimo
1678 433 1855 503 tertio,
1884 446 2005 487 cum
2027 429 2177 500 juxta

600 546 872 607 receptum
916 533 1155 592 discendi
1177 530 1422 587 ordinem
1451 529 1503 584 in
1528 524 1799 583 Ciceronis
1837 523 2025 578 librum
2056 534 2175 592 per-

596 631 762 696 venit,
810 631 899 699 qui
927 626 1197 682 Hortensii
1241 624 1455 681 nomine
1483 620 1787 691 inscriptus,
1828 616 2181 670 hortationem

601 722 667 775 ad
696 720 1010 790 sapientiam
1039 716 1346 774 continebat
1378 713 1562 791 (Conf.
1592 710 1677 764 lib.
1695 708 1749 775 3,
1788 725 1900 783 cap.
1933 706 1988 770 4,
2022 723 2073 760 n.
2103 706 2133 759 7
2164 723 2178 771 ;

599 813 688 869 lib.
744 812 799 887 6,
844 831 959 885 cap.
994 814 1083 880 ll,
1130 829 1184 867 η.
1241 812 1341 876 Ιδς
1374 808 1589 889 Soliloq.
1637 806 1724 859 lib.
1754 804 1806 871 l,
1834 821 1886 856 η.
1922 802 2041 871 Π).
2069 798 2181 854 Etsi

602 920 728 959 vero
768 904 827 959 in
869 918 937 961 eo
988 904 1125 958 libro
1180 915 1386 957 summa
1439 897 1737 975 eloquentia
1788 908 1908 951 cum
1952 891 2184 946 admira-

488 1008 497 1015 ‘
598 998 692 1052 bili
721 996 1024 1053 eruditione
1048 996 1327 1063 conjuncta
1354 998 1534 1054 esset;
1568 1004 1671 1043 non
1690 1003 1753 1041 eo
1783 982 2185 1055 utmeniegeba-

600 1098 685 1141 tur
706 1087 773 1142 ab
794 1087 1104 1156 Augustino,
1134 1092 1192 1139 ut
1207 1082 1490 1138 verborum
1520 1078 1777 1135 lenocinia
1804 1081 2179 1144 aucuparetur,

598 1179 694 1233 sed
723 1179 925 1248 ahjecta
972 1175 1235 1231 sermonis
1274 1187 1401 1229 cura
1432 1172 1485 1227 in
1526 1186 1613 1226 res
1650 1164 1985 1235 solummodo
2022 1172 2182 1234 atque

598 1271 885 1325 sententias
912 1269 1143 1323 animum
1167 1264 1492 1321 intendebat.
1521 1262 1651 1334 Ejus
1672 1275 1799 1332 ergo
1819 1259 1936 1313 libri
1956 1256 2183 1312 lectione

600 1371 746 1416 tanto
772 1359 1050 1429 sapientiae
1077 1357 1344 1413 desiderio
1388 1354 1613 1426 ﬂagrare
1641 1352 1825 1421 cmpit,
1852 1357 1911 1404 ut
1956 1363 2064 1423 pne
2092 1345 2183 1400 illa

595 1451 843 1521 cupidine
867 1464 991 1520 spes
1012 1464 1198 1503 omnes
1220 1445 1471 1502 mortales
1497 1444 1771 1515 abjiceret,
1796 1439 2179 1509 fastidiretque:

594 1558 814 1612 surgere
836 1541 947 1612 jam
976 1548 1211 1609 casperat
1238 1548 1295 1592 ut
1318 1538 1517 1592 rediret
1544 1536 1609 1589 ad
1637 1534 1825 1591 Deum.
1878 1528 2141 1607 Quomodo
2162 1568 2180 1597 ,

593 1636 687 1697 ait,
718 1631 977 1698 ardebam,
1007 1629 1144 1685 Deus
1169 1646 1327 1693 meus,
1355 1626 1609 1701 quomodo
1636 1623 1873 1677 ardebam
1899 1621 2123 1677 revelare
2150 1620 2183 1674 ὰ

596 1724 803 1777 terrenis
827 1722 894 1776 ad
923 1722 1011 1777 te!
1041 1721 1153 1776 Hoc
1190 1735 1299 1774 uno
1322 1718 1464 1773 illius
1489 1715 1703 1771 ﬂamine
1742 1710 2140 1767 delervescebat
2163 1751 2180 1777 ,

593 1814 736 1884 quod
762 1812 962 1868 Christi
990 1828 1180 1866 nomen
1199 1811 1249 1864 in
1269 1810 1356 1864 illa
1380 1808 1656 1863 Ciceronis
1677 1804 2047 1861 exhortatione
2075 1817 2181 1857 non

594 1912 851 1959 exstaret.
883 1902 1134 1969 Quoniam
1161 1902 1255 1956 hoc
1281 1915 1480 1964 nomen,
1515 1898 1704 1965 inquit,
1735 1898 2009 1953 secundum
2038 1893 2186 1951 mise-

593 1996 869 2049 ricordiam
912 2004 1072 2061 tuam,
1119 1993 1355 2056 Domine,
1405 1992 1501 2046 hoc
1539 2005 1717 2043 nomen
1770 1985 2051 2043 Saluatoris
2088 1984 2183 2039 mei

597 2078 724 2132 Filii
748 2080 821 2132 tui
841 2078 895 2132 in
917 2078 1031 2148 ipso
1068 2076 1235 2131 adhuc
1263 2076 1388 2130 lacte
1414 2074 1609 2135 matris.
1642 2082 1869 2127 tenerum
1904 2085 1992 2124 cor
2018 2084 2183 2123 meum

594 2169 910 2239 prtebiberat,
930 2178 975 2223 et
1000 2167 1102 2223 alte
1120 2168 1395 2229 retinebat;
1417 2174 1467 2221 et
1484 2164 1728 2238 quidquid
1743 2164 1849 2219 sine
1866 2163 1962 2215 hoc
1983 2162 2183 2215 nomine

595 2264 793 2334 fuisset,
831 2261 1057 2332 quamvis
1100 2260 1376 2316 litteratum
1398 2269 1445 2313 et
1472 2257 1746 2327 expolitum
1787 2265 1831 2310 et
1876 2254 2180 2320 veridicum,

592 2371 695 2409 non
722 2371 800 2408 me
823 2363 979 2408 totum
1003 2352 1230 2425 rapiebat
1257 2350 1448 2423 (Conf.
1478 2350 1565 2404 lib.
1594 2349 1649 2416 3,
1690 2363 1735 2402 c.
1766 2348 1821 2413 ii,
1849 2362 1901 2400 n.
1931 2346 2021 2417 8).

664 2446 717 2501 3.
738 2445 1099 2513 Quamobrem
1139 2444 1368 2497 instituit
1409 2440 1646 2495 animum
1677 2439 1907 2510 adjicere
1931 2436 1997 2492 ad
2032 2437 2182 2492 Scri-

591 2544 777 2607 ptnras
805 2549 1007 2597 sacras,
1036 2542 1093 2588 ut
1128 2534 1313 2603 quales
1336 2531 1469 2602 ipsa:
1495 2538 1694 2593 essent,
1727 2526 2047 2601 exploraret.
2073 2525 2184 2582 Sed

592 2628 681 2682 hic
705 2626 850 2681 illum
880 2624 1102 2681 oﬂ‘endit
1128 2622 1383 2696 impervia
1412 2622 1497 2678 illa
1524 2621 1732 2693 magnis
1753 2629 1808 2675 et
1832 2619 1953 2673 altis
1979 2619 2182 2688 spiriti-

592 2720 694 2775 bus
714 2720 1051 2792 simplicitas,
1090 2719 1327 2799 indigna,
1353 2730 1416 2772 se
1451 2713 1653 2788 judice,
1682 2729 1800 2784 qua:
1824 2709 2083 2768 Tulliana:
2103 2711 2183 2765 di-

584 2814 777 2883 gnitati
802 2822 1231 2883 compararetur.
1262 2807 1445 2879 Neque
1465 2821 1595 2862 vero
1632 2806 1680 2861 is
1700 2813 1815 2860 tum
1835 2813 1969 2871 erat,
2000 2803 2090 2874 qni
2115 2801 2184 2858 ad

589 2921 708 2962 eam
731 2905 897 2962 animi
940 2905 1275 2967 modestiam,
1307 2903 1409 2974 qua
1440 2911 1583 2973 patet
1624 2898 1690 2954 ad
1720 2899 1838 2954 illas
1864 2898 2060 2961 aditus,
2089 2895 2185 2952 de-

587 2997 727 3052 mitti
756 3010 955 3068 posset.
986 2996 1381 3065 Dedignahatur
1410 3007 1531 3047 esse
1560 2989 1833 3060 parvulus,
1864 2998 1919 3043 et
1940 2986 2184 3059 turgidus

586 3087 728 3143 {astu
754 3088 854 3142 sibi
882 3088 997 3157 ipse
1018 3085 1236 3155 grandis
1258 3082 1537 3139 videbatur
1552 3079 1743 3157 (lbid.,
1762 3094 1810 3133 c.
1830 3079 1891 3146 ὅ,
1919 3095 1972 3131 n.
1990 3077 2072 3151 ἢ.

658 3180 714 3235 4.
738 3179 952 3246 Quanto
966 3176 1176 3255 majore
1191 3174 1387 3247 ingenii
1407 3172 1625 3228 solertia
1641 3180 1695 3226 et
1711 3171 1994 3241 sagacitate
2009 3169 2183 3225 scien-

588 3271 692 3327 tias
718 3284 910 3325 ornnes
950 3266 1277 3338 percipiebat
1303 3266 1437 3321 citra
1466 3264 1631 3319 ullam
1658 3263 1900 3336 magistri
1936 3276 2178 3334 operam,

586 3370 736 3418 tanto
758 3363 1014 3432 proniore
1039 3361 1095 3415 in
1134 3359 1492 3431 arrogantiam
1517 3359 1721 3429 impetu
1744 3356 2034 3413 ferebatur.
2063 3357 2179 3413 An-

584 3467 688 3510 nos
708 3451 884 3509 ferme
904 3452 1086 3523 viginti
1104 3462 1264 3506 latus
1306 3451 1360 3505 in
1388 3449 1692 3507 Aristotelis
1717 3449 2013 3521 categorias
2038 3450 2178 3513 inci-

586 3544 686 3612 dit,
710 3560 844 3615 quas
864 3544 900 3599 a
917 3544 1133 3599 rhetore
1149 3543 1557 3616 Carthagincnsi
1608 3543 1864 3613 magistro
1887 3556 2008 3610 suo,
2031 3540 2180 3597 aliis-

586 3652 692 3709 que
734 3638 826 3708 qui
867 3636 1011 3692 docti
1056 3636 1423 3701 habdiantur,
1460 3644 1615 3695 tanta
1657 3635 1940 3690 verborum
1982 3649 2179 3706 pompa

586 3728 950 3786 commendari
974 3728 1234 3797 audierat,
1258 3738 1321 3789 ut
1347 3743 1441 3793 cas
1478 3727 1732 3802 iniquam
1758 3728 1887 3805 quid
1920 3742 2177 3806 magnum

586 3830 643 3878 et
680 3820 917 3881 divinum
953 3820 1134 3897 legere
1170 3828 1479 3894 [temptaret
1516 3836 1531 3877 :
1561 3819 1657 3881 sed
1700 3818 1799 3883 has
1838 3830 2014 3883 tamen
2044 3833 2177 3877 cum

582 3913 729 3967 solus
754 3912 990 3984 legisset,
1015 3911 1152 3969 adeo
1173 3913 1330 3984 plene
1351 3911 1632 3977 uitellesit,
1660 3925 1717 3971 ut
1740 3921 2028 3987 postquam
2050 3924 2176 3967 cum

582 4005 689 4060 illis
717 4005 806 4083 qui
832 4003 1049 4061 easdem
1071 4019 1104 4060 a
1136 4003 1477 4077 perithis
1516 4001 1812 4081 magistris.
1852 4017 1975 4065 cum
2002 4016 2134 4061 voce
2154 4040 2174 4071 ,

584 4107 697 4151 tum
726 4098 905 4166 liguris
943 4096 996 4151 in
1024 4095 1248 4175 pulvere
1273 4095 1499 4169 όεμίοιὶε
1536 4095 1807 4175 expositas
1843 4094 1929 4153 vix
1967 4093 2175 4155 didice-

584 4197 729 4255 rant,
759 4203 1064 4244 sermonem
1091 4188 1427 4252 contulisset,
1452 4187 1598 4241 aliud
1624 4186 1755 4240 nihil
1791 4185 1861 4241 ab
1897 4186 1979 4241 eis
2013 4199 2176 4258 quam

586 4281 729 4351 quod
758 4279 871 4351 ipse
897 4291 1087 4351 suopte
1126 4280 1343 4353 ingenio
1377 4279 1737 4357 cognovisset,
1777 4278 2063 4349 acceperit.
2095 4279 2176 4333 Ex

584 4373 686 4429 hac
708 4382 883 4430 tamen
906 4373 1138 4430 lectione
1164 4388 1269 4427 non
1307 4372 1427 4429 leve
1450 4370 1786 4441 disyendinm
1812 4384 1999 4441 passus
2035 4380 2171 4440 erat,

583 4467 655 4522 ob
682 4467 868 4522 falsam
906 4467 999 4523 Dei
1037 4466 1270 4539 speciem
1298 4478 1458 4537 quam
1491 4465 1671 4521 animo
1705 4462 1934 4519 imbibit.
1981 4464 2175 4520 Proce-

586 4558 744 4613 dente
766 4568 1013 4629 tempore
1036 4559 1167 4629 legit
1201 4558 1403 4631 pariter
1424 4569 1615 4613 omnes
1654 4557 1849 4611 artium
1874 4554 2173 4611 liberalium

582 4649 769 4717 libros,
816 4659 1079 4721 quotquot
1106 4652 1159 4706 in
1204 4651 1346 4707 illius
1389 4666 1578 4708 manus
1606 4659 1905 4718 venerunt;
1936 4661 1990 4707 et
2014 4652 2173 4727 quid-

584 4743 713 4815 quid
756 4744 824 4799 de
863 4745 1110 4799 facultate
1137 4743 1351 4801 dicendi
1375 4753 1431 4801 et
1457 4743 1788 4813 disserendi,
1821 4744 2077 4817 quidquid
2104 4743 2174 4801 de

582 4836 925 4908 geometricis
951 4836 1131 4903 rebus,
1160 4836 1413 4911 quidquid
1436 4837 1505 4893 de
1529 4839 1746 4895 musicis
1762 4848 1819 4895 et
1840 4838 1910 4897 de
1936 4840 2174 4899 numeris

583 4928 762 4999 legere
789 4927 981 4998 potuit,
1029 4942 1127 4999 per
1152 4928 1410 4999 seipsum,
1449 4927 1590 4986 facili
1616 4930 1852 5005 negotio,
1895 4929 2044 4988 nullo
2071 4929 2171 4984 ho-

583 5022 787 5076 minum
816 5021 1057 5079 tradente
1082 5022 1364 5083 intellexit.
1409 5022 1746 5097 Quapropter
1772 5038 1880 5079 non
1908 5024 2175 5087 sentiebat

583 5112 703 5167 illas
732 5123 875 5169 artes
906 5113 993 5170 vel
1037 5112 1107 5169 ab
1149 5114 1399 5171 studiosis
1437 5116 1733 5189 quibusque
1769 5128 1833 5169 ac
1881 5113 2175 5193 ingeniosis

583 5204 892 5262 diﬂiciilime
923 5206 1147 5278 percipi,
1184 5207 1286 5263 nisi
1327 5222 1449 5264 cum
1491 5207 1708 5265 easdem
1752 5204 1859 5260 illis
1880 5207 2175 5265 conabatur

581 5313 893 5371 exponere;
920 5312 1081 5373 atque
1108 5313 1225 5357 erat
1251 5302 1343 5358 ille
1367 5297 1844 5359 excellentissimus
1874 5298 1930 5355 in
1955 5299 2054 5369 eis,
2080 5301 2171 5375 qui

580 5392 760 5462 ipsum
787 5403 1149 5463 exponentem
1195 5410 1299 5448 non
1330 5390 1530 5447 tardius
1554 5400 1891 5460 sequeretur.
1928 5389 2046 5447 Scis
2074 5400 2129 5451 ιιι
2150 5431 2169 5461 ,

586 5484 777 5554 inquit,
806 5484 1023 5540 Domine
1043 5484 1181 5538 Deus
1194 5472 1362 5549 'meus,
1382 5483 1501 5557 quia
1521 5493 1566 5537 et
1590 5482 1819 5541 celeritas
1837 5481 2169 5565 intelligendi,

582 5582 631 5629 et
666 5573 964 5647 dispiciendi
985 5588 1224 5637 acumen,
1256 5572 1445 5627 donum
1485 5582 1628 5627 tuum
1653 5582 1726 5633 est
1756 5589 1776 5629 .'
1801 5574 1891 5631 sed
1916 5591 2018 5639 non
2054 5575 2175 5637 inde

581 5667 935 5737 sacrificabant
963 5664 1072 5719 tibi.
1104 5663 1130 5717 Ι
1138 5673 1285 5737 taque
1313 5664 1439 5725 mihi
1462 5682 1562 5721 non
1582 5666 1651 5721 ad
1668 5683 1835 5735 usum,
1858 5668 1948 5724 sed
1965 5668 2034 5723 ad
2048 5686 2171 5749 ρετ-

583 5758 767 5823 uicisti:
790 5759 950 5832 magis
974 5757 1170 5814 valebat
1197 5758 1379 5834 (lbid.,
1405 5760 1491 5815 lib.
1520 5760 1575 5828 ι,
1601 5776 1716 5835 cap.
1748 5760 1838 5831 ιϐ,
1867 5777 1919 5815 n.
1949 5760 2169 5835 28-50).
2188 5841 2218 5855 ο

2918 426 3145 497 CAPUT
3182 427 3272 495 Vl.

2289 560 2417 617 lla
2446 560 3099 617 lamchouumbaruim
3130 560 3401 622 delabitur.
3428 558 3835 633 summa
3930 558 3931 607 ἲ

2358 653 2696 725 [αηόϐανὶόιη
2717 653 3010 708 ιιιὲεᾶυοηι
3027 651 3233 725 pdlidt.
3255 654 3292 709 ὅ
3317 651 3383 707 lu
3404 651 3689 706 auditorum
3705 657 3836 724 gradu

2359 763 2465 802 seu
2487 747 2629 819 apud
2656 746 2966 805 laniatus
2990 747 3226 800 continet.
3262 746 3300 801 4
3324 743 3521 801 Nouem
3560 758 3714 800 mss
3734 755 3836 800 toto:

2354 841 2473 901 ίιιω
2512 838 3195 896 audit.8Filiisuicasum
3228 837 3385 909 deﬁet
3426 836 3684 904 lustrico,
3728 838 3837 891 etde

2354 934 2469 1003 ejus
2495 933 2663 987 salute
2682 933 2812 987 bene
2834 945 3044 1005 sperum
3066 932 3311 986 um
3339 931 3565 1002 μιν.

2361 1068 2411 1135 l.
2445 1068 2794 1147 Augustinum
2816 1066 2929 1145 jam
2959 1066 3234 1137 sapientia:
3264 1062 3610 1129 vehementer
3628 1060 3838 1136 cupidum

2292 1172 2454 1237 utque
2476 1177 2594 1225 eam
2620 1159 3022 1237 adipisceretur,
3050 1172 3157 1233 quo
3181 1173 3241 1223 se
3269 1166 3498 1219 verteret
3527 1154 3837 1218 nescientem,

2290 1254 2683 1325 interceperant
2708 1252 3001 1321 Manichzei,
3027 1266 3197 1331 genus
3236 1249 3509 1313 hominum
3537 1248 3753 1320 superbe
3771 1247 3842 1301 de-

2286 1344 2474 1417 lirans,
2506 1345 2718 1411 carnale
2742 1361 2804 1401 ac
2829 1344 3041 1415 loquax,
3070 1352 3263 1401 caetera
3293 1357 3420 1401 vero
3450 1342 3684 1411 speciem
3707 1338 3841 1409 pieta-

2289 1433 2358 1499 tis
2381 1452 2490 1511 prte
2508 1452 2573 1503 se
2601 1434 2778 1499 ferens
2810 1432 2982 1507 (Conf.
3011 1433 3098 1499 lib.
3130 1432 3184 1507 ὅ,
3210 1449 3260 1488 c.
3287 1430 3339 1503 6,
3372 1449 3424 1486 η.
3455 1428 3566 1503 i0).
3601 1428 3841 1495 Portento-

2287 1541 2376 1595 sas
2413 1527 2606 1593 horum
2637 1527 3008 1589 haereticorum
3050 1540 3144 1580 seu
3177 1525 3342 1597 magis
3370 1518 3710 1587 incredibiles
3730 1520 3842 1581 deli-
3934 1518 3935 1591 ξ

2288 1619 2542 1689 rationes,
2587 1635 2706 1693 qua:
2734 1618 2865 1683 satis
2904 1633 2971 1673 ex
3012 1614 3182 1679 sancti
3211 1615 3447 1679 doctoris
3489 1614 3738 1669 adversus
3770 1628 3843 1669 eos
3934 1598 3935 1653 έ

2288 1709 2744 1775 lucubrationibus
2786 1720 3078 1782 compertae
3104 1716 3253 1785 sunt,
3287 1706 3483 1763 referre
3508 1702 3599 1769 hic
3640 1704 3758 1765 nihil
3777 1706 3843 1761 in-

2289 1809 2454 1857 terest
2484 1819 2498 1856 :
2530 1801 2623 1856 sed
2669 1800 2812 1879 quod
2856 1800 2926 1856 ad
2976 1810 3280 1881 susceptum
3327 1802 3602 1877 negotium
3644 1798 3842 1867 attinet,

2286 1893 2479 1965 quibus
2525 1892 2597 1948 illi
2645 1893 2848 1955 artibus
2891 1891 3286 1959 adolescentem
3332 1890 3615 1946 excellenti
3669 1890 3846 1963 ingenio

2284 1983 2570 2061 praeditum
2604 1982 2953 2059 pellexerint,
2983 1982 3444 2063 implicuerintque
3479 1997 3579 2047 sua
3609 1982 3846 2043 haeresim

2288 2078 2579 2149 societate,
2618 2077 2827 2153 juvabit
2875 2077 3103 2151 ipsumet
3153 2084 3402 2137 narrante
3445 2071 3847 2147 cognoscere.ln

2288 2165 2474 2243 primis
2499 2183 2627 2231 vero
2644 2167 3081 2225 lenocinabuntur
3096 2165 3286 2222 animis
3309 2164 3473 2227 multa
3496 2164 3848 2235 pollicitatione

2289 2258 2548 2315 docendae
2580 2260 2837 2328 veritatis,
2880 2259 3197 2314 catholicam
3229 2256 3518 2321 Ecclesium
3546 2273 3616 2321 eo
3657 2257 3850 2321 maxime

2288 2352 2505 2417 nomine
2550 2350 2916 2421 criminantes,
2945 2351 3085 2423 quod
3116 2351 3271 2407 (idem
3313 2352 3624 2429 imperaret,
3652 2366 3751 2415 non
3771 2348 3848 2407 do-
3936 2352 3937 2369 ‘

2288 2452 2459 2509 ceret.
2493 2442 2566 2499 Ea
2592 2443 2679 2499 vel
2718 2446 2835 2509 sola
2874 2459 2969 2519 spe
2996 2443 3238 2500 delusum
3269 2457 3325 2498 se
3367 2453 3593 2507 testatur
3630 2442 3849 2525 Augusti-

2289 2550 2413 2605 nus,
2444 2548 2510 2589 eo
2547 2532 2689 2611 quod
2716 2536 2824 2590 veri
2869 2534 3172 2601 inveniendi
3199 2536 3421 2606 cupidus
3448 2546 3614 2609 esset,
3644 2545 3694 2601 et
3736 2533 3849 2609 (μιοά

2290 2625 2448 2701 insito
2490 2625 2654 2680 animi
2706 2636 2914 2682 tumore
2949 2641 3047 2691 ceu
3092 2626 3261 2691 aniles
3310 2624 3512 2693 fabulas
3553 2633 3853 2698 computarat

2288 2733 2637 2795 qummque
2666 2719 2875 2776 ratione
2914 2736 3019 2773 non
3051 2720 3431 2781 constitissent.
3468 2718 3605 2791 Quid
3650 2718 3770 2779 enim
3792 2732 3853 2771 me

2286 2811 2451 2883 aliud,
2475 2812 2664 2887 inquit,
2690 2811 2896 2889 cogebat
2914 2830 3077 2867 annos
3097 2817 3204 2885 fere
3228 2830 3425 2883 nouem,
3452 2823 3625 2881 spreta
3645 2812 3853 2887 religione

2286 2919 2402 2985 quat
2428 2904 2552 2959 mihi
2572 2904 2785 2978 puerulo
2812 2921 2844 2967 α
2872 2904 3166 2981 parentibus
3191 2906 3340 2960 insita
3367 2916 3491 2977 erat,
3518 2904 3742 2969 homines
3763 2904 3853 2965 illos
3938 2906 3939 2911 “

2287 2994 2427 3066 sequi
2453 3011 2513 3049 ac
2541 2994 2807 3073 diligenter
2846 2994 3062 3061 audire;
3092 2996 3188 3050 nisi
3228 2996 3362 3069 quod
3400 3013 3490 3057 nos
3531 2996 3854 3077 superstitione

2288 3086 2480 3153 terreri,
2511 3097 2559 3140 et
2579 3086 2739 3159 ﬁdem
2766 3085 2908 3141 nobis
2936 3097 3051 3149 ante
3078 3088 3322 3141 rationem
3363 3087 3609 3160 imperari
3642 3088 3853 3153 dicerent,

2284 3191 2342 3232 se
2368 3187 2535 3239 autem
2568 3176 2765 3231 nullum
2794 3194 3021 3250 premere
3044 3178 3112 3239 ad
3138 3178 3314 3248 ﬁdem,
3355 3176 3455 3232 nisi
3476 3179 3630 3253 prius
3657 3178 3855 3241 discussa

2286 3275 2335 3329 et
2357 3268 2573 3327 enodata
2602 3267 2844 3327 veritate?
2872 3269 2997 3341 Quis
3019 3286 3124 3323 non
3146 3268 3223 3322 his
3242 3267 3695 3343 pollicitationibus
3721 3268 3856 3335 illice-

2286 3366 2444 3425 retur,
2473 3357 2751 3431 prteseuim
2771 3358 3102 3416 adolescentis
3121 3357 3319 3414 animus
3340 3358 3557 3432 cupidus
3583 3358 3711 3425 imi,
3732 3357 3857 3421 etiam
3940 3364 3941 3411 Ὺ

2286 3450 2645 3511 nonnullorum
2673 3450 2727 3506 in
2754 3449 2929 3506 schola
2972 3450 3235 3506 doctorum
3264 3448 3524 3506 hominum
3571 3452 3855 3531 disputatio-

2284 3543 2431 3597 nibus
2452 3541 2698 3614 ευριπ-ιιι
2723 3552 2769 3597 et
2790 3542 3030 3621 garrulus
3057 3557 3076 3595 :
3095 3543 3295 3613 qualem
3323 3560 3401 3598 me
3430 3554 3547 3598 tunc
3574 3541 3658 3599 illi
3678 3546 3856 3605 inpene-

2284 3641 2423 3700 rttnl,
2451 3643 2765 3703 spernentem
2807 3633 2995 3689 scilicet
3024 3633 3169 3705 quasi
3193 3632 3353 3697 anile;
3389 3624 3633 3711 fabulas,
3655 3646 3697 3691 et
3720 3635 3781 3695 ab
3802 3634 3857 3689 eis

2282 3727 2611 3801 promissum,
2660 3738 2892 3801 apertum
2932 3737 2979 3781 et
3018 3728 3272 3782 sincerum
3315 3744 3485 3783 verum
3529 3738 3702 3784 tenere
3736 3738 3861 3797 atque

2284 3817 2491 3873 haurire
2516 3818 2795 3890 cupientem
2821 3819 2845 3889 (
2852 3816 2927 3873 De
2967 3816 3194 3873 Utilitate
3220 3817 3477 3887 credendi,
3509 3837 3565 3875 n.
3586 3819 3707 3893 2)?
3732 3816 3859 3891 Haud

2284 3910 2454 3967 levior
2493 3910 2699 3969 eratad
2745 3910 2992 3967 haeresim
3020 3912 3269 3968 iiiecebra
3307 3911 3513 3982 species
3558 3912 3772 3991 pietatis
3812 3925 3862 3965 ac

2280 3999 2448 4063 decus
2484 4003 2689 4081 insigne
2730 4003 3090 4075 continentiae,
3123 4003 3266 4075 quod
3315 4005 3445 4059 lalso
3479 4020 3592 4079 prae
3642 4022 3702 4062 se
3738 4004 3861 4061 lere-

2276 4094 2409 4155 bant
2433 4096 2727 4165 Manichaei,
2751 4096 2801 4151 in
2827 4113 3040 4175 quorum
3066 4112 3154 4152 ore
3178 4092 3344 4171 laquei
3372 4095 3579 4163 diaboli,
3620 4108 3668 4154 et
3696 4098 3862 4159 uiscum

2280 4192 2565 4263 confectum
2609 4188 2963 4243 commixtione
3000 4187 3312 4262 syllabarum
3350 4188 3566 4249 nominis
3597 4188 3677 4244 tui
3702 4200 3749 4245 et
3776 4187 3865 4242 Do-

2284 4284 2403 4338 mini
2420 4282 2451 4335 J
2458 4299 2542 4337 esu
2562 4278 2771 4351 Christi,
2797 4292 2842 4343 et
2859 4281 3115 4341 Paraclcti
3127 4282 3456 4337 consolatoris
3476 4286 3639 4339 nostri
3658 4284 3864 4361 Spiritus

2283 4374 2465 4433 sancti.
2506 4372 2636 4431 Hart:
2666 4375 2874 4430 nomina
2904 4389 3005 4427 non
3040 4374 3331 4431 recedebant
3360 4374 3423 4428 de
3444 4390 3530 4429 ore
3554 4392 3756 4445 eorum,
3792 4372 3864 4428 sed

2286 4480 2429 4523 lenus
2448 4484 2571 4522 sono
2590 4478 2637 4522 et
2663 4467 2875 4539 strepitu
2895 4466 3116 4541 lingula;
3137 4475 3182 4522 et
3209 4478 3443 4525 caeterum
3468 4483 3556 4529 cor
3576 4468 3737 4524 inane
3760 4466 3863 4522 ueri.

2288 4559 2357 4615 Et
2395 4558 2659 4628 dicebant,
2708 4555 2925 4626 Veritas,
2953 4568 3001 4612 et
3026 4559 3209 4613 ueritas
3240 4574 3260 4614 :
3282 4567 3331 4617 et
3358 4560 3570 4617 multum
3598 4577 3717 4615 eam
3746 4560 3865 4617 dice.

2285 4652 2407 4707 bant
2453 4651 2551 4728 ipsi
2582 4650 2898 4725 Augustino,
2938 4659 2986 4705 et
3026 4666 3274 4721 nusquam
3298 4659 3405 4707 erat
3432 4649 3485 4703 in
3527 4650 3602 4706 eis
3648 4646 3867 4733 (Canter.

2289 4742 2377 4796 lib.
2403 4741 2461 4813 ‘5,
2492 4757 2540 4796 c.
2566 4740 2623 4811 6,
2651 4758 2707 4797 η.
2744 4741 2859 4817 10).
2888 4740 3095 4815 Nempe
3118 4741 3231 4797 haec
3256 4739 3368 4805 fere
3393 4742 3546 4797 insita
3574 4754 3663 4798 est
3690 4742 3870 4803 nostris

2287 4833 2481 4890 animis
2508 4834 2707 4913 Opinio,
2737 4834 2989 4891 virtutem
3018 4833 3403 4906 veritatemque
3440 4849 3633 4907 magna
3663 4837 3800 4893 inter
3821 4848 3873 4889 se

2289 4926 2682 4985 necessitudine
2707 4926 2987 4996 devinciri,
3021 4942 3195 4999 neque
3231 4925 3367 4983 hanc
3396 4927 3519 4989 inde
3548 4929 3765 4997 abesse,
3796 4924 3872 4981 ubi

2285 5018 2617 5079 castimonia:
2645 5021 2813 5079 virtus
2849 5018 3079 5076 eluceat.
3124 5019 3259 5075 llinc
3316 5020 3645 5093 Augustinus
3699 5018 3877 5077 scribit

2285 5110 2417 5167 duas
2459 5111 2690 5168 maxime
2729 5126 2852 5167 esse
2889 5107 3169 5168 illecebras
3211 5109 3647 5179 Manichaeorum,
3675 5110 3874 5187 quibus

2286 5201 2625 5275 decipiuntur
2668 5203 2884 5271 incauti,
2916 5210 2974 5256 ut
2999 5216 3093 5263 eos
3143 5201 3307 5258 velint
3344 5202 3541 5259 habere
3577 5204 3832 5259 doctores
3862 5221 3872 5255 :

2281 5293 2471 5364 altera,
2520 5312 2643 5352 cum
2675 5296 2795 5350 vitae
2837 5304 2999 5350 casta:
3036 5309 3100 5350 ac
3138 5294 3501 5351 memorabilis
3536 5294 3877 5352 coittinentia:

2287 5387 2571 5461 imaginem
2605 5387 2930 5462 pmferunt;
2962 5388 3153 5459 altera,
3195 5404 3316 5442 cum
3346 5386 3653 5465 Scripturas
3698 5403 3876 5462 repte-

2287 5479 2545 5548 bendunt,
2572 5480 2655 5538 vel
2686 5496 2816 5557 quas
2842 5479 2979 5535 male
3005 5478 3325 5559 intelligant,
3358 5480 3438 5535 vel
3469 5495 3601 5552 quas
3624 5480 3775 5543 male
3803 5480 3878 5533 in—

2285 5573 2451 5655 telligi
2492 5573 2677 5630 volunt
2717 5570 2831 5649 (De
2877 5570 3105 5633 Moribus
3149 5570 3292 5633 Eccl.
3324 5571 3459 5625 calh.
3490 5570 3666 5640 libi,
3708 5588 3765 5627 n.
3796 5568 3877 5639 2).

2289 5665 2711 5729 Commovebant
2737 5682 2865 5729 sane
2884 5665 3001 5741 ejus
3020 5667 3253 5725 animum
3277 5665 3435 5725 etiam
3455 5680 3572 5741 qua:
3592 5663 3880 5727 adversam

2283 5760 2480 5821 Christi
2524 5758 2733 5817 Domini
2774 5759 3196 5869 genealogian
3221 5754 3472 5829 Mattiaco
3509 5767 3564 5818 et
3594 5746 3751 5815 Luca
3794 5750 3883 5817 de.
