3948 6398
620 392 692 463 ιη
1756 378 1914 444 VITA
1954 387 2011 444 s.
2052 382 2413 443 AUGUSTINI
2453 380 2775 438 Episcopi.
3106 348 3109 353 ί
3330 402 3333 405 ν
3448 386 3449 389 ‘
3785 389 3828 449 st

627 514 906 571 indocilem
926 511 1068 566 illum
1094 509 1317 564 faciebat
1341 507 1659 577 arrOgantia,
1693 518 1793 574 qua
1813 503 2029 557 hwresis
2049 502 2208 571 hujus

631 606 837 661 novitas
868 620 985 658 eum
1017 601 1248 656 inllahat.
1300 599 1428 652 lliuc
1457 607 1670 650 sanctus
1690 594 1902 665 quidam
1932 594 2211 661 episcopus

626 699 695 757 ab
720 714 781 752 ea
831 707 1044 767 rOgatus
1080 702 1133 747 ut
1164 707 1285 747 cum
1332 690 1438 743 lilio
1465 689 1885 758 colloqueretur,
1927 684 2208 751 recusavit,

628 804 856 858 eumque
908 784 1154 857 perlectis
1195 782 1601 837 Manichrcorum
1648 779 1797 832 libris
1833 792 1959 833 suos
1999 776 2211 831 tandem

629 894 843 937 errores
872 876 1329 943 deprehensurum
1353 870 1652 926 aflirmavit.
1682 868 1919 939 Cumque
1938 866 2023 922 illa
2047 865 2214 935 magis

630 992 694 1031 ac
719 975 887 1045 magis
915 975 1158 1038 inStaret,
1198 970 1353 1035 Vade,
1389 968 1575 1037 inquit,
1607 983 1637 1019 a
1661 980 1777 1028 me;
1804 968 1873 1017 ita
1893 963 2028 1017 vivas
2061 976 2079 1015 :
2104 960 2216 1029 ﬁeri

633 1068 765 1122 enim
791 1081 891 1119 non
924 1073 1118 1133 potest,
1160 1072 1213 1115 ut
1251 1061 1389 1130 ﬁlius
1418 1060 1629 1112 istarum
1656 1061 1994 1127 larrymarum
2023 1060 2211 1124 pereat.

630 1155 783 1224 Quod
805 1156 892 1211 illa
908 1167 1221 1224 responsum
1242 1150 1401 1204 divini
1421 1150 1584 1203 instar
1603 1145 1800 1200 oraculi
1817 1140 2213 1214 aceepit(lbid.,

628 1269 745 1324 cap.
776 1249 878 1317 12,
912 1267 963 1303 n.
993 1247 1060 1303 Ἡ
1082 1245 1122 1320 ).
1166 1247 1296 1301 Eam
1339 1242 1513 1297 adhuc
1553 1254 1715 1309 super
1756 1239 1845 1291 lilii
1874 1237 2045 1291 salute
2079 1236 2218 1288 Deus

633 1356 754 1397 cum
778 1341 899 1395 aliis
924 1339 1163 1410 pluribus
1187 1336 1378 1399 modis,
1404 1346 1512 1388 tum
1542 1333 1768 1387 maxime
1792 1329 2000 1384 somnio
2026 1340 2216 1382 conso-

632 1432 772 1489 latus
796 1443 897 1487 est.
920 1432 1051 1487 Cum
1083 1432 1224 1485 enim
1251 1438 1395 1485 esset
1420 1440 1651 1481 maerore
1676 1422 1939 1487 confecta,
1965 1422 2217 1491 juvenem

635 1524 990 1596 splendidum,
1018 1523 1259 1585 hilarem,
1290 1530 1345 1576 et
1373 1517 1631 1573 renidenti
1654 1516 1796 1570 vultu
1824 1513 1890 1568 ad
1917 1528 1975 1569 se
1998 1513 2218 1567 venien-

642 1629 748 1673 tem
782 1616 930 1683 vidit,
960 1616 1048 1687 qui
1072 1630 1191 1669 cum
1216 1613 1283 1667 ab
1308 1627 1369 1667 ea
1397 1610 1663 1666 maestitia:
1684 1622 1873 1661 causas
1901 1606 2218 1677 quimsiisset,

632 1710 793 1780 jussit
819 1710 961 1764 illam
988 1722 1175 1763 securo
1208 1721 1327 1762 esse
1347 1704 1555 1770 animo,
1596 1700 1859 1770 simulque
1892 1698 2115 1763 monuit,
2145 1697 2223 1751 vi-

636 1801 787 1858 deret
825 1809 879 1854 ct
915 1799 1250 1863 alti-niteret,
1292 1811 1471 1851 secum
1520 1792 1687 1847 lilium
1727 1789 1916 1845 eodem
1952 1788 2051 1843 loci
2096 1802 2224 1843 con-

638 1894 849 1948 sistere.
878 1891 1031 1960 Quod
1057 1906 1175 1945 eum
1194 1888 1281 1944 illa
1305 1888 1416 1942 lilio
1437 1892 1727 1950 narrasset,
1747 1891 1802 1937 et
1824 1882 1938 1950 ipse
1958 1879 2224 1936 somnium

636 1984 704 2039 ad
730 2001 789 2040 se
819 1988 1031 2040 trahere
1067 1988 1368 2043 conaretur,
1413 1978 1721 2047 diceretque
1751 1975 1853 2030 hoc
1877 1974 1992 2027 viso
2020 1971 2223 2041 signiti-

637 2077 751 2132 cari
778 2086 1001 2132 matrem
1032 2075 1083 2129 in
1112 2089 1260 2128 suam
1300 2069 1583 2140 aliquando
1624 2077 1848 2121 tractum
1900 2064 1964 2119 iri
2003 2072 2225 2120 sentcn-

641 2169 806 2236 tiam;
830 2169 915 2223 illa
940 2168 1195 2223 continuo
1223 2165 1354 2219 citra
1380 2162 1798 2224 hu-sitationem,
1838 2156 1953 2214 Non
1973 2201 1989 2226 ,
2023 2160 2222 2229 inquit;

638 2275 742 2317 non
769 2261 901 2314 enim
930 2258 1055 2312 milii
1079 2258 1266 2311 dictum
1292 2265 1363 2310 est
1381 2295 1397 2321 ,
1428 2252 1523 2309 Ubi
1556 2254 1665 2313 ille,
1692 2252 1762 2306 ibi
1788 2261 1833 2306 et
1879 2264 1963 2314 tu;
1990 2254 2095 2312 sed,
2129 2249 2228 2305 Ubi

638 2362 694 2406 tu
713 2394 728 2417 ,
755 2352 824 2406 ibi
852 2362 896 2405 et
921 2352 1008 2404 ille
1022 2348 1204 2421 (Ibid.,
1235 2365 1349 2416 cap.
1375 2348 1434 2401 11
1460 2386 1476 2411 ,
1505 2363 1557 2400 n.
1588 2345 1711 2415 20).
1746 2344 1858 2398 lloc
1880 2342 2227 2411 extemporali

639 2445 827 2499 matris
851 2458 1132 2513 responso,
1176 2456 1294 2511 quae
1329 2438 1568 2508 speciosa
1596 2438 1760 2507 ipsius
1790 2437 2226 2508 interpretatione

645 2537 851 2591 turbata
876 2550 981 2588 non
1006 2536 1209 2598 fuerat,
1253 2530 1624 2585 vehementius
1667 2544 1823 2599 quam
1852 2530 2089 2598 ejusdem
2116 2528 2229 2583 viso

646 2640 924 2700 permotus
945 2636 1047 2682 est.
1079 2625 1311 2696 Contigit
1332 2624 1469 2679 istud
1493 2637 1685 2679 novem
1705 2622 2085 2693 pmpemodum
2108 2632 2231 2678 ante

644 2720 818 2786 anuis,
840 2736 999 2789 quam
1030 2721 1354 2789 Augustinus
1374 2734 1437 2771 ex
1469 2716 1595 2771 limo
1632 2715 1877 2789 profundi
1907 2731 1970 2770 ac
1998 2715 2232 2771 tenebris
2275 2726 2291 2805 χ
2338 2714 2491 2783 [icina
2517 2716 2789 2782 aqualiculi
2809 2718 2891 2770 sui
2908 2718 3215 2787 ('abricarent
3238 2725 3443 2793 angelos
3467 2734 3517 2777 et
3544 2724 3677 2791 deos,
3707 2736 3869 2794 pergunt

642 2812 889 2868 falsitatis
914 2813 965 2866 in
992 2812 1183 2882 quibus
1203 2810 1416 2881 jacebat
1434 2850 1450 2877 ,
1478 2817 1793 2879 emergeret.
1824 2808 1978 2879 Sa'pe
2005 2808 2232 2863 tentavit

644 2918 933 2975 exsurgere
958 2944 971 2967 ,
1018 2901 1112 2957 sed
1147 2902 1308 2956 altius
1348 2916 1562 2971 semper
1602 2901 2032 2970 immergebatur.
2083 2898 2232 2954 Hand

644 2999 843 3053 scimus
878 3011 945 3051 an
988 2994 1047 3048 hi
1095 3009 1285 3049 novem
1332 2994 1495 3060 anni,
1533 3002 1591 3047 ut
1633 2992 1722 3045 alii
1761 3008 1919 3061 supra
1943 3032 1959 3056 ,
2000 2991 2234 3046 adventu

645 3089 831 3144 Fausti
877 3089 1258 3154 terminentur,
1290 3094 1415 3140 ante
1452 3085 1606 3154 cujus
1648 3099 1917 3139 accessum
1938 3125 1956 3152 ,
2003 3084 2145 3137 illius
2166 3083 2233 3138 ad

646 3178 1025 3249 etnergendum
1055 3186 1278 3232 conatus
1306 3193 1412 3230 non
1451 3175 1675 3245 legimus
1709 3193 1721 3227 :
1750 3191 1815 3229 an
1851 3189 1978 3229 vero
2002 3190 2066 3229 eo
2096 3184 2231 3228 tem-

648 3288 781 3342 pore
805 3313 819 3334 ,
857 3286 963 3342 quo
990 3286 1019 3325 a
1052 3270 1355 3325 Manielneis
1394 3268 1640 3325 discessit
1680 3283 1819 3323 anno
1861 3267 2233 3323 trecentesimo

649 3363 979 3433 octogesimo
1004 3362 1187 3432 quinto
1211 3378 1226 3427 ;
1264 3376 1330 3415 an
1358 3359 1586 3430 denique
1615 3360 1704 3415 illo
1727 3401 1743 3428 ,
1779 3375 1883 3431 quo
1908 3358 2141 3430 perfecte
2167 3358 2235 3414 ad

649 3456 817 3509 Deum
837 3468 1126 3510 conversus
1143 3464 1245 3519 est,
1274 3468 1414 3509 anno
1434 3453 1681 3512 videlicet
1709 3455 2080 3511 trecentesimo
2095 3462 2235 3508 octo-

647 3548 855 3619 gesimo
875 3556 1048 3602 sexto.

1262 3657 1486 3715 CAPUT
1528 3657 1632 3712 VII.

648 3772 676 3824 1
712 3768 946 3841 Tagastte
968 3771 1348 3839 grammaticam
1362 3769 1525 3836 docet,
1544 3770 1629 3824 ubi
1652 3771 1928 3825 auditorem
1947 3771 2090 3825 habet
2110 3771 2234 3841 Alg-

721 3861 879 3931 pium.
906 3862 943 3915 2
964 3861 1124 3915 Amici
1153 3872 1312 3915 morte
1334 3862 1505 3915 incidit
1548 3864 1602 3917 in
1640 3864 1915 3918 maximum
1949 3864 2156 3924 luctum,
2188 3873 2236 3918 et

721 3951 939 4022 Tagasta
965 3953 1141 4005 dolore
1169 3960 1421 4021 premente
1444 3952 1654 4006 excedit.
1678 3953 1712 4006 5
1729 3952 2002 4023 Regressus
2019 3953 2232 4008 Cartha-

719 4046 904 4113 ginem,
932 4044 1001 4098 ibi
1024 4044 1322 4099 rhetoricam
1347 4045 1628 4114 proﬁtetur.

721 4156 772 4208 1.
794 4156 925 4209 Tum
954 4157 1280 4225 Augustinus
1319 4156 1595 4226 Tagastam
1639 4156 1773 4213 forte
1798 4157 2067 4224 redierat,
2112 4173 2235 4214 cum

648 4248 915 4301 somnium
970 4261 1127 4314 supra
1168 4257 1515 4301 memoratum
1573 4257 1745 4304 mater
1801 4250 1981 4306 habuit
2022 4270 2034 4306 :
2074 4268 2234 4322 quam

651 4337 834 4395 scribit
855 4337 954 4392 hoc
976 4339 1088 4391 viso
1114 4337 1248 4392 adeo
1290 4337 1454 4393 fuisse
1499 4350 1810 4407 recreatam,
1857 4352 1912 4397 ut
1938 4344 2108 4413 ipsum
2137 4346 2236 4401 sub

649 4431 837 4487 eodem
870 4439 1008 4486 tecto
1033 4430 1246 4501 degere,
1266 4439 1318 4485 et
1342 4430 1513 4485 eidem
1532 4448 1730 4488 mensa:
1755 4437 2068 4494 accumbere
2098 4440 2235 4493 sive-

648 4526 749 4589 rit;
782 4526 921 4594 quod
943 4524 1155 4597 quidem
1183 4524 1424 4580 Monnica
1444 4526 1585 4581 nolle
1608 4527 1877 4599 aliquanto
1899 4540 2022 4586 ante
2052 4548 2233 4602 caepe-

650 4624 751 4681 rat,
770 4627 968 4669 tantum
984 4616 1125 4670 illam
1142 4617 1386 4671 hieresim
1403 4619 1809 4676 exhorrescebat
1832 4621 2057 4696 (Confes.
2072 4624 2160 4678 lib.
2176 4627 2230 4692 5,

648 4725 763 4776 cap.
792 4708 877 4773 ll,
907 4724 959 4761 η.
985 4708 1063 4777 9).
1097 4708 1177 4761 Ad
1207 4708 1291 4761 illa
1318 4709 1491 4779 itaque
1522 4720 1757 4782 tempora
1780 4718 2133 4771 revocandum
2160 4718 2237 4772 vi-

651 4799 830 4861 detur,
880 4797 1019 4867 quod
1065 4799 1179 4868 ipse
1221 4798 1403 4863 refert,
1443 4816 1501 4854 se
1536 4802 1585 4855 in
1617 4806 1839 4872 patriam
1890 4809 2237 4874 reversum,a

655 4889 986 4942 lioinaniano
1030 4898 1335 4958 susceptum
1362 4891 1523 4946 fuisse
1548 4892 1794 4965 hOSpitio,
1828 4906 1883 4953 et
1912 4914 2079 4968 uSque
2103 4900 2237 4957 adeo

651 4981 769 5047 ejus
813 4980 1039 5032 amicitia
1076 4988 1130 5034 et
1160 4980 1400 5037 familiari
1446 4988 1830 5044 consuetudine
1876 4991 2233 5059 homstatum,

652 5082 706 5125 ut
736 5072 877 5126 illius
928 5073 1144 5128 honoris
1187 5084 1242 5128 et
1284 5075 1553 5145 dignitatis
1596 5081 1782 5135 eadem
1820 5082 1871 5135 in
1912 5085 2041 5139 urbe
2070 5085 2237 5156 Taga-

656 5165 819 5218 stensi
838 5166 1013 5219 socius
1030 5181 1091 5220 ac
1113 5168 1372 5237 particeps
1389 5184 1509 5225 esse
1536 5171 1803 5225 videretur
1817 5170 2027 5243 (Contra
2045 5177 2239 5233 Acade-

654 5257 827 5321 micos,
876 5257 960 5310 lib.
996 5257 1048 5322 2,
1083 5276 1132 5312 η.
1168 5260 1246 5328 5).
1300 5260 1526 5314 Snorum
1563 5260 1701 5314 haud
1747 5263 1905 5317 dubie
1942 5267 2236 5325 studiorum

654 5362 850 5405 metam
877 5352 1141 5420 attigerat,
1164 5351 1288 5406 dum
1306 5353 1624 5421 Carthagine
1636 5353 1895 5419 discessit,
1914 5361 2239 5427 spectabant-

651 5464 754 5518 que
785 5447 959 5503 studia
990 5447 1074 5500 illa
1107 5446 1277 5499 lorum
1311 5445 1612 5514 litigiosum.
1642 5446 1774 5500 Eum
1801 5457 1973 5504 tamen
2001 5462 2236 5508 autcau-

650 5552 739 5591 sas
761 5538 955 5607 egisse,
982 5546 1073 5588 aut
1100 5544 1266 5589 artem
1288 5550 1436 5589 suam
1480 5534 1533 5590 in
1578 5536 1677 5591 alia
1706 5553 1784 5604 re,
1814 5554 1973 5611 quam
2000 5544 2050 5600 in
2075 5546 2236 5603 disci-

650 5629 790 5698 pulis
846 5625 1184 5688 erudiendis,
1243 5626 1535 5680 collimasse
1596 5644 1698 5683 non
1761 5632 2003 5702 legimus.
2064 5638 2240 5711 Coepit

652 5719 832 5807 itaque
855 5716 1115 5807 docerein
1147 5716 1312 5785 patria
1356 5714 1582 5789 (Confes.
1618 5719 1704 5775 lib.
1735 5723 1786 5788 4,
1819 5740 1933 5796 cap.
1966 5728 2021 5797 4,
2057 5746 2111 5786 n.
2141 5731 2237 5807 7):

655 5805 843 5873 sci-itm
861 5806 1133 5875 Possidius
1153 5822 1273 5862 eum
1302 5807 1373 5869 ibi
1393 5807 1638 5867 docuisse
1662 5831 2056 5891 grammaticam
2077 5805 2235 5907 (p0,-

2321 518 2499 584 sidius,
2522 519 2574 571 in
2612 516 2724 570 Vita
2748 517 2980 588 August,
3009 534 3052 571 c.
3075 514 3149 587 l).
3180 517 3247 572 At
3274 533 3392 573 cum
3418 515 3832 593 ipsemctAugusti-
3896 508 3935 593 ΙΙ

2324 624 2424 663 nus
2443 625 2502 664 se
2532 608 2583 663 in
2619 609 2720 662 illis
2745 610 2897 661 annis
2928 608 3243 663 rhetoricam
3292 609 3578 679 professum
3620 626 3723 666 esse
3755 629 3832 669 mev

2319 712 2492 757 morat
2517 701 2745 772 (Confes.
2777 700 2865 754 lib.
2897 702 2949 763 4.
2981 719 3094 772 cap.
3121 701 3174 763 2,
3209 719 3260 755 n.
3287 702 3367 767 2).
3392 705 3436 759 si
3473 702 3570 757 hoc
3589 703 3759 758 dictum
3792 722 3830 761 et

2320 794 2459 849 serie
2485 795 2801 849 narraiionis
2835 794 3221 864 interpreteris,
3248 794 3505 849 vidi-bitur
3523 810 3633 850 eam
3657 795 3831 867 Tago,le

2320 886 2585 941 docuisse.
2611 885 2725 940 Non
2754 885 2947 940 desunt
2981 896 3155 940 tamen
3182 887 3604 955 gravissimarum
3636 888 3834 948 rationum

2323 989 2614 1045 momenta,
2647 994 2763 1048 qum
2787 977 2836 1030 id
2859 978 2925 1031 de
2944 977 3260 1047 Carthagine
3278 978 3657 1048 intelligendum
3675 993 3836 1050 persua-

2323 1072 2500 1132 deant,
2531 1080 2587 1125 ut
2629 1071 2845 1125 inferius
2894 1074 3255 1127 ostendemus.
3308 1073 3539 1141 Tempus
3586 1086 3733 1140 certe,
3772 1090 3837 1145 qut

2328 1162 2725 1232 grammaticam
2746 1161 2988 1226 docebat,
3021 1178 3124 1217 non
3142 1164 3366 1219 obscure
3396 1164 3605 1231 indicat,
3632 1165 3739 1219 dum
3755 1166 3845 1221 scri-

2324 1254 2401 1308 bit
2429 1270 2508 1319 se,
2545 1254 2712 1308 instar
2738 1253 3093 1311 adolescentis
3124 1256 3349 1326 prodigi,
3390 1257 3653 1313 exclusum
3687 1259 3846 1313 fuisse:

2326 1344 2530 1414 siliquis
2567 1358 2869 1415 porcorum,
2927 1362 3059 1415 quos
3114 1348 3183 1403 de
3223 1350 3426 1419 siliquis
3463 1349 3847 1420 pascehatUbid.
3898 1344 3935 1420 Ι

2327 1434 2413 1489 lib.
2454 1437 2509 1502 3,
2540 1452 2654 1507 cap.
2687 1436 2741 1499 6,
2783 1456 2835 1493 η.
2871 1439 2986 1509 ll).
3019 1438 3113 1496 Ubi
3141 1456 3260 1497 mos
3288 1442 3354 1497 de
3378 1444 3850 1513 grammaticorum!

2332 1537 2608 1598 poetarum
2661 1526 2853 1584 fabulis
2889 1532 3151 1601 loquitur;
3198 1549 3330 1602 quas
3358 1535 3516 1589 etiam
3566 1535 3849 1608 Hieronymus
3898 1523 3935 1608 I“

2330 1632 2612 1688 porcorum
2643 1633 2735 1672 seu
2766 1618 3065 1675 demersum
3098 1622 3271 1676 cibum
3304 1633 3573 1696 nuncupat
3611 1624 3785 1697 (Epist.
3806 1624 3852 1677 ad

2330 1707 2483 1761 Dant.
2512 1708 2576 1761 de
2616 1707 2751 1761 Filio
2779 1708 3032 1781 prodigo).
3064 1711 3264 1788 Eodem
3288 1713 3537 1782 pertinet,
3569 1714 3661 1768 nisi
3686 1729 3766 1768 nos
3785 1714 3851 1768 talo
3898 1707 3935 1788 Ιτ

2328 1801 2508 1865 limur,
2560 1805 2704 1873 quod
2759 1805 2872 1875 ipse
2914 1809 3238 1878 Augustinus
3276 1808 3447 1864 dicit:
3478 1810 3854 1865 Seducebamuret

2330 1894 2704 1963 seducebamns,
2725 1897 2843 1964 [nisi
2871 1909 3018 1968 atque
3040 1900 3273 1969 fallentes
3298 1901 3350 1954 in
3372 1902 3525 1955 variis
3549 1902 3855 1969 cupiditatibus;
3898 1884 3935 1969 ll

2330 1994 2377 2037 et
2399 1986 2567 2055 palam
2586 2002 2673 2055 per
2693 1988 2962 2046 doctrinas.
2987 2006 3112 2059 quas
3137 1992 3368 2046 liberales
3394 2003 3590 2058 vocant,
3616 1995 3779 2047 occulte
3796 2009 3857 2045 att-

2334 2084 2429 2129 tem
2444 2078 2574 2149 falso
2592 2085 2789 2133 nomine
2804 2081 3076 2151 religionis.
3108 2081 3211 2137 llic
3233 2086 3461 2154 superbi,
3485 2087 3554 2139 ibi
3577 2085 3857 2156 superstitiosi,

2333 2168 2513 2239 ubique
2534 2171 2668 2222 vani.
2707 2168 2818 2223 Hac
2846 2174 3106 2242 popularis
3146 2176 3323 2245 gloria
3346 2185 3590 2231 sectantes
3612 2176 3859 2240 inanitatem,
3896 2168 3935 2245 1³

2334 2275 2491 2328 usque
2514 2260 2583 2312 ad
2610 2262 2877 2316 theatricos
2924 2266 3159 2333 plausus,
3199 2277 3246 2319 et
3282 2269 3591 2321 contentiosa
3612 2266 3815 2329 carmina,
3832 2274 3861 2318 tl
3896 2260 3935 2333 Il

2335 2366 2546 2420 agonem
2576 2368 2879 2406 coronarum
2908 2360 3187 2427 [θησαν-αυτ,
3225 2368 3269 2412 et
3316 2362 3707 2427 spectaculorum
3731 2376 3861 2430 nugas,
3896 2360 3935 2430 |1

2336 2451 2383 2495 et
2412 2442 2843 2513 intemperantiam
2882 2447 3149 2501 libidinum
3183 2465 3201 2503 :
3230 2450 3352 2503 illac
3393 2463 3564 2505 autem
3599 2453 3779 2524 purgari
3806 2466 3865 2503 nos

2337 2533 2398 2585 ab
2440 2533 2547 2586 istis
2584 2536 2816 2589 sordibus
2864 2548 3144 2606 expetentes
3194 2557 3308 2594 cum
3357 2543 3427 2596 eis
3452 2545 3538 2612 qui
3565 2543 3868 2613 appellarentur
3900 2533 3935 2613 It

2344 2622 2502 2677 Electi
2530 2636 2575 2678 et
2601 2624 2801 2693 Sancti,
2825 2626 3131 2694 aﬂ'crremus
3157 2646 3315 2694 escas,
3336 2632 3399 2686 de
3423 2634 3603 2703 quibus
3620 2633 3799 2688 nobisin
3813 2633 3867 2700 οῖ·
3896 2622 3935 2703 ii

2340 2806 2709 2874 liberaremur;
2736 2819 2782 2863 et
2814 2812 3038 2865 sectabar
3064 2813 3160 2867 ista
3186 2825 3334 2883 atque
3361 2817 3609 2883 faciebam
3626 2834 3729 2871 cum
3750 2812 3871 2868 amicis

2340 2900 2482 2965 meis,
2516 2918 2602 2970 per
2634 2918 2713 2955 me
2735 2920 2795 2955 ac
2823 2920 3014 2957 mecum
3035 2904 3254 2977 deceptis
3275 2907 3295 2979 (
3318 2908 3525 2978 Confes.
3551 2912 3635 2965 lib.
3660 2910 3709 2977 4,
3727 2925 3815 2977 ευρ·
3836 2906 3870 2970 l.
3898 2890 3901 2955 Ῐ

2341 3008 2394 3045 n.
2432 2993 2485 3061 l)
2539 2993 2670 3047 Dum
2700 2994 2939 3063 Tagastae
2983 2997 3223 3065 doceret,
3259 3001 3557 3058 auditorem
3586 3003 3750 3057 habuit
3785 3000 3872 3067 Δις·
3902 2993 3935 3067 Il

2342 3082 2505 3151 pium.
2537 3084 2804 3151 prieclara:
2828 3087 3019 3141 indolis
3045 3098 3101 3143 et
3137 3090 3352 3159 opzima:
3377 3094 3491 3162 spei
3523 3094 3872 3156 adolescentem,

2340 3186 2404 3226 ex
2457 3172 2773 3241 primatibus
2834 3175 3075 3248 Tagastae
3143 3181 3556 3252 municipalibus
3614 3172 3935 3252 oriundum:

2341 3278 2497 3333 quem
2542 3274 2598 3317 ut
2624 3266 2737 3335 ipse
2767 3267 2961 3321 eximia
2993 3268 3251 3325 charitate
3275 3274 3741 3342 complectebatur,
3766 3274 3876 3324 abet
3908 3266 3931 3342 |:

2341 3356 2594 3411 virtutum
2613 3359 2925 3426 specimina,
2955 3377 3072 3430 qua:
3094 3362 3203 3431 jam
3236 3373 3344 3419 tum
3374 3366 3423 3420 in
3446 3382 3517 3421 eo
3538 3362 3878 3425 elucebantzsic
3906 3356 3935 3431 Ιι

2341 3448 2520 3503 abillo
2548 3449 2781 3504 vicissim
2808 3452 3031 3505 multum
3057 3452 3308 3509 dilectum
3335 3471 3394 3511 se
3420 3457 3575 3526 dicit,
3604 3474 3667 3514 eo
3689 3454 3808 3529 quod
3831 3451 3878 3506 illi
3906 3448 3935 3529 Ι1

2340 3538 2513 3594 bonus
2537 3548 2590 3593 et
2605 3540 2792 3595 doctus
2824 3540 3113 3596 videretur.
3890 3592 3891 3597 η

2410 3628 2467 3681 2.
2496 3628 2703 3685 Mortuo
2733 3646 2826 3698 per
2852 3630 2902 3685 id
2928 3640 3138 3702 tempus
3160 3636 3355 3705 amico,
3402 3638 3561 3708 cujus
3598 3653 3773 3694 nomen
3796 3632 3881 3689 reti-

2341 3729 2446 3787 cet,
2472 3720 2627 3791 longe
2667 3721 3003 3789 charissinm,
3036 3725 3261 3796 Tagasta
3300 3731 3535 3800 migrare
3572 3729 3883 3798 Carthaginem

2340 3809 2523 3865 dolore
2546 3812 2877 3881 Oppritueute
2902 3816 3209 3885 compulsus
3233 3829 3333 3872 est.
3374 3818 3441 3874 In
3467 3822 3600 3890 illis,
3630 3816 3797 3892 inquit,
3816 3833 3881 3870 an-

2341 3901 2439 3966 nis,
2466 3917 2562 3971 quo
2586 3904 2802 3973 primum
2825 3914 3044 3976 tempore
3075 3907 3127 3961 in
3154 3909 3426 3979 municipio
3474 3929 3579 3982 quo
3620 3923 3760 3967 natus
3791 3923 3885 3971 ulti

2342 3992 2519 4045 docere
2558 4009 2826 4062 ceperam.
2867 4011 3275 4067 comparat-eram
3297 4002 3542 4070 anticum,
3572 4006 3791 4058 societate
3817 4006 3887 4053 stl-

2341 4084 2542 4139 diorum
2569 4088 2720 4143 nimis
2741 4088 2973 4155 charum,
2990 4106 3211 4146 cornuum
3232 4095 3357 4148 mihi
3374 4106 3421 4149 et
3436 4099 3788 4169 con/loreum»
3802 4082 3890 4163 μὲν

2340 4177 2709 4233 adolescentite.
2754 4179 2953 4234 Mecum
2982 4199 3108 4251 puer
3133 4197 3373 4253 creuerat,
3402 4197 3448 4240 et
3476 4200 3673 4259 pariter
3704 4190 3754 4241 in
3786 4184 3890 4239 δίελθέ

2342 4267 2445 4321 lam
2472 4269 2709 4334 ieramus,
2744 4272 3028 4342 pariterque
3069 4275 3367 4332 luseramus.
3420 4279 3531 4333 Sed
3573 4280 3787 4336 nondum
3818 4279 3893 4330 ad

2340 4360 2412 4412 sic
2458 4362 2671 4427 amicus,
2694 4378 2981 4431 quanquam
3020 4381 3082 4419 ne
3121 4376 3239 4421 tunc
3281 4369 3504 4439 quidem,
3549 4373 3700 4426 sicuti
3723 4380 3786 4425 est
3813 4378 3893 4421 val

2342 4450 2598 4513 amicitia;
2626 4453 2745 4519 quia
2771 4464 2963 4509 nonest
2990 4472 3126 4523 vera,
3149 4459 3247 4512 nisi
3267 4476 3382 4514 cunt
3410 4480 3524 4517 eam
3560 4476 3615 4519 tu
3659 4463 3896 4537 agglutinss

2340 4540 2472 4593 inter
2496 4541 2791 4596 iri/umentes
2818 4544 2903 4596 tibi
2933 4548 3176 4601 charitate
3211 4549 3399 4617 di/I'usa
3424 4553 3475 4606 in
3503 4556 3739 4609 cordibus
3758 4549 3896 4607 nostri!

2343 4648 2432 4700 per
2463 4630 2716 4701 Spiritum
2759 4646 3009 4701 sanctum,
3054 4641 3144 4709 qui
3175 4641 3326 4696 datus
3352 4655 3425 4697 est
3450 4648 3617 4700 nobis.
3651 4647 3752 4703 Sed
3775 4654 3899 4699 tanta

2341 4729 2510 4783 dulcis
2551 4739 2659 4783 erat
2704 4732 2874 4798 nimis,
2922 4746 3095 4789 coacta
3130 4741 3323 4806 favore
3360 4742 3604 4808 pariltum
3643 4742 3896 4796 studiorum.

2343 4816 2484 4872 Nam
2500 4830 2546 4874 et
2560 4836 2593 4874 a
2613 4821 2714 4884 ﬁde
2741 4838 2876 4887 vera,
2901 4842 3055 4895 quam
3080 4843 3179 4880 non
3204 4834 3511 4899 germanitas
3530 4845 3577 4886 et
3600 4834 3791 4903 perdtus
3811 4829 3897 4883 ado-

2343 4912 2529 4966 lescens
2558 4914 2774 4981 tenebat,
2804 4917 3107 4985 deﬂexeram
3134 4936 3224 4990 ego
3249 4939 3359 4976 eum
3381 4924 3431 4977 in
3456 4928 3823 4997 superstitiosos
3845 4921 3896 4991 {tt-

2344 5002 2501 5057 bellas
2521 5012 2570 5057 et
2597 5007 2921 5074 perniciosas,
2952 5019 3157 5079 propter
3194 5028 3321 5079 quas
3347 5014 3620 5087 plangebat
3660 5033 3739 5073 me
3761 5023 3901 5070 mata.

2348 5094 2545 5150 Mecum
2578 5098 2689 5168 jant
2715 5098 2913 5153 errabat
2933 5100 2987 5154 in
3012 5103 3180 5156 animo
3224 5104 3374 5159 homo
3412 5106 3517 5169 ille,
3546 5120 3596 5163 et
3624 5127 3725 5164 non
3751 5104 3904 5179 ροισα

2344 5188 2513 5240 anima
2536 5204 2646 5242 mea
2671 5190 2777 5242 sine
2793 5191 2901 5243 illo.
2938 5189 3004 5244 Et
3029 5208 3142 5247 ecce
3169 5205 3221 5248 tu
3250 5196 3516 5254 imminens
3541 5202 3699 5255 dorso
3720 5197 3903 5275 fugit?”

2344 5293 2457 5331 rum
2477 5288 2699 5346 tuorum,
2729 5280 2864 5335 Deus
2885 5283 3132 5338 ultionum
3158 5295 3203 5339 et
3231 5289 3345 5355 fons
3370 5292 3841 5355 misericordiarutn,
3857 5284 3907 5340 εί·

2345 5370 2471 5437 mut,
2498 5371 2585 5443 qui
2608 5372 2855 5426 convertis
2882 5390 2973 5428 nos
3002 5376 3071 5430 ad
3093 5385 3141 5430 te
3162 5381 3304 5434 miris
3330 5383 3527 5449 modis;
3555 5402 3676 5440 ecce
3699 5374 3909 5439 «btudit!i

2347 5460 2597 5517 hominem
2615 5465 2680 5519 de
2703 5466 2797 5519 hac
2818 5468 2939 5533 vita,
2959 5484 3075 5522 cum
3101 5472 3185 5525 via:
3204 5476 3497 5542 explevisset
3515 5496 3715 5532 annum
3740 5482 3788 5531 in
3808 5472 3909 5529 anti-

2346 5552 2463 5607 citia
2487 5571 2617 5617 mea,
2649 5558 2791 5610 suari
2815 5558 2936 5612 mihi
2953 5576 3107 5629 super
3142 5579 3314 5618 omnes
3341 5568 3614 5624 suavitates
3652 5568 3791 5624 illius
3827 5552 3935 5631 vitii

2345 5660 2485 5700 mea
2517 5646 2644 5711 Quis
2663 5646 2838 5703 laudes
2867 5661 2978 5705 tuas
3003 5667 3259 5710 enumerat
3288 5674 3418 5713 unus
3443 5661 3569 5715 inse
3598 5680 3706 5717 uno
3727 5670 3917 5729 quat?

2347 5738 2643 5808 pertusas?
2674 5740 2810 5806 Quid
2834 5752 2954 5798 tunc
2980 5746 3161 5815 fecisti,
3192 5746 3332 5802 Deus
3363 5766 3519 5817 meus,
3548 5762 3600 5805 et
3627 5734 3784 5823 quam
3806 5752 3917 5805 inu-

2353 5832 2600 5919 ptigabilif
2623 5838 2831 5916 ηρμεειμ
2851 5841 3167 5910 judiciomm
3182 5845 3423 5899 tuorum?
3442 5844 3571 5900 Cum
3598 5847 3739 5909 asins
3766 5848 3931 5911 Ml

3140 5966 3197 5977 ην.
3218 5962 3267 5985 ιφ
3292 5974 3297 5977 ,
3348 5976 3362 5997 ³

3930 1523 3935 1553 l

3930 1618 3935 1649 l

3933 1896 3935 1929 l

3933 1992 3935 2021 l

3930 2082 3935 2111 Ἴ

3930 2564 3935 2582 4

3934 2624 3935 2673 ἐ

3930 2732 3935 2767 l

3933 2825 3935 2855 l

3933 2918 3935 2947 l

3933 3106 3935 3137 l

3930 3288 3935 3322 l

3932 3380 3935 3413 Ι

3933 3472 3935 3499 1

3887 4103 3890 4122 ι

3887 4279 3893 4324 ι

3887 4378 3893 4415 ι

3887 4473 3896 4512 ι

3887 4561 3896 4599 Ι

3887 4654 3899 4693 ι

3887 4771 3896 4789 ι

3887 5030 3901 5063 ηε

3887 5209 3903 5246 ιι

3887 5284 3907 5336 ἱ.

3887 5374 3909 5430 ti
