3948 6418
98 399 158 462 ει
852 383 856 387 ’
1453 375 1637 458 ΙιΙΒξίΕ

1750 378 1967 439 RIMUS.
2617 365 2626 372 ’
2735 381 2745 388 ’
2889 381 2893 388 ’
3269 395 3338 450 ες

103 525 168 573 ret
185 514 265 570 ille
279 513 498 586 febribus,
509 509 691 580 jacuit
709 507 798 559 diu
814 503 913 558 sine
925 517 1063 556 sensu
1077 500 1128 554 in
1147 499 1332 554 sudore
1347 496 1541 551 letltali.
1574 495 1641 550 Et

101 625 206 662 cum
215 605 556 674 desperamur,
574 597 860 665 baptizatus
873 603 938 648 est
951 592 1185 655 nesciens,
1201 606 1278 644 me
1289 605 1388 643 non
1405 607 1466 644 cu
1473 599 1636 653 rante,

104 708 147 752 et
161 703 461 768 prosatum
480 690 530 743 id
549 688 765 742 retinere
779 685 934 752 potius
952 683 1167 736 animam
1185 682 1320 752 ejus,
1342 683 1478 751 quod
1497 682 1529 734 ὰ
1561 696 1640 733 me

107 795 363 858 «apud,
388 797 475 835 non
499 776 633 849 quod
659 777 712 830 in
738 774 989 830 nescientis
1025 788 1234 842 corpore
1267 769 1435 840 ﬁebat.
1467 770 1640 842 Longe

107 891 262 934 autem
272 878 518 938 diluerat;
532 886 646 924 nant
655 877 902 922 recreatus
910 875 1000 932 est,
1013 874 1057 918 et
1066 863 1234 919 sulcus
1244 863 1641 936 factus.Statim-

107 989 198 1043 qu
213 981 261 1026 ιι
273 971 465 1042 prinum
485 981 597 1017 cum
618 979 679 1017 eo
700 959 840 1031 loqui
847 959 985 1030 potui
996 956 1157 1029 (potui
1171 966 1338 1011 autem
1351 973 1469 1012 mox
1482 966 1536 1012 ut
1551 958 1638 1013 ille

107 1066 264 1136 potuit,
275 1060 454 1134 quando
465 1075 564 1112 non
577 1054 905 1118 discedebant,
923 1063 966 1105 et
984 1050 1132 1105 nimis
1141 1049 1481 1120 pendebamus
1491 1068 1555 1106 ex
1565 1052 1636 1106 in-

103 1156 270 1227 vicem).
283 1152 444 1207 tentari
455 1149 590 1220 apud
603 1148 744 1201 illum
757 1145 986 1209 irridere,
1003 1152 1240 1214 tanquam
1255 1151 1302 1196 et
1317 1141 1408 1196 illo
1423 1143 1634 1197 irrisura

100 1264 262 1303 mm
273 1244 592 1314 Baptismum,
609 1255 753 1309 quem
779 1246 1038 1306 acceperat
1050 1245 1212 1290 mente
1226 1248 1372 1304 atque
1388 1251 1534 1289 sensu
1547 1234 1636 1288 ab-

92 1316 379 1400 sentissintits,
408 1335 497 1389 sed
523 1345 680 1388 tamen
699 1333 812 1402 jam
839 1330 1158 1401 seaccepisse
1182 1329 1443 1383 didicerat.
1465 1330 1636 1385 Atille

87 1435 232 1484 itane
254 1427 500 1484 attonuit
538 1435 591 1478 ut
622 1425 911 1489 inimicum,
950 1421 1308 1492 admonuitque
1340 1421 1560 1476 mirabili
1587 1431 1634 1476 et

83 1523 306 1593 repentina
325 1521 566 1579 libertate,
593 1526 646 1570 ut
671 1516 715 1570 si
743 1515 934 1569 amicus
955 1531 1060 1568 esse
1078 1512 1276 1577 uellent,
1305 1515 1426 1567 talia
1443 1514 1536 1568 sibi
1561 1514 1634 1568 di-

80 1634 172 1671 cere
190 1617 465 1669 desinerem.
513 1609 620 1682 Ego
657 1618 824 1662 autem
861 1609 1174 1678 stupefactus
1203 1616 1349 1676 atque
1380 1605 1630 1673 turbatus,

79 1709 226 1763 distuli
242 1723 402 1761 omnes
420 1714 584 1758 motus
603 1719 759 1768 meos,
781 1712 836 1756 ut
856 1701 1217 1755 convalesceret
1233 1701 1393 1771 prius,
1410 1710 1634 1771 essetque

76 1804 255 1857 idoneus
275 1802 449 1854 oribus
471 1796 793 1861 valetudinis,
829 1811 943 1848 cum
970 1809 1068 1865 quo
1091 1809 1238 1864 agere
1277 1809 1470 1864 possent
1496 1793 1634 1864 quod

75 1893 240 1948 relicui.
268 1891 367 1946 Sed
389 1890 472 1943 ille
494 1890 730 1957 abreptas
757 1885 1020 1940 dementia
1054 1900 1197 1946 mea,
1228 1893 1283 1938 ut
1307 1883 1449 1955 apud
1467 1893 1514 1939 te
1535 1902 1634 1938 ser-

73 1995 246 2040 raretttr
261 1980 581 2038 consolationi
607 1995 750 2043 mea,
775 1989 886 2050 post
931 1993 1119 2047 paucos
1162 1975 1268 2031 dies
1305 1993 1384 2031 nte
1433 1976 1633 2032 absente

70 2077 287 2142 repetitur
313 2074 538 2144 febribus,
557 2081 607 2125 et
631 2070 942 2139 defungitur.
975 2066 1086 2134 Quo
1106 2066 1281 2121 dolore
1305 2066 1631 2121 contenebra-

70 2182 167 2221 tum
186 2178 254 2223 est
273 2184 352 2220 cor
378 2180 550 2228 nteant,
581 2174 630 2216 et
673 2160 918 2231 quidquid
957 2160 1280 2230 aspiciebam,
1333 2174 1468 2213 mors
1501 2167 1626 2214 erat.

69 2258 126 2311 Et
158 2268 255 2311 aut
277 2257 394 2308 nti/ti
423 2255 590 2325 patria
619 2253 944 2321 supplicium,
967 2261 1014 2304 et
1054 2259 1265 2322 paterna
1294 2250 1473 2303 domus
1503 2249 1633 2302 mira

70 2351 340 2422 infelicitas;
368 2359 416 2402 et
465 2346 717 2418 quidquid
777 2361 889 2398 cum
939 2345 1030 2399 illo
1100 2344 1584 2398 communicaverunt
1611 2383 1629 2410 ,

67 2446 158 2497 sine
185 2443 264 2498 illo
307 2444 356 2496 in
395 2440 682 2494 cruciatum
731 2440 1000 2492 immanem
1043 2445 1274 2492 verterat.
1326 2436 1484 2493 Solus
1527 2440 1628 2508 ﬂe-

71 2547 137 2590 tus
161 2545 253 2590 erat
276 2533 430 2590 dulcis
467 2532 594 2585 mihi
639 2542 684 2586 ct
709 2540 1011 2585 successerat
1050 2531 1213 2582 amico
1240 2530 1419 2584 meoin
1442 2529 1634 2584 deliciis

68 2626 201 2678 animi
223 2626 308 2678 ιιιά
335 2625 351 2694 (
376 2623 583 2693 Confes.
639 2622 728 2676 lib.
774 2621 829 2683 4,
869 2637 922 2673 η.
972 2617 1071 2674 7-9
1097 2619 1140 2689 ).
1173 2618 1421 2676 Pluribus
1463 2619 1636 2676 adhuc

70 2717 426 2775 acrrltissimunt
447 2717 719 2774 ιΙοιοΓιιιη.
749 2729 856 2784 quo
885 2722 995 2766 tum
1029 2712 1304 2781 perculsus
1324 2720 1426 2773 est.
1453 2727 1636 2782 prose-

69 2813 242 2880 quitur.
271 2810 410 2866 Illum
432 2809 696 2863 divinitus
719 2806 890 2860 curari
922 2820 1079 2875 passo
1108 2820 1210 2859 non
1239 2816 1355 2859 erat
1386 2809 1633 2872 nescius;

71 2904 150 2958 sed
181 2918 336 2973 neque
361 2903 626 2964 voluntas,
681 2915 857 2968 neque
897 2898 1120 2954 facultas
1145 2899 1262 2968 opis
1292 2898 1638 2968 imploranda:

72 2996 248 3060 aderat,
272 2995 380 3063 quia
422 2995 559 3050 flens
589 2993 777 3046 animo
807 2990 993 3060 ipsius,
1019 3005 1140 3046 cum
1161 2989 1229 3043 de
1256 3004 1324 3044 eo
1348 2989 1640 3067 ευκίιίιιιειι,

75 3102 161 3141 non
183 3096 285 3142 erat
308 3085 507 3156 aliquid
534 3083 775 3139 solidum
803 3091 858 3136 et
879 3082 1112 3146 firmum,
1135 3081 1228 3136 sed
1247 3096 1440 3136 vanum
1469 3081 1638 3151 phan-

77 3176 392 3246 tasma(lbid.,
407 3177 555 3241 liful,
571 3193 680 3246 cap
712 3175 768 3240 7,
787 3163 972 3243 ".12).
994 3173 1195 3228 Nimius
1214 3173 1424 3229 tandem
1440 3190 1640 3229 tumror

77 3282 173 3322 eum
195 3277 376 3324 mutare
411 3268 622 3329 solum,
648 3277 702 3320 et
728 3264 1099 3335 Carthaginem
1143 3264 1320 3319 redire
1358 3267 1634 3335 compulit.

77 3357 189 3430 Pagi
207 3359 263 3413 de
287 3360 457 3429 patria,
493 3357 698 3429 inquit.
725 3355 898 3410 Minus
917 3357 1049 3410 enim
1069 3371 1180 3409 eum
1201 3356 1488 3426 quaerebant
1504 3355 1639 3411 oculi

75 3451 174 3514 suci,
195 3449 270 3503 ubi
293 3451 446 3505 videre
470 3467 577 3504 non
613 3447 863 3512 solebant,
896 3457 1046 3518 atque
1067 3463 1098 3500 a
1127 3445 1420 3518 Tagastensi
1448 3448 1638 3516 Oppido

77 3542 174 3595 ιλιιιί
211 3541 534 3611 Carthaginem
576 3539 819 3613 (Ibid):
854 3539 942 3594 ubi
1001 3548 1208 3608 tempus
1259 3547 1314 3592 ct
1345 3539 1636 3593 amicorum

78 3633 362 3688 conmetudo
394 3635 650 3689 dolorem
679 3632 844 3702 ipsius
891 3631 1091 3686 sensim
1127 3629 1634 3701 mitigamnt(lbid.,

78 3742 172 3797 cap.
193 3725 240 3786 8.
267 3744 315 3780 tl.
339 3727 445 3798 15).

135 3817 180 3874 5.
197 3816 294 3873 Nec
317 3833 436 3872 vero
463 3817 626 3872 solus
653 3813 722 3870 de
745 3814 899 3869 amici
924 3823 1096 3869 morte
1125 3813 1277 3868 dolor
1304 3829 1426 3868 eum
1459 3813 1632 3884 Taga-

81 3917 145 3962 διδ
174 3911 325 3980 coegit
342 3910 614 3965 excedere
653 3924 668 3961 ε
695 3906 879 3960 scribit
907 3905 1050 3960 enim
1079 3904 1227 3966 alibi,
1246 3919 1304 3958 se
1331 3905 1636 3960 illustrioris

81 4001 375 4068 prt-iessionis
387 4003 553 4070 gratia
579 3997 962 4070 Carthaginem
989 4011 1256 4052 remeasse
1274 3995 1483 4067 (Contra
1501 3997 1635 4050 Aca-

82 4093 280 4159 demicos,
303 4094 385 4150 lib.
411 4095 470 4158 2,
491 4112 564 4149 ιι..
581 4093 682 4162 '5);
714 4093 827 4148 sive
852 4090 990 4161 quod
1020 4090 1266 4144 oratoria:
1294 4091 1424 4144 artis
1443 4089 1512 4144 ibi
1537 4089 1637 4144 do-

81 4183 232 4241 md:
275 4186 442 4242 studio
496 4185 758 4243 incitatus
777 4184 863 4247 sit,
896 4199 1015 4237 cum
1044 4190 1199 4238 antea
1238 4181 1638 4253 grammaticam

82 4273 282 4346 lapsu:
307 4277 569 4340 traderet;
621 4279 740 4331 sive
781 4273 922 4344 quod
964 4273 1203 4343 ejusdem
1228 4273 1360 4328 artis
1380 4272 1640 4342 professio

81 4362 353 4438 Carthagine
368 4369 495 4422 urbe
521 4366 802 4438 primaria,
831 4380 988 4436 quam
1019 4363 1262 4434 Tagastm
1281 4364 1507 4418 obscuro
1528 4379 1637 4418 mu.

81 4454 264 4527 niCipio.
288 4456 414 4513 foret
438 4456 778 4532 honoratior.
809 4454 926 4510 lniti
952 4469 981 4508 a
1009 4469 1068 4508 se
1087 4454 1314 4516 consilii,
1343 4463 1642 4524 concepta!-

82 4545 290 4615 quespei
326 4563 481 4602 unum
520 4563 589 4602 ac
616 4547 792 4601 solum
847 4545 1234 4600 ltoinaniannm
1289 4546 1559 4599 conscium
1587 4554 1642 4602 et

83 4635 355 4706 participat
377 4639 527 4705 fecit;
561 4637 656 4711 qui
687 4635 900 4708 quidem
929 4635 1291 4692 Romanianus
1320 4651 1503 4692 amore
1544 4653 1638 4708 pa-

84 4724 190 4780 tria:
224 4726 396 4784 ductus
426 4731 477 4786 in
519 4746 631 4802 qua
663 4737 789 4784 tunc
824 4727 1054 4783 docebat
1094 4728 1438 4799 Augustinus,
1492 4727 1640 4783 illum

84 4816 232 4886 Pri-tt
253 4819 318 4878 ab
338 4821 430 4878 hac
452 4822 723 4880 sententia
749 4821 1025 4876 dimovere
1043 4833 1266 4876 conatus
1283 4829 1360 4876 est
1382 4837 1398 4885 ;
1431 4821 1524 4878 sed
1549 4821 1639 4878 ubi

90 4905 300 4966 uineae
319 4912 680 4968 adolescentis
705 4912 1048 4982 cupiditatem
1071 4912 1135 4965 ad
1163 4927 1223 4965 ea
1245 4927 1363 4980 quae
1389 4911 1644 4967 videban-

91 5003 160 5053 tllr
185 5000 382 5060 Delion
404 5005 698 5069 tendentis,
727 5003 988 5074 nequivit,
1012 5017 1077 5057 cx
1101 5001 1442 5058 dobortatore
1467 5003 1519 5057 in
1541 5002 1640 5058 ad-

91 5085 280 5154 iuuent
306 5093 432 5150 mira
475 5094 871 5151 benevolentiae
915 5093 1282 5148 moderatione
1328 5108 1638 5162 conversus,

96 5191 395 5242 allatum
422 5186 496 5242 illi
526 5186 892 5243 necessarium
926 5183 1315 5256 suppeditavit;
1341 5195 1396 5240 et
1419 5185 1510 5255 qui
1545 5185 1644 5240 ibi-

97 5268 442 5334 ἀειωωικιιί
466 5287 526 5334 et
543 5277 700 5349 quasi
733 5277 916 5332 nidum
943 5275 1241 5331 studiorum
1271 5274 1388 5346 ejus
1417 5275 1639 5344 foverat,

95 5359 613 5440 Mandatus
637 5369 957 5426 sustentavit
979 5368 1280 5424 rudimenta
1302 5365 1510 5440 (Ibid).
1539 5368 1642 5424 Ve-

101 5451 346 5530 lit-hoe
382 5461 765 5536 Carthaginem
803 5461 1120 5518 rhetoricam
1162 5461 1270 5516 illic
1308 5460 1644 5531 professorus

107 5543 126 5614 ι
415 5555 470 5611 in
503 5553 630 5612 Vita
652 5556 888 5629 August,
912 5570 960 5608 c.
990 5555 1013 5608 l
1046 5556 1098 5625 );
1144 5563 1196 5609 et
1236 5563 1408 5609 artem
1435 5555 1643 5610 animo-

479 5649 658 5706 victus
681 5650 795 5720 ipse
833 5646 1096 5702 commodi
1122 5655 1179 5703 et
1200 5646 1417 5701 honoris
1443 5645 1646 5717 cupidi-

111 5729 438 5810 W‘Mt
461 5738 696 5814 (Cautes.
725 5739 815 5798 lib.
841 5738 1094 5804 4,cap.2,
1114 5756 1166 5794 ιι.
1182 5738 1427 5811 ἳ).Ηιιιιό
1458 5739 1529 5794 ita
1563 5748 1645 5794 ta-

431 5841 488 5892 et
507 5834 662 5890 lucro
688 5832 998 5900 ducebatur,
1033 5832 1159 5904 quin
1188 5848 1297 5903 pra:
1326 5831 1426 5888 hoc
1465 5831 1647 5887 mallet

1750 494 1919 553 bonos
1958 497 2155 557 habere
2197 501 2505 570 discipulos,
2527 515 2584 560 ut
2611 507 2766 578 vulgo
2803 509 3136 579 appellantur
3165 511 3284 566 boni
3317 533 3332 568 :

1744 605 1864 645 cum
1881 602 2189 646 consuetam
2210 593 2649 650 scholasticorum
2664 595 3153 669 Carthaginensium
3173 602 3340 656 licca-

1745 683 1873 738 tiam
1903 684 2039 740 ferre
2056 703 2162 742 non
2180 699 2354 757 posset
2369 686 2552 759 (Ibid,
2571 689 2658 744 lib.
2683 691 2736 755 5,
2755 708 2868 764 cap.
2889 693 2940 757 8,
2960 711 3013 748 η.
3046 695 3111 749 Ib
3135 696 3173 765 ).
3207 696 3337 752 Illos

1742 776 1873 830 artis
1897 777 2175 833 rhetoriczc
2204 779 2357 834 dolos
2382 780 2499 837 sine
2533 781 2658 837 dolo
2682 782 2943 852 docebat,
2987 801 3094 843 non
3142 789 3335 860 quibus

1742 867 2078 924 innocentem
2100 871 2153 925 in
2179 873 2365 942 capitis
2375 873 2658 929 discrimen
2677 875 3015 944 adducerent,
3040 879 3132 935 sed
3146 883 3336 950 quibus

1741 958 2026 1028 aliquando
2076 971 2357 1017 nocentem
2383 963 2754 1034 ejudiciorum
2802 966 3003 1037 laqueis
3041 971 3337 1026 exime-rent

1741 1047 1928 1120 (Ibid.,
1960 1053 2046 1107 lib.
2084 1053 2138 1116 4,
2169 1071 2284 1126 cap.
2305 1054 2359 1121 2,
2389 1072 2442 1108 η.
2474 1055 2563 1128 2).
2595 1055 2683 1112 Sic
2709 1057 2834 1112 dum
2861 1059 2912 1113 in
2942 1059 3147 1116 lubrico
3171 1062 3335 1117 vacil-

1741 1141 1875 1198 larot
1900 1144 2246 1215 Augustinus,
2281 1147 2444 1216 ipsius
2471 1147 2622 1213 fides,
2651 1165 2810 1221 quam
2834 1149 2886 1204 in
2911 1151 2999 1207 illo
3034 1153 3338 1222 magisterio

1739 1232 2042 1302 exhibebat,
2078 1235 2217 1290 velut
2247 1237 2296 1291 in
2322 1236 2641 1292 densissimo
2672 1237 2817 1294 fumo
2852 1241 3191 1297 scintillabat.
3234 1242 3336 1297 Na-

1738 1333 1853 1380 ctus
1882 1343 2039 1396 porro
2085 1338 2165 1383 est
2197 1328 2514 1402 Carthagine
2566 1333 2770 1388 nobiles
2812 1334 3082 1391 auditores
3137 1337 3338 1392 Roma-

1739 1417 1882 1471 niaui
1917 1419 2216 1475 Maecenatis
2239 1423 2317 1476 sui
2358 1423 2493 1477 filios
2523 1423 2574 1478 in
2598 1425 2803 1496 primis,
2827 1426 3123 1484 Licentium
3150 1428 3339 1486 videli-

1737 1519 1841 1576 cet,
1884 1520 2041 1581 atquo
2069 1513 2185 1584 ejus
2228 1513 2444 1570 fratrem
2476 1527 2622 1584 natu,
2663 1519 2736 1572 uti
2771 1519 2996 1584 videtur,
3025 1521 3286 1578 minorem
3316 1539 3335 1590 ;

1736 1601 1995 1672 siquidem
2021 1604 2065 1658 is
2091 1620 2222 1673 puer
2249 1617 2582 1677 nuncupatur
2597 1608 2663 1663 ab
2693 1611 2984 1680 Augustino
3001 1627 3120 1666 cum
3147 1611 3338 1667 Licen-

1739 1693 1835 1759 tio,
1863 1705 2042 1764 utpote
2067 1697 2225 1766 paqu
2252 1700 2774 1766 :ctatcprovectiore,
2804 1701 3105 1770 disputante
3126 1702 3338 1773 (Contra

1737 1786 2001 1851 Academ.,
2023 1789 2108 1842 lib.
2136 1789 2295 1855 2,:m.
2326 1789 2412 1855 16,
2441 1791 2546 1862 t9).
2596 1792 2847 1863 Eulogius
2871 1810 3082 1864 quoque
3113 1795 3336 1865 insignis

1735 1878 2356 1952 rhetorCarthaginensis
2367 1882 2430 1937 ad
2446 1884 2579 1938 banc
2591 1884 2962 1940 addiscendatn
2975 1897 3165 1954 artem,
3177 1903 3336 1956 quam

1737 1969 1788 2023 in
1823 1971 1908 2026 illa
1942 1972 2155 2028 civitate
2182 1975 2323 2030 circa
2364 1990 2560 2029 annum
2593 1978 3020 2031 trecentesimum
3066 1979 3335 2049 octogesio

1736 2079 1880 2118 mum
1902 2074 2108 2119 sextum
2140 2067 2506 2135 profitebatur.
2538 2069 2831 2139 Augustino
2882 2071 3134 2141 magistro
3178 2088 3335 2127 usum

1738 2153 1901 2210 fuisse
1930 2156 2223 2225 reperimus
2255 2157 2356 2222 (De
2384 2157 2517 2212 Curti
2543 2177 2634 2230 pro
2661 2161 2869 2215 mortuis
2884 2163 3192 2232 gerendd,n.
3221 2163 3333 2235 l3).

1737 2247 1975 2318 Denique
2006 2249 2245 2319 Alypius,
2272 2251 2359 2321 qui
2379 2251 2551 2305 cidem
2573 2252 2783 2306 docenti
2828 2253 3071 2324 Tagastae
3112 2271 3333 2325 operam

1738 2339 1976 2406 dederat,
1997 2340 2317 2412 Carthagine
2342 2359 2552 2413 quoque
2571 2345 2714 2399 illum
2733 2345 2916 2400 audire
2935 2347 3294 2416 perseveravit
3315 2364 3331 2399 :

1739 2434 1951 2487 tametsi
1980 2434 2120 2487 enim
2152 2434 2463 2488 verecundia
2493 2437 2656 2504 patris
2682 2437 2787 2501 sui,
2816 2437 2900 2491 cui
2928 2453 3048 2492 cum
3077 2439 3332 2507 Augusti-

1740 2543 1811 2582 no
1829 2527 1962 2581 forte
1988 2537 2102 2582 erat
2130 2528 2371 2598 quaedam
2393 2529 2657 2592 simultas,
2690 2530 3014 2600 aliquantum
3041 2531 3156 2601 ejus
3187 2532 3336 2586 exci-

1744 2617 1949 2688 piendis
2005 2619 2430 2688 prtelectionibus
2482 2619 3020 2686 abstitmerit;nihilo
3059 2623 3233 2676 secius
3277 2621 3332 2677 in

1741 2711 1857 2777 ejus
1877 2708 2194 2764 auditorium
2226 2709 2489 2770 veniebat.
2513 2721 2566 2766 et
2591 2727 2654 2765 eo
2687 2712 2943 2780 tantisper
2966 2713 3148 2767 audito
3163 2713 3336 2768 disce-

1742 2801 2239 2871 deltathonfesJib.
2263 2802 2514 2872 6,cap.7,
2537 2820 2624 2856 nn.
2650 2804 2706 2857 Il
2724 2846 2737 2867 ,
2767 2802 3119 2875 12).Contigit
3157 2814 3336 2859 autem

1743 2893 2042 2962 aliquando,
2075 2893 2536 2962 utAngustiuusin
2567 2893 2880 2962 exponenda
2905 2894 3129 2948 lectione
3149 2895 3332 2948 simili-

1745 2987 1984 3040 tudincm
2029 3001 2056 3037 a
2087 2985 2225 3039 Indis
2251 2985 2581 3041 circensibus
2611 2985 2820 3040 ductam
2861 2986 3154 3051 adhiberet,
3185 3003 3336 3042 arre-

1745 3088 1940 3149 ptaque
1962 3079 2266 3144 occasione,
2300 3095 2403 3133 non
2425 3079 2687 3142 consulto,
2710 3077 2832 3133 huic
2865 3080 3108 3134 amentitu
3129 3079 3338 3136 deditos

1745 3169 1984 3224 mordaci
2011 3179 2300 3225 scomtnatc
2338 3170 2720 3225 subsannaret:
2749 3170 2965 3242 Alypius
2994 3186 3055 3226 ea
3084 3179 3230 3240 peste
3255 3171 3338 3226 in-

1746 3263 1912 3318 fectus
1939 3263 1989 3317 id
2009 3263 2059 3317 in
2095 3278 2154 3317 se
2177 3258 2373 3333 rapuit,
2407 3271 2462 3318 et
2485 3263 2586 3318 sibi
2609 3263 2721 3329 uni,
2748 3263 2888 3334 quod
2921 3265 3246 3336 Augustinus
3271 3264 3339 3320 de

1747 3356 2002 3412 industria
2036 3373 2138 3412 non
2167 3356 2392 3421 dixerat,
2423 3357 2622 3411 dictum
2651 3357 2893 3412 credidit.
2930 3356 2984 3412 ld
3024 3367 3201 3413 tamen
3252 3353 3340 3413 Ιιὸ-

1746 3458 1928 3503 nestus
1964 3447 2275 3502 adolescens
2325 3463 2429 3502 non
2471 3449 2534 3501 ad
2570 3449 2617 3502 ei
2657 3447 3102 3514 succenscndum,
3151 3449 3244 3502 St'tI
3271 3448 3338 3503 ad

1744 3558 1863 3597 cum
1891 3542 2166 3596 ardentius
2195 3541 2520 3612 diligendum
2549 3541 2788 3609 accepit,
2838 3550 2891 3595 et
2929 3556 2958 3594 a
2997 3524 3142 3594 circo
3184 3539 3338 3595 dein-

1743 3649 1871 3702 ceps
1899 3633 2183 3696 abstinuit;
2214 3649 2272 3686 ac
2289 3632 2501 3686 demum
2537 3648 2567 3687 a
2598 3644 2746 3702 patre
2774 3632 3062 3687 reluctante
3090 3631 3342 3701 impetra-

1743 3729 1838 3791 vit,
1867 3735 1922 3780 ut
1953 3725 2246 3796 Augustino
2273 3725 2526 3795 magistro
2576 3725 2648 3778 uti
2692 3725 2792 3779 sibi
2829 3723 3012 3779 liceret
3040 3741 3052 3777 :
3091 3721 3193 3778 hoc
3222 3721 3341 3777 solo

1745 3820 1947 3885 init-liv,
1981 3819 2120 3890 quod
2142 3818 2279 3887 ejus,
2309 3833 2466 3886 qnam
2508 3817 2847 3872 ostentabant
2889 3815 3183 3879 blatticluui,
3211 3830 3343 3870 con-

1745 3913 1980 3967 liuentia:
2019 3911 2198 3980 specie
2246 3909 2483 3977 delusus,
2523 3925 2708 3963 eorum
2747 3924 2806 3964 se
2830 3907 3202 3979 superstitione
3245 3919 3342 3975 per

1745 4005 1796 4060 id
1829 4013 2034 4074 tempus
2072 4002 2310 4059 involvit.

2345 4135 2573 4192 CAPUT
2604 4135 2737 4191 VIII.

1749 4256 1771 4308 l
1807 4256 2114 4326 Augustinus
2139 4270 2289 4321 quam
2320 4253 2467 4325 longe
2489 4252 2725 4306 abhorret
2752 4268 2784 4305 a
2811 4251 3001 4325 magia.
3028 4249 3067 4307 2
3099 4250 3172 4307 De
3198 4251 3343 4306 Albi-

1819 4347 1954 4400 cerio
1978 4346 2144 4398 ariolo
2171 4343 2472 4415 stupendum
2488 4343 2750 4415 quidpiam
2769 4352 3029 4396 memorat.
3061 4343 3095 4397 3
3116 4339 3343 4395 Astrolo-

1819 4441 1918 4510 gite
1945 4439 2238 4508 judiciarire
2262 4438 2377 4508 plus
2408 4437 2561 4490 nimio
2587 4435 2808 4489 tribuens
2829 4476 2844 4500 ,
2873 4434 2934 4485 ab
2956 4451 3014 4486 ea
3037 4449 3126 4502 per
3162 4431 3343 4484 Vindi-

1820 4532 2021 4584 cianum
2047 4539 2093 4582 et
2125 4528 2422 4582 Nebridium
2451 4526 2654 4580 avocari
2679 4542 2778 4578 non
2802 4532 2980 4594 potest.
3009 4523 3043 4576 4
3075 4521 3340 4577 Firminus

1820 4638 1935 4675 eum
1964 4620 2058 4673 hoc
2086 4635 2254 4672 errore
2283 4619 2504 4672 nesciens
2531 4615 2760 4671 exsolvit.
2787 4615 2820 4670 5
2846 4613 2987 4668 Libri
3013 4615 3078 4669 de
3106 4613 3338 4671 Pulchro

1819 4719 1867 4765 et
1895 4711 2029 4780 Apto
2057 4709 2126 4763 ad
2159 4707 2389 4762 Hierium
2409 4707 2605 4778 scripti.

1822 4826 1873 4880 l.
1905 4825 2102 4880 Priscis
2133 4823 2483 4878 litteratorum
2529 4821 2764 4876 moribus
2802 4829 3074 4891 acceptum
3105 4829 3254 4883 erat,
3281 4827 3342 4876 ut

1747 4915 2023 4988 praposito
2053 4913 2258 4984 publice
2298 4913 2546 4984 praemio,
2581 4928 2760 4968 coram
2799 4923 2960 4981 atque
3002 4912 3053 4968 in
3096 4911 3337 4978 theatro,

1749 5008 1984 5063 carmine
2013 5007 2367 5070 decertarent,
2390 5005 2675 5060 adinveuta
2704 5005 3086 5060 exercitatione
3115 5005 3180 5059 ad
3205 5005 3339 5060 libe-

1749 5101 1889 5155 rales
1915 5109 2058 5154 artes
2084 5097 2358 5160 fovendas,
2384 5097 2571 5152 alenda
2601 5095 2798 5160 studia,
2829 5112 2891 5150 ac
2923 5097 3172 5167 prmehra
3195 5111 3341 5166 qua:-

1749 5206 1852 5260 que
1880 5191 2088 5261 ingenia
2134 5189 2354 5244 honesta
2407 5189 2744 5243 :cmulatione
2781 5189 3017 5244 acuenda
3053 5189 3337 5244 stimulan-

1748 5282 1939 5352 daque.
1967 5281 2061 5336 llic
2083 5280 2236 5334 Indus
2262 5279 2516 5334 solemnis
2545 5293 2665 5333 cum
2693 5287 2836 5332 esset
2863 5277 3201 5349 Carthagine,
3233 5281 3342 5332 Au-

1747 5375 1993 5444 gustinus
2016 5389 2111 5429 seu
2140 5373 2342 5427 ratione
2370 5372 2484 5442 ejus
2510 5371 2652 5442 quod
2682 5372 3036 5441 cap:-ssivt-rat
3069 5371 3336 5434 muneris,

1749 5482 1844 5520 seu
1874 5463 2174 5520 ostentandi
2203 5463 2508 5533 ingeniiaut
2538 5461 2856 5516 ventitanda:
2886 5463 3014 5516 artis
3039 5477 3227 5520 causa.
3259 5460 3336 5512 lu-

1747 5555 1952 5609 dierum
2002 5551 2131 5608 illud
2171 5561 2440 5608 certamen
2483 5552 2615 5606 inire
2651 5553 2945 5606 constituit.
2999 5551 3109 5604 lloc
3154 5542 3377 5602 Schtm'

1750 5644 2024 5700 meditanti
2045 5643 2258 5714 quidam
2281 5657 2508 5712 aruspex
2531 5641 2765 5708 mandat,
2789 5641 2912 5710 quid
2935 5641 3032 5694 sibi
3055 5639 3178 5690 dare
3201 5652 3338 5691 mer-

1748 5737 1896 5794 cedis
1919 5737 2081 5794 vellet
2100 5777 2114 5798 .
2147 5745 2204 5792 ut
2227 5751 2285 5790 se
2312 5743 2626 5806 procurante
2652 5735 2904 5788 vinceret.
2934 5730 3127 5784 Verum
3156 5735 3339 5798 Augu-

1751 5831 1921 5888 stinus
1945 5829 2083 5886 foeda
2114 5829 2201 5888 illa
2222 5836 2552 5885 sacramenta
2579 5826 2870 5881 detestatus
2895 5831 2949 5879 et
2974 5823 3334 5892 abominatus,
