3948 6464
766 232 783 245 λη
806 222 819 247 λ
874 198 1003 252 λλκη
1114 239 1147 258 Α

798 253 839 261 ⁸⁷
1020 256 1079 283 ’νγ
1152 262 1169 277 ’.
1200 262 1228 279 λι

532 364 840 442 respondit,
865 376 1135 437 nunquam
1156 374 1254 432 se,
1276 357 1405 419 licet
1439 374 1637 418 corona
1670 360 1755 417 illa
1789 358 1925 417 foret
1950 376 2112 418 aurea

527 470 583 518 et
613 460 956 523 immortalis,
977 458 1061 513 vel
1090 471 1327 513 muscam
1353 454 1588 510 victoriae
1607 469 1717 508 sum
1745 454 1909 526 gratia
1941 454 2115 508 necari

530 555 917 627 permissurum
929 549 1102 624 (Conf.
1117 548 1208 604 lib.
1221 547 1277 612 4,
1290 565 1407 620 cap.
1423 546 1481 615 2,
1500 565 1552 601 τι.
1568 547 1643 618 5).
1657 546 1809 616 Quod
1833 545 1952 601 ideo
1964 546 2116 617 dixit,

529 645 654 718 quia
693 645 746 701 in
786 640 1133 699 exsecrandis
1172 638 1277 695 illis
1317 638 1592 696 sacriﬁciis
1629 637 1831 695 ariolus
1868 637 2117 693 animalia

528 747 814 796 necaturus
838 733 991 805 erat,
1014 743 1073 791 ut
1110 731 1258 790 hisce
1297 731 1474 804 impiis
1517 728 1806 789 honoribus
1844 732 2118 790 dzemones

529 832 829 904 Augustino
856 829 1236 901 suifragaturos
1264 826 1529 883 invitaret.
1562 826 1808 882 Attamen
1840 826 1939 881 hac
1981 840 2115 883 con-

529 933 727 996 tempta
754 923 1130 994 superstitione
1148 963 1165 989 ,
1191 919 1385 993 ingenii
1416 919 1617 975 viribus
1647 922 1901 975 coronam
1932 920 2117 991 agoni-

528 1017 715 1072 sticam
753 1013 1074 1084 reportavit,
1116 1026 1274 1084 quam
1313 1027 1343 1065 a
1375 1004 1685 1067 V’indieiano
1726 1010 1968 1074 medico,
2002 1022 2115 1067 tum

530 1106 891 1179 proconsule,
941 1102 1099 1174 capiti
1141 1119 1239 1158 suo
1282 1116 1387 1158 non
1431 1118 1564 1158 sano
1607 1102 1907 1173 impositam
1951 1100 2117 1159 fuisse

529 1198 735 1255 scribit.
763 1196 829 1252 Et
856 1194 973 1252 inec
996 1192 1212 1267 quidem
1240 1209 1306 1249 ex
1337 1186 1582 1249 narrandi
1611 1193 1819 1259 ordine,
1853 1209 2008 1265 quem
2035 1203 2115 1249 te-

529 1300 621 1347 net
641 1290 983 1360 Augustinus,
1008 1289 1060 1343 in
1084 1288 1214 1342 illud
1242 1295 1452 1357 tempus
1471 1302 1577 1358 quo
1602 1280 1843 1356 Tagastae
1866 1285 2112 1353 docebat,

528 1379 807 1437 referenda
830 1387 1157 1451 putaremus,
1178 1374 1276 1433 nisi
1306 1374 1574 1433 Pessidius
1594 1387 1775 1450 aperte
1796 1378 2119 1448 signiﬁcaret

529 1482 651 1531 eum
693 1474 861 1528 solam
898 1470 1294 1541 grammaticam
1334 1462 1574 1540 Tagastre
1619 1471 1779 1527 fuisse
1820 1471 2115 1542 professum

531 1563 855 1637 (Possidius,
895 1562 949 1617 in
988 1560 1099 1617 Vita
1135 1563 1372 1633 August,
1402 1579 1447 1615 c.
1477 1559 1568 1631 l);
1612 1570 1667 1616 et
1706 1560 1806 1617 nisi
1848 1571 2117 1620 constaret

527 1656 850 1721 Numidiam,
875 1656 929 1709 in
950 1671 1049 1725 qua
1077 1654 1175 1710 sita
1201 1664 1285 1709 est
1313 1653 1556 1721 Tagasta,
1580 1668 1687 1708 non
1717 1670 1745 1708 a
1772 1655 2115 1724 proconsule,

528 1758 588 1807 ut
612 1748 1003 1819 Carthaginem,
1026 1736 1118 1801 sed
1140 1761 1168 1799 a
1190 1745 1455 1801 consulari
1484 1732 1646 1800 luisse
1671 1746 2113 1803 administratam.

528 1841 749 1896 Accedit
779 1837 938 1906 illud,
965 1837 1107 1909 quod
1133 1836 1393 1907 ejusmodi
1430 1836 1721 1891 certamina
1746 1838 2014 1911 primariis
2037 1838 2115 1895 ci~

528 1934 783 1990 vitalibus
830 1933 998 2003 magis
1039 1931 1377 1987 conveniant.
1420 1930 1494 1984 Ita
1535 1930 1746 1987 videtur
1788 1930 2118 2003 Augustinus

529 2028 799 2098 prioribus
844 2022 990 2080 hisce
1031 2024 1204 2093 quarti
1251 2021 1371 2077 libri
1413 2019 1816 2076 Confessionum
1860 2023 2118 2090 capitibus

530 2118 719 2174 ordine
758 2133 937 2173 rerum
978 2133 1040 2172 ac
1080 2128 1377 2187 temporum
1414 2117 1632 2171 minime
1653 2125 1888 2179 servato,
1918 2117 2115 2185 passim

528 2219 688 2280 atque
728 2208 1189 2263 indiscritninatim
1235 2220 1485 2271 narrare,
1514 2222 1633 2275 qua:
1673 2208 1768 2275 ipsi
1808 2208 2118 2264 acciderunt

528 2299 599 2355 ab
640 2315 784 2356 anno
823 2300 996 2355 aetatis
1043 2298 1446 2369 undevigesimo
1493 2298 1560 2351 ad
1606 2298 2117 2368 duodetrigesimum

529 2406 733 2463 usque,
782 2400 838 2446 ut
879 2391 991 2461 ipse
1038 2390 1206 2446 innuit
1254 2392 1406 2445 mitto
1447 2391 1638 2458 capitis
1672 2389 1826 2459 primi
1852 2409 1864 2444 :
1890 2407 2117 2461 quorum

529 2484 790 2556 pleraque
829 2482 969 2537 haud
1005 2482 1163 2536 dubie
1198 2482 1534 2551 contigerunt
1576 2492 1693 2551 post
1726 2483 1843 2551 ejus
1887 2483 2117 2538 reditum

529 2572 936 2645 Carthaginem;
964 2572 1114 2641 cujus
1151 2580 1328 2627 tamen
1372 2572 1516 2626 nulla
1547 2582 1722 2627 exstat
1747 2573 1948 2629 mentio
1974 2575 2118 2645 prius

532 2680 689 2737 quam
719 2665 894 2735 capite
914 2663 1032 2717 libri
1054 2663 1290 2731 ejusdem
1320 2664 1567 2733 septimo.

600 2756 659 2812 2.
703 2756 845 2812 Vidit
869 2759 919 2810 in
946 2755 1049 2810 illis
1072 2756 1227 2810 annis
1245 2754 1565 2825 Carthagine
1596 2755 1889 2818 hominem.
1911 2756 1994 2812 cui
2026 2757 2119 2811 Al-

533 2848 733 2905 blcerio
774 2860 999 2911 nomen,
1028 2856 1167 2901 tanta
1208 2840 1477 2900 divinandi
1506 2848 1721 2901 solertia
1752 2848 2080 2923 celebratum
2100 2889 2115 2914 ,

534 2950 590 2995 ut
610 2956 726 2996 eam
750 2939 820 2995 ob
840 2954 1051 2993 causam
1075 2954 1178 2991 non
1201 2938 1371 2992 solum
1396 2938 1463 2994 ab
1490 2939 1732 3009 imperita
1759 2940 2116 3006 multitudine,

533 3032 627 3089 sed
657 3037 815 3087 etiam
857 3029 925 3086 ab
966 3030 1189 3085 eruditis
1235 3030 1362 3085 viris
1403 3036 1797 3086 conveniretur.
1838 3032 2119 3102 Quidpiam

534 3126 673 3179 inter
700 3123 802 3177 alia
842 3121 911 3177 de
950 3124 1050 3177 hoc
1072 3123 1243 3176 ariolo
1272 3124 1544 3177 memoria:
1575 3123 1746 3192 prodit
1776 3124 2121 3195 Augustinus,

535 3215 675 3286 quod
721 3214 1001 3269 insolentia
1049 3228 1142 3268 sua
1183 3223 1239 3269 et
1281 3214 1644 3283 magnitudine
1686 3216 1841 3271 tidem
1870 3234 2123 3288 superare

536 3305 795 3361 videatur.
820 3303 950 3359 Nam
980 3319 1086 3358 uno
1109 3318 1175 3360 ex
1197 3306 1476 3374 Augustini
1511 3306 1787 3377 discipulis
1805 3324 1927 3365 eum
1956 3310 2121 3366 iaces-

536 3409 688 3453 sente
721 3404 784 3452 ac
824 3394 1121 3467 petulanter
1163 3405 1384 3467 rogante
1428 3408 1485 3451 ut
1528 3398 1759 3454 ediceret
1796 3400 2120 3471 Albicerius,

536 3488 663 3560 quid
709 3487 821 3559 ipse
851 3488 939 3559 qui
968 3486 1188 3560 rogabat
1212 3504 1395 3545 secum
1424 3491 1603 3547 animo
1630 3494 1821 3548 tacitus
1847 3495 2119 3551 volveret:

538 3580 743 3651 Virgilii
770 3596 995 3637 versum'
1018 3596 1140 3637 eum
1188 3583 1421 3652 cogitare
1469 3585 1763 3654 respondit.
1810 3587 1961 3656 Quod
2004 3604 2124 3643 cum

537 3671 763 3729 iuﬁciari
811 3688 917 3728 non
964 3682 1141 3741 posset
1180 3671 1514 3739 adolescens,
1566 3677 1798 3744 perrexit
1840 3694 2122 3748 quaerere,

538 3766 782 3836 quisnam
824 3760 870 3819 is
904 3778 1090 3819 versus
1125 3774 1305 3819 esset:
1331 3764 1631 3822 Albicerius
1667 3769 1912 3839 quamvis
1950 3786 2127 3840 gram-

540 3855 749 3910 matica:
773 3851 1009 3908 scholam
1040 3854 1126 3908 vis
1153 3855 1419 3909 transiens
1439 3854 1656 3911 vidisset
1681 3858 1987 3930 aliquando,
2010 3876 2129 3915 ver-

539 3960 657 4001 sum
705 3946 873 4015 ipsum
918 3944 1171 4001 continuo
1203 3948 1427 4001 tidenter
1464 3957 1517 4003 et
1550 3946 1782 4017 jocuude
1806 3950 2123 4007 decantavit.

545 4035 856 4091 Flaccianus
902 4052 1113 4107 quoque
1138 4036 1220 4091 vir
1246 4038 1605 4105 clarissimus,
1635 4041 1721 4110 qui
1763 4044 2126 4110 proconsulari

539 4142 760 4182 munere
786 4128 837 4183 in
864 4128 1036 4183 Africa
1074 4128 1284 4185 functus
1324 4139 1434 4195 est,
1465 4140 1586 4186 cum
1613 4131 1681 4186 de
1708 4131 1872 4188 fundo
1898 4134 2127 4190 emendo

542 4218 830 4287 cogitaret,
860 4218 1103 4289 quaesivit
1132 4236 1198 4275 ex
1227 4220 1413 4277 eodem
1439 4222 1723 4288 Albiccrio,
1754 4236 2000 4293 possetne
2043 4226 2125 4281 iu-

540 4308 671 4363 itum
698 4322 727 4361 a
750 4322 809 4364 se
853 4300 920 4364 de
946 4325 1005 4365 re
1028 4310 1258 4380 gerenda
1281 4311 1561 4367 consilium
1578 4315 1785 4381 aperire
1810 4332 1825 4369 :
1848 4316 1935 4370 ille
1950 4318 2127 4372 statim

540 4405 595 4453 et
620 4399 815 4470 negotii
837 4414 1027 4470 genus,
1055 4410 1109 4455 et
1134 4401 1303 4471 ipsum
1334 4400 1479 4455 fundi
1511 4416 1704 4457 nomen
1734 4406 2126 4474 pronuntiavit;

538 4502 661 4543 cum
693 4489 761 4544 ita
791 4500 931 4546 esset
971 4490 1259 4546 absurdum
1280 4531 1296 4560 ,
1326 4500 1384 4546 ut
1411 4491 1499 4547 vix
1526 4492 1643 4561 ejus
1666 4490 1979 4550 Flaccianus
2018 4498 2129 4567 ipse

538 4581 890 4636 meminisset.
921 4580 1231 4639 Flaccianus
1259 4592 1467 4650 tamen,
1496 4584 1600 4638 alta
1627 4596 1805 4643 mente
1840 4587 2124 4657 prteditus,

540 4673 669 4728 illud
697 4673 1037 4730 divinationis
1063 4692 1232 4748 genus
1269 4678 1577 4747 deridebat,
1608 4679 1748 4750 quod
1774 4681 2004 4751 cuipiam
2032 4682 2129 4738 ab-

537 4764 837 4835 jectissimo
878 4768 1084 4835 spiritui
1125 4770 1422 4835 tribuebat;
1460 4785 1567 4840 quo
1607 4771 1697 4826 ille
1740 4771 1985 4839 amatus,
2012 4771 2129 4828 hinc

542 4857 872 4926 respondere
898 4856 1087 4913 solitus
1113 4867 1259 4914 esset
1283 4876 1296 4913 :
1318 4861 1511 4930 quippe
1540 4876 1659 4916 cum
1686 4873 1769 4918 sat
1795 4864 2055 4920 acuminis
2074 4872 2130 4921 et

531 4934 849 5002 subtilitatis
870 4948 993 5001 insit
1010 4949 1357 5014 daemonibus,
1374 4951 1531 5005 etiam
1548 4953 1613 5005 ad
1632 4968 1692 5007 ea
1713 4969 1830 5025 quae
1853 4955 1905 5010 in
1927 4969 2131 5011 memo-

539 5038 676 5093 riam
705 5050 937 5094 nosuam
970 5032 1316 5104 incuri-crint,
1348 5044 1735 5111 cognoscenda.
1774 5046 2127 5114 Quamobrem

534 5128 859 5187 hortabatur
895 5147 989 5188 eos
1019 5132 1106 5203 qui
1146 5133 1213 5188 de
1242 5130 1344 5187 hoc
1370 5133 1583 5190 fatidico
1611 5137 1978 5207 loquerentur,
2008 5142 2128 5196 ani-

540 5236 662 5278 mos
688 5231 744 5277 ut
768 5239 892 5279 suos
917 5226 993 5281 illi
1018 5225 1326 5282 divinationi
1350 5228 1680 5297 praeferrent,
1709 5246 1911 5303 eosque
1936 5233 2006 5288 ita
2037 5249 2130 5289 ro-

540 5315 817 5380 borarent,
846 5327 905 5373 ut
933 5316 1119 5373 borum
1148 5317 1485 5375 invisibilium
1512 5323 1651 5377 aeris
1670 5323 1947 5392 spirituum
1979 5335 2131 5381 natu-

546 5423 665 5465 ram
717 5418 932 5478 possent
973 5412 1370 5469 transcendere.
1398 5413 1581 5485 quue
1630 5416 1831 5471 facilius
1878 5416 1930 5473 id
1970 5435 2129 5477 omne

442 5496 447 5500 ’
542 5504 691 5582 ᾳ·θαὶ
744 5512 953 5573 poterat
993 5504 1253 5561 daemonis
1300 5522 1421 5564 esse
1466 5508 1789 5577 ludibrium,
1835 5509 1978 5580 quod
2018 5527 2126 5567 non

541 5602 779 5650 omnium
820 5594 980 5652 modo
1021 5598 1362 5654 scientiarum
1403 5599 1831 5671 imperitissimus
1872 5608 1987 5653 erat
2030 5601 2128 5656 iste

456 5692 469 5701 ‘
542 5684 876 5760 Albucius,
901 5687 1000 5746 sed
1036 5690 1199 5748 etiam
1240 5689 1451 5767 ﬂagitiis
1494 5700 1652 5762 atque
1693 5690 1840 5744 onmi
1864 5687 2129 5748 dedecore

2774 153 2822 178 ,ξολ

3000 202 3017 207 ,μ
3038 198 3073 207 ,γι
3098 192 3153 211 ,1,-
3184 195 3213 204 γι
3234 190 3254 210 ς

1694 237 1851 297 νιτΑ
1885 220 2711 307 εωαυετωικεωοοη
3756 218 3824 306 ὐ

2226 365 2471 434 infamis;
2489 376 2543 424 et
2562 368 2607 424 si
2628 362 2949 439 quandoque
2976 362 3188 421 veritati
3213 368 3586 435 congruenter
3601 377 3820 439 respon~

2222 456 2413 526 debat,
2440 473 2584 529 strpe
2607 468 2781 513 tamen
2812 458 3197 515 allucinabatur
3218 458 3423 528 (Contra
3442 458 3819 529 Academicos,

2223 548 2312 603 lib.
2333 550 2383 613 1,
2404 565 2490 602 nn.
2519 550 2604 612 i7,
2631 549 2740 612 18).

2229 668 2233 681 τ
2296 640 2351 696 5.
2380 638 2499 697 Non
2535 640 2756 711 perinde
2797 642 2865 697 ab
2907 642 3225 713 astrologia,
3273 656 3427 713 quam
3471 641 3821 707 iudiciariam

2223 742 2443 799 vocant,
2473 742 2636 804 atque
2664 751 2691 787 a
2722 734 2890 809 magia
2921 734 3240 791 abhorrebat
3274 737 3657 809 Augustinus;
3682 736 3822 811 quod

2223 828 2312 883 illa
2355 828 2529 883 nullas
2566 827 2633 883 ad
2674 825 3015 883 divinandum
3054 826 3332 883 adhiberet
3373 843 3606 897 preces.
3652 830 3821 889 nullas

2222 920 2521 975 immolaret
2566 919 2800 984 hostias,
2833 919 2976 974 omni
3015 934 3138 976 cum
3181 919 3421 974 dzemone
3459 922 3818 999 eonimercio,

2222 1012 2472 1081 omnique
2502 1012 2713 1068 demum
2737 1011 3111 1081 superstitioso
3134 1011 3237 1066 ritu
3260 1026 3445 1067 carere
3469 1012 3585 1068 sibi
3611 1008 3815 1072 videre-

2222 1112 2326 1159 tur.
2360 1104 2434 1159 Ea
2460 1111 2675 1175 propter
2699 1104 2889 1175 planos
2914 1104 3057 1171 illos,
3082 1118 3218 1175 quos
3246 1103 3375 1159 olim
3405 1103 3817 1162 mathematicos

2221 1195 2582 1266 appellabant,
2605 1195 2886 1253 consulere
2932 1210 3040 1251 non
3087 1194 3416 1251 desistebat:
3446 1194 3603 1265 quod
3648 1205 3815 1254 tamen

2220 1286 2508 1342 christiana
2535 1297 2587 1344 et
2609 1302 2730 1342 vera
2764 1288 2933 1357 pietas
2965 1286 3168 1357 repellit
3190 1296 3243 1341 et
3262 1286 3501 1342 damnat.
3524 1287 3693 1343 Grata
3715 1298 3818 1345 erat

2222 1377 2362 1433 haud
2385 1380 2545 1434 dubie
2572 1378 2899 1433 adolescenti
2921 1379 3039 1433 trita
3064 1378 3149 1435 illa
3176 1393 3361 1433 eorum
3385 1378 3674 1433 hominum
3703 1395 3813 1435 ora-

2222 1470 2317 1536 tio,
2340 1486 2442 1540 qua
2472 1471 2646 1540 pravis
2668 1470 3045 1539 cupiditatibus
3065 1470 3279 1543 egregie
3298 1469 3811 1526 adblandiebantur:

2220 1560 2300 1617 De
2323 1563 2446 1617 εωΙο
2471 1564 2560 1618 tibi
2598 1573 2669 1619 est
2697 1562 2993 1619 inevitabilis
3030 1580 3187 1619 causa
3226 1564 3505 1632 peccandi;
3534 1573 3621 1628 et,
3666 1563 3813 1620 Venus

2223 1653 2317 1707 hoc
2341 1654 2481 1723 fecit,
2504 1663 2589 1707 aut
2615 1652 2895 1716 Saturnus,
2920 1664 3009 1708 aut
3035 1640 3087 1708 Μ
3095 1671 3177 1708 ars
3200 1669 3219 1708 :
3239 1655 3425 1709 scilicet
3455 1664 3512 1707 ut
3546 1655 3700 1710 homo
3719 1655 3813 1711 sine

2222 1744 2371 1815 culpa
2410 1744 2504 1812 sit,
2540 1762 2659 1799 caro
2683 1756 2728 1799 et
2754 1746 2961 1817 sanguis
2991 1758 3036 1801 et
3064 1747 3280 1816 superba
3312 1738 3568 1814 putredo;
3610 1749 3811 1823 culpan-

2221 1837 2319 1890 dus
2344 1834 2407 1891 sit
2432 1844 2597 1890 autem
2619 1836 2731 1891 cali
2749 1855 2808 1889 ac
2827 1836 3049 1891 siderum
3074 1847 3267 1891 creator
3287 1848 3332 1890 et
3353 1836 3626 1892 ordinutor
3649 1834 3807 1910 (Conf.

2220 1927 2308 1982 lib.
2340 1928 2392 1994 4,
2416 1944 2531 1999 cap.
2556 1926 2610 1991 3,
2640 1945 2690 1980 η.
2724 1928 2803 1997 tl).
2830 1929 3002 1998 Atque
3028 1936 3083 1981 ut
3109 1938 3224 1982 erat
3251 1928 3463 1998 ingenio
3506 1927 3577 1981 ad
3609 1942 3805 1984 onmem

2221 2018 2303 2073 cui
2333 2035 2452 2075 sese
2504 2020 2847 2091 applicuisset
2884 2012 3217 2091 disciplinam
3258 2031 3506 2093 prompto
3545 2022 3809 2089 expedito-

2220 2128 2343 2183 que,
2366 2123 2566 2167 tantum
2596 2114 2645 2166 in
2672 2113 2944 2182 nugatoria
2972 2114 3057 2169 illa
3082 2113 3351 2169 divinandi
3379 2124 3497 2171 arte
3521 2114 3806 2185 profecisse

2222 2206 2521 2272 videbatur,
2554 2217 2613 2262 ut
2646 2208 2805 2261 veluti
2840 2208 3190 2276 peritissimus
3216 2208 3355 2263 illius
3381 2209 3446 2263 ab
3472 2210 3704 2264 curiosis
3730 2194 3804 2263 iu-

2224 2306 2459 2351 turorum
2483 2298 3181 2367 eventuuminquisitoribus
3208 2299 3475 2354 interdum
3503 2300 3805 2356 consulere-

2222 2384 2326 2441 tur.
2358 2387 2558 2457 Agebat
2601 2404 2695 2457 pcr
2738 2386 2786 2441 id
2832 2397 3045 2457 tempus
3083 2387 3404 2458 Carthagine
3429 2384 3801 2457 Viudicianus,

2221 2480 2312 2549 qui
2344 2492 2441 2548 pro
2465 2479 2683 2536 consule
2713 2488 2847 2544 erat,
2871 2496 3043 2550 eoque
3065 2481 3277 2533 nomine
3306 2480 3496 2534 victori
3522 2480 3807 2551 Augustino

2222 2586 2473 2626 coronam
2513 2586 2671 2641 supra
2715 2569 3400 2643 memoratamimposuerat
3425 2571 3619 2644 (Ibid,
3647 2589 3700 2624 η.
3724 2571 3802 2642 5),

2222 2646 2315 2718 vir.
2329 2678 2489 2737 sagax
2521 2663 2743 2718 medicae
2764 2664 2893 2718 artis
2921 2665 3292 2733 peritissimus,
3319 2674 3479 2734 atque
3502 2665 3559 2718 in
3587 2680 3648 2719 ea
3672 2662 3808 2719 nobi-

2224 2755 2482 2823 lissimus,
2514 2755 2581 2810 de
2611 2772 2716 2828 quo
2744 2757 2959 2811 disertis
2989 2755 3040 2811 id
3064 2758 3241 2811 verbis
3269 2752 3420 2812 aliert
3445 2774 3459 2809 :
3485 2748 3755 2813 Consultus
3776 2773 3803 2810 α

2222 2849 2461 2922 quodam,
2486 2848 2672 2920 inquit,
2703 2849 2869 2904 dolori
2896 2852 3005 2923 ejus
3030 2849 3257 2903 adhiberi
3270 2851 3425 2921 jussit
3450 2849 3593 2920 quod
3621 2851 3673 2905 in
3694 2860 3804 2903 tent-

2226 2959 2347 3013 pore
2376 2959 2649 3012 congruere
2674 2942 2970 3005 uidebatur;
2997 2941 3275 2995 adhibitum
3313 2943 3511 2998 sanitas
3557 2950 3802 2997 consecuta

2224 3044 2315 3086 est.
2327 3032 2518 3086 Deinde
2536 3044 2647 3104 post
2664 3050 2823 3087 annos
2834 3034 3209 3105 aliquoteadem
3227 3051 3399 3088 rursus
3416 3036 3653 3106 corporis
3671 3050 3806 3089 causa

2225 3135 2497 3190 commota,
2530 3124 2625 3179 hoc
2649 3126 2784 3180 idem
2810 3125 2896 3180 ille
2922 3128 3109 3198 putavit
3137 3127 3517 3193 adhibendum;
3542 3128 3804 3183 adhibitum

2225 3221 2367 3274 vertit
2394 3220 2446 3273 in
2474 3220 2638 3291 pejus.
2684 3219 2903 3275 Miratus
2940 3221 3151 3277 recurrit
3189 3219 3260 3274 ad
3300 3222 3555 3275 medicum
3577 3263 3593 3285 ,
3636 3219 3806 3274 indicat

2227 3316 2437 3382 factum.
2471 3312 2534 3364 At
2575 3312 2679 3377 ille,
2704 3322 2756 3366 ut
2794 3322 2901 3366 erat
2939 3314 3245 3376 acerrimus,
3268 3314 3342 3367 ita
3374 3315 3672 3386 respondit:
3697 3310 3804 3367 Ideo

2229 3403 2360 3456 male
2382 3414 2618 3473 acceptus
2646 3420 2697 3457 es
2715 3446 2729 3468 ,
2761 3406 2879 3475 quia
2903 3422 2993 3477 ego
3015 3423 3113 3459 non
3132 3407 3301 3476 jussi;
3333 3416 3384 3460 ut
3410 3424 3588 3463 omnes
3613 3407 3698 3481 qui
3724 3422 3804 3459 au-

2228 3494 2435 3560 dissent,
2465 3512 2743 3570 parumque
2762 3496 3011 3551 hominem
3039 3509 3276 3565 nossent,
3308 3516 3408 3553 non
3434 3516 3557 3555 eum
3580 3509 3687 3555 arte
3713 3514 3803 3552 meo

2229 3589 2436 3643 dicinali
2462 3589 2634 3657 ﬁdere,
2667 3589 2755 3645 sed
2783 3591 2948 3645 nescio
2977 3607 3076 3661 qua
3104 3591 3283 3646 illicita
3307 3594 3537 3662 potentia
3570 3598 3803 3664 putarent.

2233 3679 2381 3736 Unde
2402 3698 2516 3735 cum
2543 3692 2666 3735 esset
2690 3698 2721 3735 a
2740 3682 3035 3752 quibusdam
3066 3696 3237 3749 postea
3265 3688 3587 3755 stupentibus
3614 3686 3805 3738 interro-

2228 3782 2399 3845 gatus,
2422 3774 2619 3844 aperuit
2644 3774 2781 3845 quod
2808 3791 2906 3829 non
2934 3775 3300 3837 intellexerant,
3325 3778 3480 3833 videli
3490 3790 3568 3833 cet
3597 3776 3669 3831 illi
3686 3772 3805 3830 tetuli

2220 3865 2334 3934 jam
2360 3881 2458 3918 non
2488 3864 2581 3918 hoc
2600 3881 2653 3918 se
2671 3866 3102 3937 fuissejussurum
3133 3866 3326 3936 (Epist.
3360 3869 3485 3930 158.
3515 3887 3567 3925 η.
3700 3866 3805 3920 Ηςῐό

2231 3954 2297 4008 de
2328 3954 2637 4009 Vintliciano
2671 3956 2996 4026 Augustinus
3021 3972 3034 4011 :
3060 3955 3149 4027 qui
3175 3973 3295 4011 cum
3325 3958 3377 4012 in
3418 3959 3580 4027 hujus
3611 3956 3704 4010 viri
3733 3955 3800 4007 la-

2232 4047 2589 4102 miliaritatem
2634 4062 2754 4103 sese
2796 4050 3028 4119 penitius
3075 4050 3431 4116 insinuasset.
3476 4053 3641 4122 eique
3669 4061 3802 4103 suum

2232 4155 2355 4211 erga
2405 4138 2866 4196 Geuethliacorum
2926 4142 3091 4196 libros
3149 4141 3381 4209 studium
3440 4142 3493 4198 in
3558 4138 3802 4211 colloquio

2232 4233 2559 4302 aperuisset,
2616 4232 2743 4287 nihil
2790 4233 2876 4287 ille
2922 4234 3181 4303 reliquum
3241 4236 3363 4289 fecit
3396 4274 3413 4305 ,
3467 4251 3580 4309 quo
3652 4232 3803 4291 adole

2233 4331 2470 4377 scentem
2501 4321 2569 4376 ab
2612 4322 2959 4380 ludiﬁcatoria
2990 4334 3105 4381 arte
3151 4336 3437 4392 avocaret;
3486 4328 3713 4398 benigne
3750 4337 3801 4376 ac

2236 4425 2454 4486 paterne
2491 4417 2629 4485 (erat
2666 4416 2808 4471 enim
2852 4417 2929 4471 vir
2968 4418 3017 4472 id
3067 4420 3320 4489 temporis
3351 4420 3642 4479 admodum
3666 4425 3802 4479 anno

2236 4508 2562 4580 provectus)
2615 4524 2737 4564 eum
2792 4508 3106 4566 adhortatus
3135 4552 3151 4576 ,
3208 4516 3265 4573 ut
3306 4530 3375 4570 ne
3420 4529 3607 4569 curam
3659 4521 3800 4580 atque

2233 4616 2451 4669 operam
2483 4599 2643 4655 rebus
2675 4601 2890 4656 utilibus
2915 4604 3301 4671 necessariam,
3333 4605 3554 4660 vanitati
3590 4604 3666 4671 illi
3702 4588 3801 4661 ἥτε·-

2231 4698 2342 4757 stra
2392 4689 2744 4759 impenderet.
2773 4690 3044 4749 Aiebatse
3072 4709 3284 4765 quoque
3330 4694 3473 4750 inani
3532 4695 3656 4751 huic
3688 4699 3799 4749 stu-

2232 4779 2322 4836 dio
2361 4794 2531 4851 usque
2556 4780 2692 4836 adeo
2718 4779 2827 4852 jam
2864 4782 2986 4839 inde
3011 4798 3039 4835 a
3066 4785 3236 4855 prima
3271 4794 3425 4842 astate
3461 4785 3695 4843 deditum
3715 4822 3728 4845 .
3754 4787 3802 4835 ιιι

2232 4870 2391 4926 etiam
2412 4886 2479 4928 ex
2499 4886 2565 4927 eo
2582 4881 2839 4942 questum
2856 4870 3031 4930 facere
3044 4874 3394 4933 deliberaret:
3415 4892 3599 4934 verum
3620 4879 3799 4931 retecta

2232 4960 2352 5032 ejus
2390 4962 2520 5017 artis
2562 4962 2745 5021 fraude
2767 4966 3007 5021 animum
3047 4965 3115 5021 ad
3152 4966 3469 5025 medicinam
3512 4965 3801 5041 appulisse;

2233 5051 2373 5123 quod
2417 5052 2689 5124 indignum
2713 5050 3008 5125 iudicaret,
3033 5054 3349 5115 deludendis
3385 5056 3803 5129 decimeadisqw

2234 5143 2537 5199 hominibus
2557 5145 2753 5202 victum
2774 5146 2873 5201 sibi
2900 5160 3087 5216 parare
3109 5162 3123 5198 :
3144 5148 3359 5203 tametsi
3382 5149 3505 5203 huic
3522 5146 3804 5222 qualicum'

2234 5251 2337 5307 que
2377 5234 2673 5306 disciplinre
2708 5236 3067 5307 percipiendae
3102 5237 3244 5293 haud
3278 5239 3536 5309 imparem
3564 5255 3625 5295 se
3651 5234 3797 5291 ίιιίίεο

2233 5324 2602 5395 existimaret,
2628 5328 2718 5397 qui
2746 5327 2908 5382 libros
2937 5328 3271 5401 Hippocratis
3292 5340 3449 5400 captu
3485 5331 3638 5401 longe
3668 5321 3796 5382 ditii-

2233 5426 2461 5482 cillimos
2485 5429 2601 5482 sine
2627 5440 2819 5496 magno
2845 5427 3054 5497 negotio
3082 5426 3487 5496 legisset,atque
3521 5418 3794 5487 inuitatis-

2235 5527 2352 5573 set:
2375 5533 2483 5588 quo
2511 5519 2679 5589 magis
2704 5519 2779 5573 illi
2804 5519 3100 5584 videbatur,
3122 5520 3473 5591 Augustinum
3493 5536 3555 5577 ea
3581 5516 3794 5586 abjioere

2234 5607 2453 5678 debere,
2469 5611 2534 5665 ad
2550 5626 2669 5681 quae
2688 5610 2939 5667 sectanda
2959 5612 3099 5666 nulla
3113 5613 3189 5667 rei
3209 5613 3476 5668 familiaris
3499 5608 3792 5670 necessum

2237 5699 2559 5771 adigeretur;
2577 5702 2770 5773 quippe
2780 5702 3072 5775 enipi-testo
3094 5714 3238 5760 esset
3250 5718 3337 5759 ars
3353 5704 3640 5771 rhetorica.
3653 5696 3788 5768 cui"
