3948 6464
432 396 507 456 ετ
1578 380 1733 434 VITA
1786 373 1843 431 s.
1886 368 2249 430 AUGUSTINI
2288 370 2612 427 EPISCOPI.
3110 355 3113 359 ’
3654 372 3730 433 σε

438 515 617 570 autem
642 507 783 581 quod
815 506 934 562 ideo
958 504 1189 565 deceret,
1219 498 1469 568 quoniam
1499 502 1621 566 apte
1645 488 2019 548 accommoda-

440 616 592 664 retur
628 600 805 663 alicui,
835 598 974 654 sicut
1000 608 1119 664 pars
1155 590 1394 659 corporis
1422 588 1489 642 ad
1528 588 1833 641 universum
1871 594 2023 636 suum

442 692 631 772 (Ibid.,
662 708 778 761 cap.
819 688 908 753 15,
939 704 989 741 n.
1034 684 1150 755 20).
1185 681 1313 738 lude
1340 680 1406 734 ad
1431 677 1592 772 animi
1619 689 1831 772 quoque
1870 681 2026 772 natu-

442 764 558 846 ram
608 799 730 839 sese
776 774 1281 836 convertebatzsed
1334 772 1460 829 falsa
1504 770 1708 841 opinio.
1758 781 1916 839 quam
1961 764 2030 819 de

442 878 812 952 Spiritnalibus
843 873 1070 929 habebat
1107 869 1351 924 traditam
1381 865 1481 921 sibi
1523 878 1553 917 a
1584 860 2028 952 Matticbaeis,re-

446 949 566 1029 rum
588 982 811 1025 cernere
839 981 945 1021 non
972 963 1180 1019 sinebat
1208 959 1393 1029 (Ibid.,
1424 974 1535 1024 cap.
1569 954 1657 1014 l5,
1683 970 1737 1008 n.
1764 951 1881 1020 21).
1914 949 2031 1005 Iam

449 1075 563 1123 ttuu
590 1060 973 1119 interciderunt
996 1058 1047 1111 bi
1073 1057 1163 1111 lilu
1178 1056 1215 1118 i,
1238 1068 1355 1108 cum
1380 1048 1742 1106 confessiones
1761 1059 1884 1100 suas
1903 1043 2035 1098 scri-

450 1154 632 1217 beret;
684 1169 781 1207 nec
812 1161 941 1222 quot
984 1148 1303 1215 scripsis~et,
1354 1144 1465 1213 ipse
1512 1132 2032 1204 metninerat(lbid.,

448 1262 568 1315 cap.
602 1246 685 1308 l3,
718 1260 769 1296 n.
797 1241 909 1311 20).
947 1239 1067 1294 Illos
1093 1236 1157 1291 ad
1189 1234 1420 1289 llierium
1450 1231 1703 1284 Romana:
1738 1225 1885 1281 urbis
1913 1241 2034 1278 ura-

455 1347 628 1393 torctu
660 1336 966 1405 scripserat,
991 1332 1077 1402 qui
1101 1345 1221 1385 cum
1247 1340 1448 1398 gra-cas
1468 1338 1708 1395 appruue
1736 1322 1936 1374 litteras
1954 1333 2037 1373 ex-

453 1429 730 1491 coluissrt,
773 1424 949 1478 latina:
975 1420 1232 1476 facundiae
1262 1419 1447 1471 doctor
1480 1414 1757 1477 mirabilis,
1790 1423 1843 1465 ct
1883 1408 2038 1464 simul

453 1521 788 1577 clarissimus
810 1518 980 1571 a'tatis
1008 1530 1117 1568 suzc
1144 1509 1493 1582 pbilo~opbus
1519 1514 1779 1562 evaserat.
1814 1503 1943 1558 Eum
1973 1500 2041 1556 de

458 1611 592 1667 faeie
620 1626 724 1665 nou
754 1618 972 1663 noverat
1013 1604 1357 1675 Augustinus,
1389 1598 1481 1653 sed
1510 1598 1720 1652 amabat
1748 1612 1812 1649 ex
1839 1593 2039 1648 doctri-

456 1718 544 1761 nzn
567 1703 702 1757 larua
723 1710 777 1756 et
804 1700 1044 1755 claritate
1072 1695 1330 1757 nominis;
1360 1709 1421 1746 ac.
1446 1690 1689 1760 quadam
1716 1688 1855 1742 illius
1882 1686 2043 1739 verba

455 1798 720 1856 audierat,
758 1811 875 1865 que
919 1792 1015 1863 ipsi
1061 1790 1372 1845 arriscrant.
1422 1784 1557 1840 Ctttn
1602 1782 1778 1850 itaque
1811 1778 2045 1834 llicrium

459 1891 671 1961 plurimi
696 1887 909 1948 faceret,
940 1900 1122 1941 secum
1152 1880 1312 1951 praecl
1331 1895 1405 1930 Il't:
1433 1877 1512 1946 agi
1546 1876 1766 1945 putavit.
1808 1870 1947 1941 quod
1970 1870 2050 1923 lu-

460 1980 800 2037 cubrationes
829 1993 940 2032 sua:
964 1978 1029 2031 ad
1061 1975 1188 2029 tanti
1222 1972 1319 2026 viri
1348 1970 1587 2026 notitiam
1618 1973 1833 2037 possent
1859 1976 2049 2033 perre-

460 2072 581 2129 nire
601 2069 786 2141 (lbid.,
815 2085 931 2138 cap.
960 2066 1049 2133 N,
1066 2082 1123 2118 η.
1144 2062 1260 2131 21).

1095 2201 1320 2260 CAPUT
1360 2198 1448 2256 IX.

465 2322 495 2377 «Ι
540 2319 773 2376 Perditos
810 2318 1208 2373 Maniclneorum
1249 2329 1410 2368 mores
1443 2307 1769 2379 deprehendit
1813 2303 2055 2375 Augusti-

538 2428 652 2467 nus.
707 2409 744 2465 2
794 2408 987 2464 Horum
1037 2407 1250 2461 Auditor
1301 2400 1622 2459 Constantius
1666 2413 1750 2450 eos
1792 2398 2056 2448 emendare

539 2507 731 2573 frustra
759 2511 987 2559 conatus,
1017 2516 1071 2551 se
1102 2499 1153 2550 in
1190 2494 1429 2549 Ecclesia:
1456 2490 1716 2544 catholicae
1742 2488 1905 2542 sinum
1930 2485 2057 2538 reci-

541 2594 635 2662 pit.
678 2592 712 2644 5
750 2590 964 2645 Errores
1004 2604 1200 2656 quoque
1240 2586 1444 2639 illorum
1483 2584 1545 2635 ab
1588 2580 1869 2650 Augustino
1914 2593 2054 2630 com-

540 2682 690 2752 perti.
742 2682 777 2737 4
813 2681 936 2747 Quis
983 2689 1258 2749 quantusve
1305 2674 1523 2729 Faustus
1561 2673 1647 2726 ille
1686 2688 1718 2723 a
1758 2668 2058 2723 Maniclueis

539 2782 799 2841 tantoyere
833 2772 1156 2842 praedicatus.
1206 2770 1240 2824 5
1282 2766 1409 2836 Ejus
1450 2764 1650 2818 inscitia
1678 2762 1740 2815 ab
1775 2761 2057 2831 Augustino

542 2868 867 2936 deprehensa.
917 2866 951 2921 6
999 2863 1396 2919 Manicha'orum
1448 2856 1841 2915 imbecillitatem
1883 2854 2057 2908 audito

538 2958 737 3015 Fausto
761 2957 1013 3027 intelligit.

541 3072 596 3127 1.
644 3072 755 3127 Etsi
808 3084 994 3140 magna
1046 3068 1205 3122 animi
1246 3066 1601 3135 propensione
1646 3059 2056 3114 Maniebmorum

471 3171 633 3218 secta:
670 3176 729 3215 se
757 3160 1062 3227 adiunxisse
1094 3158 1359 3210 rideretur
1386 3152 1729 3221 Augustinus,
1762 3163 1933 3219 neque
1961 3146 2060 3200 mi-

473 3251 595 3308 nori
633 3253 809 3305 studio
847 3265 962 3304 eam
1016 3248 1148 3302 tueri
1198 3257 1357 3314 atque
1405 3256 1697 3312 propagare
1743 3249 2057 3301 conaretur;

476 3344 618 3400 haud
652 3346 721 3397 ita
759 3352 933 3397 tamen
963 3342 1010 3396 ei
1042 3354 1162 3395 sese
1188 3338 1483 3398 dediderat,
1516 3337 1640 3406 quin
1672 3334 1876 3388 tradita:
1916 3334 1967 3386 in
1998 3347 2059 3386 ea

473 3435 732 3492 doctrina:
772 3433 1033 3486 interdum
1065 3428 1539 3495 dil‘lidcret.Quam
1580 3426 1788 3494 suspicit
1812 3440 1932 3479 nem
1976 3439 2062 3478 suo

475 3526 600 3582 lcrti
650 3524 860 3595 ingenio
906 3540 1024 3578 mox
1067 3522 1309 3577 obortam
1349 3533 1467 3574 esse
1499 3518 1581 3573 vel
1617 3534 1683 3573 ex
1712 3534 1777 3573 eo
1819 3524 2058 3586 apparet,

477 3616 643 3687 quod,
691 3625 750 3670 ut
786 3616 1030 3686 superius
1071 3630 1101 3668 a
1148 3613 1298 3668 nobis
1340 3612 1675 3666 observatum:
1721 3620 1799 3665 est
1841 3608 2059 3679 (Supra,

477 3724 597 3777 cap.
623 3707 676 3771 6,
705 3725 755 3760 n.
781 3708 857 3777 3),
890 3706 1197 3760 Auditorum
1225 3702 1466 3759 ordinem
1497 3700 1836 3770 pm-tergredi
1860 3701 2060 3764 noluit,

479 3811 543 3855 ac
573 3806 683 3854 tum
704 3799 915 3852 demum
947 3811 1270 3867 magnopere
1290 3804 1495 3847 auctam
1530 3793 1917 3860 lit-mutantque,
1940 3803 2061 3842 cum

480 3890 643 3961 paulo
671 3890 841 3943 serius
870 3888 1011 3953 lieut,
1046 3886 1306 3941 intellexit
1333 3882 1651 3938 Manicltwos
1676 3883 1726 3933 iu
1759 3896 1800 3934 ι’.
1823 3879 2064 3932 fallendis

480 3980 690 4044 alienis,
718 3996 874 4048 quain
898 3982 947 4033 iu
977 3980 1087 4032 suis
1112 3976 1418 4031 :tSSt‘l‘elltlls‘
1438 3971 1795 4042 dogmatibus,
1823 3985 1941 4024 eSsc
1960 3969 2067 4023 elo-

481 4074 807 4142 quentiores.
845 4070 1023 4139 Neque
1053 4071 1192 4123 enim
1218 4068 1382 4121 latere
1408 4081 1527 4117 eum
1559 4071 1755 4133 posset,
1780 4077 1935 4131 quam
1967 4076 2065 4114 ex-

482 4162 719 4232 peditum
751 4163 885 4215 l'oret
920 4161 1089 4215 cuivis
1113 4159 1457 4213 mediocriter
1481 4156 1712 4218 emdito,
1747 4156 1797 4209 in
1841 4154 2064 4207 aliorum

483 4266 697 4307 errores
722 4251 889 4304 tnnlto
909 4251 1189 4303 verborum
1222 4250 1443 4313 strepitu
1467 4246 1675 4305 invehi;
1704 4261 1810 4315 quo
1833 4258 1937 4296 uno
1961 4244 2068 4296 lue-

484 4342 775 4398 reticorum
805 4339 1112 4395 earumdem
1145 4340 1307 4391 robur
1335 4351 1493 4390 otnne
1515 4336 1905 4390 eoutinebatur.
1934 4335 2067 4388 Cum

485 4432 629 4488 enim
662 4432 764 4487 hoc
793 4439 948 4502 pacto
989 4432 1279 4493 efﬁcerent,
1308 4436 1363 4480 ut
1395 4427 1522 4479 nulli
1559 4425 1792 4494 opinioni
1829 4423 2071 4480 adlta-re-

485 4539 639 4583 scere
670 4526 873 4585 liceret.
904 4524 955 4578 in
996 4523 1233 4593 ipsorum
1278 4520 1595 4576 sententiam
1626 4527 1736 4573 erat
1769 4518 2071 4572 necessario

485 4615 889 4670 transeundum.
925 4612 1103 4683 Itaque
1143 4611 1283 4666 nobis
1312 4610 1578 4682 faciebant.
1622 4608 1790 4678 iuqttit
1817 4606 2070 4679 Augusti-

487 4719 611 4762 nus.
639 4704 776 4775 quod
811 4704 1039 4757 insidiosi
1063 4718 1283 4772 aucupes
1322 4701 1498 4767 solent,
1531 4701 1616 4770 qui
1652 4700 1863 4754 uiscatos
1897 4715 2075 4751 surcu-

491 4796 570 4851 los
596 4804 801 4865 propter
825 4809 1008 4861 aquam
1035 4793 1283 4863 deﬁgunt,
1312 4802 1366 4844 ut
1394 4793 1610 4844 sitientes
1648 4807 1761 4844 aves
1795 4790 2068 4860 decipiant.

494 4885 725 4941 Obruunt
766 4886 917 4944 enim,
960 4892 1005 4936 et
1042 4898 1239 4951 quoquo
1280 4881 1427 4934 modo
1469 4882 1757 4951 cooperiunt
1796 4880 1925 4933 alius
1961 4895 2075 4950 qua!

490 4976 625 5031 circa
653 4984 768 5027 sunt
801 4990 975 5040 aquas,
1004 4973 1080 5027 vel
1106 4971 1225 5025 inde
1251 4971 1399 5025 etiam
1425 4972 1764 5040 formidolosis
1799 4972 2072 5025 molitioni-

492 5066 585 5120 bus
600 5064 869 5128 deterrent,
900 5075 950 5115 ut
970 5066 1021 5117 in
1040 5079 1213 5118 eorum
1233 5063 1396 5128 dolos,
1416 5078 1516 5116 non
1533 5063 1784 5122 electione,
1802 5066 1889 5117 sed
1902 5063 2074 5133 inopia

493 5156 725 5210 decidant
755 5155 856 5228 (De
893 5155 1059 5211 Utilit.
1095 5153 1347 5216 credendi,
1391 5170 1444 5206 n.
1484 5153 1563 5224 ἓ).
1604 5153 1775 5208 Multa:
1818 5162 2074 5223 praeterea

494 5249 926 5319 gravissima-que
940 5248 1324 5303 concurrebant
1342 5261 1535 5307 causaz,
1558 5262 1675 5317 qum
1692 5255 1952 5317 susceme
1968 5246 2077 5301 ha:-

493 5354 681 5396 rcseos
698 5339 962 5396 fastidium
992 5340 1065 5395 illi
1094 5341 1394 5409 ingererent
1419 5356 1432 5393 :
1465 5339 1557 5394 sed
1590 5339 1747 5394 nulla:
1767 5355 1889 5397 eum
1917 5342 2073 5396 velte.

494 5431 726 5487 mentius
767 5431 1194 5496 commovebant,
1224 5446 1380 5501 quam
1414 5430 1554 5501 quod
1586 5430 1845 5486 obscenos
1880 5431 2074 5501 depre-

494 5527 757 5585 henderat
792 5526 1200 5582 Manichaeorum
1233 5542 1431 5592 mores,
1473 5538 1527 5582 et
1566 5543 1594 5579 a
1625 5528 1818 5583 Christi
1847 5526 2071 5598 legibus,

494 5628 553 5673 et
597 5634 627 5672 a
675 5619 785 5673 suis
826 5622 1058 5687 ipmrum
1105 5619 1360 5672 institutis
1401 5618 1704 5682 longissime
1743 5619 2072 5674 aberrantes.

500 5710 713 5776 hostem,
753 5713 938 5780 inquit,
981 5728 1139 5764 annos
1177 5721 1323 5774 totos,
1360 5727 1539 5780 magna
1579 5726 1702 5764 cura
1738 5719 1783 5761 et
1818 5710 2077 5782 diligentia

495 5816 586 5860 ιω
615 5804 804 5867 audivi,
845 5803 1016 5858 nullus
1064 5803 1184 5857 mihi
1232 5803 1520 5858 Electorum
1555 5803 1862 5857 innotescere
1891 5805 2071 5872 potuit,

2130 486 2216 555 qui
2234 486 2504 539 secundum
2526 489 2634 540 lucc
2663 494 2911 558 praecepta
2931 501 3029 540 non
3049 493 3137 540 aut
3159 485 3494 557 deprehensus
3517 490 3580 541 in
3603 502 3733 556 pec.

2131 589 2261 639 cato,
2291 587 2379 632 aut
2416 588 2546 633 certe
2568 578 2842 649 suspicioni
2869 578 3095 634 subditus
3124 579 3296 649 fuerit.
3332 578 3481 633 Multi
3515 579 3577 632 in
3607 580 3729 635 vino
3768 574 3811 589 ”

2133 680 2177 727 et
2202 671 2455 736 carnibus,
2486 672 2631 725 multi
2657 669 2878 725 lavantes
2917 670 2968 724 in
2997 668 3188 724 balneis
3218 669 3403 723 inventi
3426 678 3566 723 sunt.
3616 668 3732 724 Sed

2135 762 2243 817 hac
2285 760 2628 815 audiebamus.
2672 758 2927 815 Nonnulli
2970 759 3165 815 alimus
3207 760 3419 832 feminas
3455 759 3737 815 seduxisse

2136 861 2403 930 approbati
2440 870 2573 926 sunt,
2608 860 2680 914 ita
2708 871 2760 915 ut
2787 860 2901 915 hinc
2931 862 3080 931 plane
3106 861 3337 917 dubitare
3374 879 3473 916 non
3506 863 3733 933 possim.

2139 952 2246 1008 Sed
2290 955 2353 1007 sit
2398 963 2443 1007 et
2485 954 2593 1007 haec
2627 953 2786 1024 magis
2826 957 2963 1024 fama
3003 969 3154 1018 quam
3198 970 3384 1008 verum.
3450 953 3569 1007 Vidi
3616 955 3735 1025 ipse

2139 1061 2239 1097 non
2279 1043 2440 1107 solus,
2484 1043 2573 1098 sed
2610 1061 2723 1097 cum
2762 1045 2822 1098 iis
2854 1043 2940 1115 qui
2973 1045 3156 1113 partim
3186 1046 3297 1115 jam
3340 1044 3431 1099 illa
3471 1046 3737 1117 supersti-

2140 1136 2275 1187 tione
2298 1135 2489 1189 liberati
2516 1144 2651 1201 sunt,
2683 1137 2869 1204 partim
2894 1136 3060 1189 adhuc
3086 1147 3205 1204 apto
3234 1146 3289 1189 ut
3316 1136 3630 1201 liberentur;
3661 1138 3741 1191 vi-

2142 1225 2308 1277 dimus
2340 1241 2457 1295 ergo
2486 1225 2536 1278 in
2561 1225 2822 1297 quadrivio
2856 1223 3196 1296 Carthaginis,
3228 1228 3279 1280 in
3309 1227 3478 1298 platea
3507 1228 3740 1282 celeber-

2143 1318 2293 1382 rima,
2322 1335 2419 1371 non
2455 1334 2629 1382 unum,
2672 1319 2761 1372 sed
2789 1316 2958 1389 plures
2994 1334 3143 1389 quam
3184 1326 3283 1373 tres
3316 1318 3515 1375 Eiectos
3552 1322 3735 1389 simul,

2146 1419 2255 1479 post
2287 1418 2596 1463 transeuntes
2622 1425 2654 1463 η
2684 1407 2787 1463 scio
2805 1426 2931 1479 quas
2952 1409 3164 1480 feminas
3185 1419 3287 1463 tam
3313 1413 3561 1479 petulanti
3588 1424 3740 1483 gestu

2146 1501 2433 1565 adhinnire,
2477 1512 2529 1554 ut
2562 1502 2784 1554 omnium
2838 1501 3106 1555 trivialium
3149 1501 3516 1570 impudicitimn
3558 1504 3742 1577 impu-

2149 1596 2464 1664 dentiamquc
2488 1604 2799 1664 superarent.
2841 1593 2988 1660 Quod
3021 1593 3084 1647 de
3113 1611 3297 1665 magna
3324 1596 3487 1649 venire
3514 1612 3739 1651 consue-

2151 1686 2339 1749 tudine,
2386 1697 2533 1753 atque
2564 1686 2680 1740 illos
2710 1687 2838 1738 inter
2881 1703 2935 1740 se
2976 1686 3046 1738 ita
3086 1685 3263 1746 vivere,
3306 1686 3430 1741 satis
3462 1687 3740 1753 eminebat,

2150 1778 2553 1848 quandoquidem
2595 1776 2764 1832 nullus
2801 1778 2923 1832 sorii
2963 1780 3279 1846 prasentiam
3322 1780 3529 1845 veritus,
3566 1797 3745 1837 omnes

2151 1880 2237 1923 aut
2262 1880 2392 1924 certe
2420 1887 2540 1936 pene
2564 1886 2734 1923 omnes
2762 1869 2937 1923 eadem
2965 1870 3122 1923 teneri
3152 1881 3286 1937 peste
3306 1871 3585 1926 indicabat.
3623 1872 3745 1929 Non

2152 1962 2285 2015 enim
2310 1973 2449 2014 erant
2477 1962 2530 2015 hi
2565 1978 2626 2015 ex
2659 1976 2760 2014 una
2787 1962 2973 2026 domo;
3012 1961 3100 2015 sed
3126 1961 3318 2015 diverse
3349 1980 3558 2033 prorsus
3593 1964 3743 2019 habi-

2154 2060 2333 2117 tantes,
2377 2067 2442 2107 επ
2476 2069 2534 2106 eo
2561 2052 2671 2106 loco
2711 2052 2794 2106 ubi
2836 2062 3104 2106 conventus
3141 2052 3362 2105 omnium
3395 2057 3566 2123 fartus
3615 2063 3743 2123 erat,

2158 2147 2345 2216 pariter
2385 2149 2517 2216 forte
2560 2145 2934 2200 descenderant.
2989 2142 3099 2199 Nos
3140 2156 3304 2199 autent
3346 2147 3569 2217 graviter
3603 2163 3746 2201 com-

2156 2238 2299 2299 moti,
2322 2247 2539 2308 graviter
2562 2239 2713 2291 etiam
2740 2238 2899 2307 questi
2922 2254 3111 2290 sumus.
3148 2234 3272 2301 Quis
3292 2236 3492 2291 tandem
3518 2237 3619 2291 hoc
3639 2236 3749 2292 vin-

2157 2331 2448 2394 dicandam,
2481 2348 2579 2385 non
2618 2331 2784 2384 dicam
2816 2331 3131 2401 separatione
3170 2331 3233 2382 ab
3259 2330 3488 2393 ecclesia,
3528 2328 3625 2384 sed
3653 2344 3745 2398 pro

2159 2423 2501 2490 magnitudine
2520 2423 2723 2493 ﬂagitii,
2756 2422 3029 2476 vehementi
3053 2421 3229 2475 saltem
3258 2420 3634 2492 objurgatione,
3664 2437 3751 2474 ar-

2161 2514 2368 2567 bitratus
2390 2515 2499 2568 est?
2528 2513 2590 2568 Et
2614 2514 2719 2567 lucc
2744 2528 2847 2567 erat
2867 2530 3028 2568 omnis
3047 2515 3302 2568 excusatio
3327 2513 3652 2584 impunitatis
3677 2513 3744 2567 il-

2161 2607 2343 2665 lorum,
2366 2606 2501 2672 quod
2521 2622 2577 2660 eo
2597 2616 2832 2676 tempore,
2853 2622 2949 2675 quo
2969 2606 3310 2659 conventicula
3326 2621 3501 2659 eorum
3518 2607 3634 2675 lege
3648 2621 3748 2676 pato

2161 2697 2290 2751 blica
2316 2697 2711 2766 prohiberentur,
2746 2713 2807 2749 ne
2836 2695 2956 2766 quid
2986 2697 3094 2750 (tesi
3122 2696 3386 2766 proderent
3412 2696 3746 2750 metuebatur.

2161 2787 2231 2842 Id
2257 2788 2407 2841 etiam
2427 2786 2567 2841 nobis
2590 2803 2883 2855 responsum
2906 2796 2999 2848 est,
3022 2803 3136 2840 cum
3157 2785 3226 2839 ad
3248 2786 3382 2856 ipsos
3402 2788 3648 2856 primates
3666 2784 3751 2840 de-

2165 2879 2448 2933 tulissemus
2472 2889 2792 2947 conquestum
2815 2877 2954 2931 nobis
2974 2894 3077 2931 esse
3102 2877 3292 2931 mulier.
3310 2894 3378 2941 m,
3401 2878 3535 2946 quod
3556 2878 3615 2931 in
3633 2892 3753 2931 con-

2162 2968 2311 3035 clavi,
2342 2970 2424 3023 ubi
2449 2986 2561 3022 cum
2584 2968 2700 3022 aliis
2721 2968 2921 3040 feminis
2948 2977 3073 3030 erat,
3105 2968 3168 3022 de
3192 2968 3392 3022 illorum
3413 2968 3612 3022 scilicet
3629 2984 3750 3023 sano

2162 3060 2332 3114 ctitate
2376 3076 2572 3126 secura,
2625 3059 2862 3129 ingressis
2916 3056 3098 3112 Electis
3148 3059 3393 3128 pluribus,
3442 3069 3488 3111 et
3539 3059 3611 3112 ab
3654 3044 3753 3111 uno

2164 3154 2366 3209 lucerna
2392 3153 2652 3214 exstincta,
2685 3154 2923 3207 incertum
2952 3153 3096 3223 cujus
3121 3169 3312 3213 eorum,
3347 3152 3398 3204 in
3420 3150 3640 3204 tenebris
3662 3166 3752 3219 ap-

2165 3249 2318 3320 petita
2346 3258 2468 3302 esset
2494 3248 2754 3315 amplexu,
2795 3256 2843 3301 et
2878 3256 3048 3299 coacta
3077 3247 3128 3298 in
3158 3245 3430 3316 flugitium,
3459 3243 3559 3297 nisi
3590 3241 3752 3298 subsio

2166 3342 2251 3395 dio
2298 3340 2534 3394 clamoris
2570 3340 2819 3394 evasisset.
2862 3337 2974 3393 Hoc
3014 3338 3155 3392 nobis
3196 3353 3390 3410 quoque
3432 3336 3753 3391 nolissimtttlt

2166 3436 2328 3501 nefas,
2360 3431 2423 3484 de
2448 3440 2638 3501 quanta
2662 3429 3020 3484 consuetudine
3048 3430 3238 3484 venisse
3260 3428 3618 3482 arbitrandum
3642 3425 3755 3484 est?

2168 3522 2235 3575 Et
2264 3524 2357 3575 hoc
2382 3521 2571 3591 factum
2601 3530 2673 3576 est
2711 3538 2770 3574 ea
2803 3529 2963 3585 nocte,
2994 3536 3091 3588 qua
3121 3522 3264 3592 [estea
3288 3519 3427 3585 apud
3449 3535 3532 3571 vos
3567 3517 3756 3590 vigilia

2167 3611 2480 3666 celebrantur
2505 3612 2604 3685 (De
2634 3610 2860 3665 Moribus
2893 3610 3143 3674 Mauich.,
3168 3628 3218 3665 η.
3248 3609 3460 3680 68-70).
3484 3609 3646 3679 Quod
3675 3618 3754 3665 at-

2170 3705 2301 3758 tinet
2321 3704 2384 3757 ad
2410 3704 2850 3767 interdictionem,
2873 3716 2975 3772 qua
3002 3700 3273 3755 Mauicltaei
3302 3702 3450 3756 vetiti
3473 3710 3600 3755 sunt
3622 3716 3753 3758 cou-

2169 3802 2358 3849 ventus
2388 3808 2565 3863 agere,
2598 3801 2770 3848 exstat
2800 3810 2859 3846 ea
2888 3793 2954 3847 de
2994 3808 3053 3847 re
3078 3792 3159 3846 lex
3190 3807 3220 3845 a
3251 3791 3626 3847 Valentiniano
3655 3791 3753 3846 im-

2169 3897 2415 3957 peratore
2430 3885 2529 3940 lata
2546 3900 2686 3939 auio
2703 3882 3474 3955 trecentesimoseptuagesimo
3484 3881 3752 3939 secundo:

2169 3977 2412 4045 quamvis
2439 3974 2523 4030 ltic
2553 3974 2795 4043 princeps
2824 3975 2890 4026 ita
2915 3974 3125 4044 ingenio
3149 3983 3486 4044 comparatus
3509 3980 3681 4040 esset,
3702 3978 3757 4028 ut

2171 4066 2363 4134 cuique
2394 4064 2614 4119 liberam
2647 4064 2914 4134 religionis
2944 4063 3217 4135 optionem
3248 4064 3468 4133 ejusque
3496 4079 3655 4119 nsunt
3678 4061 3753 4118 ΐιο

2170 4159 2273 4213 cile
2303 4158 2645 4227 relinqueret.
2680 4156 3060 4226 Suspicionibus
3080 4150 3386 4223 vero'janua!
3405 4166 3612 4226 quaan
3636 4170 3755 4226 ape-

2171 4250 2446 4306 riebantur.
2482 4246 2651 4319 pergit
2678 4248 3020 4318 Augustinus,
3055 4264 3170 4302 cum
3203 4264 3285 4302 eos
3311 4247 3505 4301 invidos
3534 4247 3756 4302 invenie-

2175 4342 2368 4404 bamus,
2396 4357 2511 4394 eum
2535 4357 2732 4399 avaros,
2764 4356 2875 4394 cum
2902 4340 3167 4408 epularum
3189 4339 3545 4409 exquisiturum
3570 4337 3759 4392 avidis-

2172 4432 2345 4495 simos,
2386 4446 2501 4483 cum
2548 4430 2599 4483 in
2628 4431 2818 4501 jurgiis
2859 4429 3301 4498 frequentissimos,
3345 4445 3456 4481 cum
3499 4429 3564 4483 de
3612 4426 3754 4483 rebus

2172 4521 2367 4590 exiguis
2384 4520 2772 4575 ntobilissttnos?
2794 4518 2913 4574 Non
2942 4522 3109 4592 utique
3134 4520 3501 4573 arbitrabamur
3526 4536 3614 4575 eos
3636 4529 3757 4574 tem-

2175 4628 2353 4682 perare
2392 4628 2565 4681 posse,
2618 4628 2650 4664 a
2702 4611 2880 4678 quibus
2934 4628 2988 4667 se
3033 4622 3310 4680 ternperare
3355 4610 3753 4683 profitebantur,

2175 4709 2379 4774 quando
2426 4702 2637 4757 latibula
2682 4712 2728 4757 et
2770 4704 2997 4759 tenebras
3042 4704 3335 4759 invenirent.
3390 4700 3509 4757 Duo
3551 4700 3756 4773 quidam

2176 4804 2319 4849 erant
2347 4795 2728 4850 existimationis
2753 4796 2875 4850 satis
2914 4797 3077 4861 bona,
3114 4796 3255 4865 facili
3279 4797 3502 4867 ingenio,
3532 4807 3682 4863 aufue
3706 4792 3759 4846 in

2175 4887 2277 4941 illis
2312 4888 2419 4942 suis
2446 4888 2866 4954 disputationbus
2909 4890 3158 4960 principes
3195 4887 3337 4943 nobis
3364 4888 3584 4953 amplius
3608 4899 3755 4959 quam

2177 4980 2341 5032 ueteri
2372 4977 2768 5049 familiariusque
2792 4980 3066 5049 conjuncti.
3092 4979 3319 5045 Quorum
3352 4996 3503 5045 unus,
3529 4979 3614 5048 qui
3642 4992 3756 5050 pro-

2180 5081 2289 5139 pter
2318 5068 2486 5124 studia
2517 5070 2669 5124 etiam
2698 5070 2926 5125 liberalia
2954 5070 3094 5125 nobis
3117 5071 3306 5124 arctius
3335 5069 3642 5135 adhaerebat,
3682 5067 3757 5120 hic

2179 5176 2309 5213 nunc
2349 5159 2417 5212 ibi
2447 5176 2555 5215 esse
2592 5160 2845 5230 presbyter
2873 5160 3169 5214 dicitur:hi
3198 5161 3293 5215 sibi
3328 5160 3547 5232 graviter
3570 5156 3756 5213 invide-

2178 5248 2317 5317 bant,
2342 5262 2387 5305 et
2420 5251 2683 5324 objiciebat
2709 5252 2841 5305 alter
2872 5250 3044 5317 alteri,
3069 5266 3168 5307 non
3192 5252 3509 5307 accusatione
3542 5248 3752 5314 manifeo

2179 5355 2276 5411 sta,
2306 5345 2395 5400 sed
2419 5360 2648 5400 sermone
2674 5344 2813 5415 apud
2838 5360 2963 5408 quos
2988 5354 3203 5411 poterat,
3238 5354 3285 5397 et
3320 5346 3561 5407 susurris,
3602 5340 3665 5395 ab
3700 5350 3755 5390 eo

2179 5438 2421 5492 violenter
2458 5444 2752 5490 attetuatam
2788 5436 3059 5507 cujusdam
3099 5435 3360 5492 Auditoris
3397 5450 3627 5489 uxorem.
3658 5427 3757 5484 Ille

2180 5539 2347 5583 auum
2367 5546 2419 5581 se
2444 5544 2688 5600 purgans,
2716 5528 2914 5583 interim
2941 5528 3082 5598 apud
3109 5544 3201 5583 nos
3224 5528 3382 5582 alium
3408 5528 3631 5597 ejusdem
3653 5535 3758 5579 sce-

2182 5620 2299 5675 leris
2334 5617 2561 5675 Electum
2589 5619 2970 5687 criminabatur,
3011 5620 3100 5693 qui
3125 5619 3265 5691 apud
3293 5619 3522 5675 eumdem
3548 5616 3755 5673 Audito-

2181 5728 2306 5777 rent,
2333 5713 2473 5783 quasi
2502 5713 2694 5767 anticus
2723 5712 2999 5781 ﬁdissimus
3028 5712 3282 5768 habitabat
3310 5728 3330 5768 :
3353 5729 3499 5784 quem
3526 5710 3757 5782 quoniam

2183 5804 2344 5860 subito
2385 5806 2670 5877 ingrediens
2706 5822 2822 5861 cum
2863 5803 3071 5862 muliere
3110 5806 3527 5881 deprehenderat,
3567 5800 3756 5861 diu”

3945 1844 3948 1875 |

3945 1934 3948 1966 Ι

3945 2028 3948 2059 |

3945 2211 3948 2239 1

3946 2302 3948 2331 |

3945 2394 3948 2423 Ι

3945 2578 3948 2611 Ι

3944 2672 3948 2703 1
