3948 6418
155 461 220 524 η
1512 445 1714 501 unum
1751 443 2019 504 motus.
3322 441 3397 509 so
3473 444 3483 460 ‘

157 577 340 638 uitri
355 585 398 635 tt
417 573 644 632 adultae
660 569 728 627 ab
745 568 835 626 il.'o
851 567 1042 624 inimico
1057 573 1206 637 atque
1230 562 1399 618 invido
1425 560 1690 616 consilium
1799 558 2000 615 Electos
2019 558 2307 617 oriebantur
2331 559 2664 628 creberrima,
2695 559 3064 632 objiciebantur
3089 559 3152 616 ab
3178 560 3392 619 invicem

162 675 345 733 datum.
376 680 424 726 ut
439 669 518 722 illa
539 665 638 721 sibi
663 664 962 732 conﬂantur
977 657 1246 723 calumnia,
1271 673 1334 712 ne
1359 656 1404 709 si
1419 654 1542 725 quid
1567 669 1688 721 pro-
1793 651 2026 718 crimina,
2053 667 2166 723 qua:
2181 650 2271 707 ille
2308 653 2476 706 omnia
2493 669 2700 724 gemens
2718 653 2973 718 audiebat,
2995 654 3247 724 dabatque
3274 672 3392 727 ope-

166 765 310 828 derel.
334 759 604 816 addatur.
636 753 953 825 Angebamur
978 768 1087 817 nos,
1115 760 1160 804 et
1187 748 1531 804 molestissime
1553 747 1685 816 fere-

171 857 342 919 bamus.
363 849 480 922 quod
507 847 704 905 etiamsi
727 845 793 900 de
815 843 1034 914 appetita
1055 839 1264 895 muliere
1285 841 1529 894 incertum
1558 844 1685 902 erat,

167 949 279 1004 ἂν
294 957 436 1001 tuen
457 943 506 996 iu
525 942 626 996 illis
648 939 864 999 duobus.
886 935 1064 1006 quibus
1085 934 1312 988 meliores
1335 933 1402 986 ibi
1427 948 1526 986 non
1547 930 1686 985 inve-

164 1037 400 1098 om.
424 1033 690 1102 apparebat
716 1027 1012 1085 acerrimus.
1048 1035 1098 1080 et
1126 1024 1230 1079 alia
1262 1023 1511 1092 conjicere
1536 1037 1686 1092 coge-

161 1131 245 1185 ια.
281 1126 515 1182 Postremo
541 1125 594 1177 in
620 1121 826 1176 theatris
857 1117 1056 1173 Eiectos
1091 1125 1140 1170 et
1180 1125 1347 1178 etate,
1373 1122 1441 1178 et,
1471 1123 1522 1165 ut
1551 1111 1687 1166 video

154 1222 320 1274 bantur.
346 1216 558 1270 moribus
579 1228 770 1282 graves,
805 1225 919 1264 cum
953 1225 1071 1263 sene
1099 1206 1385 1278 presbytero
1412 1202 1687 1274 saepissime

147 1308 400 1362 invenimus.
434 1303 620 1358 Omitto
628 1303 860 1370 juvenes.
887 1314 1012 1363 quos
1039 1297 1190 1351 etiam
1216 1295 1438 1348 rixantes
1466 1309 1556 1361 pro
1576 1309 1684 1346 sce-

141 1402 246 1456 nicis
282 1411 323 1455 et
353 1399 542 1468 aurigis
578 1393 943 1465 deprehendere
980 1388 1300 1451 solebamus;
1321 1400 1433 1457 qut:
1473 1403 1552 1440 res
1582 1401 1685 1439 non

137 1492 348 1547 stationi
381 1496 671 1559 argumento
707 1493 806 1549 est,
828 1479 1081 1551 quomodo
1118 1496 1172 1534 se
1209 1478 1400 1550 possint
1433 1477 1687 1531 continere

133 1587 186 1638 ab
205 1582 413 1642 occultis,
441 1597 557 1634 cum
576 1593 683 1632 eam
716 1575 1044 1646 cupiditatem
1079 1586 1320 1641 superare
1345 1584 1444 1623 non
1467 1568 1680 1639 possint,

130 1690 228 1745 quc
259 1673 366 1726 illos
399 1670 695 1725 Auditorum
739 1680 947 1720 suorunt
986 1661 1147 1717 oculis
1180 1667 1396 1715 ostentat
1431 1667 1475 1712 et
1517 1657 1685 1728 prodit

129 1764 435 1820 (πώεα-ωδ
451 1770 599 1831 alque
619 1758 916 1832 fugitantes.
945 1756 1020 1809 An
1041 1770 1154 1808 vero
1175 1752 1312 1806 illius
1327 1752 1479 1806 etiam
1499 1749 1680 1814 sancti,

128 1857 186 1908 ad
219 1870 354 1925 cujus
386 1851 748 1922 disputationes
787 1847 841 1901 in
877 1847 1168 1916 ficariorum
1207 1843 1370 1896 vicum
1413 1842 1686 1896 vcntitaba-

129 1961 242 2008 atus,
265 1951 445 1996 tantum
468 1940 596 1994 illud
615 1937 873 2009 flagitium
898 1934 1217 2006 proderetur,
1242 1933 1286 1987 si
1311 1932 1551 2003 virginem
1573 1948 1686 1986 san-

128 2035 429 2090 ctintouialem
466 2033 724 2086 mulierem
754 2039 973 2095 tantum,
1014 2043 1118 2080 non
1157 2035 1206 2080 et
1232 2033 1574 2096 praegnantem
1606 2026 1687 2095 fa-

128 2144 230 2181 cere
259 2125 515 2194 potuisset?
543 2123 652 2177 Sed
684 2120 939 2176 occultum
973 2128 1020 2172 et
1045 2116 1334 2172 incredibile
1356 2116 1546 2169 malum
1577 2131 1686 2168 cre-

126 2235 255 2271 scene
297 2229 452 2271 uterus
482 2216 638 2269 latere
685 2229 788 2266 non
831 2227 1008 2280 passus
1050 2219 1141 2262 est.
1186 2206 1334 2274 Quod
1375 2223 1486 2260 cum
1531 2215 1687 2259 mam

128 2307 256 2376 fratri
271 2307 436 2379 juveni
463 2303 796 2375 prodidisset,
825 2301 1068 2355 acerrime
1096 2299 1292 2361 dolens,
1322 2297 1581 2368 religionis
1607 2307 1688 2349 ta-

128 2415 224 2451 men
245 2397 429 2451 nomine
448 2395 510 2449 ab
535 2395 862 2449 accusatione
886 2389 1086 2461 publica
1116 2397 1372 2444 revocatus
1391 2398 1498 2450 est;
1521 2386 1687 2456 perfe-

129 2490 267 2558 citque
289 2499 336 2541 ut
363 2486 448 2542 ille
479 2486 609 2554 (non
644 2485 778 2540 enim
809 2484 903 2538 hoc
929 2485 1061 2557 ferre
1099 2483 1362 2554 quisquam
1388 2479 1598 2550 posset).
1627 2478 1690 2532 de

127 2577 209 2632 illa
232 2579 419 2634 ecclesia
442 2576 718 2648 pelleretur
744 2591 762 2629 :
787 2584 832 2628 et
851 2591 914 2628 ne
938 2574 1186 2644 impunita
1215 2589 1293 2626 res
1313 2573 1517 2626 omnino
1538 2579 1686 2638 esset,

127 2672 239 2742 cepit
261 2673 533 2737 consilium,
566 2680 623 2724 ut
667 2669 926 2740 adjunctis
958 2667 1049 2721 sibi
1079 2667 1274 2732 amicis,
1313 2665 1565 2720 hominem
1591 2681 1690 2736 pu-

126 2765 225 2835 gnis
248 2763 546 2835 calcitusqtte
571 2761 860 2818 concideret
891 2760 1076 2832 (lbid.,
1109 2777 1198 2814 nn.
1227 2759 1315 2824 7|,
1343 2757 1455 2832 72).

188 2853 240 2908 2.
263 2853 313 2908 In
339 2853 461 2909 hanc
488 2871 608 2910 rem
661 2852 835 2907 adhuc
863 2851 1096 2908 maxime
1124 2851 1382 2920 insignem
1421 2849 1582 2904 refert
1610 2849 1691 2904 bi-

126 2944 349 3010 stot'iam,
369 2961 477 3016 quae
503 2945 728 3016 quidem
753 2959 922 3015 usque
956 2942 1091 2996 adeo
1119 2941 1514 3011 percrebuerat,
1547 2950 1602 2994 ut
1625 2940 1692 2995 ad

127 3034 342 3090 absentes
358 3037 512 3091 etiam
553 3037 814 3105 longeque
840 3033 1040 3103 positos
1067 3033 1202 3086 fama
1226 3031 1480 3102 vulgantc
1506 3046 1694 3103 perveo

130 3126 261 3182 nitet.
299 3127 538 3198 Comigit
583 3126 670 3182 illa
705 3125 888 3179 Bonna:
929 3140 1050 3180 cum
1097 3123 1164 3176 ah
1207 3139 1267 3176 ea
1313 3123 1442 3179 urbe
1482 3123 1694 3179 abesset

131 3217 434 3292 Augustinus,
459 3218 560 3290 qui
590 3235 705 3274 rem
739 3233 952 3273 omnem
982 3226 1185 3286 gestam
1206 3257 1222 3281 ,
1254 3230 1283 3268 a
1314 3213 1558 3268 fantiliari
1594 3229 1694 3269 suo

131 3309 284 3379 prolxe
308 3308 421 3366 ﬁdei
451 3310 576 3364 viro
595 3351 610 3376 ,
643 3309 856 3362 oculato
885 3307 1001 3376 ejus
1031 3317 1188 3372 teste,
1240 3305 1519 3376 cognovit:
1556 3321 1690 3359 non-

131 3399 359 3470 nouisque
375 3400 604 3472 insuper
625 3399 764 3454 idem
795 3397 980 3453 eadem
1010 3395 1150 3452 serie
1172 3395 1542 3455 referentibus.
1568 3410 1690 3450 cum

133 3490 330 3546 Romam
350 3501 531 3562 postea
563 3491 820 3556 venisset,
848 3497 1174 3556 compertam
1206 3487 1422 3540 omnino
1450 3485 1694 3554 explora-

135 3588 320 3651 tam-pte
340 3581 428 3637 sibi
454 3582 631 3637 fuisse
661 3590 904 3636 testatur.
943 3577 1089 3633 Illam
1122 3579 1236 3647 ipse
1265 3587 1438 3630 narrat
1470 3575 1608 3630 hunc
1637 3576 1688 3630 in

132 3673 338 3730 modum:
357 3673 580 3742 Quidam
596 3685 752 3729 vester
770 3671 986 3728 Auditor
1010 3669 1351 3741 (Manichzeos
1377 3669 1688 3740 alloquitur)

133 3764 178 3816 in
199 3762 276 3820 illa
306 3765 617 3820 memorabili
647 3763 950 3819 abstinentia
980 3763 1137 3816 nihilo
1171 3761 1355 3815 Electis
1381 3763 1580 3818 cedens.
1606 3762 1690 3830 qui

135 3861 176 3908 et
198 3853 440 3912 liberaliter
468 3856 734 3911 institutus
767 3865 924 3914 esset.
957 3862 1003 3908 et
1033 3863 1245 3908 vestram
1279 3861 1463 3906 sectam
1490 3852 1691 3922 copiose

138 3945 254 4001 ulta
274 3955 318 4000 et
338 3947 521 4002 soleret
543 3944 834 4016 defendere,
868 3943 1210 3998 molestissime
1239 3943 1451 4013 ferebat.
1483 3941 1618 4010 quod
1643 3942 1691 3994 ei

138 4047 237 4107 rage
267 4039 570 4111 pessimeque
593 4036 927 4091 habitantium
955 4037 1242 4107 passimque
1270 4033 1536 4087 viventium
1567 4032 1687 4086 Ele-

137 4138 301 4182 am
321 4145 475 4184 nores
502 4127 833 4201 perditissimi
852 4141 986 4197 stupe
1006 4123 1284 4196 disputanti
1307 4122 1683 4194 objiciebantur.

140 4218 344 4289 Cupiebat
362 4222 552 4294 imque,
580 4219 625 4278 si
650 4220 764 4290 ﬁeri
785 4229 970 4290 posset,
1004 4234 1174 4272 omnes
1194 4217 1276 4285 qui
1304 4216 1578 4270 secundum
1597 4215 1689 4270 illa

140 4306 355 4385 recepta
379 4317 533 4370 vitam
556 4315 736 4384 degere
761 4311 930 4384 parati
955 4320 1117 4364 essent
1137 4352 1151 4374 ,
1183 4324 1488 4380 congregare
1509 4311 1560 4361 in
1591 4307 1687 4362 do-

140 4417 256 4453 tum
272 4420 421 4470 naut,
441 4417 491 4460 et
515 4403 618 4459 suis
636 4403 918 4474 sumptibus
937 4401 1198 4455 sustinere.
1225 4396 1350 4452 Erat
1365 4398 1496 4452 enim
1521 4407 1566 4450 et
1587 4415 1687 4452 non

142 4493 372 4554 inediocris
396 4498 622 4570 pecunia:
639 4505 970 4566 contemptor,
999 4502 1045 4547 et
1068 4509 1167 4546 non
1194 4491 1507 4544 mediocriter
1535 4507 1687 4560 pecu-

146 4577 314 4640 niosus.
341 4589 645 4656 Querebatur
678 4597 848 4642 autent
877 4584 1112 4657 impediri
1143 4593 1307 4638 tantos
1335 4592 1543 4636 conatus
1568 4598 1688 4635 suos

144 4677 455 4749 episcoporum
491 4681 820 4736 dissolutione
841 4720 858 4741 ,
892 4679 1071 4750 quibus
1098 4675 1449 4748 adjuvantibus
1481 4676 1689 4746 implere

147 4765 349 4822 debebat.
373 4766 557 4826 Interea
580 4781 742 4826 vester
765 4769 1032 4840 episcopus
1055 4767 1296 4840 quidam,
1324 4765 1473 4820 homo
1508 4763 1685 4834 plane,

146 4869 195 4912 Il
219 4860 318 4930 ipse
343 4875 560 4936 apertus
591 4881 741 4928 sum,
777 4861 1068 4917 rusticanus
1101 4870 1250 4928 atque
1287 4858 1563 4928 impolitus,
1598 4857 1688 4911 sed

149 4949 286 5005 καίεο
310 4959 561 5022 quomodo,
580 4971 639 5009 ea
665 4957 781 5024 ipsa
807 4951 995 5006 duritia
1024 4950 1236 5005 severior
1263 4949 1316 5002 in
1351 4947 1688 5002 custodiendis

152 5041 268 5098 δοιῆ
287 5046 494 5103 laribus
521 5047 798 5104 videbatur.
834 5043 985 5098 Hunc
1012 5041 1293 5096 diutissime
1321 5039 1685 5104 desideratum,

152 5144 186 5187 α
475 5149 768 5214 prasentem
804 5137 984 5206 arripit
1009 5135 1131 5198 istc,
1159 5132 1361 5204 exponit
1388 5131 1577 5184 homini
1597 5145 1685 5183 vo-

157 5223 356 5284 lnt-te-
377 5247 516 5286 rum
538 5247 558 5286 :
587 5229 766 5286 laudat
792 5228 881 5283 ille
901 5239 1051 5299 atque
1074 5224 1336 5287 consentit,
1369 5222 1532 5295 placet
1555 5233 1608 5275 ut
1635 5222 1688 5276 in

159 5315 394 5391 hujus
413 5323 547 5394 prior
573 5323 685 5393 ipse
717 5319 928 5390 incipiat
953 5319 1194 5373 habitare.
1225 5315 1374 5382 Quod
1396 5315 1480 5368 ubi
1499 5319 1688 5385 factum

162 5417 304 5476 ω...
322 5415 590 5489 ςυψρμιὶ
613 5425 732 5470 sunt
761 5411 924 5468 Electi
948 5427 1139 5473 omnes,
1167 5410 1251 5479 qui
1272 5408 1449 5464 Romae
1473 5423 1580 5463 esse
1604 5423 1689 5478 po-

167 5499 689 5582 Wl’ropositaest
698 5502 898 5559 vivendi
908 5502 1080 5575 regula
1093 5500 1155 5555 de
1168 5497 1438 5554 Manio/uri
1452 5498 1686 5569 epistola.

173 5581 614 5670 intolerabile
629 5596 794 5652 visum
813 5604 918 5661 est;
940 5592 1285 5648 abscesserunt
1304 5606 1323 5646 :
1346 5599 1689 5645 remanserunt

508 5703 608 5744 non
631 5685 806 5760 pauci.
841 5683 1000 5759 Cttpit
1021 5684 1093 5738 ita
1116 5683 1213 5738 vivi
1246 5693 1300 5736 ut
1326 5683 1611 5754 placuerat,
1643 5689 1689 5737 et

755 5757 1066 5834 auctoritas:
1098 5793 1214 5830 cum
1247 5773 1448 5829 interim
1477 5772 1690 5827 Auditor

170 5845 530 5929 tum
541 5863 717 5930 sum
740 5861 997 5926 ad‘ontnia
1015 5879 1232 5941 cogeret,
1258 5868 1502 5923 nemiuem
1524 5876 1689 5922 tamen

171 5953 710 6058 μυρίκη
731 5963 1150 6038 ipsesutciperet.
1175 5959 1380 6022 interea
1402 5960 1529 6020 riae
1557 5957 1714 6041 ista

1793 760 1934 808 ram,
1973 761 2037 798 ne
2059 761 2113 799 se
2148 744 2287 815 ipsos
2317 744 2370 799 in
2399 744 2663 816 jurgando
2694 746 3032 799 incautissime
3071 747 3337 817 proderent
3366 764 3390 808 :

1793 835 2071 907 prodebant
2101 835 2326 908 nefanda
2350 847 2397 891 et
2425 836 2686 890 immania.
2719 833 2746 890 1
2754 835 2802 889 bi
2829 836 3083 907 cognitum
3110 848 3181 890 est
3215 840 3389 902 quales

1789 937 1973 992 essent,
2003 926 2091 997 qui
2112 938 2278 982 tamen
2298 927 2431 982 inter
2448 938 2656 982 ceteros
2675 927 2775 981 vim
2803 914 3165 996 praceptorum
3185 927 3386 982 illorum

1790 1017 2105 1072 subeundam
2144 1016 2240 1072 sibi
2268 1033 2376 1072 esse
2416 1025 2739 1086 putaverunt.
2779 1015 2900 1070 lam
2928 1016 2990 1071 de
3032 1017 3223 1070 caeteris
3259 1017 3383 1086 quid

1790 1107 2152 1179 suspicandum
2181 1117 2325 1174 erat,
2355 1115 2444 1161 aut
2487 1107 2610 1178 quid
2644 1106 2810 1178 potius
2827 1105 3212 1177 judicandum.’
3249 1105 3385 1170 Quid

1789 1201 1982 1272 plura.’
2007 1199 2182 1256 Coacti
2207 1199 2483 1271 aliquando
2519 1209 2989 1262 murmuraverunt,
3035 1198 3270 1253 sustineri
3295 1199 3388 1254 illa

1791 1293 2032 1347 mandata
2060 1310 2162 1347 non
2191 1309 2336 1364 posse
2360 1309 2377 1347 :
2403 1291 2522 1347 inde
2539 1292 2592 1346 in
2613 1291 2930 1347 seditionem.
2957 1291 3146 1362 Agebat
3174 1291 3389 1347 Auditor

1787 1400 1994 1438 causam
2023 1401 2168 1440 suam
2207 1385 2555 1453 complexione
2591 1384 2919 1439 brevissima:
2963 1385 3060 1437 Aut
3097 1382 3188 1437 illa
3217 1385 3388 1440 omnia

1789 1492 1896 1531 esse
1923 1477 2202 1542 servanda,
2247 1487 2334 1530 aut
2379 1477 2523 1531 illum
2561 1477 2648 1547 qui
2676 1475 2801 1530 talia
2840 1475 2933 1531 sub
2973 1477 3063 1531 tali
3101 1477 3388 1533 conditione

1789 1569 2128 1640 pratcepisset.
2150 1585 2265 1639 qua:
2284 1567 2453 1623 nullus
2475 1581 2636 1639 posset
2659 1569 2886 1640 implere,
2904 1569 3256 1625 stultissimum
3278 1572 3388 1626 επὶ·

1787 1661 2113 1716 stintandum.
2156 1661 2286 1716 Vicit
2317 1672 2506 1728 tamen,
2535 1678 2635 1716 non
2661 1663 2794 1716 enim
2816 1663 2966 1717 aliter
2990 1671 3204 1733 poterat,
3236 1663 3386 1719 unius

1789 1755 2086 1808 sententiam
2139 1753 2554 1822 eﬂ'renatissimus
2609 1755 2831 1825 plurium
2883 1755 3143 1823 strepitus.
3197 1755 3384 1810 Postea

1787 1847 1938 1899 etiam
1964 1846 2071 1916 ipse
2094 1847 2238 1901 cessit
2263 1847 2545 1918 episcopus,
2579 1857 2627 1902 et
2657 1863 2771 1902 cum
2802 1863 2985 1918 magno
3018 1846 3261 1902 dedecore
3278 1865 3375 1902 au-

1788 1939 1918 2009 fugit
1942 1954 1960 1992 :
1989 1938 2136 2008 cujus
2170 1955 2291 1992 sane
2317 1940 2414 1994 cibi
2442 1949 2624 2010 praeter
2649 1941 2872 2011 regulam
2897 1941 3129 1994 clanculo
3154 1944 3342 2011 accepti
3360 1983 3379 2010 ,

1790 2038 1836 2081 et
1858 2044 1992 2097 stupe
2015 2028 2197 2082 inventi
2219 2028 2530 2097 ferebantur,
2551 2046 2666 2082 cum
2694 2030 2739 2083 ei
2759 2030 2822 2083 de
2849 2030 3054 2102 proprio
3077 2030 3279 2085 sacculo
3297 2031 3382 2086 di-

1791 2119 1999 2190 ligenter
2035 2123 2285 2175 occultato
2321 2122 2532 2189 pecunia
2571 2123 2778 2192 copiosa
2819 2133 3124 2194 suppeteret.
3178 2123 3301 2178 Htec
3338 2123 3385 2180 si

1791 2211 1925 2284 falsa
1953 2229 2058 2267 esse
2081 2212 2274 2276 dicitis,
2305 2213 2455 2266 nimis
2490 2214 2679 2281 apertis
2707 2224 2755 2268 et
2793 2213 3096 2284 pervulgatis
3125 2213 3270 2268 rebus
3294 2212 3384 2268 ob-

1791 2304 1984 2358 sistitis.
2020 2302 2125 2357 Sed
2155 2303 2346 2356 utinam
2376 2303 2469 2357 hoc
2493 2303 2690 2356 dicatis.
2715 2302 2840 2356 Cum
2866 2304 2996 2356 enim
3024 2305 3125 2358 sint
3150 2305 3245 2359 ista
3273 2321 3382 2358 ma-

1794 2394 1976 2464 nifesta
1997 2436 2012 2461 ,
2046 2405 2090 2450 et
2114 2395 2176 2449 iis
2209 2395 2294 2464 qui
2322 2394 2448 2448 scire
2479 2394 2721 2448 voluerint
2746 2395 2950 2464 cognitu
2987 2393 3270 2465 facillima;
3302 2395 3383 2449 in-

1795 2487 2037 2558 telligitur
2064 2504 2215 2556 quam
2256 2504 2371 2540 vera
2399 2485 2562 2541 dicere
2597 2484 2821 2552 soleant,
2862 2487 2949 2556 qui
2979 2487 3084 2540 luec
3117 2503 3233 2541 vera
3277 2503 3386 2542 esse

1799 2580 2084 2650 negaverint
2122 2577 2224 2644 (De
2256 2578 2421 2633 Morib
2475 2577 2726 2640 Munich.,
2765 2596 2852 2633 nn.
2880 2578 2970 2642 7i,
3000 2576 3132 2650 75
3165 2577 3280 2633 Non
3303 2587 3386 2634 est

1797 2671 2018 2725 dubium
2047 2671 2174 2738 quin
2201 2669 2422 2724 Auditor
2444 2671 2531 2723 ille
2566 2669 2888 2725 Manichacus
2916 2671 2985 2722 sit
3008 2667 3382 2734 Constantius,

1797 2782 1952 2836 quem
1985 2765 2308 2834 Augustinus
2342 2763 2463 2817 alibi
2507 2762 2721 2822 scribit.
2769 2762 3180 2816 Manichzcoruttt
3221 2775 3378 2831 quam

1799 2857 2053 2926 plurimos
2082 2855 2133 2909 in
2163 2854 2379 2908 domum
2402 2869 2551 2907 suam
2579 2869 2954 2923 congregasse,
2987 2863 3042 2905 nt
3065 2868 3161 2906 eos
3186 2851 3250 2904 ad
3282 2852 3384 2906 im-

1799 2945 1989 3018 plenda
2024 2944 2296 3000 Maniclnni
2332 2952 2589 3014 pra-cepta
2633 2953 2886 3014 cogeret:
2918 2943 3111 3012 quibus
3150 2943 3236 2998 illa
3266 2956 3385 3011 gra-

1797 3037 1946 3092 viora
1974 3035 2300 3100 viderentur,
2327 3034 2460 3088 alios
2485 3034 2591 3088 alio
2615 3033 2776 3088 fuisse
2801 3032 3107 3102 dispersos;
3141 3032 3228 3102 qui
3257 3045 3385 3086 vero

1801 3132 1851 3185 in
1883 3131 1963 3185 his
1990 3128 2262 3184 servandis
2303 3137 2742 3199 perseverarunt.
2773 3142 2802 3178 a
2844 3125 3055 3180 Cu-tt-ris
3084 3123 3386 3180 Maniclnris

1798 3222 2142 3286 discessisse,
2190 3221 2328 3274 facto
2365 3219 2681 3279 schismate.
2713 3217 2853 3288 quod
2883 3217 3004 3286 quia
3047 3214 3227 3270 muttis
3256 3215 3384 3270 dor-

1799 3313 2059 3375 mit-haut,
2101 3312 2461 3368 Mattarimum
2504 3309 2826 3380 appellatum
2865 3319 2944 3364 est
2990 3306 3199 3377 (Contra
3234 3305 3378 3361 Fau-

1795 3415 1948 3464 stum,
1977 3405 2044 3458 lib
2091 3404 2146 3469 5,
2174 3420 2289 3472 cup.
2323 3403 2402 3472 5).
2436 3401 2670 3456 Tandem
2697 3399 3037 3456 Constantius
3064 3401 3162 3452 iste
3195 3397 3381 3454 catho-

1798 3493 1951 3548 licam
1985 3493 2140 3546 ﬁdem
2179 3493 2459 3562 amplexus
2491 3500 2606 3554 est,
2638 3502 2692 3546 et
2728 3489 2902 3544 adhuc
2930 3499 3200 3560 superstes
3236 3497 3383 3552 erat,

1796 3601 1917 3640 cum
1950 3585 2275 3655 Augustinus
2312 3595 2496 3638 comra
2530 3583 2782 3637 Faustum
2819 3581 3076 3636 scriberet
3104 3580 3246 3636 circa
3283 3595 3386 3634 an.

1796 3694 1920 3733 num
1952 3675 2529 3747 quadringentesimnm
2557 3685 2825 3743 quartum.

1866 3771 1918 3824 ὅ.
1949 3769 2062 3824 Non
2092 3768 2334 3838 llagitiosi
2360 3775 2560 3821 tantum
2585 3764 2995 3820 Maniclu-orum
3018 3778 3194 3818 mores
3217 3763 3386 3820 oﬂ'en-

1796 3859 1934 3914 sioui
1963 3874 2112 3914 cran.
2143 3858 2442 3927 Augustino
2466 3873 2478 3907 :
2506 3855 2597 3908 sed
2631 3855 2740 3923 ipsa
2768 3870 2980 3925 quoque
3005 3853 3245 3911 doctrina
3275 3869 3387 3908 sus-

1798 3951 2060 4020 picionem
2082 3949 2129 4003 ei
2161 3948 2396 4017 praebere
2425 3955 2692 4014 imperat,
2721 3947 2951 3999 maxime
2980 3954 3255 4014 postquam
3285 3959 3383 3998 att-

1796 4043 2012 4097 disi~sct
2056 4040 2355 4110 llelpidiuttt
2402 4038 2686 4092 adversum
2729 4051 2825 4090 eos
2865 4036 3035 4106 palam
3077 4049 3140 4088 ac
3176 4034 3384 4106 publice

1794 4132 2113 4202 Carthagine
2155 4130 2549 4200 disputantem,
2582 4127 3049 4199 proferentemque
3078 4126 3272 4195 aliquot
3315 4141 3383 4183 ex

1796 4223 2084 4293 Scripturis
2109 4229 2414 4292 argumenta
2436 4260 2452 4288 ,
2497 4235 2526 4273 a
2553 4218 2743 4290 quibus
2785 4217 3056 4272 Maaichmi
3086 4231 3204 4272 sese.
3246 4218 3384 4274 Illalle

1795 4314 2127 4385 expedirent.
2159 4312 2572 4382 Respondebant
2604 4321 2775 4364 tamen
2801 4308 2868 4364 ad
2894 4325 2985 4372 ca,
3015 4317 3074 4364 ut
3104 4318 3382 4378 poterant,

1795 4421 1862 4460 ne
1891 4421 2107 4461 causam
2131 4403 2434 4460 deseruisse
2462 4402 2628 4456 videri
2656 4410 2872 4472 possent
2897 4417 2912 4454 :
2942 4398 3034 4453 sed
3064 4399 3172 4467 ipsa
3195 4412 3378 4451 eorum

1794 4497 2074 4567 responsio
2109 4496 2467 4565 suspicionem
2494 4493 2735 4562 augebat.
2780 4490 2971 4544 nedum
3001 4487 3376 4543 autoliebatur.
3415 4517 3430 4528 ις

1795 4589 2160 4644 Causabantnr
2189 4589 2414 4653 scilicet,
2445 4585 2749 4652 Scripturas
2773 4581 2903 4636 Novi
2931 4579 3256 4635 Testamenti
3286 4578 3382 4633 fal-

1795 4689 1937 4736 satas
1964 4679 2124 4734 luisse
2154 4695 2184 4734 a
2225 4678 2404 4732 nescio
2432 4675 2623 4748 quibus
2662 4672 2905 4729 codicum
2942 4671 3380 4742 corruptoribus,

1795 4773 1944 4845 queis
1967 4769 2271 4828 Judmorum
2311 4769 2454 4838 leges
2488 4763 2803 4821 Christianis
2840 4763 3096 4818 institutis
3137 4765 3380 4818 inserere

1795 4864 1968 4918 visum
1991 4871 2153 4918 esset.
2179 4860 2282 4916 Sed
2306 4868 2658 4930 pnuterquam
2687 4857 2828 4928 quod
2853 4873 2971 4912 eam
2991 4869 3381 4928 quamcumque

1796 4955 2197 5024 responsionem
2225 4952 2432 5009 occulte
2457 4951 2624 5023 magis
2647 4949 2960 5005 Auditorum
2991 4963 3206 5004 suorum
3232 4947 3378 5002 auri-

1794 5047 1895 5102 bus
1927 5043 2349 5111 insusurrabant,
2375 5059 2532 5114 quam
2579 5041 2784 5111 publice
2810 5048 3148 5110 promerent;
3176 5038 3380 5096 nullum

1796 5151 1956 5207 porro
1982 5135 2256 5206 esentplar
2297 5135 2664 5204 incorruptum
2701 5131 2769 5186 ab
2796 5132 2859 5186 iis
2888 5131 3281 5201 proferebatur.
3324 5131 3378 5187 in

1794 5244 1902 5300 quo
1928 5227 2142 5297 quidem
2173 5240 2280 5282 non
2313 5233 2586 5280 exstarent
2613 5239 2731 5294 qua:
2772 5222 2888 5278 falsi
2931 5221 3379 5294 redarguchantur

1796 5317 2049 5391 (Confess.
2094 5317 2182 5374 lib.
2213 5318 2268 5376 5.
2298 5335 2414 5388 cap.
2446 5317 2533 5382 ll,
2563 5333 2615 5370 n.
2648 5315 2766 5385 2|).
2810 5314 3168 5384 Quamobrem
3208 5315 3378 5368 imbe-

1795 5411 1915 5466 cilla
1939 5420 1994 5465 et
2013 5408 2176 5464 futilis
2202 5407 2478 5464 videbatur
2505 5408 2592 5464 illa
2618 5405 2918 5478 responsio,
2949 5422 3053 5460 non
3075 5409 3246 5459 solum
3271 5405 3376 5456 Au-

1794 5503 2007 5573 gustino
2030 5510 2121 5556 aut
2145 5497 2437 5568 Honorati),
2461 5498 2555 5556 sed
2579 5510 2633 5557 et
2652 5499 2900 5554 omnibus
2919 5499 3009 5569 qui
3030 5497 3187 5570 paulo
3212 5493 3380 5560 majo—

1797 5608 1910 5648 rem
1940 5593 1992 5646 in
2013 5591 2301 5663 judicaudo
2329 5591 2654 5662 diligentiam
2681 5588 3014 5652 adhiberent,
3039 5601 3195 5658 qitam
3224 5581 3375 5638 turba

1796 5683 2123 5740 credentium
2150 5681 2253 5751 (De
2282 5680 2506 5737 Utilitate
2529 5680 2780 5744 credendi,
2812 5697 2862 5733 n.
2892 5677 2970 5750 7).
3001 5676 3212 5731 Minime
3240 5687 3370 5728 vero

1797 5774 2029 5828 omnium
2054 5773 2346 5842 intelligere
2376 5780 2604 5842 poterat,
2625 5779 2797 5824 stante
2817 5765 3086 5820 Manicfuei
3111 5763 3376 5828 doctrina.

1797 5881 1891 5920 cur
1921 5865 2133 5919 tandem
2163 5865 2302 5918 Deus
2325 5862 2528 5916 animas
2552 5860 2603 5912 in
2635 5856 2937 5912 mortalium
2967 5870 3190 5926 corpora
3215 5853 3380 5910 iutu-
3467 5875 3475 5883 ·

1797 5956 1956 6021 tueris
1979 5953 2366 6015 calamitatibus
2388 5949 2615 6014 obnoxia
2642 5945 2978 6031 demittet.
3005 5945 3120 6020 Qua
3154 5957 3382 6022 dimculs
