3948 6412
487 347 563 409 π
1615 343 1769 400 VITA
1818 345 1876 400 S.
1917 344 2040 404 Αυε

2152 347 2283 403 ΤΙΝΙ
2323 347 2641 411 EPISCOPI.
3641 369 3703 432 κ

491 450 3673 498 .—————————-———-———_____._._____________

1397 554 1874 664 LIBER
1967 542 2801 675 SECUNDUS.

789 755 861 800 ne
884 744 1133 812 Αιιεωιίιιι
1158 740 2218 809 profectionemttallam,etderebusiblab
2245 755 2308 793 eo
2335 745 2663 811 gestisusque
2692 749 2753 802 ad
2776 764 2919 804 suum
2950 756 3001 807 in
3022 755 3458 817 Africani-edim.

1832 844 2408 902 ιθζοῦῑῶοβιῶοὶθ

1011 960 1237 1019 CAPUT
1272 959 1554 1017 PRIMUM.

487 1104 512 1159 ι
544 1102 854 1174 Augustinus
888 1100 1098 1153 Romam
1135 1097 1488 1166 proﬁciscitur.
1516 1096 1551 1150 Ξ
1582 1094 1787 1150 Occulte
1820 1111 1878 1149 ac
1903 1094 2060 1148 insita

557 1203 732 1249 matre.
761 1194 797 1248 3
825 1191 903 1247 lbi
930 1193 982 1246 in
1011 1191 1233 1244 morbum
1262 1188 1435 1243 incidit
1470 1188 1819 1260 periculosum.
1853 1186 1886 1240 4
1918 1183 2062 1237 Inter

560 1287 869 1342 Manichwos
904 1292 1145 1344 versatur,
1176 1300 1403 1352 quamam
1433 1299 1541 1335 eum
1570 1282 1620 1334 in
1654 1281 1856 1334 illorum
1893 1278 2060 1332 adhuc

555 1390 689 1434 secta
715 1377 1031 1433 distinebant.
1055 1377 1089 1431 5
1118 1374 1433 1429 Rhetoricam
1458 1375 1509 1427 in
1535 1372 1668 1427 Urbe
1687 1374 1845 1426 docet.

557 1512 606 1566 Ι.
640 1509 770 1565 Cum
800 1510 850 1564 in
884 1508 1083 1564 italiam
1111 1506 1465 1561 transmittere
1487 1506 1805 1575 Augustinus
1823 1505 2056 1560 animum

484 1602 710 1664 induxit.
738 1617 858 1657 enm
887 1598 1142 1669 proiecto,
1173 1614 1330 1668 quem
1360 1613 1423 1652 ex
1465 1597 1549 1650 illa
1583 1596 1913 1661 navigatione
1944 1595 2054 1650 lru-

484 1704 657 1755 ctum,
703 1692 813 1747 Deo
839 1691 1136 1761 aspirante,
1174 1698 1425 1758 capturus
1463 1696 1611 1753 erat,
1655 1685 2053 1756 haudquaquam

482 1787 597 1853 ipse
630 1785 730 1841 sibi
768 1783 1129 1853 pollicebatur.
1158 1782 1379 1836 Romam
1420 1780 1794 1840 contendebat,
1828 1779 2054 1834 rhetori-

481 1892 597 1931 cam
628 1876 696 1929 ibi
736 1874 1099 1945 prolessurus.
1130 1888 1238 1927 non
1274 1887 1368 1940 spe
1395 1870 1585 1925 ductus
1608 1871 1877 1939 amplioris
1901 1885 2053 1925 emo-

480 1967 701 2022 lumenti
735 1976 790 2022 et
828 1965 1042 2034 majoris
1071 1964 1307 2025 honoris,
1340 1961 1547 2017 tametsi
1575 1970 1622 2013 et
1661 1962 1843 2015 istha-c
1874 1961 2054 2016 incen-

481 2060 585 2113 tiva
606 2101 622 2125 ,
649 2075 766 2127 qum
794 2058 946 2112 amici
989 2055 1307 2111 adhibebant
1326 2098 1342 2119 ,
1376 2055 1613 2110 nonnihil
1641 2063 1905 2108 moverent
1932 2054 2050 2108 aui-

480 2164 624 2203 mnm
653 2147 781 2204 :sed
814 2148 910 2201 hac
936 2146 1196 2216 prreeipua
1217 2159 1374 2198 causa
1402 2152 1453 2197 et
1476 2159 1611 2212 pene
1631 2145 1738 2199 sola
1768 2144 2046 2210 impulsus,

477 2242 617 2312 quod
638 2241 755 2295 andi
763 2251 872 2295 erat
890 2240 1115 2310 quietius
1138 2239 1317 2292 llomrr
1332 2254 1486 2306 quam
1504 2238 1821 2307 Carthagine
1838 2238 2051 2294 suidere

476 2332 852 2388 adolescentes.
884 2341 932 2385 et
961 2330 1280 2385 ordinatiore
1307 2330 1597 2397 disciplina»
1622 2330 1941 2382 coercitione
1961 2343 2049 2381 se.-

475 2422 609 2477 dari.
641 2422 834 2476 Verum
865 2421 910 2475 si
953 2437 1063 2474 rem
1102 2421 1261 2475 altius
1301 2427 1632 2488 repetamus.
1675 2418 1924 2486 peculiari
1956 2419 2046 2473 Dei

476 2523 606 2569 nutu
635 2513 974 2583 dirigebatur,
1011 2512 1098 2577 qui
1140 2511 1347 2563 occulto
1388 2510 1609 2563 cotisiIio
1637 2518 1692 2563 et
1719 2510 1962 2565 stimulas
1996 2509 2047 2567 ei

476 2605 786 2660 admovebat
823 2604 1011 2673 quibus
1043 2602 1358 2657 Carthagine
1400 2602 1735 2664 avelleretur,
1776 2611 1829 2656 et
1868 2602 2046 2657 illece-

474 2693 598 2751 bras
636 2696 827 2765 quibus
869 2695 1089 2749 Romam
1135 2694 1488 2747 attraheretur
1519 2691 1829 2757 adjiciebat,
1860 2700 1913 2746 ut
1952 2707 2048 2762 per

472 2788 651 2841 varios
673 2786 885 2842 demum
923 2785 1206 2845 anfractus,
1237 2784 1301 2838 ad
1332 2784 1515 2838 salutis
1545 2793 1751 2852 portum
1779 2792 2043 2840 errantem

472 2877 774 2934 deduceret.
807 2876 956 2946 Quod
998 2877 1109 2946 ipse.
1151 2890 1443 2945 agnoscens
1487 2875 1807 2942 Augustinus
1850 2892 1862 2929 :
1902 2875 1966 2929 Et
1993 2876 2045 2930 in

472 2971 570 3029 Itis.
595 2971 686 3032 ait,
708 2969 939 3024 altissimi
960 2970 1033 3021 tui
1051 2983 1269 3022 recessus
1294 2978 1339 3021 et
1367 2967 1749 3035 prcesentissima
1768 2966 1819 3019 in
1842 2982 1931 3019 nos
1952 2966 2045 3019 mi-

471 3061 742 3115 sericordia
771 3071 857 3114 tua
880 3058 1144 3127 cogitanda
1174 3066 1218 3111 et
1248 3057 1566 3125 prtedicanda
1603 3067 1673 3109 est
1700 3056 1923 3126 (Confcs.
1955 3058 2039 3111 lib.

470 3152 526 3217 5,
556 3168 668 3218 cap.
699 3150 753 3211 8.
790 3167 841 3203 η.
875 3150 985 3214 ll).
1010 3149 1139 3202 Eum
1166 3147 1407 3201 Messiani
1438 3146 1767 3214 proconsulis
1799 3148 1847 3199 iu
1878 3146 2043 3201 Mani-

472 3242 652 3297 cbaros
676 3241 781 3295 lata
809 3239 1066 3293 sententia
1097 3252 1405 3308 percussum
1434 3252 1496 3289 ex
1528 3236 1699 3290 Africa
1726 3237 2040 3307 profugisse,

470 3330 805 3403 postmodum
837 3327 1165 3399 objr'etarnnt
1191 3325 1474 3381 adversarii
1506 3324 1716 3389 (Contra
1748 3324 1865 3378 Litt.
1905 3325 2042 3380 Peti-

471 3422 614 3479 liam'.
643 3422 729 3475 lib.
754 3421 805 3478 5.
838 3437 891 3474 n.
920 3417 1010 3487 30)
1033 3436 1047 3472 :
1069 3432 1174 3487 quo
1194 3429 1493 3471 commento
1519 3417 1717 3471 tullium
1744 3417 2039 3471 absurdius.

468 3511 713 3569 Messiani
770 3512 962 3581 quippe
1017 3509 1277 3563 sententia
1325 3508 1460 3562 dicta
1523 3508 1618 3562 l‘uit
1660 3524 1800 3563 anno
1847 3510 2039 3564 Christi

467 3602 840 3659 trecentesimo
884 3600 1207 3669 octogesimo
1252 3609 1401 3653 sexto
1447 3616 1459 3652 :
1500 3598 1820 3669 Augustinus
1867 3612 2041 3655 autem

470 3693 746 3750 Mediolani
792 3694 969 3763 procul
1005 3693 1166 3748 dubio
1194 3702 1307 3748 erat
1346 3702 1469 3747 ante
1504 3708 1698 3747 annum
1730 3695 2040 3748 trecentesi-

468 3800 614 3841 mum
644 3783 1020 3849 octogesimum
1059 3783 1325 3851 quiutum;
1368 3782 1517 3851 cujus
1559 3783 1633 3837 rei
1668 3784 2039 3839 documentum

468 3874 522 3929 in
560 3885 806 3947 promptu
854 3872 1081 3929 habebat
1128 3873 1271 3939 ipse,
1316 3873 1379 3926 ad
1421 3889 1572 3937 eam,
1618 3875 1703 3928 ubi
1756 3876 2040 3930 necessitas

467 3976 739 4035 posceret,
787 3967 1070 4020 multorum
1129 3966 1406 4020 illustrium
1456 3965 1688 4021 virorum
1740 3968 2040 4023 testimonio

466 4058 907 4128 comprobandum
948 4058 1402 4112 instructissimus.

536 4147 589 4201 2.
639 4147 748 4201 Hoc
789 4161 916 4201 sane
959 4147 1058 4200 iter
1102 4146 1397 4201 clanculum
1432 4148 1694 4216 suscepit;
1725 4162 1844 4201 cum
1883 4150 2037 4203 navi-

466 4238 603 4311 garit
646 4236 812 4291 inScio
854 4237 970 4306 ipso
1012 4236 1373 4296 Romaniano,
1415 4236 1625 4304 quicum
1678 4252 1770 4291 sua
1819 4237 2037 4293 consilia

463 4327 859 4388 communicare
889 4328 1071 4382 solitus
1099 4314 1231 4387 erat,
1264 4326 1414 4396 cujus
1439 4327 1596 4381 etiam
1629 4327 1823 4383 liberos
1856 4329 2036 4382 relicta

463 4423 777 4493 Carthagine
806 4422 1099 4477 deserebat.
1148 4420 1278 4475 Eum
1324 4431 1498 4475 tamen
1534 4420 1616 4473 eui
1660 4429 1735 4473 tot
1776 4421 2036 4489 tantisque

463 4514 735 4569 beneﬂciis
762 4514 1045 4568 obstrictus
1069 4521 1201 4574 erat,
1235 4511 1335 4565 nisi
1375 4519 1485 4565 tum
1517 4510 1785 4571 abfuisset,
1818 4510 1868 4564 id
1898 4512 2037 4565 cela-

465 4612 614 4657 turus
642 4602 803 4655 fuisse
830 4618 933 4655 non
965 4601 1170 4655 videtur
1197 4620 1209 4653 :
1237 4600 1583 4669 quamobrem
1608 4615 1705 4654 nec
1724 4600 1772 4654 ei
1798 4601 1882 4655 vel
1908 4601 2036 4655 levi-

463 4704 549 4751 ter
575 4693 872 4749 succensuit
915 4692 1302 4757 Romanianus,
1331 4706 1428 4745 nec
1450 4691 1517 4746 de
1547 4692 1764 4761 pristina
1797 4691 2030 4746 benevo-

459 4783 621 4841 lentia
671 4781 871 4838 remisit
917 4782 1239 4852 aliquantum
1283 4779 1491 4852 (Contra
1533 4781 1790 4844 Academ.,
1839 4782 1924 4836 lib.
1971 4781 2027 4847 2,

460 4893 515 4930 si.
542 4875 601 4941 5)
626 4892 640 4928 :
669 4874 861 4944 quippe
888 4872 970 4928 cui
1010 4871 1335 4942 perspectior
1356 4880 1468 4925 erat
1498 4872 1773 4939 Augustini
1800 4872 2027 4937 animus,

460 4982 617 5036 quam
663 4972 719 5019 ut
760 4963 1040 5019 adversum
1082 4977 1141 5017 se
1184 4962 1441 5030 ingratum
1472 4970 1629 5029 atque
1666 4962 2027 5018 immemorem

458 5056 713 5126 suspicari
744 5062 941 5123 posset.
972 5052 1086 5108 Non
1118 5052 1265 5106 latuit
1292 5050 1583 5105 Monuicam
1612 5052 1751 5120 quod
1784 5052 2029 5118 Augusti-

455 5162 557 5206 nus
586 5145 763 5201 animo
784 5142 1027 5198 volvebat
1052 5141 1417 5213 proliciscendi
1437 5141 1712 5195 consilium
1736 5159 1749 5204 ;
1772 5158 1887 5212 qua:
1908 5158 2027 5197 cum

454 5250 606 5291 more
633 5242 875 5294 matrum,
907 5247 968 5288 ac
993 5231 1170 5287 multis
1195 5232 1360 5286 multo
1381 5232 1607 5301 amplius
1634 5234 1723 5287 lilii
1750 5242 2030 5287 consuetu-

455 5326 580 5380 dine
605 5323 974 5387 delectaretur,
1005 5338 1175 5393 neque
1202 5324 1269 5376 ab
1297 5338 1362 5378 eo
1385 5322 1559 5377 divelli
1587 5339 1645 5378 se
1670 5339 1821 5393 aequo
1849 5325 2025 5381 animo

453 5416 563 5487 pati
593 5423 773 5486 posset
808 5411 1060 5486 (Tagasta
1087 5429 1152 5468 an
1183 5413 1497 5485 Carthagine
1524 5415 1897 5484 decedentem,
1924 5418 2024 5473 du-

451 5504 597 5563 bium
628 5506 760 5576 est),
794 5506 938 5562 illum
977 5506 1181 5576 insequi
1206 5508 1505 5572 constituit,
1529 5510 1610 5563 vel
1636 5519 1693 5563 ut
1719 5526 1817 5563 una
1844 5525 2023 5567 secum

456 5595 668 5651 domum
716 5597 860 5651 illum
903 5596 1211 5661 reduceret,
1242 5606 1331 5651 aut
1367 5598 1409 5649 si
1450 5614 1606 5666 porro
1637 5601 1681 5652 is
1716 5601 1943 5654 animmu
1973 5603 2023 5657 in

456 5680 728 5749 proposito
750 5682 1074 5746 oblirmaret,
1111 5694 1290 5734 comes
1330 5680 1531 5733 itineris
1555 5682 1600 5734 ei
1632 5682 2020 5751 adjungeretur.

455 5765 632 5822 Finxit
663 5776 772 5822 tum
812 5770 1022 5840 quidem
1068 5769 1383 5838 Augustinus
1425 5770 1554 5823 velle
1593 5786 1650 5825 se
1691 5774 2022 5829 solummodo

2170 956 2343 1011 amico
2379 974 2501 1015 mox
2538 963 2843 1034 navigatura
2883 969 3185 1040 adbterere,
3215 993 3379 1050 usque
3422 983 3539 1040 dum
3571 1001 3702 1057 portu

2173 1046 2417 1103 solvisset
2443 1067 2456 1103 :
2487 1051 2579 1106 sed
2604 1068 2671 1108 eo
2699 1065 2813 1110 astu
2834 1058 3013 1116 delusa
3043 1079 3145 1118 non
3172 1077 3248 1121 est
3276 1046 3357 1138 pia
3384 1075 3557 1129 matris
3576 1046 3704 1134 solli-

2169 1136 2368 1203 citndo,
2398 1156 2569 1211 neque
2594 1158 2659 1196 eo
2686 1146 2873 1202 adduci
2905 1155 3091 1221 potuit,
3117 1163 3172 1209 ut
3196 1136 3303 1212 sola
3331 1160 3535 1219 domum
3563 1170 3703 1224 remi-

2166 1236 2346 1297 grarct
2375 1248 2387 1283 :
2411 1232 2535 1299 quin
2558 1235 2899 1297 vehementer
2921 1244 3096 1302 redire
3117 1254 3376 1307 recusanti
3398 1255 3478 1310 vix
3511 1273 3702 1327 petsua~

2168 1331 2283 1371 snm
2312 1328 2411 1385 est,
2436 1330 2491 1375 ut
2515 1323 2564 1376 in
2589 1324 2705 1379 loco
2726 1330 2850 1385 navi
2884 1335 3125 1403 proximo
3145 1353 3205 1391 ac
3225 1339 3465 1411 Cypriani
3486 1323 3703 1419 martyris

2166 1409 2437 1463 memoria:
2472 1425 2626 1468 sacro
2655 1431 2771 1471 eam
2801 1432 3006 1477 tmetem
3036 1409 3365 1500 transigeret.
3403 1434 3471 1489 Ea
3509 1409 3628 1493 dum
3644 1441 3701 1497 ibi

2167 1498 2493 1555 orationibus
2534 1502 2732 1560 intenta
2776 1510 2939 1565 Deum
2977 1498 3185 1571 enixius
3231 1520 3619 1592 deprecaretur,
3657 1540 3705 1586 ut

2165 1586 2331 1641 lilium
2369 1592 2702 1661 naxigalione
2732 1598 3010 1666 inhiberet,
3041 1606 3085 1658 is
3113 1621 3173 1664 se
3200 1610 3439 1667 clanculo
3462 1618 3700 1685 sutnluxit,

2163 1686 2320 1747 atque
2343 1680 2820 1743 obsecundantibus
2848 1695 3014 1747 ventis
3039 1695 3258 1753 Romam
3283 1706 3553 1769 navigavit.
3574 1680 3704 1775 Quod

2163 1768 2250 1825 illa
2276 1786 2429 1827 mane
2458 1789 2576 1829 cum
2608 1778 3061 1852 deprehendisset,
3087 1800 3191 1845 tota
3216 1794 3270 1847 in
3294 1795 3607 1854 miserabiles
3625 1800 3703 1855 lle-

2163 1865 2247 1913 tus
2266 1860 2451 1924 ell'usa,
2476 1868 2679 1921 mmstis
2706 1872 2921 1928 vocibus
2956 1876 3099 1931 littus
3126 1895 3287 1938 omne
3314 1885 3558 1953 implevit,
3586 1905 3706 1945 nunc

2164 1963 2314 2005 suam
2343 1954 2507 2022 ipsius
2532 1958 2809 2015 orbitatem
2838 1964 3141 2033 deplorans,
3175 1988 3317 2031 nunc
3343 1977 3429 2031 lilii
3461 1978 3701 2049 fraudem,

2162 2053 2303 2095 nunc
2328 2044 2690 2103 crudelitatem
2717 2053 2894 2107 animo
2917 2058 3205 2116 ohversans
3232 2081 3347 2119 suo.
3371 2068 3604 2125 Attamen
3625 2044 3706 2127 mi;

2162 2131 2321 2196 ligato
2348 2134 2727 2203 aliquantulum
2755 2146 2915 2199 animi
2940 2146 3144 2216 dolore,
3177 2155 3411 2213 sedatior
3442 2161 3586 2225 facta,
3613 2164 3707 2217 ina~

2159 2223 2314 2277 nibus
2342 2227 2531 2294 quibus
2570 2246 2628 2283 se
2655 2232 2972 2305 deﬁttigabat
3010 2243 3220 2297 omissis
3258 2251 3515 2317 querelis,
3546 2268 3706 2309 rursus

2158 2313 2221 2366 ad
2263 2314 2352 2369 lilii
2394 2318 2615 2375 salutem
2658 2323 2764 2379 Deo
2811 2331 3052 2395 precibus
3093 2340 3558 2396 commendandam
3592 2358 3706 2398 con-

2158 2420 2306 2460 versa
2333 2406 2548 2465 domum
2570 2426 2625 2467 se
2649 2417 2844 2485 recepit
2866 2417 3113 2491 (Confess.
3142 2425 3223 2479 lib.
3259 2429 3315 2497 ες,
3336 2446 3449 2498 cap.
3470 2433 3519 2494 8,
3541 2450 3588 2487 n.
3610 2432 3703 2504 15).

2227 2497 2280 2551 3.
2322 2498 2413 2552 Vix
2446 2500 2662 2556 Romam
2710 2507 3019 2566 adventarat
3063 2497 3405 2584 Augustinus,
3448 2538 3563 2577 cum

2154 2588 2521 2654 gravissimum
2551 2591 2601 2645 in
2630 2596 2871 2652 morbum
2903 2600 3114 2665 incidit;
3152 2605 3371 2679 jamque
3402 2610 3451 2665 in
3491 2611 3598 2666 dies
3635 2615 3709 2666 in-

2154 2690 2499 2745 gravescente
2528 2685 2713 2738 mortis
2740 2689 2977 2758 periculo
3025 2695 3301 2762 proximus
3341 2710 3473 2754 erat.
3503 2701 3709 2771 Nequid-

2155 2784 2310 2839 quam
2336 2781 2512 2829 tamen
2540 2775 2607 2832 de
2632 2778 2949 2836 salutaribus
2984 2785 3139 2839 undis
3177 2789 3372 2856 quibus
3396 2794 3579 2848 anima-
3605 2808 3707 2847 sor-

2151 2862 2249 2919 des
2284 2865 2586 2932 abluuutur,
2628 2871 2695 2923 ab
2723 2887 2788 2925 eo
2822 2876 3185 2942 cogitabatur:
3223 2897 3292 2933 eo
3336 2884 3473 2937 enim
3504 2885 3711 2940 vesaniae

2152 2968 2506 3023 processerat,
2532 2969 2587 3013 ιιι
2614 2960 2847 3017 divinum
2871 2964 2971 3019 hoc
2990 2968 3441 3029 medicamentum
3469 2975 3708 3031 irrideret.

2152 3042 2335 3113 Iguara
2367 3046 2490 3102 licet
2526 3049 2609 3119 pia
2642 3062 2811 3107 mater
2851 3056 2985 3123 ejus,
3033 3058 3083 3111 in
3128 3061 3271 3129 quod
3317 3064 3713 3120 ineideratlilins

2153 3136 2277 3191 vitae
2305 3139 2607 3203 discrimen,
2640 3145 2803 3202 nihilo
2832 3151 3046 3218 segnius
3087 3168 3184 3221 pro
3210 3156 3305 3210 illo
3350 3159 3514 3215 Deum
3541 3176 3711 3230 preca-

2152 3226 2340 3295 batur;
2371 3232 2519 3300 cnjns
2551 3238 2867 3303 precationis
2889 3241 3185 3301 interventu
3207 3252 3542 3306 convaluisse
3566 3267 3643 3320 se,
3659 3266 3714 3307 sc

2152 3317 2300 3372 vitali
2351 3320 2560 3377 lavacro
2601 3340 2948 3389 reservatum.
2993 3350 3097 3389 non
3128 3337 3244 3393 sine
3289 3344 3541 3398 memoris
3567 3341 3715 3399 animi

2152 3410 2539 3477 testiﬁcatione,
2572 3431 2845 3475 memorat.
2882 3420 3001 3477 Non
3026 3426 3150 3481 satis
3177 3429 3407 3499 eloquor,
3431 3434 3499 3488 ait
3525 3433 3649 3488 hanc
3667 3432 3714 3487 in

2149 3514 2280 3559 rem.
2315 3503 2433 3569 quid
2462 3520 2581 3575 erga
2606 3524 2683 3561 me
2705 3510 2910 3565 Irabrbat
2933 3514 3089 3569 animi
3131 3528 3178 3571 et
3199 3535 3394 3589 quanto
3419 3526 3605 3595 majore
3624 3522 3716 3579 sol-

2150 3590 2405 3647 licitudine
2430 3612 2508 3648 me
2544 3601 2850 3665 parturicbat
2887 3605 3088 3674 spiritu,
3118 3624 3273 3679 quam
3301 3630 3454 3669 carne
3471 3590 3716 3687 πλεραθτοί

2150 3680 2334 3754 (Ibid,
2360 3702 2474 3755 cap.
2497 3688 2550 3754 9,
2574 3703 2626 3741 η.
2664 3690 2771 3755 16).

2220 3774 2272 3827 4.
2315 3775 2688 3833 Diversabatur
2733 3797 2825 3851 per
2865 3783 2914 3838 id
2968 3794 3175 3857 tempus
3220 3791 3546 3864 Augustinus
3588 3794 3715 3865 apud

2150 3877 2311 3917 unmu
2340 3880 2403 3920 ex
2432 3866 2840 3926 Maniclneorum
2884 3885 3026 3929 secta
3059 3878 3394 3950 Auditorem,
3441 3902 3610 3953 neque
3632 3902 3715 3940 so-

2150 3952 2258 4007 lum
2303 3955 2417 4023 ejus
2465 3957 2630 4027 ipsius
2673 3970 2764 4016 aut
2804 3964 3025 4019 aliorum
3072 3968 3412 4036 Auditorum.
3442 3952 3538 4032 sed
3566 3978 3710 4031 etiam

2144 4043 2442 4100 Electorum
2466 4052 2843 4109 eonSeetndine
2868 4056 3173 4115 familiarius
3202 4071 3359 4119 utens
3378 4107 3391 4127 ,
3420 4082 3578 4137 quant
3605 4066 3717 4123 reli-

2143 4152 2365 4206 quorum
2408 4137 2700 4207 hominum,
2745 4145 2832 4214 qui
2875 4146 2947 4201 illi
2993 4147 3180 4206 haeresi
3220 4169 3327 4209 non
3369 4157 3712 4213 adhaererent.

2146 4227 2258 4283 Etsi
2303 4245 2429 4282 vero
2475 4230 2882 4291 Manicbarorum
2925 4238 3267 4297 deliramenta
3307 4247 3521 4314 mitius,
3565 4264 3713 4320 quam

2143 4330 2268 4376 ante
2312 4322 2495 4375 solitus
2529 4333 2663 4388 erat,
2695 4326 2935 4382 aliimose
2962 4328 3302 4398 defenderet;
3332 4352 3520 4393 eorum
3550 4350 3714 4394 tamen

2142 4410 2516 4478 familiaritate,
2548 4431 2678 4483 quos
2723 4433 2912 4488 magno
2948 4437 3170 4477 nmuero
3202 4424 3367 4480 Roma
3398 4430 3713 4496 occultabat,

2142 4502 2209 4555 ab
2232 4502 2568 4571 inquisitione
2593 4509 2698 4562 veri
2727 4524 2830 4564 non
2855 4527 3037 4579 parum
3063 4516 3453 4577 retardahatur.
3485 4522 3712 4579 Necdum

2139 4607 2269 4647 vero
2299 4608 2419 4648 eum
2447 4611 2682 4651 errorem
2714 4612 2951 4666 exiterat,
2983 4619 3089 4673 quo
3132 4606 3230 4660 sibi
3273 4625 3339 4664 ex
3384 4627 3575 4669 eorum
3604 4631 3717 4670 scn-

2140 4686 2304 4737 tentia
2336 4686 2629 4754 videbatur,
2661 4706 2763 4744 non
2786 4708 2845 4748 se
2864 4708 2982 4749 esse
3002 4698 3090 4766 qui
3118 4712 3383 4768 peccaret,
3407 4706 3505 4762 sed
3530 4721 3714 4778 quiam-

2139 4775 2260 4829 dam
2300 4777 2455 4831 aliam
2500 4779 2550 4833 in
2582 4780 2695 4851 ipso
2738 4794 2996 4841 naturam.
3028 4788 3145 4857 Quo
3174 4792 3427 4862 ﬁgmento
3461 4775 3717 4870 sacrilego

2137 4870 2402 4940 superbim
2433 4872 2598 4942 ipsius
2622 4875 2942 4943 blandiente,
2973 4897 3032 4937 se
3060 4893 3207 4940 extra
3251 4902 3471 4945 omnem
3512 4894 3715 4963 culpam

2137 4976 2277 5024 esse,
2309 4962 2551 5018 lubenter
2577 4968 2868 5036 reputabat.
2901 4971 3076 5026 Adhuc
3100 4977 3231 5029 enim
3269 4979 3398 5033 mihi
3436 4982 3713 5047 videbatur,

2137 5050 2325 5120 inquit,
2349 5069 2448 5107 non
2471 5071 2578 5110 esse
2595 5073 2685 5111 nos
2700 5059 2785 5124 qui
2805 5076 3084 5128 peccamus,
3102 5065 3191 5118 sed
3206 5068 3371 5121 nescio
3386 5087 3543 5138 quam
3567 5072 3716 5125 aliam

2134 5140 2188 5194 in
2216 5144 2354 5197 nobis
2370 5161 2576 5215 peccare
2590 5156 2819 5200 naturam
2836 5164 2855 5211 ;
2871 5159 2916 5202 et
2941 5150 3225 5207 delectabar
3245 5159 3537 5225 superbiam
3559 5176 3718 5216 meant

2134 5246 2276 5289 extra
2312 5235 2515 5306 culpam
2557 5248 2756 5302 esse;et
2796 5256 2908 5294 cum
2935 5243 3126 5313 aliquid
3161 5248 3282 5302 mali
3316 5252 3574 5319 fecissem,
3620 5268 3717 5307 non

2134 5329 2361 5396 con/itert'
2400 5346 2479 5383 me
2503 5329 2695 5401 fecisse,
2721 5340 2777 5385 ut
2802 5349 3008 5388 sanares
3045 5336 3288 5405 animam,
3323 5344 3573 5409 quoniam
3602 5360 3714 5414 pec-

2132 5418 2277 5473 cubat
2302 5419 2420 5482 tibi;
2442 5420 2529 5474 sed
2558 5437 2792 5476 excusare
2820 5440 2927 5477 eam
2954 5426 3202 5491 amabam,
3225 5439 3271 5484 et
3288 5446 3535 5488 accusare
3554 5450 3717 5487 nescio

2131 5508 2251 5577 quid
2277 5509 2437 5570 aliud,
2464 5514 2594 5579 quod
2622 5528 2813 5566 mecum
2830 5524 2977 5578 esset,
3009 5527 3055 5570 et
3082 5535 3173 5589 ego
3214 5537 3313 5574 non
3338 5538 3506 5577 essem
3530 5523 3715 5593 (lbid.,

2132 5611 2245 5665 cap.
2263 5597 2348 5661 10,
2363 5616 2414 5651 n.
2434 5599 2537 5669 18).
2556 5600 2679 5653 Erat
2698 5617 2825 5656 vero
2845 5604 2981 5658 istud
2996 5605 3147 5675 longe
3164 5610 3455 5665 maximum
3476 5630 3540 5668 ac
3556 5627 3720 5687 prope

2131 5687 2300 5740 solum
2345 5689 2795 5758 impedimentum,
2828 5697 3111 5764 quominus
3139 5715 3200 5753 ex
3239 5699 3506 5769 profundo
3536 5719 3716 5759 emcr-

2094 5782 2098 5786 '
2134 5784 2301 5844 geret,
2333 5779 2472 5847 quod
2508 5780 2667 5835 Deum
2698 5784 2928 5856 cogitare
2958 5801 3061 5842 non
3091 5802 3263 5861 posset
3288 5791 3356 5845 ab
3392 5795 3542 5851 omni
3578 5795 3718 5851 tnole
