3948 6404
232 349 282 414 η
793 288 802 296 ο
1474 334 1674 400 LIBER
1708 338 1781 397 SI

1896 337 2084 402 NDUS.
3365 336 3441 401 οι

235 479 444 535 cit-pom
490 472 802 525 secretum;
847 477 1012 533 neque
1053 461 1337 534 quidquam
1379 468 1598 524 omnino
1647 477 1768 520 esse

240 558 546 621 existiiuaret,
579 554 726 625 quod
753 568 939 623 corpus
964 569 1064 608 non
1091 564 1263 610 eSsct:
1290 569 1355 610 ex
1383 571 1487 624 quo
1513 555 1769 623 principio

250 662 407 700 emit-es
424 647 681 715 permulti
707 646 859 700 veluti
881 661 943 701 cx
967 656 1213 714 corrupto
1235 644 1382 700 fonte
1403 646 1588 712 impuri
1614 642 1768 697 rivuli

215 741 230 756 '
257 738 570 791 muniebant.
607 737 742 791 Hinc
769 751 891 791 suos
917 735 1165 790 adversus
1195 735 1445 790 Faustum
1475 735 1636 789 libros
1673 735 1772 788 hac

263 827 404 881 sllultri
422 827 780 880 admonitione
798 827 1051 881 conclusit
1072 846 1085 881 :
1111 825 1205 880 Dei
1224 837 1455 879 naturam
1475 837 1623 894 atque
1647 826 1770 879 sub—

267 919 438 970 stantiam
467 917 920 970 incommutabilem
950 917 1170 978 omnino.
1201 918 1403 970 omnino
1427 916 1774 986 incorruptibi-

270 1009 336 1062 lou
355 1008 557 1078 cogitate,
591 1006 669 1062 sel
693 1008 894 1072 credite,
925 1018 970 1060 et
1002 1007 1270 1060 Manicluei
1293 1006 1526 1060 continuo
1547 1022 1646 1059 non
1673 1005 1773 1058 eri-

273 1098 331 1161 tis,
348 1107 387 1148 ιιι
406 1097 658 1164 aliquando
673 1109 719 1151 et
738 1096 980 1150 Catholici
1002 1113 1106 1152 esse
1122 1097 1320 1165 possitis
1336 1095 1544 1168 (Contra
1567 1095 1769 1160 Faust.,

274 1189 333 1242 fil.
348 1190 414 1249 53.
427 1205 530 1255 cap.
551 1187 607 1260 9)
651 1189 928 1244 Ιζειίηειιειι
942 1203 1062 1244 enm
1083 1192 1294 1256 insuper
1308 1188 1606 1258 desperatio
1627 1188 1774 1242 inve-

274 1280 426 1335 nienda:
450 1279 496 1334 in
537 1281 764 1334 Ecclesia
794 1280 1048 1334 catlmlica
1096 1281 1348 1345 veritatis,
1387 1294 1545 1348 quam
1591 1279 1772 1332 Eccle-

272 1376 388 1440 slani,
409 1373 622 1427 confictis
649 1373 716 1426 ad
755 1372 1002 1426 iuvidiatn
1048 1372 1358 1436 mendaciis,
1388 1387 1454 1427 eo
1482 1387 1650 1441 usque
1677 1385 1771 1426 su-

273 1477 453 1533 spectam
475 1464 517 1519 ei
542 1463 873 1520 reddiderant
915 1462 1208 1527 Manichmi,
1249 1471 1310 1516 ut
1335 1478 1641 1531 persuasmn
1671 1461 1773 1514 sibi

276 1555 327 1608 ab
347 1555 398 1608 iis
413 1553 550 1608 luisse
569 1554 770 1618 innuat,
790 1553 1093 1608 Catholicos
1112 1553 1352 1607 homines
1367 1552 1586 1607 credere
1609 1552 1773 1605 Deum

278 1645 406 1700 forma
429 1660 656 1713 cmporea
692 1659 884 1698 nosmc
927 1643 1188 1698 consimili
1231 1653 1495 1708 constare,
1525 1641 1776 1696 membris

279 1734 470 1790 humanis
480 1735 839 1804 ceagmentari,
868 1749 928 1786 ac
947 1735 1123 1787 carnis
1140 1733 1470 1786 lineamentis
1495 1732 1630 1785 tiniri
1649 1747 1776 1786 cono

279 1825 579 1896 decimique;
604 1827 742 1896 quod
761 1829 808 1879 ei
826 1835 978 1895 turpe
991 1826 1192 1880 credito
1211 1825 1543 1896 cogitatuqne
1564 1824 1777 1879 videba-

281 1926 350 1970 tur
371 1915 508 1988 (Conf.
533 1915 610 1969 lib.
640 1917 693 1978 5,
721 1932 834 1986 cap.
859 1917 943 1978 l0.
974 1934 1024 1969 n.
1049 1915 1146 1978 90;
1182 1915 1264 1969 lib.
1297 1916 1350 1972 6.
1378 1932 1490 1985 cap.
1524 1915 1578 1968 2.
1613 1931 1665 1968 ιι.
1695 1916 1774 1984 4).

285 2009 385 2076 Qua
404 2009 530 2062 etiam
554 2008 692 2063 illum
730 2023 848 2062 cum
877 2007 1176 2061 Manichmis
1203 2008 1555 2076 c0njuugehat
1595 2007 1779 2060 amici-

292 2101 367 2164 tia,
387 2099 622 2168 segniorem
650 2099 717 2153 ad
742 2099 881 2152 aliud
909 2100 1105 2152 certius
1132 2098 1548 2166 investigandum
1576 2097 1772 2152 efﬁcio.

297 2188 495 2244 baLcum
521 2206 686 2244 eorum
713 2190 952 2244 doctrina
982 2199 1262 2244 contentus
1288 2206 1406 2245 eSSe
1430 2187 1642 2244 decrevi
1673 2195 1773 2254 set,

291 2280 392 2333 dum
419 2281 571 2350 aliquid
607 2281 795 2334 melius
833 2289 886 2334 et
907 2283 1230 2352 explorati-is
1267 2292 1561 2335 occurreret
1593 2277 1776 2349 (Ibid.,

290 2370 360 2422 lib.
377 2372 417 2433 5,
433 2387 523 2436 cap.
545 2372 620 2430 10,
640 2390 689 2424 n.
712 2370 822 2444 l0).
850 2375 1174 2442 Deindequae
1191 2373 1459 2428 Manichazi
1476 2375 1524 2426 in
1543 2373 1781 2440 Scriptu-

290 2461 352 2513 ris
365 2461 510 2516 divinis
527 2464 987 2535 reprehendebant,
1007 2467 1073 2518 ab
1086 2464 1374 2518 Catholicis
1391 2464 1600 2518 defendi
1625 2478 1780 2533 posse

292 2567 376 2605 non
387 2554 706 2610 arbitrabatur:
724 2557 930 2610 tametsi
949 2555 1410 2612 vehementissime
1425 2565 1640 2624 cuperet
1657 2570 1778 2609 cum

289 2644 428 2716 aliquo
447 2648 618 2702 illorum
648 2649 897 2703 librorum
927 2649 1250 2718 peritissimo
1281 2649 1482 2718 singula
1513 2647 1776 2713 cooferre,

291 2751 385 2804 qua:
401 2741 564 2808 quidem
585 2745 632 2797 in
654 2745 1011 2798 controversia
1030 2753 1392 2806 VerSarentur;
1420 2750 1478 2797 ut
1503 2758 1620 2812 qua:
1640 2751 1782 2796 esset

295 2825 406 2881 illius
416 2845 460 2883 ea
471 2832 523 2886 de
535 2847 586 2888 re
599 2850 684 2887 seu
694 2833 854 2888 tentia
869 2834 1130 2904 dispicere
1153 2844 1328 2902 posset
1363 2831 1526 2901 (Ibid.
1557 2849 1670 2902 cap.
1692 2832 1712 2886 1
1729 2832 1778 2890 1.

296 2930 342 2967 ιι.
365 2916 446 2986 21).
468 2923 608 2992 Atque
636 2933 692 2977 ut
722 2938 869 2992 Spem
911 2939 1121 2979 omnem
1147 2925 1284 2977 inea
1310 2931 1449 2977 secta
1477 2921 1781 2992 proﬁciendi

286 3003 443 3062 dudum
457 3010 721 3078 abjecerat;
741 3029 804 3066 ea
829 3014 936 3082 ipsa
964 3013 1170 3082 quilius,
1197 3013 1244 3067 si
1267 3012 1391 3066 nihil
1419 3012 1606 3065 melius
1628 3027 1782 3082 aper-

283 3096 452 3168 ιίυηηο
470 3105 717 3172 reperiret.
739 3113 882 3160 Stare
901 3105 1226 3171 decrew-rat,
1250 3105 1359 3174 jam
1389 3105 1660 3160 remissius
1683 3119 1782 3160 ne-

283 3187 599 3264 gligentiusque
639 3197 932 3251 retinebat:
959 3213 1124 3268 usque
1165 3198 1300 3252 adeo
1331 3209 1386 3251 ut
1424 3213 1576 3252 suum
1619 3199 1782 3266 ipsius

283 3277 492 3349 hospitem
518 3284 717 3353 fabulis,
745 3305 875 3358 quas
902 3289 1218 3344 Manichmus
1248 3291 1298 3344 in
1330 3291 1477 3347 libris
1500 3292 1610 3346 suis
1628 3307 1781 3362 spar-

281 3369 361 3435 sit,
382 3373 510 3429 nimio
530 3378 636 3445 plus
659 3379 974 3435 tribuentem
1006 3379 1382 3452 fidentemque,
1412 3383 1480 3436 ab
1503 3397 1566 3438 ea
1595 3382 1783 3437 credu-

277 3455 656 3536 litatereprimere
676 3485 779 3524 non
799 3469 1350 3543 dubitaritlIbid.,rap
1375 3475 1458 3536 10,
1473 3491 1523 3527 ιι.
1546 3473 1785 3546 19).νὶι-

281 3549 385 3606 du
409 3563 550 3612 tanien
579 3562 710 3616 bene
738 3560 976 3618 discussa
1001 3563 1158 3625 nube.
1185 3580 1346 3634 quam
1379 3564 1783 3620 Manichaeorum

279 3653 448 3700 eratres
465 3648 562 3717 ejus
580 3652 756 3706 animo
775 3652 1242 3717 circumfuderant.
1271 3656 1461 3710 savior
1493 3670 1675 3710 rursus
1704 3656 1786 3709 iu-

276 3735 424 3790 cubuit
454 3748 735 3811 tempestas,
767 3744 1036 3799 conversis
1062 3745 1225 3814 ipsius
1251 3745 1317 3799 ad
1348 3747 1782 3802 Academicorum

276 3823 644 3899 Philosophorum
670 3846 869 3889 sectam
892 3835 1378 3909 hzcsitationemque
1408 3841 1616 3903 studiis,
1648 3855 1785 3910 quos

273 3918 469 3972 omnium
503 3922 643 3996 longe
683 3926 1103 3994 sapientissimos
1141 3927 1386 3996 habebat,
1424 3946 1515 3985 seu
1556 3931 1694 4000 quod
1719 3931 1787 3985 ab

275 4007 397 4090 enini
416 4024 599 4067 assensu
625 4030 746 4070 sese
772 4016 1098 4085 cohiberent,
1130 4033 1222 4072 seu
1255 4019 1395 4090 quod
1427 4020 1554 4075 nihil
1583 4023 1692 4075 veri
1720 4020 1788 4076 ab

278 4089 454 4153 homine
492 4104 856 4177 comprehendi
899 4124 1053 4179 posse
1093 4110 1454 4165 decrevissent
1492 4110 1589 4182 (De
1633 4111 1788 4166 Beata

279 4185 439 4252 0510.11.
461 4193 525 4262 4).
552 4195 628 4251 Ita
656 4200 809 4264 enim,
842 4199 1028 4268 inquit,
1061 4210 1107 4252 et
1128 4200 1249 4253 mihi
1272 4201 1460 4269 liquido
1483 4202 1692 4256 sensisse
1716 4202 1788 4254 vi-

281 4274 494 4346 ldanntr,
520 4296 566 4339 ut
587 4290 735 4358 vulgo
766 4288 1031 4354 habentur,
1064 4291 1210 4358 etiam
1239 4291 1440 4343 illorum
1468 4291 1789 4346 intentionem

286 4370 462 4425 ιοιᾱιιιιι
481 4375 758 4450 intelligenti
783 4378 1005 4450 (Confes.
1025 4379 1111 4433 lib.
1135 4380 1188 4445 5,
1211 4397 1324 4451 cap.
1359 4382 1444 4446 10,
1473 4398 1525 4435 ιι.
1561 4383 1666 4450 19).

345 4455 388 4510 5.
417 4460 640 4520 Ceterum
672 4470 746 4522 uti
775 4469 1005 4522 oratoria
1032 4469 1291 4538 professio
1321 4485 1423 4523 una
1452 4480 1539 4524 ant
1565 4471 1790 4527 maxima

291 4541 354 4597 illi
373 4562 498 4608 causa
519 4554 673 4612 luerat
697 4558 918 4613 Romam
946 4558 1204 4624 adeundi;
1230 4559 1316 4613 ubi
1332 4577 1362 4615 e
1380 4562 1564 4615 morbo
1580 4578 1789 4617 recrea-

301 4640 372 4689 ιιι
393 4651 469 4704 est,
501 4645 544 4700 in
579 4648 707 4703 illud
749 4645 980 4703 studium
1022 4649 1207 4704 sedulo
1252 4650 1559 4707 incumbere
1606 4654 1789 4724 carpit,

303 4734 556 4802 congregatis
581 4741 806 4808 primum
849 4739 993 4794 domi
1033 4742 1324 4811 discipulis,
1372 4744 1563 4813 quibus
1603 4753 1656 4798 et
1698 4761 1793 4816 per

299 4820 830 4887 qmjminitotuerat.
871 4829 1026 4884 Brevi
1054 4831 1258 4897 didicit,
1282 4832 1532 4902 juvenum
1572 4835 1795 4891 Cartha-

299 4904 527 4972 Iinensiutn
563 4919 821 4975 licentiam
864 4921 1043 4977 Roma:
1079 4938 1182 4977 nou
1212 4924 1415 4994 vigere;
1446 4925 1539 4981 sed
1574 4929 1793 4983 alteram

301 5008 382 5049 Ion
405 5000 614 5065 leviorem
643 5011 715 5066 ibi
741 5013 991 5082 grassari.
1025 5015 1229 5069 Certior
1253 5017 1393 5070 cnim
1418 5016 1484 5071 de
1511 5018 1792 5074 scholasti-

301 5095 440 5146 30mm
455 5093 612 5156 fraude
631 5102 802 5156 factos
825 5114 923 5166 est,
952 5105 1042 5174 qui
1069 5121 1137 5161 ne
1161 5107 1456 5164 mercedem
1485 5111 1793 5179 penderent,

299 5184 416 5272 “llo
434 5197 731 5260 priscepr
756 5192 1060 5264 plemmque
1089 5190 1392 5267 transfugm,
1424 5197 1557 5252 facta
1587 5202 1797 5272 conspi-

301 5263 457 5356 ﬁliolus
475 5277 531 5330 ad
552 5280 712 5334 alium
735 5298 795 5335 se
820 5263 1219 5339 transferebant.
1251 5263 1442 5356 Turpis
1480 5289 1616 5344 illitis
1658 5263 1799 5346 ιηίυ-

301 5351 380 5421 du,
399 5362 579 5422 aliunde
604 5371 706 5424 sibi
733 5373 978 5440 exitialis,
1006 5377 1312 5446 indignitate
1329 5351 1506 5447 procul
1525 5382 1682 5435 dubio
1701 5383 1800 5437 im-

303 5451 443 5541 lllllﬂts
467 5467 556 5520 est,
582 5467 642 5514 ut
662 5459 731 5514 de
766 5465 1109 5532 suscipienda,
1143 5484 1260 5536 qua:
1289 5483 1346 5523 se
1371 5470 1494 5523 alibi
1523 5473 1796 5541 oll'erehat,

303 5540 516 5603 Minucia
533 5561 786 5618 cogitaret
810 5551 991 5622 (Ibid.,
1018 5573 1132 5629 cap.
1164 5559 1250 5626 1‘2,
1275 5575 1328 5613 ιι.

1061 5852 1196 5864 ιιι-ο

2507 452 2729 510 CAPUT
2767 452 2829 510 ll.

1881 589 1906 642 1
1937 587 2011 641 Ab
2059 585 2206 642 Urbis
2231 588 2466 657 prefecto
2489 590 2700 642 mittitur
2722 588 3062 646 Mediolanum
3080 592 3149 646 ad
3169 594 3447 652 docendam

1948 687 2104 730 artem
2134 679 2426 732 oratoriam.
2455 679 2488 732 Ξ
2532 677 2756 749 Benigne
2777 682 3042 752 suscipitur
3077 683 3138 737 ab
3165 684 3444 754 Ambrcsto,

1948 769 2154 835 ejusque
2173 768 2358 821 auditis
2376 769 2696 822 concionibus
2715 787 2747 823 a
2770 769 2822 824 Μ
2825 773 3060 828 anicliwis
3079 774 3350 840 discedere,
3366 789 3447 830 at-

1949 875 2044 928 que
2075 861 2128 912 in
2164 858 2389 914 Ecclesia
2428 861 2674 913 catholica
2701 862 3080 919 catechumenus
3107 882 3305 920 orauere
3329 882 3424 922 con

1949 950 2128 1017 stituit,
2159 950 2316 1004 donec
2338 950 2533 1020 aliquid
2560 950 2655 1004 sibi
2679 953 2798 1005 certi
2821 951 3030 1005 eluceat.

1951 1086 2002 1140 1.
2026 1084 2156 1140 Cum
2175 1086 2349 1155 itaque
2362 1085 2550 1140 civitas
2567 1084 2971 1140 Mediolanensis
2988 1086 3299 1156 eloquentiae
3323 1103 3447 1159 pro-

1880 1173 2080 1228 fessore
2108 1175 2353 1228 destituta
2383 1181 2552 1238 esset,
2585 1173 2802 1228 missum
2829 1184 2909 1227 est
2945 1189 2975 1227 a
3015 1174 3309 1229 Mediolano
3343 1177 3448 1230 Ro-

1882 1279 2023 1317 mam
2053 1263 2119 1318 ad
2149 1265 2524 1334 Symmachum
2551 1261 2698 1318 urbis
2725 1264 3052 1332 praefectum,
3083 1273 3138 1318 ut
3159 1264 3230 1318 illi
3252 1266 3448 1321 civitati

1880 1354 2237 1425 professorem
2266 1356 2587 1424 provideret,
2603 1354 2866 1424 impertita
2889 1355 3047 1410 etiam
3069 1357 3340 1412 evectione
3362 1375 3455 1427 pu-

1881 1445 2034 1499 blica.
2056 1446 2202 1500 llanc
2215 1448 2254 1500 A
2263 1447 2536 1516 ugustinus
2551 1446 2875 1516 provinciam
2895 1462 2987 1517 per
3000 1462 3093 1502 eos
3119 1448 3261 1518 ipsos
3292 1449 3454 1503 Mani-

1881 1533 2058 1589 clizeos
2067 1534 2262 1604 quibus.
2278 1537 2370 1600 ait,
2383 1545 2435 1589 ut
2455 1550 2675 1588 carerem
2702 1534 2857 1601 ibant,
2873 1537 3091 1591 ambivit
3104 1537 3272 1609 (σοιτί.
3294 1538 3379 1592 lib.
3397 1540 3450 1604 5,

1881 1620 1978 1693 cap
2021 1625 2104 1683 l3.
2126 1641 2179 1678 ιι.
2202 1625 2296 1694 23)
2320 1642 2333 1679 :
2355 1639 2449 1680 nec
2467 1625 2688 1688 frustra;
2709 1637 2982 1697 postquam
2999 1630 3140 1684 enim
3166 1631 3455 1698 periculum

1881 1716 1962 1767 sui
1995 1712 2226 1780 fecisset,
2268 1729 2332 1769 ac
2375 1717 2588 1770 recitata
2623 1716 2824 1785 publici.
2863 1717 3104 1774 oratione
3138 1720 3457 1790 Symmacho

1884 1818 2004 1859 sese
2040 1807 2403 1875 approbasset,
2451 1807 2587 1862 votis
2618 1809 2832 1877 potitus.
2871 1808 3220 1864 Mediolanum
3266 1813 3457 1866 missus

1871 1905 1996 1964 (est;
2023 1894 2107 1948 ubi
2135 1907 2242 1948 tum
2271 1895 2944 1966 temporisNalentinianus
2970 1899 3144 1968 iunior
3169 1902 3342 1956 aulam
3367 1905 3458 1957 ha—

1885 1983 2041 2039 bebat
2067 1983 2322 2055 (Possid.,
2345 1987 2395 2040 in
2426 1985 2540 2041 Vita
2560 1989 2797 2058 August,
2815 2005 2860 2042 c.
2885 1989 3066 2058 1).Ἐυ
3086 1993 3320 2060 pervenit
3336 2003 3458 2048 ante

1885 2073 2132 2128 Bautonis
2167 2079 2522 2142 consulatum,
2574 2078 2674 2132 hoc
2716 2089 2815 2140 est.
2857 2093 2982 2135 ante
3025 2096 3217 2136 auntnn
3260 2080 3458 2138 Christi

1886 2167 2311 2221 trecentesimum
2342 2169 2718 2238 octogesimum
2741 2171 3018 2239 quintum;
3040 2187 3102 2226 ac
3129 2173 3173 2227 si
3200 2174 3332 2227 forte
3355 2173 3460 2227 lto-

1886 2271 2027 2309 mam
2071 2271 2174 2309 non
2201 2257 2511 2312 adventaret
2535 2259 2632 2311 nisi
2663 2269 2889 2313 exeunte
2912 2276 3052 2314 ainio
3089 2263 3461 2318 trecentesimo

1889 2348 2210 2416 octogesimo
2234 2350 2407 2412 tertio,
2431 2347 2779 2403 Mediolanum
2800 2352 3148 2420 commigrare
3169 2369 3271 2406 nun
3293 2354 3462 2422 potuit

1886 2445 2008 2490 ante
2051 2452 2244 2490 annuo
2294 2439 2725 2493 trecenti-Sintula
2765 2442 3143 2509 octogesimum
3173 2451 3457 2511 quartum;

1886 2542 1991 2596 quo
2011 2541 2149 2580 anno
2173 2528 2547 2598 Symmachum
2575 2529 2936 2598 pricfe..turam
2965 2529 3117 2586 Urbis
3135 2533 3458 2601 gessissem-

1887 2615 2142 2684 perimus.
2170 2615 2430 2672 Caeterum
2469 2619 2710 2688 Alypius,
2754 2619 2842 2687 qui
2890 2635 2996 2688 pra:
3035 2621 3329 2690 Augustino
3357 2622 3463 2678 llo-

1887 2725 2025 2762 mam
2056 2710 2184 2763 ierat
2212 2709 2380 2780 (Conf.
2407 2711 2490 2763 lib.
2521 2712 2706 2781 6,cap.
2736 2711 2789 2776 8,
2814 2729 2864 2764 ιι.
2897 2712 3001 2776 15),
3032 2713 3206 2782 ibique
3229 2723 3460 2770 veterem

1886 2813 2005 2852 cum
2027 2815 2090 2852 eo
2119 2801 2400 2853 amicitiam
2433 2810 2709 2853 renovaret
2736 2803 3071 2871 ﬁrmaretque
3095 2805 3318 2858 arctiore
3342 2805 3462 2883 vin:

1886 2889 2027 2955 culo,
2057 2889 2402 2944 Mediolanum
2429 2905 2639 2960 quoque
2661 2907 2779 2946 eum
2808 2893 3011 2962 insequi
3038 2895 3310 2948 constituit
3336 2915 3350 2949 :
3385 2895 3457 2950 Ut

1887 2994 1978 3032 nec
2005 2994 2083 3031 me
2109 2977 2374 3043 desereret,
2407 2980 2574 3048 inquit
2614 2980 2954 3050 Augustinus,
2996 2993 3042 3034 et
3082 2983 3144 3035 de
3170 2985 3288 3053 jure
3326 2985 3462 3056 quod

1888 3071 2127 3123 didicerat
2151 3069 2341 3140 aliquid
2382 3081 2570 3142 ageret,
2598 3072 2869 3126 secundum
2895 3083 3063 3127 votum
3088 3076 3247 3146 magis
3276 3093 3460 3146 paren-

1886 3169 2010 3223 tum,
2037 3178 2184 3228 quam
2208 3179 2351 3215 suum
2375 3161 2536 3232 (Ibid.
2566 3180 2680 3234 cap.
2713 3163 2800 3230 10,
2827 3182 2881 3217 ιι.
2911 3167 3018 3234 lli).

1956 3251 2010 3306 2.
2053 3253 2490 3308 Mediolanensem
2528 3254 2817 3308 Ecclesium
2843 3256 3156 3311 Ambrosius
3183 3258 3461 3328 episcopus

1888 3360 2074 3414 magna
2106 3362 2230 3400 cum
2276 3347 2546 3415 sapientia:
2591 3357 2698 3402 tum
2739 3349 3012 3417 probitatis
3043 3350 3176 3404 fama
3218 3365 3464 3421 procura-

1889 3435 1979 3489 bat
2024 3434 2276 3508 (Possid.,
2306 3437 2359 3490 in
2399 3435 2512 3491 Vita
2539 3438 2749 3508 August.
2791 3455 2839 3491 c.
2874 3440 2894 3494 l
2923 3439 3088 3509 ):qui
3115 3443 3464 3512 Augustinum

1889 3525 1955 3579 ad
1980 3526 2228 3580 ofﬁciosa:
2254 3527 2584 3582 salutationis
2613 3543 2807 3583 munus
2847 3529 3016 3598 ipsum
3043 3529 3327 3586 adeuntem
3369 3546 3463 3600 pa-

1892 3623 2042 3669 terno
2062 3615 2262 3685 excepit
2282 3617 2478 3682 animo,
2503 3626 2556 3673 et
2575 3619 2857 3688 episcopali
2881 3618 3136 3674 charitate
3156 3623 3464 3692 complexus

1891 3713 1993 3759 est.
2022 3705 2101 3757 Ad
2124 3721 2235 3758 eum
2264 3715 2449 3770 autem,
2489 3707 2678 3777 inquit,
2710 3709 2924 3762 ducebar
2955 3710 3042 3764 abs
3069 3721 3116 3765 te
3137 3713 3378 3776 nesciens,
3409 3721 3465 3766 ut

1892 3810 1980 3864 per
2017 3811 2128 3848 eum
2160 3794 2228 3848 ad
2256 3806 2303 3848 te
2329 3797 2487 3850 sciens
2513 3798 2735 3851 ducerer.
2777 3799 3010 3870 Suscepit
3038 3817 3118 3854 nte
3151 3810 3353 3870 paterna
3379 3801 3465 3857 ille

1893 3883 2040 3936 homo
2068 3881 2180 3946 Dei,
2212 3894 2258 3937 et
2286 3885 2729 3956 peregrinationem
2769 3903 2930 3941 meam
2966 3890 3086 3943 satis
3119 3892 3464 3959 episcopaliter

1893 3973 2086 4028 dilexit.
2121 3973 2188 4026 Et
2214 3991 2326 4027 eum
2350 3991 2521 4029 amare
2542 3977 2688 4045 ccepi,
2708 3978 2868 4046 primo
2883 3978 3080 4045 quidem
3099 3996 3200 4033 non
3225 3989 3462 4049 tanquam

1894 4065 2146 4118 doctorem
2170 4066 2288 4130 veri,
2311 4067 2448 4136 quod
2466 4067 2518 4120 in
2539 4065 2766 4122 Ecclesia
2787 4078 2874 4123 tua
2897 4086 3100 4138 prorsus
3119 4071 3459 4140 desperabam,

1893 4155 1983 4208 sed
2005 4163 2240 4224 tanquam
2269 4157 2520 4210 hominem
2547 4157 2811 4227 benignum
2845 4160 2898 4213 in
2930 4177 3027 4213 me.
3055 4161 3316 4216 Audiebat
3341 4178 3462 4218 eum

1893 4245 2083 4299 exinde
2107 4244 2352 4316 frequens
2375 4257 2530 4318 atque
2549 4250 2790 4304 assiduus
2808 4264 3107 4307 Sermonem
3128 4253 3193 4308 ad
3216 4255 3462 4324 populum

1896 4333 2199 4401 habentem,
2232 4352 2335 4390 non
2366 4351 2431 4391 eo
2455 4338 2632 4392 animo
2655 4355 2760 4409 quo
2790 4356 2884 4409 par
2910 4349 3043 4407 erat,
3065 4343 3156 4396 sed
3185 4353 3240 4396 ut
3260 4343 3466 4411 experi-

1895 4434 2043 4480 retur
2065 4441 2131 4480 an
2157 4427 2270 4497 ejus
2298 4428 2596 4499 eloquentia
2623 4430 2755 4485 infra
2785 4433 2865 4487 vel
2894 4447 3049 4502 supra
3081 4433 3274 4488 famam
3293 4443 3462 4490 esset:

1896 4530 2073 4569 rerum
2104 4517 2333 4585 ipsarum
2364 4519 2678 4584 incuriosus,
2708 4521 2989 4575 verborum
3033 4522 3309 4591 lenocinia,
3333 4539 3466 4596 quo.

1899 4622 2016 4661 rum
2044 4609 2304 4664 suavitate
2332 4610 2551 4664 mirifice
2580 4611 2956 4672 delectabatur.
3002 4616 3333 4672 solummodo
3377 4635 3468 4673 ca-

1899 4697 2097 4766 ptabat.
2120 4698 2227 4752 Etsi
2251 4714 2373 4752 vero
2390 4699 2565 4754 Fausti
2592 4702 2762 4756 oratio
2785 4703 3052 4774 aliquanto
3075 4707 3364 4778 elegantior
3385 4719 3441 4766 at

1899 4804 2005 4858 que
2033 4789 2100 4843 ad
2127 4789 2434 4846 mulcendas
2459 4807 2617 4848 aures
2651 4794 2858 4850 dulcior
2887 4796 2959 4851 illi
2985 4810 3298 4869 appareret;
3330 4803 3469 4859 nulla

1901 4887 2097 4945 tamen,
2121 4894 2180 4935 se
2213 4879 2411 4950 judice,
2453 4881 2520 4936 de
2553 4885 2810 4954 gravitate
2833 4895 2991 4957 atque
3018 4889 3314 4945 eruditione
3338 4892 3473 4946 inter

1903 4978 2180 5039 utrumque
2206 4973 2528 5041 comparatio
2542 4983 2658 5028 erat
2673 4975 2844 5046 (σου).
2866 4977 2954 5030 lib.
2971 4979 3026 5043 5,
3047 4995 3162 5051 cap.
3188 4982 3273 5045 15,
3293 4998 3344 5036 ιι.
3358 4982 3470 5039 23).

1903 5060 2082 5130 Itaque
2110 5061 2305 5114 sensim
2335 5065 2451 5117 sine
2477 5078 2637 5118 sensu
2668 5067 2859 5121 veritas
2887 5069 3001 5136 ejus
3020 5071 3198 5125 animo
3220 5070 3473 5127 illabeba-

1905 5160 2007 5206 tur.
2027 5153 2377 5208 Attentiorem
2401 5169 2521 5208 eum
2544 5155 2797 5210 reddebat
2823 5159 2903 5212 illa
2931 5160 3041 5229 ipsa
3068 5161 3303 5225 lia-rosis.
3325 5164 3475 5230 cujus
3541 5154 3553 5168 ⁸

1906 5244 2183 5313 prmceptis
2227 5245 2456 5298 imbutus
2495 5254 2643 5300 erat:
2667 5255 2721 5301 et
2765 5248 2884 5302 ideo
2919 5252 3129 5306 caneris
3171 5255 3476 5320 suspensior

1905 5332 2107 5394 aderat,
2139 5347 2204 5386 ne
2227 5333 2351 5402 quid
2381 5333 2458 5387 vel
2498 5350 2593 5403 pro
2619 5335 2727 5404 ipsa
2760 5336 2841 5390 vel
2868 5347 3050 5393 contra
3080 5340 3243 5410 ipsam
3269 5340 3474 5401 dicere-

1908 5431 2010 5476 tur.
2041 5421 2108 5476 Et
2133 5424 2387 5492 praevenit
2427 5424 2514 5479 Dei
2556 5425 2851 5481 liberatoris
2871 5428 3172 5494 clementia,
3197 5431 3474 5486 suisacero

1907 5511 2046 5567 dotis
2072 5513 2335 5568 Ambrosii
2356 5529 2447 5569 cor
2467 5521 2860 5588 per:ractantis,
2883 5531 2941 5575 ut
2960 5534 3140 5576 contra
3164 5523 3306 5578 illum
3327 5539 3478 5578 erro-

1910 5619 2023 5658 rem
2051 5603 2344 5660 incidcntes
2368 5605 2523 5676 Legis
2547 5609 2865 5676 qumstiones
2889 5613 3201 5666 dissolveret
3224 5610 3480 5685 (Possum.

1908 5694 1961 5748 in
2000 5691 2115 5748 Vita
2139 5694 2379 5765 August,
2407 5711 2523 5767 cap.
2551 5697 2628 5767 1).
2674 5697 2863 5754 Narrat
2894 5699 3008 5754 haec
3038 5701 3148 5770 ipse
3176 5702 3288 5758 fuse
3323 5713 3483 5776 atque

1915 5793 2184 5860 pingant“
2207 5783 2533 5858 Augustinus
2555 5787 2608 5844 in
2632 5787 2770 5844 hunc
2793 5788 3006 5843 modum
3029 5809 3042 5854 _:
3063 5789 3190 5848 Cum
3219 5795 3352 5853 enim
3379 5815 3482 5862 οδ.
