3950 6282
551 184 660 253 103

551 310 777 379 phorum
797 298 1094 362 sententiae,
1111 290 1305 369 quibus
1323 288 1594 365 ingenium
1613 293 1899 358 imbuerat,
1918 278 2135 349 insitam

550 399 875 469 Opinionem,
900 406 1005 465 qua
1033 398 1087 445 ct
1117 390 1282 444 Deum
1307 401 1431 443 esse
1453 427 1468 447 .
1496 393 1551 441 et
1577 402 1753 441 rentur
1787 384 2136 440 humanarum

551 485 1067 545 administrationem
1108 480 1173 536 ad
1214 494 1339 536 eum
1384 478 1650 550 pertinere
1688 476 1976 542 credebat,
2021 474 2140 545 ejus

551 580 730 636 animo
776 589 1048 647 nunquam
1093 572 1431 645 depulerunt.
1478 567 1545 623 ld
1578 568 1870 627 credebam.
1899 569 2006 633 ait,
2036 567 2137 621 ali-

550 671 754 743 quando
781 671 1061 731 robustius.
1087 662 1361 734 aliquando
1386 662 1599 725 ea'ilius;
1621 676 1815 729 semper
1839 670 2005 714 tamen
2032 675 2142 714 creo

548 763 686 823 didi.
717 772 765 817 et
790 776 900 817 esse
921 769 991 823 te,
1018 767 1069 813 et
1086 772 1261 812 curam
1288 756 1445 810 nostri
1472 767 1680 825 gerere;
1701 752 1894 804 cltumst'
1926 751 2138 822 ignora-

549 855 664 911 bam
690 855 767 909 vel
790 851 915 922 quid
935 847 1248 907 sentiendum
1269 856 1393 902 esset
1414 846 1477 900 dc
1492 844 1770 909 substantia
1802 854 1910 910 tua,
1933 843 2009 897 rel
2030 856 2143 912 quia

549 946 631 1003 uia
653 946 858 1001 duceret
876 952 963 997 aut
982 942 1238 997 reduceret
1256 937 1326 993 ad
1346 946 1393 993 te
1409 934 1593 1011 (Ibid).
1615 934 1902 991 llazrebant
1923 933 2143 1002 insuper

552 1038 735 1093 animo
773 1036 934 1092 timor
974 1033 1194 1098 mortis,
1235 1030 1396 1085 futuri
1442 1027 1607 1083 divini
1646 1026 1829 1098 judicii
1876 1024 2138 1095 formido,

552 1146 678 1203 spes
702 1126 1131 1191 immortalitatis,
1154 1134 1312 1196 atque
1333 1131 1467 1177 aeta:
1488 1122 1609 1175 vita:
1630 1128 1937 1175 meritorum
1966 1115 2139 1172 futura

556 1221 857 1293 dispunctio
876 1235 937 1272 ac
963 1229 1173 1272 merces
1196 1214 1339 1269 nulia
1369 1212 1676 1283 opinionum
1699 1209 2005 1265 diversitate
2023 1208 2141 1277 ejus

557 1322 775 1385 pectore
822 1310 1082 1366 submota:
1105 1304 1329 1376 -quibus
1355 1303 1516 1358 veluti
1546 1300 1713 1357 frenis
1730 1298 2019 1355 coercitum
2048 1312 2139 1367 se,

553 1414 715 1477 atque
741 1419 772 1458 a
803 1400 1145 1475 profundiore
1173 1398 1526 1453 obscenarum
1565 1392 1896 1461 voluptatmn
1935 1393 2144 1463 gurgite

554 1506 863 1556 ravocatum
890 1489 1279 1565 scribit(lbid.,
1308 1505 1425 1561 cap.
1461 1487 1548 1547 l6.
1574 1504 1628 1541 n.
1656 1485 1782 1557 ‘26).

626 1590 680 1646 5.
711 1587 824 1644 Etsi
849 1602 979 1642 vero
1006 1585 1169 1640 Deum
1197 1580 1520 1652 cogitatione
1545 1593 1653 1634 non
1675 1574 1958 1647 corrtplecti
1985 1573 2144 1630 aliter

552 1688 753 1754 ροιςει,
789 1694 948 1750 quam
986 1691 1084 1730 ceu
1126 1671 1514 1729 nobilissimum
1557 1667 1770 1740 aliquod
1810 1681 2008 1737 corpus
2042 1666 2142 1721 int-

554 1786 739 1829 ruensa
774 1768 914 1825 mole
951 1777 1374 1838 quaquaversum
1403 1760 1656 1816 diﬂ‘usutu
1675 1799 1693 1826 ,
1722 1768 2139 1828 extensumque;

554 1858 1075 1920 incontaminabilem
1103 1865 1302 1920 tamen,
1325 1850 1801 1922 incorruptibilem,
1822 1863 1888 1906 ac
1913 1848 2054 1903 nulla
2074 1863 2142 1905 ex

553 1963 702 2025 parte
728 1950 1037 2007 mutabilem
1065 1945 1218 2019 ejus,
1249 1958 1595 2015 qus-cumque
1621 1940 1833 1997 tandem
1860 1938 1947 1994 illa
1976 1948 2139 2005 esset,

552 2054 794 2103 naturam
813 2044 1127 2099 inconcusse
1149 2038 1361 2095 tenebat
1380 2034 1566 2099 (Ibid,
1590 2033 1679 2088 lib.
1702 2034 1757 2101 7,
1774 2049 1890 2105 cap.
1912 2032 1968 2097 l,
1983 2048 2038 2085 n.
2056 2029 2138 2101 2).

552 2136 670 2205 Quo
710 2134 947 2191 insanius
985 2131 1214 2187 delirare
1252 2127 1611 2183 arbitrabatur
1658 2124 2001 2190 Manicnzeos,
2050 2122 2141 2192 qui

551 2228 782 2285 divinam
808 2224 1160 2282 substantiam
1190 2220 1328 2276 male
1353 2216 1604 2291 patiendo
1629 2215 1914 2272 obnoxiam
1937 2255 1953 2277 ,
1979 2227 2140 2285 quam

550 2333 700 2375 suam
760 2318 995 2390 ipsorum
1044 2312 1186 2368 malo
1223 2307 1579 2381 prt‘pelraltdo
1621 2320 1768 2361 ream
1812 2302 2011 2366 teneri,
2058 2320 2141 2358 sa-

548 2410 658 2467 tius
701 2410 1071 2466 existimarent
1121 2402 1341 2475 (lbid.,
1370 2417 1467 2473 cap
1529 2400 1593 2467 3,
1639 2414 1780 2452 num.
1821 2395 1919 2471 4).
1966 2395 2141 2452 Nihil-

553 2503 767 2559 ominus
831 2511 1008 2556 tamen
1072 2512 1317 2567 quasnam
1380 2502 1524 2550 esset
1581 2491 1706 2547 mali
1767 2491 1950 2562 origo,
2001 2506 2142 2546 non-

551 2592 679 2649 dum
718 2589 950 2647 dilucide
991 2587 1292 2659 perspicere
1321 2590 1544 2656 poterat.
1580 2580 1905 2638 Occurrebat
1936 2581 2141 2635 interea

552 2685 765 2759 quidem
798 2683 902 2740 solt
914 2682 983 2738 rti
1006 2681 1205 2746 anituo,
1230 2678 1370 2749 quod
1398 2675 1686 2733 identidem
1712 2672 1894 2731 abdito
1914 2673 2143 2744 accipie-

551 2778 639 2835 bat
660 2817 676 2843 ,
712 2774 936 2831 liberum
982 2770 1269 2827 voluntatis
1292 2767 1605 2832 arbitrium,
1633 2766 1748 2835 ejus
1775 2764 1918 2837 quod
1943 2765 2144 2820 iacere-

547 2885 688 2937 mus,
721 2878 921 2923 rectum
946 2880 1072 2921 vero
1094 2862 1186 2920 Dei
1202 2861 1483 2933 judicium,
1506 2860 1627 2929 ejus
1645 2859 1786 2929 quod
1810 2865 2137 2927 paterentur,

551 2962 679 3019 ntali
707 2973 900 3016 causas
928 2972 1084 3021 esse;
1114 2954 1210 3011 sed
1240 2970 1337 3008 nec
1368 2951 1569 3023 liquido
1610 2949 1907 3019 intelligere
1935 2954 2144 3019 poterat

541 3068 649 3109 cur
664 3052 734 3106 ita
752 3066 838 3105 res
865 3062 925 3104 se
947 3047 1196 3102 haberet:
1215 3043 1317 3099 etsi
1333 3042 1474 3098 enim
1493 3040 1742 3096 sentienti
1757 3054 1820 3094 se
1838 3037 2006 3092 libero
2028 3037 2144 3107 pol-

551 3143 664 3199 lere
690 3137 980 3195 voluntatis
1005 3133 1248 3198 arbitrio,
1277 3131 1520 3188 nonnihil
1543 3130 1680 3186 lucis
1694 3128 2016 3194 oboriretur,
2037 3142 2144 3199 quo

554 3233 682 3290 illud
721 3246 843 3288 esse
882 3232 1084 3284 fontem
1113 3240 1304 3282 eorum
1336 3233 1674 3295 peccatorum
1692 3262 1711 3289 ,
1738 3238 1858 3293 qua
1884 3221 2056 3276 libens
2080 3235 2144 3277 ac

551 3326 740 3383 volens
759 3320 1083 3385 admisisset,
1104 3334 1209 3374 non
1234 3315 1522 3372 diliieultcr
1540 3324 1882 3387 agnosceret;
1908 3322 2142 3369 attamen

555 3432 744 3475 rursus
768 3411 1151 3471 inextricabilis
1168 3417 1284 3466 erat
1300 3408 1548 3480 quaestio,
1570 3406 1713 3463 unde
1734 3407 1902 3464 libero
1924 3406 2144 3462 arbitrio

552 3524 583 3565 a
617 3508 729 3564 Deo
751 3506 956 3576 Optimo
977 3501 1192 3559 condito
1217 3500 1374 3556 insita
1400 3499 1468 3556 ad
1501 3498 1700 3555 malum
1731 3498 2036 3570 proclivitas
2057 3510 2146 3554 es-

551 3608 667 3664 set;
694 3596 836 3654 unde
876 3595 951 3651 illi
987 3595 1124 3650 male
1149 3592 1308 3654 velle.
1331 3599 1388 3648 et
1422 3591 1561 3647 bene
1588 3590 1731 3645 nolle
1748 3588 1934 3663 (lbid.,
1964 3606 2017 3645 n.
2049 3590 2140 3662 5).

555 3692 651 3747 llis
673 3707 738 3746 ac
761 3685 1131 3744 censimilibus
1153 3682 1536 3753 cogitationum
1559 3682 1778 3737 aestibus
1810 3682 2106 3750 exagitatus
2123 3720 2139 3747 ,

553 3784 702 3839 curis
737 3778 1122 3837 conﬁciebatur
1156 3774 1670 3846 exerueiabaturque
1702 3787 1771 3830 eo
1805 3775 1993 3846 magis.
2034 3789 2146 3846 quo

555 3889 648 3932 eas
666 3872 1015 3930 fatniliaribus
1035 3870 1146 3926 suis
1166 3869 1345 3925 minus
1362 3869 1630 3940 explicare
1650 3877 1809 3938 atque
1827 3867 2143 3939 explicando

553 3967 739 4040 partiri
771 3975 998 4038 poterat.
1027 3962 1135 4021 Sed
1162 3960 1323 4017 tacita
1357 3961 1443 4016 illa
1477 3958 1656 4016 cordis
1694 3968 1955 4014 tormenta
1990 3969 2143 4017 erant

555 4060 706 4116 velut
727 4056 1035 4115 clarissima:
1062 4069 1221 4111 voces
1239 4095 1256 4121 ,
1282 4069 1401 4125 qua:
1426 4051 1621 4108 divina:
1647 4050 2026 4107 misericordia:
2054 4064 2142 4108 so.

553 4148 687 4207 lium
728 4146 1026 4219 pulsabant.
1053 4144 1161 4201 Sua
1191 4154 1370 4199 tamen
1408 4157 1530 4197 eum
1571 4141 1868 4212 amigantia
1903 4140 2026 4198 inde
2054 4158 2142 4199 re-

557 4242 842 4307 movebat;
868 4247 924 4294 et
945 4237 1034 4309 qui
1062 4236 1247 4291 faciem
1268 4236 1386 4305 ejus
1405 4233 1681 4290 inllarerat
1700 4243 1895 4303 tumor,
1918 4235 1997 4292 sic
2014 4250 2144 4292 oeu-

556 4333 641 4388 los
666 4330 946 4387 claudebat
991 4337 1048 4383 ut
1074 4326 1311 4381 veritatis
1336 4324 1508 4381 lucem
1533 4325 1813 4383 admittere
1835 4342 1939 4382 non
1961 4335 2142 4397 posset

552 4420 738 4494 (Ibid.,
758 4436 876 4493 cap.
903 4420 959 4487 7,
984 4436 1038 4473 η.
1069 4418 1127 4474 ιι
1146 4418 1187 4488 ).
1221 4414 1296 4472 Tu
1329 4415 1560 4481 Domine,
1588 4417 1788 4489 inquit,
1815 4419 2031 4474 stimulis
2061 4419 2143 4474 in-

557 4515 714 4569 ternis
740 4512 969 4585 agitabile
999 4524 1099 4576 me,
1122 4518 1180 4564 ut
1208 4509 1478 4577 impatiens
1503 4523 1685 4570 essent.
1717 4508 1875 4564 donec
1900 4508 2024 4564 nrilti
2050 4527 2142 4583 per

553 4606 841 4661 interiorem
886 4612 1145 4673 aspectum
1183 4610 1347 4655 certus
1386 4614 1536 4655 esses.
1583 4598 1650 4654 Et
1687 4599 1933 4656 residebat
1976 4611 2143 4657 tumor

554 4711 697 4751 meus
721 4709 785 4749 ea:
806 4692 1003 4748 occulta
1032 4707 1183 4745 manu
1211 4691 1471 4747 medicina
1504 4701 1637 4759 ωω,
1674 4691 1907 4762 aciesque
1930 4702 2138 4747 contur-

556 4790 674 4846 bata
710 4797 756 4842 et
795 4785 1146 4841 contenebrata
1187 4785 1364 4839 mentis
1402 4799 1527 4841 meae
1545 4826 1562 4851 ,
1597 4784 1704 4839 acri
1746 4783 1957 4856 collyrio
1998 4784 2140 4841 salu-

555 4881 720 4936 brium
747 4879 982 4933 dolorum
1005 4876 1068 4931 de
1095 4876 1178 4932 die
1202 4876 1255 4932 in
1282 4876 1416 4932 diem
1441 4874 2054 4949 sanabatur(lbid.,,cap.
2080 4875 2138 4946 8,

554 4993 607 5029 η.
639 4971 762 5045 η).

627 5068 682 5123 6.
733 5065 813 5122 Ad
861 5064 913 5121 id
958 5063 1243 5136 plurimum
1292 5063 1393 5135 ipsi
1439 5060 1662 5118 subsidii
1711 5060 1938 5117 contulit
1981 5060 2141 5118 lectio

557 5157 909 5231 quorumdam
951 5155 1205 5211 librorum
1253 5154 1498 5210 Platonis
1536 5162 1591 5208 et
1623 5154 1742 5221 ejus
1781 5161 2139 5223 sectatorum,

557 5252 647 5316 qui
674 5266 704 5305 a
738 5248 1006 5305 Victorino
1025 5248 1174 5304 urbis
1203 5246 1387 5301 Bootae
1415 5242 1631 5299 rhetore
1654 5243 1951 5299 clarissimo
1981 5241 2143 5301 latine

558 5341 769 5406 redditi,
803 5356 897 5411 per
923 5338 1205 5412 quemdam
1233 5335 1505 5390 hominem
1534 5343 1727 5403 pra'ter
1754 5333 1970 5390 modum
1995 5348 2143 5392 arro.

552 5443 762 5507 gantcm
780 5443 836 5488 et
851 5430 1129 5494 elatum,in
1145 5429 1260 5500 ejus
1273 5442 1464 5482 manus
1479 5436 1740 5482 venerunt
1750 5430 1765 5495 (
1776 5426 1936 5488 lbid..
1949 5443 2066 5500 cap.
2080 5428 2138 5499 9,

552 5542 610 5585 tt.
638 5525 752 5590 l3).
789 5524 921 5582 Nam
957 5537 1082 5576 cum
1114 5518 1296 5576 cateri
1342 5516 1677 5589 philosophi,
1707 5519 1795 5592 qui
1825 5519 1953 5576 solis
1982 5521 2142 5578 rebus

550 5614 827 5691 corporeis
877 5612 1204 5669 tribuentes
1244 5622 1356 5668 non
1408 5605 1569 5666 altius
1615 5620 1938 5686 assurgunt,
1986 5611 2140 5671 ulla.

1719 164 1882 233 Vl'l‘A
1920 172 1979 233 8.
2024 166 2141 232 Alli

2245 162 2389 229 lTlNl
2427 165 2755 231 EPISCOPI.
3670 220 3675 229 ι
3711 179 3815 249 ιω,

2242 294 2448 351 ciarum
2486 303 2540 351 et
2578 278 2952 367 dt-ceptionum
2992 292 3134 367 pleni
3165 288 3304 358 sint;
3331 292 3584 354 Platonici
3619 304 3794 362 cunctis

2241 385 2356 440 suis
2385 385 2880 442 ratiocinationibus
2909 398 3140 444 mentem
3171 388 3238 443 ad
3266 390 3620 460 cognitionem
3650 391 3730 445 Dei
3752 401 3795 451 el

2247 475 2404 531 Verbi
2432 478 2551 547 ejus
2571 478 2758 535 :eterni
2780 489 3041 535 mutantur
3062 479 3315 537 evehere.
3343 481 3535 552 Βρίνςικ
3563 481 3615 537 in
3639 498 3794 541 eorum

2242 568 2396 625 libris
2437 571 2667 639 ferierit.
2709 586 2814 627 non
2854 572 3041 627 iisdem
3079 572 3295 644 quidem
3336 574 3535 640 verbis,
3573 574 3794 645 quidquid

2243 660 2477 720 Joannes
2503 664 2617 737 ipse
2648 663 2919 735 Evangelii
2945 665 3027 721 sui
3057 665 3276 722 exat-dio
3293 658 3364 723 de
3386 667 3541 722 Verbi
3565 668 3794 735 κιαι-ἦλα
3888 658 3915 737 ξ

2243 754 2384 822 quod
2418 753 2611 809 Paulus
2636 754 2706 810 de
2730 754 2969 825 ejusdem
3007 758 3306 830 mquzditate
3341 772 3463 812 eum
3504 758 3692 826 l‘atre,
3716 759 3794 815 do.

2243 852 2385 899 cent.
2421 843 2617 900 Ibidem
2658 846 2859 916 reperit
2893 845 3084 902 Filium
3126 846 3267 903 Patri
3305 863 3405 902 suo
3438 862 3560 904 esse
3600 862 3793 907 erater-

2247 951 2405 1001 num,
2432 947 2555 992 ante
2581 937 2761 992 omnia
2785 945 2841 993 et
2865 952 3024 1007 supra
3052 939 3231 994 omnia
3260 949 3499 1008 tempora
3530 937 3807 999 inomnrnuJ

2247 1019 2478 1075 tahilitcr
2494 1036 2811 1093 permanere
2834 1039 2848 1074 :
2869 1023 3078 1077 animas
3103 1023 3170 1078 de
3198 1023 3525 1092 plenitudine
3549 1023 3664 1092 ejus
3686 1027 3798 1081 acci-

2246 1124 2374 1179 pere
2392 1153 2410 1177 ,
2443 1122 2497 1166 ut
2529 1113 2698 1167 beatze
2723 1112 2865 1179 sint,
2893 1122 2949 1169 et
2975 1113 3381 1184 participatione
3406 1116 3666 1173 manentis
3687 1116 3732 1172 in
3749 1133 3797 1175 se

2246 1201 2530 1274 Sapientia:
2555 1206 2823 1272 renovari,
2847 1214 2905 1260 ut
2927 1205 3035 1261 sint
3059 1205 3344 1277 sapientes.
3360 1203 3497 1261 lude
3520 1208 3796 1278 admonitus,

2248 1282 2453 1366 inquit;
2478 1297 2643 1351 redire
2668 1288 2738 1351 ad
2765 1297 3111 1366 memctipsum
3133 1338 3150 1365 ,
3175 1297 3359 1351 intraui
3395 1298 3448 1352 in
3479 1297 3653 1353 intima
3677 1316 3794 1368 mea,

2246 1386 2374 1443 duce
2397 1397 2483 1453 te;
2503 1398 2551 1443 et
2579 1389 2720 1457 potui
2741 1430 2756 1453 ,
2786 1388 3025 1460 quoniam
3049 1388 3215 1460 {actus
3242 1406 3296 1444 es
3316 1390 3527 1462 adjutor
3548 1407 3697 1447 meus.
3718 1390 3796 1448 lu-

2245 1481 2407 1545 trnvi,
2448 1490 2497 1535 et
2535 1480 2647 1535 ridi
2677 1481 3027 1552 qualicumque
3064 1482 3215 1538 oculo
3253 1482 3438 1537 anima:
3472 1499 3635 1550 matr,
3668 1501 3796 1556 supra

2246 1571 2475 1626 eurudrm
2501 1573 2707 1627 oculum
2732 1571 2919 1627 anime
2942 1587 3086 1635 nuta,
3113 1589 3273 1641 supra
3297 1582 3514 1630 mentem
3540 1591 3711 1640 meam,
3734 1576 3796 1633 ls-

2244 1676 2353 1718 cem
2394 1663 2886 1728 incommutabilem;
2925 1680 3026 1719 non
3068 1664 3200 1719 hanc
3244 1662 3502 1736 uulgarem
3541 1677 3591 1722 et
3625 1669 3794 1741 conspi-

2244 1768 2392 1807 cuam
2420 1754 2557 1808 omni
2583 1754 2727 1808 carni
2740 1794 2758 1821 ,
2784 1770 2875 1809 nec
2895 1755 3044 1826 quasi
3060 1771 3126 1810 ex
3151 1754 3324 1810 eodem
3350 1772 3551 1828 genere.
3579 1755 3796 1817 Grandia

2245 1839 2371 1907 erat,
2403 1855 2644 1914 tanquam
2663 1845 2707 1899 si
2733 1845 2831 1900 ista
2856 1846 3014 1903 multo
3034 1844 3286 1918 multoque
3307 1846 3497 1902 clarius
3519 1849 3792 1917 clarescere,

2244 1946 2502 2010 totumque
2517 1949 2787 2005 occuparet
2810 1939 3181 2010 magnitudine.
3212 1937 3333 1995 Non
3354 1941 3452 1995 ltoc
3473 1939 3569 1999 illa
3587 1952 3707 2009 aut,
3726 1941 3796 1999 sed

2243 2030 2388 2085 aliud
2404 2072 2420 2093 ,
2450 2031 2593 2086 aliud
2618 2030 2767 2087 ualde
2793 2031 2857 2086 ab
2883 2033 2993 2088 istis
3021 2034 3273 2089 omnibus.
3304 2032 3417 2091 Nec
3445 2035 3521 2091 ita
3545 2046 3796 2109 eratsup

2244 2132 2459 2177 mentem
2485 2139 2669 2189 meam,
2699 2124 2830 2179 sicut
2856 2124 3024 2180 oleum
3053 2143 3207 2195 super
3231 2142 3438 2197 aquam,
3469 2144 3563 2184 nec
3585 2128 3704 2184 sicut
3721 2143 3797 2185 cl-

2244 2211 2351 2267 lum
2378 2228 2532 2285 super
2552 2222 2776 2293 terram;
2804 2213 2895 2270 sed
2919 2217 3182 2285 superior,
3211 2217 3335 2289 quia
3360 2218 3477 2289 ipsa
3503 2219 3621 2290 fecit
3643 2236 3742 2285 me;
3761 2229 3798 2275 et

2243 2320 2335 2376 ego
2358 2305 2588 2374 inferior,
2618 2306 2737 2377 quia
2766 2305 2934 2378 [actus
2961 2323 3074 2362 sunt
3097 2308 3162 2363 ab
3189 2325 3270 2363 ea.
3294 2307 3396 2376 Qui
3418 2311 3556 2365 norit
3578 2313 3799 2367 ueritatem

2242 2397 2378 2451 nouit
2402 2413 2512 2452 eam
2537 2412 2558 2453 :
2580 2407 2626 2452 et
2645 2398 2735 2470 qui
2754 2399 2892 2454 norit
2915 2417 3048 2466 eam,
3072 2404 3207 2456 nouit
3229 2401 3583 2459 eternitatem.
3600 2401 3799 2460 Charitas

2244 2490 2503 2545 nouiteam
2534 2488 2721 2564 (Ibid.,
2754 2508 2873 2564 cap.
2908 2493 2992 2561 l0,
3014 2510 3068 2548 n.
3104 2494 3216 2565 16).
3247 2494 3434 2549 Postea
3462 2494 3582 2552 fuse
3601 2510 3663 2554 sc
3683 2496 3800 2552 Initi-

2245 2578 2345 2636 ﬁce
2366 2580 2655 2649 describit,
2683 2598 2791 2655 quo
2816 2592 2973 2654 pacto
2997 2582 3066 2640 ad
3102 2586 3537 2656 cognoscendam
3579 2596 3799 2644 retentant

2243 2673 2541 2734 veritatem.
2564 2684 2927 2731 creaturarum
2949 2676 3309 2734 conditionem
3330 2694 3393 2733 ac
3410 2686 3632 2749 statum,
3651 2692 3798 2735 versat

2243 2780 2455 2835 quoque
2482 2765 2609 2820 mali
2629 2766 2913 2839 originem,
2935 2766 3192 2823 divinitus
3212 2767 3369 2824 fuerit
3391 2769 3700 2827 illustratus.
3713 2768 3798 2825 Nec

2243 2871 2371 2912 vero
2397 2856 2450 2911 iu
2476 2857 2609 2915 solis
2635 2856 3026 2914 Platonicorum
3049 2859 3199 2914 libris
3225 2860 3443 2931 reperit,
3465 2876 3594 2919 eum
3616 2862 3683 2918 de
3707 2862 3796 2918 Des

2244 2956 2297 3002 et
2320 2946 2390 3002 de
2417 2948 2592 3003 anima
2621 2948 2978 3017 cogitaretur,
3008 2948 3137 3004 nihil
3175 2952 3396 3005 omnino
3432 2953 3674 3024 uaporis
3703 2966 3800 3009 est

2244 3038 2581 3109 cogitandum
2607 3057 2621 3094 :
2652 3039 2704 3096 id
2746 3039 2918 3111 ipsum
2954 3040 3138 3097 didicit
3174 3058 3239 3098 ex
3277 3045 3618 3100 sermonibus
3653 3059 3801 3101 sacer»

2243 3128 2384 3185 dolis
2410 3129 2701 3197 Ambrosii,
2733 3140 2788 3187 et
2815 3131 2977 3189 Mallil
3016 3132 3280 3190 Theodori
3307 3176 3322 3199 ,
3359 3135 3458 3191 viri
3497 3150 3608 3193 non
3640 3135 3802 3194 eruditi

2247 3223 2442 3290 modo,
2490 3225 2584 3281 sed
2624 3227 2785 3282 etiam
2833 3227 3093 3299 religione
3131 3228 3427 3287 christiani.
3470 3231 3565 3287 llic
3605 3234 3713 3305 ipse
3739 3237 3805 3287 est

2249 3312 2392 3368 haud
2423 3313 2602 3381 dubie,
2630 3317 2720 3387 qui
2745 3318 3079 3374 consulatum
3104 3322 3269 3391 gessit
3289 3338 3433 3379 anno
3460 3322 3804 3380 trecentesimo

2251 3407 2600 3477 nonagesimo
2627 3424 2785 3465 nono.
2816 3407 2918 3467 Ubi
2964 3410 3079 3467 fuse
3122 3412 3304 3469 retulit
3336 3415 3692 3486 Augustinus,
3721 3428 3803 3487 qu

2246 3497 2456 3552 ratione
2478 3511 2576 3568 per
2599 3495 2992 3556 Platonicorum
3020 3501 3187 3559 libros
3209 3520 3238 3555 a
3269 3503 3377 3560 Deo
3401 3505 3559 3561 fuerit
3580 3504 3797 3573 εὐθαλῆ,

2246 3585 2361 3643 haec
2383 3588 2651 3661 suhjmtgit
2674 3608 2689 3645 :
2725 3589 2953 3646 Mirabar
2973 3593 3110 3664 quod
3119 3593 3234 3667 jam
3257 3605 3306 3650 te
3323 3578 3582 3673 amabant,
3611 3614 3708 3654 non
3730 3611 3803 3668 pro

2245 3686 2295 3733 te
2316 3678 2634 3745 phantasma.
2661 3678 2726 3735 Et
2748 3697 2851 3736 non
2868 3683 3061 3737 stabam
3080 3683 3186 3755 frui
3212 3685 3469 3757 Deo‘nteo,
3492 3690 3582 3743 sed
3599 3689 3805 3759 rapida!

2244 3770 2314 3825 ad
2337 3780 2385 3827 te
2404 3772 2583 3827 decore
2601 3783 2707 3841 tuo,
2736 3791 2953 3849 morque
2971 3774 3254 3847 deripiebar
3268 3780 3361 3835 abs
3384 3790 3435 3837 te
3446 3817 3449 3820 -
3461 3782 3683 3851 pondere
3696 3796 3804 3847 Μ.

2247 3871 2294 3918 ct
2313 3864 2518 3917 ruebant
2536 3862 2588 3917 in
2605 3862 2703 3918 ista
2723 3880 2837 3920 cum
2868 3867 3054 3938 gemitu
3075 3883 3095 3924 :
3111 3879 3159 3923 et
3179 3869 3376 3939 pondus
3394 3872 3510 3940 hoc,
3526 3873 3807 3931 consuetudo

2250 3952 2492 4007 carnalis.
2522 3952 2631 4010 Sed
2656 3971 2853 4011 mecum
2870 3967 2978 4013 erat
2997 3961 3241 4016 memoria
3264 3962 3337 4016 tui
3350 4004 3365 4021 .
3384 3980 3544 4033 neque
3560 3965 3667 4023 ullo
3680 3956 3808 4020 mods

2246 4044 2535 4101 dubitabam
2562 4063 2670 4103 esse
2689 4048 2773 4103 cui
2790 4050 3134 4118 coluerercm;
3158 4054 3250 4108 sed
3277 4054 3499 4115 nondum
3524 4073 3634 4112 esse
3654 4054 3808 4127 meqll'

2244 4138 2545 4195 coluererem
2577 4137 2776 4213 (lbid.,
2799 4157 2913 4213 cap.
2951 4143 3042 4210 l7,
3078 4160 3134 4198 n.
3168 4143 3294 4218 23).
3329 4149 3611 4215 Quaerebat
3661 4152 3809 4218 itaque

2243 4232 2384 4287 riam
2405 4273 2420 4297 ,
2448 4247 2555 4303 qua
2581 4232 2830 4289 idoneum
2860 4234 2925 4290 ad
2953 4235 3232 4292 fruendum
3262 4237 3371 4295 Deo
3395 4240 3557 4298 robur
3573 4242 3676 4298 sibi
3693 4255 3808 4298 com-

2246 4337 2494 4395 pararet,
2537 4342 2636 4384 nec
2677 4327 2977 4385 inveniebat
3008 4329 3109 4386 nisi
3150 4330 3203 4386 in
3242 4334 3541 4405 cognitione
3568 4349 3624 4392 et
3650 4346 3808 4391 amore

2243 4417 2548 4476 Mediatoris
2575 4421 2667 4476 Dei
2717 4430 2772 4477 et
2824 4419 3098 4479 hominum
3137 4422 3264 4480 Jcsu
3303 4424 3499 4482 Christi
3534 4426 3625 4483 Dei
3658 4439 3711 4485 et
3731 4424 3809 4481 ho-

2252 4510 2431 4567 minis.
2462 4511 2656 4567 Verum
2685 4527 2858 4583 neque
2881 4511 3063 4569 Jeeum
3101 4512 3371 4571 Christum
3410 4517 3626 4572 tenebat
3661 4516 3809 4571 llllllll-

2244 4603 2351 4661 lem
2374 4644 2388 4669 ,
2419 4603 2508 4676 qui
2538 4603 2757 4661 humilis
2782 4620 2887 4660 non
2915 4617 3066 4669 erat;
3098 4622 3269 4677 neque
3297 4605 3451 4678 cujus
3481 4609 3556 4664 rei
3582 4608 3808 4679 magistra

2244 4707 2384 4754 esset
2414 4697 2531 4768 ejus
2557 4696 2868 4762 inﬁrmitas,
2899 4707 3139 4754 noverat.
3167 4695 3528 4770 Prien-rquam
3555 4698 3693 4773 quod
3722 4713 3809 4754 non

2244 4788 2387 4845 aliud
2416 4788 2485 4846 de
2519 4789 2747 4846 Domino
2769 4788 2987 4846 Christo
3014 4791 3296 4857 sentiebat,
3320 4791 3420 4847 nisi
3444 4809 3569 4849 eum
3591 4806 3709 4850 esse
3729 4788 3811 4848 bn-

2244 4881 2442 4938 miuem
2463 4880 2671 4937 caeteris
2697 4881 2924 4938 similem
2940 4923 2956 4947 ,
2988 4896 3053 4937 es
3080 4897 3307 4952 corpore
3325 4924 3340 4946 ,
3368 4884 3548 4940 anima
3570 4893 3627 4940 et
3653 4874 3810 4938 mente

2246 4972 2490 5029 rationali
2515 4981 2871 5037 constantem,
2893 4971 3189 5029 excellente
3215 4972 3555 5031 solummodo

2245 5063 2547 5136 praeditum,
2576 5062 2663 5119 cui
2692 5063 2870 5119 nullus
2899 5065 3064 5135 possit
3092 5063 3292 5137 aquari
3321 5081 3337 5116 τ
3363 5079 3521 5137 quem
3551 5065 3691 5122 Deus
3714 5062 3810 5118 siu-

2244 5155 2413 5228 gulari
2458 5170 2583 5226 erga
2629 5169 2726 5210 nos
2773 5154 3099 5226 providentia
3145 5171 3210 5211 ex
3260 5153 3477 5227 Virgine
3518 5154 3809 5212 mirabiliter

2247 5247 2393 5303 nasci
2412 5287 2430 5315 ,
2459 5261 2826 5316 summ.~mque
2854 5245 2906 5300 in
2936 5246 3215 5301 universos
3240 5234 3606 5302 auctoritatem
3631 5254 3685 5303 et
3708 5257 3808 5299 ma-

2246 5341 2519 5412 gisterium
2548 5340 2794 5395 obtinere
2823 5338 3086 5406 voluerat,
3114 5347 3173 5395 ut
3198 5353 3315 5409 ejus
3338 5339 3608 5411 exemplo,
3637 5337 3701 5392 ad
3723 5338 3810 5391 int-

2248 5430 2625 5487 mortalitatem
2662 5429 3088 5501 adipiscendam,
3133 5429 3440 5503 temporalia
3484 5437 3809 5487 contaminent

2244 5520 2591 5580 disceremus.
2621 5520 2757 5590 Quid
2785 5531 2961 5577 autem
2989 5522 3304 5576 sacramenti
3336 5523 3525 5583 lateret
3551 5520 3651 5576 sub
3673 5516 3808 5574 him

2244 5613 2456 5685 verbis,
2486 5608 2703 5669 Verbum
2731 5627 2851 5668 caro
2874 5611 3063 5685 factum
3082 5620 3158 5668 est
3186 5605 3378 5686 (Ioau.
3403 5625 3457 5684 ι,
3484 5607 3610 5690 ιιι,
3637 5623 3702 5669 ne
3729 5605 3805 5668 ιο-

3924 1336 3925 1363 l

3924 2512 3925 2543 l

3922 2600 3926 2635 ι

3922 2691 3926 2726 l

3923 2778 3926 2815 λ

3923 2872 3926 2907 ι

3921 2966 3926 3005 ι

3922 3062 3926 3095 ι

3923 3150 3926 3189 l

3922 3242 3926 3281 ο

3920 3333 3926 3371 ι

3923 3424 3926 3459 ι

3923 3514 3926 3549 γ

3923 3608 3926 3653 l
