3948 6460
502 346 597 408 ιιι

501 466 756 523 humu-um
785 460 1102 530 Angelorum
1129 451 1372 527 prmsidio
1412 450 1668 507 munitam
1710 457 1907 503 tenere.
1940 444 2063 498 llzec

498 559 649 615 miris
670 568 717 611 et
744 552 959 608 areanis
988 550 1160 605 modis
1185 549 1235 600 in
1260 547 1399 599 illius
1418 544 1671 599 animum.
1699 556 1819 593 eum
1855 540 2070 607 Aposto-

508 650 612 704 lum
654 648 886 715 legeret,
939 643 1044 697 alte
1088 639 1517 699 descendebant;
1558 643 1611 688 et
1646 630 1949 687 admiranda
1980 626 2070 681 liei

503 756 661 809 opera
677 737 1020 792 considerans
1038 744 1253 803 stupore
1271 728 1650 800 percellebatur
1666 722 1715 793 (1
1722 724 1805 779 bid
1812 766 1821 774 .
1834 767 1847 786 ,
1861 721 2038 791 cap.9.l
2055 761 2067 783 ,

508 846 562 884 ιι.
590 828 701 895 2⁸1).
730 830 858 881 (Tum
889 826 1012 879 alibi
1042 824 1420 877 llommtianum
1450 818 1731 886 alloquitur
1756 834 1769 869 :
1800 814 2070 876 Titubaus,

505 920 610 984 ait,
650 933 956 989 properans,
1001 915 1237 969 litesitaus
1258 955 1270 973 .
1299 912 1488 981 arripio
1516 908 1796 981 apostolum
1830 904 2071 957 Paulum.

507 1008 714 1081 Perlegi
748 1018 904 1062 totum
941 1006 1263 1060 intentissima
1284 1013 1429 1071 atque
1456 999 1757 1054 cautissime.
1792 995 1929 1050 'l'unc
1963 1009 2076 1047 vero

502 1100 956 1172 quantulocumque
971 1098 1085 1169 jam
1107 1095 1294 1149 lumine
1320 1107 1544 1161 asperso,
1577 1098 1715 1141 tanta
1744 1102 1796 1141 se
1824 1084 1948 1138 mihi
1973 1083 2076 1152 plli-

503 1191 748 1261 losopliiw
771 1189 923 1259 facies
942 1188 1156 1258 aperuit,
1190 1194 1263 1250 ut,
1296 1199 1396 1236 non
1427 1182 1590 1234 dicam
1616 1178 1723 1239 tibi,
1751 1177 1835 1247 qui
1860 1177 1967 1245 ejus
1992 1175 2074 1226 in-

504 1282 719 1353 cognita:
745 1280 879 1349 [ιιιιιε
902 1292 1095 1346 semper
1122 1275 1320 1338 arsisti,
1349 1272 1438 1325 sed
1472 1272 1514 1325 si
1553 1269 1651 1340 ipsi
1679 1266 1963 1321 adversario
1990 1274 2075 1317 tuo

503 1389 537 1427 a
577 1388 673 1443 quo
712 1370 875 1424 inscio
904 1378 1070 1421 utrum
1099 1365 1209 1432 plus
1252 1363 1525 1418 exercearis
1564 1376 1712 1427 quam
1753 1357 2073 1429 impediam,

503 1479 613 1520 eam
640 1464 980 1517 demonstrare
1009 1459 1278 1529 potuissem
1300 1472 1319 1519 ,'
1345 1471 1425 1510 nte
1446 1455 1531 1509 ille
1551 1463 1595 1507 et
1618 1452 1791 1515 Baias,
1815 1460 1861 1504 et
1883 1464 2079 1503 ιιιιιωιια

504 1555 764 1628 pomaria,
790 1563 835 1606 et
875 1553 1087 1606 delicata
1125 1550 1381 1617 nitidaque
1426 1546 1680 1608 convicia,
1712 1554 1758 1598 et
1786 1545 2078 1597 domesticos

507 1645 771 1700 histriones
795 1686 809 1707 ,
841 1653 1089 1715 postremo
1117 1641 1359 1711 quidquid
1385 1655 1495 1691 cum
1523 1637 1703 1689 acriter
1729 1641 1994 1687 commovet
2025 1632 2078 1685 in

501 1752 839 1808 quascumque
875 1734 1080 1788 delicias
1100 1774 1114 1795 ,
1155 1732 1395 1801 alvj'ciens
1420 1740 1465 1782 et
1495 1728 1803 1797 relinquens,
1833 1725 1900 1777 ad
1928 1722 2079 1792 Imjus

505 1828 928 1900 pulchritudinem
960 1823 1173 1878 blandus
1202 1831 1398 1874 amator
1419 1830 1467 1875 et
1493 1828 1714 1880 sanctus,
1742 1817 1953 1879 mirans,
1982 1830 2079 1866 an-

503 1921 699 1983 helans,
729 1928 969 1983 arstuans,
1002 1914 1255 1967 advolaret
1284 1911 1457 1979 (Cant.
1488 1908 1670 1971 Acad.,
1702 1906 1788 1960 lib.
1811 1905 1867 1969 2,
1901 1922 1987 1958 un.
2021 1903 2076 1971 5,

505 2011 585 2081 6).
621 2010 742 2065 Hmc
773 2009 991 2077 insignis
1019 2020 1224 2060 morum
1251 2003 1487 2063 mutatio,
1514 2016 1669 2069 quam
1694 2013 1964 2052 sacrorum
1990 2011 2081 2048 eo-

503 2101 677 2157 dicum
709 2100 866 2157 lectio
896 2100 945 2152 in
978 2095 1255 2167 Augustini
1278 2097 1452 2148 animo
1481 2092 1709 2163 peperit,
1738 2106 1842 2145 non
1878 2089 2082 2143 videtur

505 2192 790 2260 contigisse
826 2199 948 2243 ante
992 2187 1292 2258 pasebalem
1338 2184 1673 2239 lestivitatem
1705 2181 1826 2235 anni
1854 2195 2080 2234 Conver—

505 2280 671 2336 sionis
690 2280 829 2349 ejus,
853 2295 1008 2349 quam
1028 2294 1167 2332 anno
1193 2276 1566 2332 trecentesimo
1587 2272 1909 2341 octogesimo
1929 2279 2082 2324 sexto

504 2391 548 2429 ri
567 2374 846 2445 ponimus;
900 2373 1005 2425 imo
1050 2386 1149 2425 nec
1192 2368 1468 2437 autejuuii
1505 2368 1722 2420 exitum.
1768 2364 1899 2419 Cum
1940 2362 2080 2415 enim

506 2468 843 2522 Ambrosium
874 2465 1079 2519 Justina
1106 2463 1248 2517 circa
1278 2462 1466 2514 festum
1499 2458 1713 2512 Paschze
1742 2468 2083 2525 persequere-

506 2568 614 2621 tur,
648 2556 882 2611 nondum
917 2556 1054 2608 Deus
1084 2553 1306 2623 g'aciem
1346 2549 1522 2603 cordis
1546 2549 1658 2616 ejus
1684 2546 1825 2600 vitali
1857 2544 2083 2614 Spiritus

513 2648 593 2700 sui
622 2648 797 2702 calore
818 2647 1166 2707 dissolverat;
1210 2644 1331 2697 licet
1362 2644 1471 2711 ipse
1500 2640 1721 2693 turbata:
1744 2637 1968 2691 civitatis
1998 2644 2079 2690 tu-

510 2739 678 2793 multu
730 2739 1073 2792 vehementer
1115 2736 1433 2791 excitaretur
1467 2731 1643 2803 (Conf.
1676 2730 1763 2784 lib.
1788 2729 1841 2793 9,
1871 2745 1984 2797 cap.
2012 2727 2080 2793 7,

504 2847 559 2883 ιι.
591 2831 682 2900 15)
710 2847 722 2882 :
756 2844 855 2886 nec
878 2829 1049 2883 adhuc
1081 2837 1199 2899 post
1228 2828 1388 2882 Deum
1411 2824 1658 2880 currebat
1676 2866 1689 2884 ,
1712 2838 1831 2877 cum
1860 2821 2083 2875 Ambro-

511 2921 622 2978 sius
666 2930 959 2992 martyrum
1002 2918 1227 2975 Protasii
1273 2927 1327 2971 ct
1368 2916 1603 2973 Gervasii
1634 2915 1831 2969 detexit
1859 2927 2082 2981 corpora

516 3010 702 3084 (Ibid.,
726 3031 778 3067 ιι.
811 3014 926 3083 16),
956 3013 1043 3067 die
1066 3012 1221 3081 junii,
1252 3021 1304 3065 ut
1330 3010 1558 3073 videtur,
1582 3008 1787 3064 decimo
1804 3016 2009 3062 octavo.
2091 3082 2101 3087 _

1133 3140 1358 3197 CAPUT
1403 3139 1464 3193 V.

510 3258 534 3309 1
562 3256 727 3311 Rebus
754 3256 980 3309 omnibus
1017 3253 1113 3307 Dei
1140 3270 1292 3306 causa
1331 3252 1617 3305 renuntiare
1641 3250 1776 3316 vult,
1822 3267 1909 3303 nec
1932 3249 2079 3309 valet.

576 3344 612 3398 Ξ
642 3345 1029 3413 Simplicianum
1064 3344 1297 3396 consulit.
1341 3343 1376 3397 3
1413 3342 1618 3395 Antonii
1654 3342 1804 3395 vitam
1846 3349 2085 3392 narrante

579 3436 872 3489 Pontitiano
891 3435 1057 3497 discit,
1084 3435 1327 3504 simulque
1344 3434 1621 3487 aulicorum
1641 3432 1856 3485 duorum
1880 3447 2085 3485 conver-

577 3529 784 3582 sionem.
817 3529 852 3583 4
877 3528 1145 3597 Con/lictus
1176 3528 1229 3580 in
1268 3526 1536 3595 Augustini
1560 3536 1719 3578 mente
1745 3541 1805 3577 ac
1832 3524 2085 3577 voluntate

579 3618 752 3671 audito
781 3617 1091 3672 Pontiliano.
1113 3619 1148 3673 5
1183 3616 1331 3671 Pauli
1346 3618 1563 3671 codicem
1590 3616 1805 3670 insolin
1825 3616 1956 3669 vocis
1976 3630 2082 3669 mo-

580 3710 689 3764 nitu
705 3711 894 3777 aperit,
927 3709 1151 3779 lectoque
1180 3709 1287 3762 loco
1307 3717 1507 3778 repente
1532 3707 1846 3761 convertitur.

583 3823 633 3877 1.
662 3822 794 3878 Cum
824 3837 971 3877 sacra
1002 3823 1092 3877 Dei
1133 3822 1338 3893 eloquia
1365 3862 1379 3885 ,
1419 3829 1476 3875 ut
1500 3820 1761 3885 diximus,
1804 3820 2081 3889 Augustini

509 3915 690 3971 animo
711 3914 918 3983 perdtus
947 3913 1255 3979 insiderent,
1288 3926 1390 3966 non
1416 3911 1524 3982 jam
1550 3911 1615 3966 de
1640 3911 1728 3965 illo
1753 3910 1967 3975 certior,
1988 3910 2081 3964 sed

511 4006 567 4060 in
594 4006 681 4062 illo
700 4006 937 4061 stabilior
951 4020 1071 4060 esse
1096 4004 1359 4073 cupiebat.
1384 4003 1558 4057 Animi
1592 4012 1764 4057 tamen
1796 4000 2079 4069 pendebat,

511 4096 717 4165 etquid
764 4095 831 4150 de
872 4096 994 4150 vitm
1025 4112 1134 4149 sum
1163 4094 1402 4149 instituto
1442 4101 1730 4159 statueret,
1785 4090 2078 4161 ignorabat.

511 4185 618 4245 Cor
636 4189 750 4256 ejus
766 4203 795 4242 a
816 4188 982 4243 veteri
1004 4189 1283 4251 fermento,
1312 4202 1417 4256 quo
1439 4185 1689 4240 infectum
1715 4184 1903 4248 fuerat,
1930 4198 2082 4235 num-

507 4277 738 4332 dandum
754 4286 888 4333 erat.
918 4279 980 4332 Et
997 4278 1115 4331 licet
1131 4278 1382 4346 gauderet
1403 4278 1571 4345 ipsum
1588 4275 1911 4329 Salvatoretn
1942 4274 2079 4327 viam

507 4384 647 4432 esse,
671 4385 790 4440 qua:
816 4385 911 4423 nos
930 4368 995 4422 ad
1025 4370 1246 4422 salutem
1275 4366 1511 4433 duceret,
1542 4363 1884 4418 nihilominus
1904 4373 2080 4418 tamen

506 4476 600 4529 per
625 4461 779 4531 hujus
794 4462 890 4515 via-
910 4460 1179 4531 angustias
1204 4460 1280 4514 ire
1303 4457 1475 4511 adhuc
1494 4476 1505 4520 ι
1527 4457 1719 4526 igebat.
1743 4455 2080 4511 Turbulentis

462 4606 469 4623 ι
505 4554 683 4607 smculi
716 4554 938 4623 negotiis
966 4552 1139 4607 adhuc
1177 4566 1237 4606 se
1280 4559 1388 4605 tum
1422 4548 1677 4619 implicari
1707 4562 1846 4617 :cgre
1888 4561 2073 4615 grava-

448 4617 483 4764 ἰ
508 4652 664 4712 teque
689 4644 908 4698 ferebat.
936 4642 1113 4712 Neque
1139 4644 1309 4708 enim,
1343 4648 1399 4695 ut
1431 4617 1583 4703 alite,
1615 4654 1738 4710 spes
1762 4649 1997 4709 quarstus
2026 4648 2080 4694 et

510 4731 726 4764 Ιηιηηι-ἷα
747 4732 1084 4764 nnlnnnrnuul:
1111 4733 1374 4764 η..ἶηο1ιη..ί
1404 4733 1635 4764 ..ηἰηηηηι
1666 4732 1728 4764 ml
1754 4731 1887 4764 Ιιηηη
1915 4730 2077 4764 ηιηιη-

510 4731 729 4786 honoris
747 4732 1085 4801 eotnparaudi
1111 4733 1381 4801 erigebant
1403 4733 1635 4785 animum
1665 4732 1729 4784 ad
1754 4731 1888 4784 hanc
1915 4730 2077 4785 mole-

432 4787 790 4876 tustissimam
836 4824 1141 4876 servitutem
1192 4822 1479 4878 ferendam.
1531 4823 1645 4878 Jam
1676 4839 1796 4879 eum
1845 4824 1928 4878 illa
1972 4839 2076 4878 non

504 4911 837 4966 oblectabant
859 4928 964 4982 pm:
989 4911 1298 4977 dulcedine,
1326 4925 1483 4980 quam
1514 4927 1581 4967 ex
1618 4913 1794 4967 divino
1820 4912 1965 4968 fonte
2000 4914 2075 4968 sic

461 4992 465 5005 ⁷
507 5003 699 5058 tienter
726 5003 1017 5059 hauriebat.
1050 5004 1157 5059 Sed
1197 5003 1246 5058 ei
1275 5017 1477 5059 moram
1518 5004 1771 5059 aﬂ'erebat
1799 5021 1921 5060 cura
1962 5016 2076 5061 stn-

471 5133 474 5137 ε
507 5093 757 5165 diumque
787 5096 982 5150 vitandi
1003 5096 1348 5151 oll'ensioncm
1374 5097 1744 5151 nonnullorum
1768 5097 2037 5151 hominum
2058 5139 2073 5162 ,

502 5201 688 5241 eorum
722 5187 856 5243 forte
874 5230 888 5254 ,
915 5203 1138 5259 quorum
1166 5188 1361 5244 liberos
1389 5189 1655 5244 imbuebat
1683 5189 1921 5258 ingenuis
1946 5190 2074 5241 arti-

501 5276 621 5332 bus.
652 5275 894 5349 Conjugii
924 5290 1177 5350 pneterca
1198 5280 1465 5335 desiderio
1489 5281 1832 5336 vehementer
1858 5280 2075 5334 teneba.

501 5377 624 5435 tur;
656 5378 712 5424 et
736 5372 807 5423 ob
836 5371 884 5424 id
914 5386 1074 5425 tinum
1116 5372 1166 5424 in
1197 5372 1404 5426 ca'teris
1442 5372 1749 5442 languidus.
1790 5372 1932 5426 curis
1957 5372 2077 5426 ani-

498 5476 645 5517 mum
676 5462 1077 5518 corrodentibus
1124 5463 1453 5527 tabescebat;
1492 5466 1631 5536 quml
1680 5468 1925 5522 nimirum
1973 5467 2075 5521 vita

497 5553 824 5625 eotijngalis,
876 5555 942 5609 ad
984 5570 1143 5625 quam
1194 5566 1334 5610 tanta
1382 5562 1733 5627 propendent:
1780 5560 2070 5623 ferebatur,

501 5644 648 5697 Varia
678 5660 857 5702 secum
913 5645 1148 5702 traheret
1191 5645 1519 5704 incunnuoda
1541 5691 1556 5719 ,
1587 5668 1705 5721 qua:
1733 5664 1837 5723 pati
1863 5653 2076 5711 nolebat

500 5729 661 5815 ιοοιιῖ
708 5734 793 5797 lib.
825 5736 893 5807 8,
918 5753 1036 5813 cap.
1064 5739 1128 5806 l.
1152 5754 1242 5795 an.
1274 5738 1443 5814 ne).

1619 328 1775 388 VITA
1815 327 1874 384 s.
1914 310 2275 382 AUGUSTINI
2316 320 2634 381 EPISCOPI.
3644 326 3736 390 its

2244 443 2296 496 9..
2319 441 2405 499 Sic
2420 443 2607 498 affecto
2624 453 2852 499 mentem
2875 443 3013 500 Deus
3038 436 3240 514 injecit,
3269 454 3328 500 ut
3354 443 3731 514 Simplicianum

2174 535 2364 601 adiret,
2393 545 2515 590 tunc
2544 536 2868 605 spiritualem
2888 538 3148 591 Ambrosii
3171 549 3403 606 patrem,
3430 538 3544 607 ejus
3564 540 3734 600 deinde

2176 640 2553 681 succeSsorem.
2584 626 2833 681 Elueebat
2857 626 2907 681 in
2934 643 2999 682 eo
3027 629 3190 696 gratia
3226 628 3355 691 Dei,
3382 629 3534 697 cujus
3557 645 3614 686 se
3634 632 3731 687 cul~

2178 719 2249 773 tui
2277 734 2305 771 a
2337 718 2613 789 jttvcnlttle
2642 718 2932 774 dediderat.
2980 720 3034 775 In
3060 737 3272 776 summa
3312 735 3529 790 semper
3566 724 3737 792 pietate

2177 808 2337 862 vitam
2359 809 2582 862 duxerat
2606 850 2619 870 ,
2650 817 2757 863 tum
2794 819 2948 864 :etate
2975 810 3273 865 conlectus.
3320 810 3474 879 Quod
3514 813 3736 883 Augusti-

2180 914 2302 952 num
2326 899 2574 961 adduxit,
2606 908 2662 953 ut
2681 900 2918 955 crederet
2944 901 3033 970 (et
3058 900 3127 954 ita
3152 916 3212 956 se
3236 917 3325 955 res
3356 901 3611 973 habebat)
3634 920 3736 961 eum

2178 1000 2299 1061 post
2342 998 2419 1045 tot
2447 1007 2613 1047 annos
2652 992 2703 1046 in
2746 992 2966 1075 _virtutis
2995 992 3383 1048 exercitatione
3431 1002 3735 1062 transactos,

2178 1082 2466 1152 spiritualis
2507 1084 2627 1137 vita:
2667 1084 2939 1138 scientiam
2970 1082 3222 1139 diuturno
3263 1100 3363 1138 usu
3412 1085 3511 1140 sibi
3548 1101 3741 1157 compa-

2180 1188 2345 1228 rasse.
2404 1173 2531 1228 Iluic
2570 1174 2728 1243 igitur
2769 1174 3004 1229 decrevit
3046 1190 3236 1230 omnes
3279 1176 3364 1231 sui
3394 1176 3555 1232 animi
3600 1188 3740 1234 testas

2181 1266 2473 1335 ﬂuctusque
2497 1266 2743 1331 detegere
2768 1284 2780 1319 :
2817 1266 2984 1320 utsihi
3011 1267 3089 1321 sic
3112 1276 3292 1321 mente
3308 1267 3597 1321 constituto
3621 1266 3740 1322 Sim-

2182 1355 2437 1425 plicianus
2464 1356 2677 1410 modum
2700 1399 2715 1422 ,
2747 1372 2903 1427 quem
2934 1357 3195 1426 aptiorem
3229 1357 3489 1421 duceret,
3528 1357 3591 1413 ad
3621 1359 3736 1414 viam

2182 1447 2272 1500 Dei
2297 1448 2574 1502 tenendam
2602 1447 3013 1503 demonstraret.
3046 1449 3177 1504 Eum
3209 1453 3390 1519 itaque
3414 1448 3572 1515 adiit,
3601 1460 3649 1505 ct
3670 1466 3739 1506 er-

2180 1554 2362 1593 rorum
2395 1554 2608 1592 suorum
2639 1539 2908 1594 anfractus
2935 1539 3106 1594 eidem
3153 1540 3388 1608 aperuit.
3430 1538 3529 1596 Ubi
3566 1539 3738 1595 audivit

2182 1628 2579 1699 Simplicianus,
2608 1645 2729 1683 eum
2765 1630 3152 1684 Platonicorum
3175 1630 3395 1685 librnsa
3427 1630 3678 1685 Victorino
3695 1630 3736 1685 in

2184 1721 2399 1774 latinum
2448 1735 2732 1775 conversos
2778 1721 2996 1790 legisse,
3029 1723 3326 1791 gratulatus
3374 1730 3489 1787 est;
3537 1730 3589 1776 et
3636 1720 3736 1777 inde

2183 1824 2388 1881 arrepta
2416 1814 2694 1867 occasione
2718 1855 2734 1879 ,
2780 1814 3016 1884 ejusdem
3045 1812 3337 1876 Victorini,
3382 1830 3539 1883 quem
3580 1813 3735 1869 Roma:

2184 1905 2587 1959 familiarissime
2612 1915 2852 1967 noverat,
2875 1907 3280 1961 comersionem
3313 1906 3388 1960 illi
3422 1905 3613 1961 retulit.
3634 1905 3737 1961 ΙΙιεο

2186 1996 2258 2050 illi
2286 1997 2563 2063 narrabat,
2587 2007 2641 2052 ut
2662 2014 2781 2052 eum
2811 1997 2879 2053 ad
2909 1998 3221 2054 humilitatis
3246 1998 3375 2053 Jesu
3401 1998 3613 2063 Christi,
3637 2013 3735 2068 qua:

2185 2089 2523 2143 absconditur
2543 2090 2870 2158 sapientibus
2887 2100 2941 2145 et
2958 2091 3231 2145 revelatur
3254 2092 3503 2160 parvulis,
3534 2090 3734 2145 studium

2188 2182 2522 2246 hortaretur,
2555 2192 2605 2237 et
2636 2184 2722 2235 ille
2760 2197 2818 2236 se
2846 2182 2911 2237 ad
2957 2184 3083 2238 tanti
3117 2184 3258 2247 viri,
3304 2183 3491 2238 eadem
3534 2184 3584 2239 in
3610 2193 3734 2247 arte,

2186 2287 2343 2341 quam
2374 2273 2485 2341 ipse
2514 2273 2857 2342 prolitebatur
2876 2313 2891 2337 ,
2920 2273 3055 2328 adeo
3099 2272 3332 2329 illustris
3354 2314 3370 2336 ,
3422 2272 3735 2327 imitationem

2186 2363 2499 2417 aceemlerct
2530 2380 2541 2411 τ
2574 2379 2636 2417 ac
2673 2380 2730 2417 re
2772 2364 2982 2433 quidem
3035 2364 3144 2434 ipsa
3189 2363 3260 2419 ad
3288 2380 3411 2419 eum
3459 2361 3735 2417 imitandum

2187 2455 2383 2510 crtarsit
2406 2456 2747 2525 Augustinus.
2770 2456 3008 2525 Cumque
3031 2455 3354 2524 subjeciss'et
3376 2454 3735 2523 Simplicianus,

2190 2547 2363 2602 edicto
2403 2546 2594 2601 Juliani
2642 2547 2931 2616 prohibitos
2959 2546 3120 2601 fuisse
3144 2544 3480 2601 Christianos
3505 2546 3736 2600 litteratu-

2187 2654 2299 2692 ram
2327 2647 2381 2692 et
2404 2638 2685 2692 oratoriam
2727 2648 2893 2693 artem
2919 2638 3110 2693 docere
3134 2680 3148 2702 ,
3179 2638 3610 2708 Victorinumque
3637 2635 3737 2689 huic

2189 2728 2286 2797 legi
2309 2729 2684 2799 obsequentem
2706 2731 2900 2781 schola-
2922 2745 3030 2783 sua:
3056 2730 3301 2783 nuntium
3325 2729 3615 2784 remisisse:
3636 2722 3736 2779 Non

2186 2819 2339 2883 milii,
2368 2824 2437 2873 ait
2465 2822 2786 2889 Augustinus
2806 2861 2819 2879 .
2860 2820 3037 2890 fortior
3061 2836 3217 2890 quam
3263 2820 3459 2891 felicior
3481 2819 3607 2873 risus
3646 2824 3736 2880 est.

2187 2912 2305 2982 quia
2334 2912 2518 2965 invenit
2546 2913 2851 2965 occasionem
2878 2914 3083 2965 vocandi
3113 2912 3226 2966 tibi.
3259 2912 3376 2967 Mos
3398 2912 3447 2966 in
3476 2910 3585 2967 ha‘c
3610 2908 3735 2963 'crha

2187 3002 2359 3072 erupit
2377 3019 2390 3055 :
2410 3002 2503 3054 Cui
2524 3002 2594 3054 rei
2615 3018 2703 3072 ego
2726 3002 3039 3071 suspirabo»:
3062 3003 3270 3073 ligatus,
3302 3020 3403 3057 non
3424 3004 3554 3072 [erro
3577 3000 3735 3062 alieno,

2188 3092 2276 3144 sed
2303 3107 2409 3144 mea
2436 3095 2597 3161 ferrea
2626 3093 2896 3146 voluntate.
2937 3091 3073 3146 Velle
3098 3110 3267 3147 meum
3295 3093 3486 3147 tenebat
3512 3090 3732 3151 inimicus.

2188 3194 2233 3237 et
2254 3184 2370 3238 inde
2393 3183 2515 3236 mihi
2534 3193 2756 3237 catenam
2772 3187 2971 3255 fecerat,
2997 3194 3045 3239 et
3062 3187 3434 3239 constrinxerat
3454 3200 3546 3239 me.
3570 3181 3737 3249 Quippe

2188 3290 2251 3328 ex
2288 3274 2537 3328 voluntate
2563 3291 2791 3345 perversa
2826 3276 2961 3342 facta
3003 3287 3074 3330 est
3099 3278 3260 3332 libido
3290 3288 3376 3332 :et
3400 3278 3518 3330 dum
3552 3273 3737 3331 sarritur

2188 3364 2412 3429 libidini,
2445 3366 2578 3433 facta
2605 3375 2676 3420 est
2697 3368 3037 3433 consuetudo;
3081 3380 3126 3422 et
3149 3369 3275 3424 dum
3296 3369 3630 3426 consuetudini
3652 3381 3736 3420 nou

2186 3457 2459 3520 resistitur,
2488 3461 2620 3527 facta
2640 3468 2713 3513 est
2737 3461 3001 3515 necessitas
3046 3460 3242 3525 Quibus
3268 3464 3413 3533 quasi
3437 3460 3617 3515 ansulis
3637 3456 3736 3513 sibi-

2188 3560 2286 3602 met
2325 3549 2549 3616 innexis,
2596 3551 2728 3605 unde
2750 3561 2975 3605 catenam
3004 3554 3260 3623 appellavi
3282 3596 3296 3619 ,
3329 3566 3421 3609 ten.
3437 3554 3519 3608 bat
3557 3568 3628 3605 me
3663 3548 3736 3602 ob-

2186 3642 2410 3695 strictum
2434 3640 2561 3694 dura
2587 3642 2813 3696 servitus.
2854 3641 3095 3697 Voluntas
3121 3655 3289 3697 autem
3319 3662 3471 3707 nova,
3500 3657 3605 3715 qua'
3628 3636 3733 3693 mihi

2186 3750 2293 3789 esse
2307 3746 2523 3803 cleperat
2546 3744 2599 3786 ut
2618 3742 2665 3786 te
2687 3734 2841 3804 gratis
2866 3734 3097 3797 colerem,
3126 3734 3327 3803 fruique
3342 3746 3388 3788 te
3408 3736 3590 3795 vellem,
3619 3728 3732 3784 Deut

2186 3824 2296 3877 sola
2324 3833 2457 3876 certa
2477 3824 2773 3895 jucunditas
2792 3864 2807 3886 ,
2854 3825 3075 3877 nondum
3100 3836 3206 3878 erat
3226 3826 3408 3880 idonea
3428 3824 3494 3879 ad
3517 3835 3733 3893 sapam!-

2191 3915 2309 3965 dam
2336 3915 2551 3981 priorem
2583 3923 2822 3967 vetustate
2849 3917 3151 3967 roboratam.
3204 3912 3291 3968 Ita
3332 3916 3447 3969 dum
3484 3914 3731 3967 voluntati?!

2186 4019 2337 4063 metr,
2367 4020 2467 4057 una
2488 4016 2641 4067 vetus,
2669 4006 2771 4057 alia
2799 4022 2945 4064 nova.
2968 4006 3058 4058 illa
3085 4007 3328 4068 carnalis,
3352 4008 3439 4061 illa
3464 4000 3727 4076 spiritualis,

2186 4093 2519 4165 conﬂigebant
2568 4096 2698 4147 inter
2740 4111 2827 4156 se,
2879 4105 3027 4163 atque.
3067 4096 3406 4150 dtscordando
3450 4090 3730 4164 dissipabunt

2185 4184 2404 4238 animam
2426 4202 2604 4238 meam.
2632 4183 2719 4241 Sic
2747 4184 3096 4256 iutelligebam,
3118 4186 3168 4239 in
3191 4188 3391 4257 meip—so
3405 4183 3727 4253 experimenta,

2185 4276 2239 4329 id
2267 4276 2401 4346 quod
2427 4277 2642 4346 legeram
2668 4318 2682 4341 ,
2710 4276 2958 4345 quomodo
2986 4294 3103 4330 curo
3131 4279 3496 4348 concupisceret
3522 4274 3729 4328 adversus

2184 4368 2444 4438 spiritum,
2467 4379 2512 4422 et
2541 4369 2742 4437 spiritus
2768 4367 3009 4422 adversus
3031 4384 3322 4423 carnem...
3356 4366 3613 4438 (Guttam,
3633 4360 3726 4429 l7).

2186 4457 2252 4511 Et
2273 4475 2370 4511 non
2397 4470 2502 4512 erat
2511 4460 2623 4529 jam
2654 4459 2741 4513 illa
2769 4460 3042 4520 excusatio.
3064 4476 3163 4523 qua
3193 4461 3349 4514 videri
3372 4460 3492 4514 milii
3514 4454 3725 4512 solebam.

2184 4560 2448 4617 propterea
2489 4549 2709 4603 nondum
2752 4566 2831 4603 me
2870 4559 3150 4621 contempto
3184 4551 3370 4605 saxqu
3405 4552 3583 4604 servire
3622 4540 3724 4604 tibi.

2184 4643 2301 4711 quin
2327 4643 2516 4695 incerta
2547 4643 2668 4696 mihi
2696 4652 2818 4697 esset
2848 4644 3096 4715 percep'io
3137 4645 3356 4699 veritatis
3385 4660 3404 4698 :
3416 4644 3525 4715 j'mt
3552 4639 3669 4693 enim
3687 4640 3727 4686 ιι

2181 4730 2292 4801 ipsa
2319 4742 2455 4784 certa
2500 4742 2604 4784 crat
2622 4773 2637 4798 ,
2667 4748 2756 4804 ego
2783 4747 2949 4787 autent
2976 4735 3141 4787 adhuc
3166 4746 3299 4788 terra
3334 4734 3603 4805 obligatus.
3642 4724 3725 4779 miv

2182 4822 2329 4875 litare
2350 4822 2437 4875 tibi
2464 4825 2773 4888 recusabant,
2800 4833 2844 4878 et
2872 4825 3235 4895 impedimentis
3255 4824 3481 4879 omnibus
3504 4822 3573 4876 sic
3599 4818 3725 4869 timeo

2181 4913 2295 4967 bam
2330 4915 2584 4984 expediri,
2614 4917 3032 4984 quemadmodum
3090 4918 3323 4980 impediri
3364 4912 3624 4969 timendum
3665 4912 3725 4957 est

2184 5004 2599 5077 (Confessiouum
2642 5006 2730 5061 lib.
2768 5008 2831 5072 8,
2873 5026 2986 5079 cap.
3026 5007 3097 5070 5,
3128 5025 3215 5061 nu.
3251 5010 3347 5067 ib.
3406 5007 3459 5060 ll
3488 5007 3527 5073 ).
3575 4995 3726 5063 Persii

2182 5098 2357 5153 adhuc
2390 5106 2489 5151 vim
2511 5099 2820 5168 tyrannidis,
2843 5115 2999 5167 quam
3033 5099 3316 5152 inueterata
3345 5090 3585 5167 ιιι-ρεπιιάί
3613 5101 3724 5141 ουιι-

2182 5190 2404 5245 suetudo
2429 5191 2482 5245 in
2509 5190 2678 5258 ipsum
2709 5190 2983 5244 exercebat
3007 5232 3022 5256 ,
3049 5189 3297 5258 graphice
3323 5185 3631 5242 describere.

2254 5285 2305 5339 5.
2337 5284 2441 5339 Sed
2475 5283 2685 5337 tandem
2719 5284 2895 5336 nlunia
2943 5282 3057 5351 ejus
3085 5283 3289 5336 vincula
3320 5278 3538 5345 disrnpit
3570 5271 3722 5327 Densi

2183 5375 2371 5429 visibili
2397 5375 2551 5429 siadd
2581 5382 2638 5428 et
2666 5374 2910 5426 invisibili
2939 5373 3210 5427 miraculo.
3238 5371 3417 5427 Solam
3447 5368 3578 5420 illius
3599 5367 3721 5411 cum

2179 5477 2231 5522 ct
2275 5467 2656 5521 sollicitudines
2691 5466 2858 5534 magis
2892 5481 2954 5518 ac
2992 5465 3157 5530 magis
3187 5466 3238 5517 in
3264 5464 3376 5515 dies
3411 5450 3719 5511 t‘ci'l"|dl‘§cc'

2183 5559 2302 5611 bunt
2326 5578 2335 5609 :
2366 5560 2471 5612 lic-0
2498 5557 2636 5609 uniti
2666 5567 2779 5608 ὒιιιι
2805 5572 2830 5609 r
2848 5555 3175 5623 suspirabat:
3197 5548 3468 5605 c-m'le~l==ll|
3498 5545 3739 5607 “'U‘l‘wu“

2181 5650 2357 5710 tahat,
2391 5660 2642 5719 quantum
2675 5648 2705 5711 ιι
2728 5664 2768 5700 s2
2805 5647 2982 5699 licebat
3019 5662 3096 5714 pe.
3138 5644 3367 5713 negotia,
3399 5640 3494 5693 sub
3519 5640 3718 5703 «piorum

2185 5744 2413 5819 plaudere
2435 5741 2698 5816 sentiebat.
2733 5740 2965 5811 Quodam
2987 5739 3068 5797 die
3085 5779 3101 5808 ,
3126 5738 3294 5818 inquit
3309 5777 3322 5802 ,
3350 5733 3475 5789 venit
3498 5724 3565 5783 ad
3586 5732 3659 5782 ut!
3674 5724 3721 5777 σι

2085 5900 2159 5923 ομ
2320 5922 2338 5935 ν.

3882 2648 3893 2791 i

3884 2792 3891 2891 Ξ

3882 2894 3891 2959 ἐ
