3948 6400
181 383 267 443 ηδ
1457 370 1657 428 ιιηω
1692 369 1720 426 S

1826 368 2067 427 UNDUS.

179 495 388 570 At”!!!
426 489 755 548 Pontiliane
788 491 985 561 quidam
1025 487 1144 542 ciris
1189 497 1355 542 noster
1385 486 1438 540 in
1467 495 1707 557 quantum

182 588 292 660 Afer
306 626 320 646 .
344 582 567 656 partem
585 582 644 636 in
670 579 860 652 palatio
895 578 1108 632 militans
1128 593 1147 626 :
1174 576 1340 632 nescio
1361 575 1489 647 quid
1505 593 1539 628 a
1565 573 1707 629 nobis

185 675 373 732 volebat.
395 671 450 729 ει
467 671 788 728 consedimus
813 679 865 725 ut
879 669 1269 739 colloquerentur
1285 707 1301 730 ,
1324 677 1372 720 et
1396 670 1525 737 forte
1551 681 1708 734 supra

191 765 610 825 minutiam
627 781 746 835 quo
754 775 868 820 ante
880 783 968 820 nos
989 773 1117 828 erat,
1138 761 1346 818 attendit
1371 762 1612 819 codicem.
1633 770 1707 814 tu-

192 863 260 921 lit,
281 858 456 928 sperIit.
482 857 669 913 investit
693 856 970 926 apostolum
1000 854 1240 917 Paulum,
1269 854 1524 925 inopinate
1545 868 1668 907 sane
1687 867 1707 906 :

195 956 410 1018 patuerat
434 948 556 1001 enim
584 944 782 1014 aliquid
806 944 870 998 de
909 945 1076 1006 libris.
1119 960 1331 1015 quorum
1360 943 1604 1014 professio
1630 958 1709 996 me

192 1038 435 1094 cantavit.
471 1035 597 1092 Tum
626 1053 747 1092 vero
771 1036 999 1091 arridens
1023 1051 1200 1106 tneque
1222 1035 1422 1090 intuens
1443 1075 1459 1098 ,
1485 1033 1709 1105 gratula-

192 1129 297 1182 torie
314 1130 492 1181 unum
514 1137 582 1181 est
607 1127 745 1198 quod
763 1145 847 1182 eas
869 1138 916 1182 et
937 1127 1075 1183 solas
1109 1143 1217 1199 pra:
1243 1127 1405 1182 oculis
1433 1126 1554 1179 meis
1579 1126 1712 1178 litte‘

192 1237 262 1274 res
275 1229 444 1290 repente
457 1219 788 1288 comperisset.
814 1216 1130 1275 Christianus
1143 1219 1328 1290 quippe
1340 1228 1386 1272 et
1402 1217 1563 1285 fidelis
1578 1224 1705 1280 erat,

180 1323 219 1363 et
237 1325 349 1374 sape
367 1309 447 1362 tibi
477 1307 578 1362 Deo
604 1319 774 1362 nostra
804 1310 1206 1377 prosternebatur
1222 1310 1273 1362 in
1292 1308 1499 1362 ecclesia
1517 1307 1705 1361 crebris

174 1400 444 1454 «diuturnis
471 1399 792 1454 orationibus.
821 1399 914 1452 Cui
940 1415 1032 1468 ego
1047 1415 1157 1450 cum
1179 1397 1479 1452 iudicassem
1502 1397 1605 1451 illis
1633 1412 1711 1450 me

176 1491 422 1559 Scripturis
448 1507 615 1544 curam
635 1489 908 1544 maximam
929 1487 1216 1558 impendere
1235 1531 1250 1548 ,
1280 1499 1420 1543 ortus
1448 1497 1519 1542 est
1544 1503 1710 1541 sermo

169 1586 261 1652 ipso
285 1592 506 1636 narrante
521 1581 583 1635 de
610 1581 830 1635 Antonio
856 1579 1107 1652 Egyptio
1134 1579 1379 1634 monacho
1398 1621 1413 1643 ,
1443 1581 1590 1650 cujus
1618 1596 1709 1634 no-

169 1688 265 1725 men
297 1670 573 1725 «cruenter
611 1669 833 1724 elarebat
859 1669 998 1740 apud
1028 1685 1194 1723 servos
1227 1678 1376 1731 tuos;
1417 1686 1505 1724 nos
1542 1679 1712 1722 autem

167 1778 304 1835 ssqu
327 1762 372 1815 in
403 1760 539 1815 illam
575 1761 752 1815 horam
781 1761 985 1814 latebat.
1030 1759 1178 1827 Quod
1201 1760 1287 1814 ille
1314 1758 1401 1813 ubi
1428 1761 1708 1830 comperit,

169 1855 433 1906 immoratus
459 1862 529 1907 est
563 1854 617 1906 in
662 1869 720 1905 eo
745 1867 1000 1913 sermone,
1029 1851 1292 1904 insinuans
1320 1860 1511 1903 tantum
1551 1850 1711 1902 virum

169 1945 475 2015 ignorantibus
491 1987 505 2006 ,
548 1953 596 1998 et
634 1944 897 1997 admirans
934 1941 1159 1996 eamdem
1205 1952 1426 1995 nostram
1475 1943 1714 2011 ignorau-

174 2039 298 2091 tisll.
321 2038 636 2108 Stupebamus
653 2049 820 2091 autent
847 2039 1104 2092 audientes
1126 2047 1228 2090 tam
1244 2036 1428 2090 recenti
1450 2035 1708 2098 memoria,

180 2137 221 2182 et
250 2145 387 2200 prope
410 2130 574 2184 nos'ris
601 2129 910 2199 temporibus
937 2129 1256 2183 testatissima
1280 2125 1526 2180 mirabilia
1556 2135 1642 2178 tua
1660 2126 1713 2180 in

181 2219 273 2286 ﬁde
297 2230 414 2272 recte
434 2230 476 2273 et
501 2221 748 2273 catholica
789 2219 1035 2273 Ecclesia.
1071 2218 1256 2272 Omnes
1284 2215 1590 2270 mirabamur
1621 2231 1640 2270 :
1665 2224 1715 2270 et

173 2325 278 2370 uos.
304 2311 410 2378 quia
431 2320 529 2363 tam
556 2327 740 2381 magna
764 2319 944 2373 erant;
967 2320 1011 2363 et
1032 2310 1120 2364 ille
1135 2349 1149 2372 ,
1179 2309 1297 2378 quia
1321 2308 1549 2362 inaudita
1573 2307 1716 2362 nobis

172 2410 309 2454 aaut.
334 2399 454 2454 Inde
496 2418 650 2455 sermo
672 2403 782 2473 ejus
815 2401 1075 2455 devolutus
1101 2409 1172 2455 est
1207 2399 1274 2452 ad
1300 2399 1714 2454 monasteriorum

170 2505 333 2560 greges,
348 2501 391 2542 et
408 2507 564 2545 mores
576 2491 933 2545 suaveolentite
951 2501 1070 2553 tute,
1093 2500 1138 2543 et
1158 2489 1306 2542 ubera
1326 2489 1517 2543 deserta
1541 2487 1712 2552 eremi,

169 2597 353 2648 quorum
374 2598 459 2636 uas
493 2581 615 2635 nihil
648 2580 951 2636 sciebamus.
981 2579 1048 2634 Et
1074 2589 1182 2634 erat
1210 2581 1559 2634 monasterium
1602 2577 1715 2632 lle-

170 2670 333 2724 diolani
359 2675 555 2742 plenum
586 2673 730 2725 bouis
760 2672 1029 2742 fratribus,
1059 2682 1201 2725 extra
1239 2671 1379 2726 urbis
1420 2672 1600 2724 nuvnia
1626 2671 1717 2724 sub

173 2759 400 2815 Ambrosio
421 2764 698 2827 nutritore;
727 2772 773 2816 et
802 2778 902 2816 non
933 2777 1248 2816 noveramus.
1280 2760 1606 2816 Pertendebat
1631 2761 1718 2814 ille

177 2861 221 2904 et
260 2853 518 2920 loquebatur
553 2854 754 2917 adhuc,
797 2863 844 2907 et
874 2869 963 2908 nos
1004 2853 1182 2907 intenti
1212 2852 1513 2906 tacebamus.
1572 2849 1720 2905 Unde

179 2943 332 2996 incidit
352 2955 400 2998 ut
423 2947 598 2999 diceret
616 2986 632 3011 ,
679 2947 846 2999 nescio
874 2944 1078 3017 quando
1101 2960 1155 2998 se
1179 2953 1223 2997 et
1257 2952 1353 2998 tres
1389 2942 1517 2997 alios
1542 2953 1719 2996 contu-

174 3035 369 3089 beruales
392 3053 532 3099 suos,
567 3037 806 3090 nimirum
830 3035 970 3106 apud
993 3033 1264 3098 Treveros,
1293 3050 1405 3087 cum
1440 3031 1722 3103 Imperator

176 3129 487 3197 pomeridiano
537 3127 846 3183 Circensium
892 3127 1176 3192 spectaculo
1225 3134 1475 3179 teneretur
1495 3165 1511 3190 ,
1561 3125 1722 3177 exisse.

179 3217 516 3273 deambulatum
544 3219 596 3272 in
640 3219 813 3272 hortos
853 3218 1008 3271 muris
1036 3217 1330 3287 contiguos;
1370 3226 1518 3282 atque
1539 3213 1644 3268 illic
1667 3223 1721 3267 ut

179 3313 284 3378 forte
304 3311 557 3366 combinati
575 3312 924 3381 spatiabantur
941 3353 956 3373 ,
989 3326 1147 3362 unum
1184 3325 1352 3363 secum
1374 3324 1594 3362 seorsmn
1614 3347 1630 3372 ,
1672 3316 1721 3361 et

178 3403 285 3456 alios
307 3403 422 3458 duos
441 3403 610 3457 itidem
626 3419 852 3457 seorsum
876 3402 1156 3472 pariterque
1183 3401 1430 3470 digressos
1454 3413 1472 3452 :
1495 3398 1581 3452 sed
1608 3398 1723 3452 illos

180 3495 464 3561 vagabuudos
488 3495 696 3548 irruisse
718 3496 771 3547 in
807 3493 1077 3565 quamdam
1101 3508 1270 3546 casam
1285 3533 1299 3554 ,
1327 3491 1409 3543 ubi
1433 3490 1723 3543 habitabant

185 3585 360 3654 quidam
378 3587 500 3642 servi
519 3587 589 3640 tui
613 3627 629 3651 ,
655 3585 839 3656 spiritu
862 3599 1107 3656 pauperes
1127 3624 1144 3647 ,
1177 3580 1400 3652 qualium
1420 3589 1491 3634 est
1516 3594 1723 3650 regnans

186 3676 388 3730 celarunt
415 3677 621 3750 (Matth.
653 3692 710 3742 ν,
737 3677 808 3747 3)
831 3717 844 3740 ,
875 3687 919 3729 et
945 3674 1186 3728 invmisse
1209 3673 1276 3726 ibi
1301 3671 1519 3725 codicem
1545 3671 1596 3723 in
1623 3685 1726 3740 quo

183 3768 343 3836 scripta
357 3778 457 3823 erat
483 3770 578 3822 vita
597 3767 822 3822 Antonii.
849 3764 1013 3833 Quum
1031 3766 1193 3836 legere
1213 3763 1360 3830 capit
1388 3779 1514 3814 unus
1530 3777 1721 3826 eorum,

185 3862 417 3926 «mirari,
459 3872 501 3915 et
526 3861 733 3915 accendi
755 3901 769 3920 ,
797 3870 844 3914 et
871 3859 1000 3912 inter
1026 3856 1288 3928 legendum
1332 3854 1561 3908 nteditari
1588 3852 1723 3905 arri-

188 3965 285 4014 pere
302 3952 438 4006 talem
457 3953 597 4006 vitam
621 3992 638 4016 ,
667 3960 714 4005 ct
729 3951 902 4004 relicta
931 3947 1111 4002 militia
1139 3946 1368 4001 saculari
1393 3945 1577 3998 servire
1602 3943 1728 3996 tibi:

190 4052 306 4094 erant
329 4053 482 4096 autem
519 4059 579 4098 ex
604 4044 677 4096 eis
700 4057 826 4111 quos
855 4041 1028 4093 dicunt
1057 4039 1270 4107 Agentes
1299 4037 1351 4089 in
1385 4036 1549 4090 rebus.
1580 4033 1725 4087 Tunc

188 4132 327 4186 subito
366 4133 568 4200 repletus
595 4148 768 4186 amore
804 4140 979 4185 sancto
1007 4139 1054 4184 et
1099 4129 1266 4183 sobrio
1306 4128 1530 4198 pudore,
1568 4127 1728 4180 iratas

189 4221 268 4273 sibi
289 4223 481 4294 conjecit
498 4225 667 4278 oculos
693 4223 746 4276 iu
787 4222 1010 4275 amicum
1034 4259 1052 4286 ,
1078 4229 1126 4274 et
1150 4219 1219 4271 ait
1242 4219 1316 4271 illi
1346 4232 1365 4270 :
1396 4216 1489 4269 Dic
1507 4257 1522 4282 ,
1559 4231 1726 4286 qua'so

195 4319 266 4375 te,
287 4314 489 4369 omnibus
512 4316 614 4371 istis
653 4313 908 4368 laboribus
934 4311 1119 4369 nostris
1142 4326 1241 4380 quo
1278 4308 1523 4361 ambimus
1559 4321 1730 4375 perve-

196 4401 318 4456 nire?
335 4405 440 4472 quid
457 4405 756 4474 querimus!
783 4405 932 4472 cujus
960 4403 1032 4456 rei
1055 4417 1210 4455 causa
1248 4399 1564 4453 militamus?
1607 4396 1726 4451 bla-

190 4489 612 4565 jorueessepoterit
638 4513 753 4566 spes
789 4505 959 4550 nostra
983 4495 1037 4547 in
1071 4491 1292 4565 palatio,
1328 4509 1477 4561 quam
1501 4501 1551 4544 ut
1579 4492 1730 4544 amici

203 4576 487 4647 imperatoris
506 4586 698 4641 smus?
727 4585 790 4639 Et
822 4584 890 4639 ibi
915 4583 1037 4652 quid
1065 4599 1164 4637 non
1192 4583 1372 4653 fragile
1391 4621 1405 4640 .
1433 4581 1732 4652 plenumque

206 4675 451 4742 reticulis!
485 4679 542 4734 Et
566 4698 656 4750 per
678 4688 798 4751 quot
825 4679 1049 4749 pericula
1075 4676 1356 4748 pervenitur
1387 4676 1455 4728 ad
1490 4674 1732 4745 grandius

205 4765 486 4834 periculi-2
499 4771 557 4826 Et
581 4776 786 4843 quando
810 4771 938 4824 istuc
959 4769 1050 4822 erit
1066 4770 1093 4824 2
1112 4768 1314 4821 Amicus
1339 4775 1503 4819 autem
1527 4765 1617 4819 Dei
1638 4806 1653 4830 ,
1685 4765 1731 4819 si

203 4855 528 4924 voluero,ecce
566 4878 702 4918 nunc
726 4861 816 4932 fio.
862 4858 998 4913 Dixit
1023 4859 1150 4918 hoc.
1178 4867 1222 4911 et
1251 4856 1475 4911 turbidus
1509 4857 1731 4926 parturi-

208 4950 328 5001 tt'oue
347 4965 464 5006 non
487 4955 595 5009 vitae
611 4996 628 5019 ,
655 4952 876 5007 reddidit
898 4950 1069 5005 oculos
1097 4951 1296 5020 paginis
1317 4989 1332 5013 ,
1371 4957 1418 5001 et
1443 4945 1659 5016 legebat,
1684 4954 1733 5000 et

207 5041 452 5097 nitebatur
473 5047 599 5100 intus
648 5045 732 5100 ubi
777 5055 832 5098 tu
879 5043 1110 5106 videbas,
1155 5050 1203 5094 et
1247 5041 1516 5092 exuebalur
1548 5037 1732 5090 mundo

209 5145 328 5186 llas
343 5133 456 5203 ejus,
475 5145 527 5189 ut
551 5153 667 5191 mox
689 5135 949 5206 apparuit.
980 5131 1213 5202 Namque
1237 5133 1354 5184 dum
1383 5130 1500 5201 legit
1526 5138 1570 5182 et
1585 5126 1734 5181 volvit

211 5219 370 5284 Mdu
406 5229 556 5282 cordis
588 5229 710 5293 sui,
743 5226 1002 5300 infremuit
1041 5223 1313 5294 aliquando
1335 5264 1352 5288 ,
1401 5231 1446 5275 et
1472 5221 1728 5285 discrevit,

217 5307 478 5386 “ﬂevitque
501 5318 752 5385 meliora;
772 5319 982 5390 jamque
1002 5326 1146 5382 tuus,
1181 5315 1250 5368 ait
1270 5314 1432 5368 amico
1456 5330 1547 5367 suo
1575 5327 1594 5366 :
1624 5312 1733 5383 Ego

215 5397 304 5470 iu
318 5404 470 5478 ειηρί
495 5427 569 5465 me
589 5410 650 5465 ab
668 5411 761 5464 illa
785 5427 875 5480 spe
894 5418 1065 5464 nostra
1087 5448 1104 5473 ,
1133 5416 1180 5461 et
1205 5405 1315 5460 Deo
1336 5407 1520 5461 servire
1545 5406 1733 5469 statui;

223 5499 260 5540 α
273 5489 414 5548 bees
429 5497 541 5552 liora
566 5502 679 5563 hac,
691 5501 747 5554 in
774 5500 866 5554 hoc
889 5500 1000 5554 loco
1019 5498 1302 5570 aggredior.
1320 5497 1388 5550 Te
1411 5498 1454 5550 si
1471 5497 1601 5566 piget
1620 5495 1734 5549 imi-

227 5579 334 5647 αἱ.
353 5585 442 5640 ιοιί
465 5589 728 5645 adversari.
757 5589 1035 5660 Respondit
1053 5590 1158 5655 ille,
1189 5589 1446 5642 adha'rere
1470 5604 1521 5640 se
1547 5587 1737 5640 socium

226 5673 356 5725 ’.τε
377 5682 849 5750 ασεεόὴιαηιωῳιε
876 5681 1084 5734 militiae.
1119 5678 1183 5731 Et
1203 5679 1349 5732 ambo
1369 5679 1482 5747 jam
1511 5677 1581 5730 tui
1608 5677 1734 5730 tedi-

233 5757 598 5826 “mtsmint
636 5784 842 5846 sumptu
869 5773 1046 5827 idoneo
1082 5771 1394 5844 relinquendi
1417 5770 1585 5826 omnia
1606 5785 1730 5838 sua,

2045 331 2159 353 ..ὑ

3270 372 3374 433 ιιι

1810 493 1856 540 et
1898 484 2135 555 sequendi
2165 493 2214 540 te
2238 485 2402 556 (Luc.
2432 502 2556 550 xw,
2585 487 2656 544 26
2688 488 2810 560 '55).
2842 487 2974 544 Tum
3015 487 3370 555 Pontitianus,

1811 585 1859 631 et
1875 577 1964 646 qui
1983 593 2098 631 cum
2125 593 2182 631 eo
2208 594 2296 648 per
2319 579 2446 632 alias
2466 580 2597 632 horti
2621 590 2784 649 partes
2809 580 3212 647 deambulabant,
3233 598 3374 653 qua-

1812 676 1974 721 rentes
1995 682 2078 721 eos
2107 667 2405 722 devenerunt
2429 668 2482 721 in
2509 669 2735 722 eumdem
2765 669 2926 723 locum
2945 711 2962 736 ,
2992 680 3038 724 et
3075 671 3378 726 invenientes

1811 758 2175 812 admonuerunt
2203 769 2256 812 ut
2281 759 2532 822 redirent,
2572 759 2706 828 quod
2733 758 2778 812 d.
2795 761 3024 815 cliuasset
3051 762 3172 816 dies.
3205 763 3268 815 At
3295 761 3378 816 illi

1813 857 2020 901 narrato
2049 847 2233 918 placito
2259 857 2305 904 et
2335 849 2591 918 proposito
2635 866 2726 904 suo
2745 891 2761 916 ,
2792 865 2985 920 quoque
3027 851 3172 905 modo
3211 853 3262 906 in
3306 853 3377 906 eis

1813 936 1928 992 talis
1953 938 2179 991 voluntas
2205 948 2312 992 orta
2332 949 2454 993 esset
2483 948 2632 1010 atque
2651 940 2874 1008 ﬁrmata.
2907 940 3178 1009 petiverunt
3205 959 3264 996 ne
3282 943 3380 998 sibi

1814 1026 2009 1080 molesti
2029 1038 2186 1081 essent
2205 1070 2220 1091 ,
2246 1029 2291 1080 si
2314 1029 2526 1100 adjungi
2561 1039 2867 1083 recusarent.
2914 1028 3013 1084 Isti
3033 1042 3196 1084 autem
3224 1033 3381 1087 nihilo

1815 1120 1991 1172 mutati
2017 1135 2048 1171 a
2074 1119 2328 1189 pristinis,
2355 1119 2594 1189 fleverunt
2622 1137 2676 1174 se
2692 1131 2887 1184 tamen,
2914 1131 2966 1174 ut
2992 1122 3212 1185 dicebat,
3239 1133 3384 1192 atque

1814 1210 1916 1265 illis
1956 1210 2036 1278 pie
2073 1211 2404 1282 congratulati
2432 1222 2577 1273 sunt,
2624 1222 2670 1267 et
2695 1215 3160 1268 commendaverunt
3185 1233 3240 1270 se
3265 1233 3382 1270 ora-

1816 1301 2030 1356 tionibus
2057 1317 2224 1354 eorum
2245 1316 2264 1363 ,°
2284 1311 2330 1354 et
2359 1303 2610 1357 trahentes
2633 1320 2720 1357 cor
2737 1303 2788 1356 in
2811 1314 2940 1357 terra
2965 1305 3191 1358 abierunt
3217 1305 3268 1358 in
3295 1321 3388 1371 pa-

1817 1393 2028 1456 latium;
2069 1393 2146 1448 illi
2186 1405 2351 1448 autem
2389 1395 2640 1464 affigentes
2673 1413 2759 1449 cor
2802 1395 2956 1461 calo,
3001 1406 3291 1452 manserunt
3331 1397 3385 1451 in

1813 1502 1943 1541 casa.
1981 1485 2050 1540 Et
2081 1487 2226 1540 ambo
2251 1488 2494 1541 habebant
2522 1504 2730 1557 sponsas
2750 1504 2768 1541 :
2794 1504 2906 1559 qua:
2934 1502 3252 1559 posteaquam
3291 1489 3387 1544 hoc

1814 1583 2098 1643 audierunt.
2117 1585 2403 1640 dicaverunt
2429 1589 2578 1641 etiam
2597 1589 2720 1657 ipsa:
2739 1588 3069 1658 virginitatem
3089 1587 3176 1641 tibi
3207 1584 3380 1660 (Conf.

1816 1673 1902 1728 lib.
1927 1674 1990 1735 8,
2015 1693 2129 1746 cap.
2159 1677 2210 1739 6,
2237 1695 2323 1732 un.
2355 1679 2420 1733 14
2439 1720 2454 1738 .
2486 1679 2596 1747 i5).

1883 1765 1938 1820 4.
1970 1765 2225 1822 Narrante
2260 1768 2372 1822 hare
2402 1769 2720 1832 Pontiliano,
2757 1769 3094 1839 prosequitur
3133 1762 3388 1837 Angusti-

1816 1871 1936 1910 nus.
1959 1855 2035 1910 Tu
2061 1869 2244 1921 autent,
2274 1858 2502 1919 Domine.
2523 1862 2654 1914 inter
2675 1861 2819 1914 verba
2839 1862 2950 1929 ejus
2971 1860 3287 1932 retorquebas
3309 1873 3387 1913 me

1816 1947 1884 2000 ad
1906 1965 1982 2002 me
1995 1949 2193 2017 ipsum;
2213 1967 2278 2003 an
2284 1955 2446 2021 ferens
2467 1967 2545 2004 me
2559 1969 2590 2003 a
2609 1951 2757 2005 dorso
2779 1968 2884 2003 meo
2901 1949 2982 2003 ubi
3003 1967 3080 2004 me
3099 1965 3384 2020 posuerant,

1818 2037 1938 2092 dum
1970 2039 2156 2094 nollem
2183 2058 2260 2093 me
2290 2042 2578 2108 attendere;
2606 2051 2651 2097 et
2688 2042 3020 2096 constituebas
3055 2057 3132 2095 me
3158 2051 3274 2094 ante
3309 2043 3390 2109 fa-

1816 2129 1942 2181 ciem
1962 2145 2140 2189 meam,
2166 2141 2218 2182 ut
2239 2130 2452 2184 viderem
2477 2147 2627 2198 quam
2651 2133 2808 2202 turpis
2830 2147 3003 2186 essem.
3025 2147 3172 2196 quam
3203 2129 3391 2182 distor-

1820 2227 1899 2272 tus
1925 2227 1970 2272 et
1999 2220 2232 2273 sordidus
2257 2265 2266 2282 ,
2305 2223 2588 2275 nmcnlosns
2611 2233 2656 2274 et
2681 2223 2954 2275 ulcerosus.
2987 2221 3049 2275 Et
3076 2220 3318 2282 videbam,
3342 2228 3392 2273 et

1820 2309 2078 2365 horrebant
2099 2327 2117 2375 ;
2139 2322 2186 2367 et
2215 2329 2312 2385 quo
2339 2329 2370 2365 a
2397 2329 2476 2366 me
2500 2313 2719 2384 fugerem
2745 2329 2842 2366 non
2866 2323 2988 2366 erat.
3021 2311 3083 2365 Et
3111 2313 3154 2364 si
3173 2310 3393 2365 conabar

1819 2419 1950 2457 ante
1968 2417 2186 2459 avertere
2220 2415 2494 2476 aspectum,
2520 2405 2754 2459 narrabat
2778 2405 2864 2458 ille
2897 2405 3030 2476 quod
3056 2402 3311 2466 narrabat,
3342 2412 3391 2456 et

1821 2503 1872 2546 tu
1896 2510 1972 2546 nte
1992 2511 2166 2548 rursus
2187 2494 2470 2561 opponi-bas
2493 2494 2635 2556 mihi,
2661 2506 2704 2547 et
2725 2494 3031 2566 impingi-bas
3053 2510 3129 2546 mc
3151 2493 3201 2545 in
3223 2491 3393 2545 oculos

1821 2600 1976 2645 meos,
2005 2595 2057 2636 ut
2077 2586 2343 2639 invenirem
2369 2587 2680 2656 iniquitatem
2701 2603 2860 2640 meam
2886 2597 2930 2639 et
2956 2586 3188 2638 odissem.
3223 2582 3274 2638 Ν
3277 2600 3394 2638 uve-

1821 2691 1928 2726 ram
1957 2691 2096 2734 eam.
2123 2676 2211 2729 sed
2238 2677 2654 2740 dissimulabam;
2689 2687 2735 2730 et
2765 2676 3086 2731 conmoebum
3131 2686 3175 2728 et
3213 2675 3392 2730 oblivi—

1824 2769 2012 2821 scebar.
2049 2767 2192 2822 Tunc
2221 2785 2333 2822 vero
2372 2779 2557 2833 quanto
2583 2769 2841 2822 ardentius
2877 2770 3106 2821 annalium
3147 2768 3288 2831 illos,
3334 2766 3397 2820 de

1825 2857 2002 2926 quibus
2027 2857 2287 2910 audiebam
2310 2858 2534 2912 salubres
2562 2857 2788 2924 affectus,
2817 2864 2946 2921 quod
2967 2874 3020 2911 se
3045 2867 3171 2911 totos
3199 2856 3285 2909 tibi
3309 2872 3398 2908 sa-

1823 2946 2017 2999 nandos
2054 2947 2290 3000 dederant
2312 2989 2327 3009 ,
2367 2958 2504 3000 tanto
2547 2946 2898 3002 exsecrabilius
2939 2964 3018 3000 me
3051 2955 3397 3015 comparatum

1823 3037 1893 3091 eis
1913 3037 2134 3089 oderam.
2161 3037 2410 3102 Quoniam
2433 3038 2574 3090 multi
2598 3039 2694 3092 mei
2722 3039 2844 3091 anni
2865 3054 3054 3091 mecum
3085 3039 3394 3107 eﬂiaxerant,

1826 3130 1954 3197 forte
1975 3126 2234 3180 duodecim
2253 3129 2392 3190 anni,
2417 3144 2480 3182 ex
2496 3144 2596 3200 quo
2619 3129 2682 3181 ab
2702 3128 3068 3182 undevicesimo
3086 3144 3219 3180 anno
3237 3127 3400 3182 (atatis

1755 3265 1766 3276 .
1825 3235 1969 3279 metu,
1999 3221 2125 3274 lecto
2164 3219 2416 3276 Ciceronis
2458 3219 2750 3282 Hortensio,
2781 3221 3024 3274 excitatus
3060 3237 3195 3274 eram
3235 3219 3401 3273 studio

1826 3310 2087 3378 sapientia:
2103 3326 2121 3374 ,°
2149 3321 2194 3364 et
2228 3311 2519 3378 differebam
2546 3321 2825 3382 contempta
2862 3312 3094 3382 felicitate
3119 3319 3312 3364 terrena
3334 3309 3404 3363 ad

1827 3418 1935 3454 eam
1956 3402 2346 3473 investigandum
2365 3419 2602 3457 vacare...
2623 3401 2703 3456 Ita
2719 3402 2930 3456 rodebar
2950 3405 3104 3462 intus.
3117 3412 3162 3456 et
3183 3403 3403 3471 confun-

1828 3494 1874 3546 d.
1891 3493 1982 3547 bar
2022 3495 2212 3564 pudore
2257 3494 2482 3548 horribili
2530 3496 2874 3560 vehementer,
2924 3511 3037 3547 cum
3085 3491 3406 3546 Pontitianus

1829 3583 1949 3635 talia
1977 3583 2276 3653 loqueretur.
2300 3583 2589 3637 Terminato
2613 3594 2776 3636 autem
2803 3600 3027 3637 sermone
3049 3592 3094 3636 et
3123 3597 3273 3634 causa
3297 3595 3400 3652 q'ta

1829 3683 2046 3738 venerat,
2069 3675 2188 3727 abiit
2221 3674 2324 3727 ille.
2352 3673 2416 3726 Et
2447 3691 2537 3744 ego
2565 3673 2633 3726 ad
2663 3690 2740 3726 me
2758 3714 2772 3734 ,
2808 3689 2920 3742 qua:
2946 3690 3044 3726 non
3075 3673 3124 3724 in
3153 3689 3228 3724 me
3250 3671 3357 3724 dixi
3376 3669 3404 3724 2

1833 3761 2022 3827 Quibus
2055 3765 2408 3818 sententiarum
2449 3763 2682 3818 vxrberibz
2704 3781 2727 3817 s
2764 3781 2862 3816 nan
2903 3763 3155 3834 flageliavi
3183 3762 3405 3814 animum

1831 3872 2012 3920 meam,
2035 3865 2088 3909 ut
2110 3866 2394 3926 sequeretur
2418 3872 2494 3910 me
2517 3866 2776 3910 conantem
2801 3869 2908 3926 post
2930 3865 2977 3909 te
3000 3855 3114 3908 ire?
3138 3852 3198 3906 lft
3225 3851 3406 3906 reniteo

1831 3945 2012 4011 batur;
2045 3948 2322 4013 recns..bat,
2349 3959 2395 4002 et
2426 3965 2524 4001 non
2549 3964 2603 4002 se
2623 3947 2905 4001 excusabat.
2931 3945 3236 4012 Consumpta
3263 3950 3407 3997 erant

1831 4049 1878 4092 et
1901 4039 2122 4092 convicta
2147 4049 2435 4109 argumenta
2459 4040 2626 4092 omnia
2649 4084 2663 4104 ,
2695 4048 2998 4092 remanserat
3025 4045 3162 4089 muta
3186 4034 3408 4106 trepida-

1833 4132 1938 4196 tio;
1964 4141 2010 4184 et
2035 4132 2182 4201 quasi
2201 4142 2406 4185 mortem
2431 4131 2787 4199 reformidabat
2815 4129 3045 4199 restrtngi
3063 4145 3093 4180 a
3118 4128 3260 4197 fluxu
3291 4142 3410 4180 con-

1831 4221 2111 4276 suetudinis
2131 4239 2230 4291 quo
2255 4221 2528 4275 tabescebat
2550 4225 2601 4274 in
2628 4231 2858 4274 mortem.
2887 4217 3013 4272 Tum
3035 4219 3086 4271 in
3111 4218 3200 4270 illa
3229 4215 3410 4286 grandi

1831 4311 1946 4365 rixa
1989 4313 2240 4365 interioris
2281 4313 2458 4364 domus
2489 4325 2639 4376 mete,
2665 4326 2816 4380 quam
2863 4309 3055 4380 fortiter
3083 4306 3411 4360 excitaverant

1832 4420 1946 4459 cum
1973 4405 2141 4458 anima
2172 4421 2280 4457 inea
2305 4405 2354 4456 in
2377 4401 2605 4456 cubiculo
2630 4411 2797 4455 uestro
2817 4401 2968 4454 corde
2993 4414 3121 4460 meo,
3147 4408 3248 4448 tam
3273 4391 3411 4447 vultu

1833 4513 1982 4566 quam
2009 4506 2169 4549 mente
2189 4494 2432 4557 turbatus,
2456 4493 2638 4546 invado
2658 4491 2898 4561 Alypium
2921 4499 2966 4542 et
2987 4488 3212 4542 exclamo
3232 4502 3250 4540 :
3273 4484 3411 4550 Quid

1836 4589 2094 4658 patimur?
2114 4587 2235 4655 quid
2265 4595 2334 4640 est
2365 4585 2499 4638 hoc?
2523 4583 2644 4652 quid
2673 4583 2904 4635 audisti?
2936 4580 3165 4651 Surgunt
3198 4579 3408 4649 indocti,

1835 4689 1879 4733 et
1923 4679 2100 4732 caelum
2144 4679 2382 4746 rapiunt;
2425 4685 2471 4729 et
2511 4691 2602 4728 nos
2643 4691 2756 4728 cum
2799 4674 3036 4727 doctrinis
3080 4673 3263 4726 nostris
3303 4673 3412 4726 sine

1834 4768 2004 4833 corde,
2027 4783 2136 4820 ecce
2164 4765 2248 4820 ubi
2274 4766 2554 4818 volutantur
2577 4765 2628 4818 iu
2648 4781 2799 4818 carne
2826 4774 2872 4818 et
2897 4764 3174 4834 sanguine?
3196 4763 3271 4816 An
3295 4762 3413 4832 quia

1836 4866 2215 4931 praecesserunt,
2244 4856 2396 4926 pudet
2415 4855 2574 4925 sequi,
2607 4865 2652 4908 et
2690 4870 2788 4908 non
2822 4854 2972 4923 pudet
3002 4869 3090 4906 nec
3121 4853 3297 4906 saltem
3333 4867 3412 4905 se-

1834 4952 1922 5021 qui
1936 4952 1962 5004 ?
1989 4949 2108 5003 Dixi
2135 4948 2300 5002 nescio
2325 4963 2438 5018 qua:
2465 4947 2609 5012 talia,
2634 4954 2680 5000 et
2709 4946 2926 5015 abripuit
2956 4961 3032 4998 me
3055 4943 3118 4998 ab
3149 4943 3237 4997 illo
3261 4953 3414 4998 a'stus

1835 5058 2005 5107 meus,
2039 5057 2154 5094 cum
2195 5051 2377 5094 taceret
2419 5039 2659 5092 attonitus
2700 5040 2897 5091 intuens
2938 5053 3035 5093 me.
3067 5034 3244 5108 Neq-te
3279 5035 3413 5090 enim

1836 5135 1985 5189 solita
2029 5133 2270 5222 somwam
2291 5171 2306 5190 .
2349 5131 2559 5202 plusque
2607 5127 2930 5195 loquebantur
2974 5127 3197 5179 animum
3248 5141 3413 5180 meum

1837 5225 2000 5294 frons,
2021 5216 2180 5294 gente,
2202 5221 2355 5284 oculi,
2384 5220 2543 5281 color,
2567 5218 2745 5271 modus
2773 5218 2922 5281 vocis,
2947 5232 3098 5286 quam
3131 5216 3276 5269 verba
3301 5229 3414 5284 qua!

1841 5315 2147 5389 promebam.
2191 5312 2437 5367 Ilortulus
2471 5311 2677 5380 quidam
2715 5318 2819 5362 erat
2864 5307 3066 5377 hospitii
3104 5307 3277 5366 nostri,
3316 5319 3412 5372 quo

1838 5423 1928 5460 nos
1966 5408 2246 5470 utebamur,
2282 5403 2410 5457 sicut
2453 5411 2556 5455 tota
2595 5401 2762 5453 domo.
2810 5397 2949 5452 Nam
2991 5399 3170 5467 hospes
3207 5397 3272 5448 ibi
3311 5410 3411 5447 non

1839 5490 2092 5544 habitabat
2116 5487 2349 5541 dominus
2376 5488 2572 5539 domus.
2602 5482 2736 5538 Illuc
2765 5499 2844 5537 me
2875 5482 3145 5535 abstulerat
3171 5478 3412 5531 tumultus

1839 5589 2070 5655 pectoris,
2093 5581 2176 5634 ubi
2205 5596 2348 5634 nemo
2375 5578 2636 5648 impediret
2670 5577 2930 5630 ardentem
2956 5576 3105 5634 litem,
3130 5586 3280 5637 quam
3309 5585 3414 5621 me-

1839 5690 1954 5727 cum
1987 5687 2248 5744 aggressus
2276 5686 2434 5732 erant,
2469 5670 2624 5721 donec
2663 5667 2818 5720 exiret
2854 5681 2955 5734 qua
2987 5674 3037 5714 tu
3065 5661 3288 5723 sciebas;
3320 5676 3412 5730 ego

1841 5776 2010 5822 autent
2051 5781 2149 5819 non
2173 5779 2194 5818 :
2230 5765 2317 5818 sed
2346 5772 2540 5817 tantum
2566 5758 2871 5816 insaniebam
2894 5753 3186 5818 salubriter,
3214 5761 3262 5808 et
3303 5765 3413 5813 ma.
