3948 6444
566 330 673 389 "9

564 444 665 502 sub
689 442 827 498 idem
851 450 1057 509 tempus
1077 439 1257 495 edidit.
1288 438 1492 501 Etcum
1522 436 1764 491 Monnica
1787 445 1957 490 mater
1978 434 2135 505 paulo

560 546 678 606 post
699 536 813 604 ejus
842 518 1165 603 Baptismum
1205 548 1267 586 ex
1306 531 1405 586 bac
1450 531 1553 583 vita
1596 529 1856 599 migravit.
1898 528 2131 583 nondum

561 625 884 696 trigesimum
909 635 959 679 et
993 626 1203 679 tertium
1243 623 1415 678 a‘tatis
1449 638 1647 677 annum
1674 630 1923 692 exegerat
1956 618 2128 689 (Conf.

557 715 647 769 lib.
676 715 731 779 9,
762 732 876 785 cap.
904 717 989 780 ll,
1034 732 1085 768 η.
1116 716 1228 784 28).
1262 715 1352 769 llis
1382 716 1450 769 ita
1493 715 1792 769 constitutis
1834 715 2126 780 coniicitur,

555 822 678 863 eum
712 809 983 878 trigesimo
1001 807 1235 863 secundo
1255 808 1424 862 a:tatis
1443 822 1553 863 sua:
1568 821 1707 860 anno
1723 818 1947 862 excitate
1970 806 2131 864 fuisse

556 913 913 963 conversum;
944 914 1082 952 anno
1104 908 1278 953 autem
1310 899 1576 968 trigesimo
1602 900 1755 952 tertio
1786 898 2126 967 baptizatum,

555 998 679 1044 octo
727 999 818 1043 aut
868 1004 1055 1045 novem
1096 999 1217 1061 post
1262 992 1661 1045 coiiw-rsionem
1692 993 1980 1053 mensibus.
2006 1008 2124 1046 cum

556 1078 822 1148 Baptisma
855 1080 905 1133 in
936 1080 1172 1135 Pascliali
1202 1081 1535 1136 solemnitate
1560 1082 1867 1153 susceperit.
1898 1083 2125 1137 Jamau-

561 1178 665 1224 tem
704 1168 971 1224 Possidius
1003 1185 1170 1225 annos
1203 1186 1322 1223 eum
1366 1186 1459 1225 sex
1499 1181 1551 1225 et
1581 1173 1905 1240 Septuaginta
1946 1183 2124 1227 natum

553 1258 750 1314 obiisse
804 1261 960 1314 tradit
1014 1258 1335 1328 (Possidius.
1367 1262 1417 1315 iu
1455 1260 1566 1315 thu
1589 1263 1869 1330 Augustini,
1901 1282 1949 1319 ι’.
1978 1265 2037 1319 51
2068 1267 2121 1334 )z

561 1352 841 1421 nullusque
874 1353 923 1405 in
950 1354 1165 1407 dubium
1188 1366 1396 1409 remeat
1428 1356 1546 1423 ejus
1574 1357 1772 1409 obitum
1803 1358 1857 1411 in
1885 1360 2123 1427 quintum

551 1440 802 1497 kalendas
827 1446 1140 1512 sepleutbris
1160 1447 1282 1499 anui
1312 1447 1495 1517 quatlri
1522 1450 1810 1517 igcntcsimi
1845 1450 2119 1519 trigesilui,

547 1532 695 1601 juxta
730 1534 971 1602 Prosperi
994 1538 1277 1591 clironicon
1309 1540 1571 1594 incidisse.
1594 1539 1738 1594 Illum
1772 1541 2122 1609 igiturnatnm

550 1620 714 1676 fuisse
733 1636 936 1692 oportet
961 1627 1130 1682 idibus
1150 1630 1450 1683 novembris
1464 1632 1582 1683 anui
1604 1632 1954 1688 trecentesimi
1972 1634 2125 1701 quiti-

551 1715 839 1782 quangimi
863 1717 1065 1785 quarti;
1106 1732 1418 1771 Coln'chtltll
1434 1735 1612 1774 mense
1630 1733 1852 1791 augusto
1872 1726 1990 1777 anui
2026 1736 2123 1779 trc-

549 1808 822 1861 centesimi
849 1811 1153 1876 octersimi
1180 1811 1344 1873 sexti;
1382 1812 1697 1876 baptizatum
1729 1830 1850 1866 \‘cro
1871 1816 1918 1868 P.
1942 1817 2121 1870 scliatc

547 1896 671 1949 anni
693 1899 1047 1952 tt'eccntesiuti
1076 1901 1378 1966 octOgesimi
1401 1903 1629 1968 septimi.
1661 1915 1845 1958 oetam
1872 1904 2120 1961 Itali-udas

549 1986 695 2039 tuaii.
716 1987 939 2042 Euenim
959 2006 1096 2042 anno
1113 1991 1304 2046 l’asch
1327 1992 1552 2059 septimo
1575 1991 1825 2048 kalendas
1845 1996 1962 2048 maii
1984 2001 2120 2051 ct-lc-

549 2074 808 2131 bratulutu
836 2095 952 2134 esse
971 2081 1213 2135 doctu-rat
1235 2084 1541 2137 Ambrosius
1565 2085 1836 2154 (Ambros.,
1862 2088 2020 2158 Epist.
2053 2090 2121 2143 ad

552 2167 870 2241 Afmilium).
899 2172 1101 2225 Niliam
1131 2174 1304 2229 ll:l.'(‘CC
1336 2177 1676 2247 clironulogia
1703 2183 2117 2236 contraversiatn

546 2261 866 2320 admitti-ret.
893 2265 989 2317 nisi
1013 2265 1335 2334 Augustinus
1356 2276 1577 2321 matrem
1599 2286 1747 2323 suam
1790 2281 1897 2324 tum
1924 2288 1986 2325 cx
2020 2273 2119 2327 bac

541 2351 646 2404 vita
676 2354 928 2422 migrasse
944 2358 1160 2416 diceret.
1185 2374 1303 2411 cum
1350 2360 1461 2427 ipse
1498 2362 1727 2414 Alricam
1764 2376 2027 2432 repetens,
2059 2381 2118 2420 se

540 2441 607 2493 ad
634 2441 776 2496 Ostia
801 2445 1042 2499 Tiberina
1074 2448 1387 2513 navigationi
1418 2449 1725 2505 instauraret
1756 2451 1925 2524 ((ὐιιῙ.
1960 2454 2024 2507 ιι)
2060 2458 2114 2521 9,

540 2546 656 2600 cap.
680 2533 733 2598 8,
783 2552 834 2586 η.
887 2537 976 2599 l7;
1008 2553 1119 2605 cap.
1170 2538 1254 2600 ll).
1303 2556 1355 2592 η.
1385 2540 1496 2609 9.5).
1530 2543 1747 2597 (iurslul
1788 2547 1959 2611 enim,
1996 2547 2118 2603 hinc

540 2623 777 2692 quidem,
807 2626 998 2680 obiisSe
1030 2628 1192 2690 illam.
1226 2640 1281 2684 ut
1306 2631 1553 2698 diximus,
1583 2634 1904 2703 trigesimum
1923 2648 1970 2691 et
2004 2648 2113 2692 tero

541 2713 670 2767 tium
701 2718 871 2770 aetatis
898 2734 1090 2772 annum
1127 2728 1314 2789 agente
1353 2724 1675 2791 Augustino;
1711 2728 1808 2778 hoc
1835 2738 1937 2789 ρει,
1967 2727 2113 2797 juxta

538 2804 796 2858 calculum
830 2818 1086 2873 nostrum,
1112 2822 1232 2865 :mte
1273 2811 1387 2864 idus
1414 2818 1727 2870 norembrcs
1752 2820 1871 2870 anni
1906 2831 2114 2873 trecen-

540 2894 712 2946 tesinii
736 2899 1039 2965 octogesimi
1068 2900 1296 2968 septimi.
1330 2902 1474 2957 liliuc
1509 2916 1681 2958 autem
1711 2918 1913 2961 curtum
1952 2911 2113 2965 liabe-

541 2997 683 3050 mus,
728 2987 1077 3054 Augustinum
1125 3008 1225 3045 non
1280 2996 1553 3063 repetiisse
1605 2997 1836 3052 Africam
1868 3002 1965 3053 nisi
1997 3013 2114 3067 post

544 3089 728 3129 necent
747 3076 952 3129 Maximi
971 3083 1173 3149 tyranni
1190 3081 1396 3151 (Contra
1417 3084 1628 3138 Litteras
1648 3084 1906 3153 Pctiliuni,
1922 3108 1974 3143 ιι.
1994 3090 2109 3161 Sil),

539 3163 627 3232 qui
657 3166 983 3233 mcnsejntio
1004 3181 1247 3231 exeunte,
1273 3174 1351 3225 vel
1382 3177 1735 3242 augustuaitni
1756 3182 2109 3236 trcccntesimi

544 3254 849 3323 Octogcsimi
877 3258 1045 3310 octavi
1083 3260 1384 3314 intcrfcc:us
1411 3272 1509 3317 est.

610 3340 661 3395 2.
698 3344 981 3399 Difﬁcultas
1002 3347 1106 3400 duo
1136 3349 1231 3402 ista
1260 3353 1570 3408 min-iliaudi
1598 3354 1932 3413 doctissimos
1952 3376 2110 3429 quos-

537 3446 641 3499 que
662 3432 713 3486 in
729 3433 965 3491 ditersas
992 3442 1268 3506 opinantes
1293 3442 1558 3498 distralut.
1591 3448 1812 3512 Quidam
1843 3451 1983 3505 enim
2016 3468 2111 3505 no-

533 3521 653 3577 lunt
677 3541 704 3575 a
742 3524 979 3580 Possidio
1002 3569 1014 3588 ,
1055 3544 1173 3582 cum
1213 3536 1555 3601 Augustinum
1586 3553 1753 3591 (lituus
1776 3544 2105 3611 septuaginta

536 3628 629 3669 scit
660 3616 854 3673 vixisse
891 3620 1066 3672 scribit
1090 3662 1105 3683 ,
1137 3621 1297 3690 ipsius
1324 3640 1491 3678 31111ολ
1527 3643 1618 3695 per
1664 3633 1967 3684 consulatus
2008 3650 2107 3687 nu-

536 3705 765 3767 merari;
812 3716 865 3760 et
902 3724 995 3776 pro
1036 3712 1203 3777 pritno
1242 3729 1379 3765 anno
1413 3717 1545 3768 sumi
1587 3722 1836 3787 temporis
1879 3723 2105 3790 spatium

533 3795 674 3864 quod
703 3798 769 3850 ab
800 3799 967 3852 idibus
995 3804 1293 3856 novembris
1318 3806 1382 3858 :ul
1428 3805 1679 3862 kalendas
1710 3811 1979 3879 j.nuarias
1998 3854 2013 3875 ,
2044 3831 2105 3869 ac

531 3901 629 3954 pro
680 3890 860 3941 ultimo
905 3906 1077 3953 anno,
1124 3894 1173 3945 id
1219 3897 1357 3963 quod
1400 3913 1428 3949 a
1474 3897 1711 3953 kalendis
1748 3904 2003 3969 januariis
2038 3909 2104 3961 ad

531 3978 769 4045 quintutu
797 3978 1045 4037 kalendas
1070 3987 1273 4053 angusti
1302 3989 1616 4043 extenditur.
1640 3991 1726 4046 S.c
1756 3998 2104 4064 Augustinum

531 4078 711 4121 natum
732 4086 849 4124 esse
878 4074 1200 4129 contendunt
1231 4076 1400 4130 idibus
1426 4083 1725 4134 novembris
1753 4085 1875 4137 anni
1903 4097 2106 4141 trecen-

532 4162 703 4214 tesimi
729 4164 1140 4234 quinquagesimi
1165 4171 1363 4237 quinti;
1391 4188 1700 4227 Conversion
1730 4193 1869 4229 anim
1898 4189 2040 4235 trccc
2064 4202 2105 4233 .-

530 4255 721 4304 tesituo
757 4257 1080 4323 Octogcsitno
1098 4261 1322 4328 septimo
1342 4301 1356 4320 ,
1388 4263 1699 4330 baptizatum
1727 4284 1865 4319 atr-o
1894 4279 2101 4325 trecen-

530 4342 720 4396 tesimo
764 4349 1087 4416 octogesimo
1116 4359 1337 4413 octavo;
1368 4363 1418 4405 et
1457 4370 1513 4407 re
1541 4355 1648 4425 ipsa
1682 4358 1872 4413 \ixissc
1898 4378 2097 4428 nimus,

529 4448 633 4486 non
663 4438 990 4507 septuagiwta
1022 4456 1111 4493 sex
1133 4481 1146 4500 .
1190 4444 1281 4497 sed
1318 4446 1643 4515 septuaginta
1683 4461 1919 4517 quntum;
1948 4453 2097 4522 adje-

525 4523 628 4574 etis
656 4538 813 4592 Super
839 4542 901 4581 ne
921 4545 1023 4581 lem
1050 4541 1139 4584 aut
1163 4532 1344 4586 decent
1375 4537 1659 4589 tuensilms.
1679 4538 1866 4594 \"olnnt
1886 4544 1971 4596 ali
1996 4547 2101 4600 Att-

525 4615 791 4683 gustinum
826 4619 875 4671 in
904 4620 1038 4673 libro
1065 4624 1174 4677 site
1196 4638 1378 4679 contra
1400 4628 1744 4686 Academicos
1766 4635 1920 4687 tertio
1939 4677 1952 4695 ,
1981 4638 2098 4695 sive

532 4704 940 4773 Soliloquiorum
970 4713 1167 4777 primo,
1193 4731 1357 4767 annos
1386 4734 1510 4771 suos
1552 4730 1750 4775 tantum
1791 4725 2093 4794 absolutos,

525 4809 633 4848 non
667 4804 840 4849 autem
878 4798 1148 4853 inclinatos
1184 4820 1480 4861 numerare.
1509 4810 1596 4864 Sic
1620 4826 1739 4867 eum
1774 4824 1948 4868 natmu
1977 4832 2095 4874 esse

521 4901 665 4940 anno
692 4893 1055 4944 trecentesimo
1079 4895 1509 4966 qttitiqttzgesittto
1530 4914 1717 4971 quarto
1736 4945 1749 4966 ,
1780 4920 2092 4965 Conversutn

523 4992 687 5047 porro
726 4996 827 5033 ttOn
861 4981 1023 5038 fuisse
1068 4985 1164 5038 nisi
1209 5004 1347 5040 anno
1377 4995 1742 5047 trecentesimo
1771 5001 2093 5069 octogesimo

525 5070 782 5137 septimo,
807 5087 904 5128 nec
928 5074 1241 5142 baptizatum
1271 5078 1367 5131 nisi
1396 5096 1535 5134 anno
1560 5086 1926 5139 trecentesimo
1948 5101 2093 5144 octo-

522 5160 726 5229 gcsinto
751 5171 966 5228 octavo,
1018 5167 1285 5237 trigesimo
1315 5171 1470 5224 tertio
1513 5174 1682 5226 atatis
1706 5177 1949 5243 expleto,
1993 5181 2090 5235 hoc

522 5261 637 5313 est,
674 5252 940 5322 trigesimo
976 5268 1162 5325 quarto
1202 5260 1464 5315 inchoato.
1509 5262 1736 5333 Utraque
1778 5266 1890 5322 lure
1914 5271 2091 5337 opinio

518 5340 761 5411 proiecto
792 5346 896 5398 vim
941 5348 1097 5401 infert
1133 5352 1304 5405 verbis
1331 5354 1606 5421 Augustini
1642 5368 1725 5409 ant
1756 5357 2003 5423 Possidii;
2035 5372 2091 5416 ut

517 5432 697 5490 dicere
732 5450 981 5505 cogamur
1019 5439 1338 5505 Possidium,
1368 5445 1457 5513 qui
1499 5460 1597 5498 una
1636 5461 1753 5501 cum
1798 5452 2089 5520 Augustino

517 5527 861 5597 quadraginta
889 5546 1144 5584 annorum
1175 5542 1381 5603 tempus
1420 5535 1674 5601 traduxit,
1706 5542 1895 5610 quique
1925 5544 2086 5611 ipsius

518 5624 726 5670 aetatem
772 5618 839 5671 ab
874 5634 939 5673 eo
976 5619 1091 5674 solo
1118 5633 1425 5693 :lCL‘t‘Pt‘i‘ill,
1456 5625 1594 5683 illam
1636 5637 1807 5686 tamen
1847 5634 1999 5688 aliter
2025 5650 2086 5692 ac

518 5704 688 5777 ipsum
729 5711 1074 5781 Augustinum
1102 5720 1503 5787 computavisse.
1534 5722 1641 5778 Nec
1666 5726 1806 5779 enim
1835 5729 2078 5798 Augusti-

2276 200 2281 204 ι
2336 198 2377 209 γρ
2412 200 2459 213 ιη

1718 319 1874 376 VlTA
1917 320 1975 376 S.
2019 319 2379 378 AUGUSTINI
2423 318 2739 376 EPISCON.
3707 326 3790 386 lu

2243 451 2374 496 nus,
2414 434 2457 488 si
2496 448 2666 490 annos
2705 449 2800 504 per
2826 436 3072 492 consules
3111 445 3365 504 notaret,
3404 437 3567 495 libros
3599 454 3712 501 suos
3734 446 3787 502 de

2240 526 2605 593 Academicis,
2638 542 2819 585 mense
2867 530 3137 585 novembri
3178 532 3552 600 conscriptos,
3593 548 3783 603 repono-

2241 629 2317 677 ret
2364 636 2503 674 anno
2550 622 2719 676 a'tatis
2763 636 2872 675 sua:
2926 622 3198 691 trigesimo
3242 624 3438 686 tertio;
3484 640 3579 679 nec
3618 630 3783 697 pariter

2238 710 2408 765 eidem
2434 726 2573 765 anno
2600 711 2923 767 adscriberet
2942 712 3105 779 ipsam
3133 724 3368 767 iitur'em
3393 712 3667 773 llonuieu.
3691 734 3783 786 qua:

2237 809 2342 856 tam
2367 802 2520 871 Ιοιεεο
2543 813 2659 871 post
2683 813 2915 872 tempore
2934 804 3261 872 contigisset.
3289 803 3359 859 Et
3380 803 3425 858 si
3453 806 3669 861 aliSoluti
3694 820 3783 864 lano

2237 902 2346 946 ttun
2375 892 2513 949 illius
2536 893 2659 947 anni
2696 895 2951 949 numerati
2989 902 3141 957 sunt,
3175 894 3226 947 ei
3254 896 3492 963 quinque
3518 906 3571 953 ct
3597 908 3779 965 septua.

2234 984 2373 1055 ginta
2407 984 2526 1037 vitae
2568 985 2721 1044 anni.
2766 1000 2868 1039 non
2911 986 3117 1053 plures,
3149 984 3312 1039 tribui
3341 984 3652 1042 debuerunt.
3689 990 3778 1045 Ob.

2235 1089 2447 1130 Servare
2474 1075 2647 1130 adhuc
2676 1076 2795 1131 licet
2831 1085 3014 1129 contra
3042 1076 3273 1144 priorem
3300 1080 3644 1140 sententiam.
3666 1081 3778 1139 baud

2233 1166 2394 1221 fuisse
2421 1168 2630 1238 quidem
2655 1168 2870 1222 omnino
2899 1168 3159 1233 insolens,
3190 1169 3565 1239 episeiqmrutn
3593 1172 3720 1225 urbis
3736 1184 3777 1228 et

2234 1258 2607 1327 imperatorum
2638 1273 2803 1311 annos
2849 1274 2941 1327 per
2968 1259 3281 1313 consulatus
3326 1275 3604 1331 nntnetare
3644 1261 3760 1328 (lico

2232 1346 2302 1403 lto
2323 1368 2331 1378 ·
2359 1347 2526 1416 ipsum
2546 1346 2906 1417 inl'requcnter
2922 1348 3212 1417 evenerit);
3236 1349 3381 1419 quod
3402 1350 3601 1405 scilicet
3621 1367 3773 1409 comm

2230 1444 2428 1492 Creatio
2472 1448 2521 1491 et
2567 1438 2741 1492 obitus
2787 1438 2836 1491 in
2874 1440 3005 1491 actis
3036 1438 3299 1508 publicis,
3341 1441 3533 1509 quibus
3566 1444 3773 1498 consules

2228 1537 2380 1583 eram
2408 1529 2653 1597 adscripti
2678 1568 2693 1592 ,
2723 1539 3049 1594 notarentur,
3071 1539 3120 1583 et
3154 1546 3361 1583 artuum
3397 1532 3570 1585 nullus
3598 1533 3772 1602 ignota-

2229 1628 2325 1671 ret.
2351 1617 2462 1670 Non
2504 1620 2579 1671 sic
2611 1634 2766 1687 porro
2792 1619 2859 1673 de
2884 1631 3003 1673 ortu
3037 1620 3127 1673 lilii
3158 1621 3446 1692 utnniripis
3474 1620 3772 1690 Tagastensis

2226 1708 2508 1761 admodum
2540 1709 2711 1762 tenuis
2739 1710 3041 1765 existimare
3072 1710 3213 1763 licet.
3234 1700 3391 1777 Quod
3419 1722 3612 1781 spectat
3640 1712 3696 1765 ad
3717 1714 3773 1767 al-

2228 1808 2391 1851 teram
2423 1802 2735 1855 si-nteatiam
2757 1841 2772 1858 .
2801 1801 3004 1855 tametsi
3036 1803 3307 1855 latendum
3347 1811 3427 1855 est
3450 1844 3464 1866 ,
3505 1819 3619 1857 cunt
3656 1806 3771 1872 quis~

2228 1894 2364 1960 piam
2408 1893 2600 1946 dicitur
2626 1909 2796 1949 annos
2838 1894 3045 1963 triginta
3078 1904 3187 1949 tres
3218 1906 3410 1961 natus,
3441 1900 3507 1949 de
3550 1896 3772 1953 inclinatis

2224 1992 2314 2034 aut
2342 1983 2593 2037 absolutis
2637 1984 2686 2037 id
2730 2000 2884 2053 posse
2929 1984 3180 2055 intelligi;
3210 1986 3649 2056 quemadmodum
3672 2002 3769 2041 cum

2226 2089 2375 2142 rcges
2402 2090 2543 2127 anno
2569 2076 2739 2129 :rtatis
2776 2075 2982 2129 decimo
3002 2085 3223 2145 quarto,
3260 2088 3488 2131 cmtcros
3524 2088 3683 2131 autem
3708 2077 3769 2132 ri-

2223 2166 2425 2232 gesimo
2466 2164 2652 2233 quinto
2690 2166 2768 2218 sui
2812 2164 2947 2234 juris
2991 2181 3110 2220 esse
3156 2168 3417 2231 dicimus,
3463 2170 3686 2236 quamvis
3708 2167 3769 2222 illi

2223 2274 2362 2312 amio
2410 2260 2618 2312 decimo
2661 2269 2849 2329 quarto
2899 2259 3176 2323 inclmato,
3211 2260 3297 2314 isti
3336 2270 3513 2315 autem
3556 2261 3770 2329 \igt'siuto

2222 2351 2406 2419 quinto
2449 2362 2637 2405 exacto
2684 2350 2734 2405 in
2778 2367 2926 2403 suam
2969 2351 3183 2404 tutelam
3218 2353 3435 2406 veniant
3464 2371 3477 2405 :
3508 2362 3715 2405 attamen
3744 2365 3770 2405 ι

2222 2456 2346 2493 vero
2378 2441 2828 2509 prorsusalicnmn
2853 2443 3077 2503 videtur,
3096 2442 3232 2495 lianc
3258 2441 3771 2511 nominisambiguita-

2225 2542 2325 2585 tem
2351 2532 2415 2586 ad
2443 2533 2616 2586 omnia
2645 2534 2756 2586 lora
2782 2574 2795 2593 ,
2825 2534 2875 2586 in
2900 2533 3090 2603 quibus
3112 2536 3289 2588 :ctatis
3310 2551 3419 2587 suae
3442 2536 3664 2590 meminit
3684 2537 3769 2587 Au-

2219 2625 2459 2692 gUstinus
2479 2663 2491 2683 .
2525 2623 2844 2685 extendere;
2875 2634 2922 2678 ct
2949 2624 3012 2677 ad
3036 2640 3156 2677 eum
3188 2628 3455 2694 pra-cipue
3483 2627 3642 2678 Ineunt
3660 2666 3672 2684 .
3695 2626 3768 2694 qui

2220 2713 2372 2765 nobis
2400 2714 2591 2782 regule
2624 2714 2787 2767 instar
2811 2730 2928 2767 esse
2954 2714 3107 2768 debet
3130 2715 3195 2768 ad
3229 2716 3371 2770 il.ius
3401 2716 3635 2785 tlaptismi
3658 2727 3765 2767 tetu~

2222 2818 2318 2871 pus
2347 2803 2679 2858 statuendum
2713 2821 2724 2854 :
2757 2802 2850 2856 Die
2878 2821 3041 2869 mmo,
3074 2806 3241 2873 inquit
3270 2806 3338 2860 de
3368 2818 3532 2861 matre
3553 2848 3566 2864 .
3592 2807 3767 2876 a'gritu-

2218 2892 2349 2945 dinis
2377 2909 2512 2957 sum,
2542 2895 2948 2963 quinquagesimo
2973 2905 3018 2948 ct
3042 2907 3180 2949 sexto
3206 2913 3345 2950 anno
3369 2900 3529 2951 (etatis
3546 2913 3674 2960 amr,
3693 2895 3764 2947 tti-

2217 2983 2402 3053 gesimo
2430 2994 2473 3035 et
2504 2985 2647 3037 tertio
2685 2985 2844 3037 a’latis
2875 3001 3027 3049 metu,
3056 2986 3228 3037 animo
3259 2987 3351 3040 illa
3389 2987 3615 3057 relidiosa
3635 2996 3675 3038 et
3696 2985 3762 3054 pia

2217 3089 2423 3140 corpore
2446 3072 2610 3126 soluta
2630 3083 2699 3126 est
2726 3072 2897 3143 (Conf.
2928 3074 3015 3127 lib.
3056 3073 3111 3139 9,
3144 3092 3263 3147 τηρ.
3301 3079 3387 3142 ll,
3416 3095 3467 3130 η.
3495 3076 3604 3147 28).
3625 3074 3762 3130 Nulla

2217 3162 2304 3218 hic
2326 3165 2603 3217 verborum
2628 3165 2895 3235 ambages.
2921 3164 3083 3220 Nemo
3111 3182 3222 3222 rem
3253 3185 3482 3240 unquam
3508 3171 3570 3222 ad
3593 3180 3757 3221 annum

2214 3256 2385 3308 :ctatis
2407 3271 2515 3309 sua:
2541 3257 2865 3326 trigesinmm
2895 3259 3105 3311 tertimu
3134 3260 3335 3323 retulit,
3360 3271 3411 3313 ut
3433 3257 3761 3330 progrediente

2217 3347 2483 3418 trigesimo
2511 3359 2731 3417 quarto,
2761 3365 2929 3419 eoque
2970 3352 3085 3419 plus
3119 3350 3338 3406 dimidia
3372 3362 3519 3421 parte
3539 3350 3639 3419 jzun
3664 3348 3757 3404 eli!—

2214 3454 2310 3509 pso
2329 3481 2343 3504 ,
2374 3440 2612 3494 evenisse
2637 3457 2753 3493 eam
2784 3438 3122 3509 signiﬁcaret.
3151 3443 3284 3509 Quis
3316 3444 3475 3497 etiam
3511 3450 3648 3512 putet
3672 3443 3757 3490 Au-

2210 3530 2510 3599 gu-tinuut,
2541 3546 2659 3585 cmn
2689 3547 2748 3585 sc
2776 3533 2896 3585 atmi
2927 3531 3096 3586 :ctatis
3135 3547 3248 3587 sua:
3295 3528 3673 3599 undetrigesinti
3697 3525 3759 3580 Ιιί-

2212 3624 2427 3676 storiam
2464 3638 2831 3692 aggressurum
2875 3624 2951 3679 sic
2991 3624 3228 3691 diceret,
3278 3624 3557 3694 Proloquar
3588 3623 3758 3674 iui-on-

2210 3726 2377 3781 spcctu
2403 3712 2492 3768 Dei
2510 3717 2605 3767 mei
2632 3732 2816 3767 iunium
2842 3717 2986 3768 illum
3019 3716 3460 3788 uudetrigcsimum
3483 3714 3633 3768 a'tutis
3659 3722 3758 3763 mea

2213 3804 2506 3875 (lcid.,lib.
2540 3807 2601 3868 5,
2633 3823 2747 3875 cap.
2780 3808 2841 3871 ὅ,
2874 3824 2923 3859 u.
2964 3808 3051 3872 5);
3086 3809 3413 3877 persuasisse
3443 3806 3573 3868 sibi,
3616 3805 3702 3855 lmc
3731 3811 3755 3850 a

2210 3898 2320 3949 suis
2354 3897 2639 3950 lectoribus
2674 3896 2739 3949 de
2774 3901 2895 3949 armi
2927 3900 3006 3950 sui
3038 3898 3298 3969 trigesitni
3341 3898 3555 3953 ltistoria
3595 3890 3757 3949 intelli-

2207 3991 2475 4057 gendum?
2512 3989 2659 4056 Quod
2690 4001 2864 4044 autem
2886 3992 3103 4056 scribit,
3133 4007 3191 4043 se
3215 3992 3425 4046 decimo
3446 3999 3591 4045 sexto
3611 3982 3755 4040 aetatis

2207 4062 2755 4150 anno'pnl.cscentem
2782 4123 2795 4139 .
2845 4082 3041 4136 libid.tti
3087 4083 3413 4153 luxuriaque
3451 4096 3626 4151 parcre
3658 4088 3753 4129 ra)-

2208 4174 2347 4242 pisse
2379 4172 2562 4244 (Ιὸἰιι.,
2585 4173 2671 4226 lib.
2701 4172 2772 4237 2,
2802 4189 2915 4244 cup.
2949 4173 2985 4227 Ξ
3005 4213 3022 4237 ,
3054 4191 3107 4226 u.
3148 4173 3245 4243 2);
3278 4172 3413 4227 haud
3450 4172 3666 4232 scimus,
3696 4178 3750 4215 an

2205 4280 2485 4332 operosum
2538 4265 2605 4318 sit
2662 4266 2911 4331 credere,
2961 4264 3148 4319 Afrum
3189 4266 3576 4322 adolescentem
3619 4261 3750 4329 igneo

2204 4356 2363 4409 animi
2390 4358 2588 4425 rigore.
2618 4356 2680 4408 ad
2714 4356 2761 4409 id
2782 4357 2890 4425 juu
2917 4357 3044 4412 Satis
3073 4358 3232 4413 fuisse
3260 4366 3414 4412 actate
3438 4360 3747 4426 provectum:

2204 4460 2501 4514 quanquam
2528 4446 2782 4510 videatur,
2812 4463 2913 4499 non
2941 4447 3202 4502 corruisse
3244 4448 3451 4517 penitus
3478 4447 3528 4500 iu
3559 4444 3745 4501 vitium.

2204 4536 2302 4589 nisi
2343 4536 2657 4605 Carthagine
2685 4536 2975 4605 (Ibid.,lib.
3004 4539 3057 4604 5,
3084 4555 3198 4611 cap.
3230 4540 3303 4611 l),
3347 4540 3447 4594 hoc
3480 4544 3588 4602 est,
3627 4542 3747 4587 anno

2201 4627 2370 4681 aetatis
2390 4643 2499 4681 suae
2527 4626 2733 4681 ἀνείπω
2760 4640 3005 4699 septimo.

2271 4722 2323 4776 '5.
2364 4722 2493 4776 Cum
2520 4722 2638 4777 dua:
2680 4724 2836 4793 igitur
2859 4725 3133 4781 sententia:
3160 4726 3210 4780 iu
3238 4734 3409 4781 lautas
3434 4720 3743 4779 difﬁcultates

2201 4811 2486 4879 incurrant,
2511 4825 2562 4869 ut
2587 4816 2675 4886 qui
2705 4832 2859 4871 unam
2885 4828 3195 4888 sequuntur,
3213 4820 3432 4876 alteram
3447 4820 3493 4871 vi
3510 4817 3739 4871 detortatn

2199 4913 2253 4958 ct
2280 4906 2495 4957 omnino
2523 4906 2920 4975 improbabilcnt
2946 4910 3276 4975 existiment;
3302 4909 3427 4963 nihil
3454 4908 3651 4961 obstare
3675 4899 3738 4953 \‘i-

2199 4993 2369 5056 detur,
2396 4996 2675 5063 quominus
2699 5007 2897 5051 stemus
2924 4999 3194 5068 Augustin
3224 5000 3396 5053 verbis
3413 5040 3428 5062 ,
3457 5007 3509 5052 et
3536 4995 3643 5065 ipso
3663 5003 3737 5043 as-

2196 5094 2404 5141 serente
2432 5103 2775 5157 agnoscamus
2804 5089 3095 5144 Monnicam
3123 5091 3262 5147 dictu
3301 5092 3525 5151 obiissc.
3552 5081 3738 5158 quando

2198 5177 2307 5244 ipse
2336 5177 2385 5231 in
2418 5179 2643 5234 Atticam
2675 5181 2914 5245 rediens,
2946 5182 3268 5239 instaurabat
3306 5198 3365 5237 se
3408 5172 3735 5251 navigationi;

2197 5284 2293 5322 nec
2322 5270 2441 5324 inde
2468 5269 2756 5326 inferamus
2784 5273 2929 5325 illum
2954 5272 3130 5327 statim
3158 5275 3225 5327 ab
3252 5274 3399 5328 obitu
3428 5270 3603 5326 matris
3629 5276 3732 5335 pcr-

2194 5360 2382 5415 t'eeisse
2410 5364 2528 5427 iter,
2562 5366 2839 5433 navimque
2865 5366 3263 5429 ceuscendisse;
3293 5382 3413 5421 cum
3453 5362 3504 5418 id
3540 5357 3733 5415 niinime

2194 5463 2411 5507 asserat.
2444 5455 2621 5525 Neque
2648 5471 2773 5511 vero
2798 5456 2985 5511 aliena:
3021 5466 3144 5512 sunt
3173 5474 3201 5511 a
3246 5452 3620 5511 narrationibus
3644 5446 3731 5498 ltu-

2187 5543 2477 5612 juscemodi
2510 5547 2756 5615 loquendi
2785 5547 3020 5603 formula:
3058 5567 3072 5602 :
3119 5548 3594 5606 Proliciscebamur.
3619 5548 3724 5593 cum

2191 5636 2290 5691 iste
2308 5637 2551 5701 advenit;
2583 5640 2891 5708 parabamus
2918 5656 3016 5697 nos
3040 5642 3233 5698 itineri.
3258 5644 3427 5712 Atque
3457 5637 3504 5694 id
3533 5631 3721 5703 quidem

2193 5728 2407 5785 videtur
2435 5731 2500 5785 ad
2538 5745 2727 5787 munus
2761 5732 3189 5808 diligentiamque
3216 5733 3445 5816 historici
3470 5736 3726 5801 speci-mh
