3948 6338
240 348 314 408 lZl

233 477 281 523 ut
313 474 556 521 omnia
582 476 669 522 re.
698 478 817 532 qurc
842 472 987 533 Capto
1021 476 1116 515 con
1149 458 1238 515 il'o
1275 476 1473 514 moram
1505 462 1711 524 attulit.

236 560 393 615 diceat
421 570 599 624 quique
638 554 863 608 subinde
897 553 1173 608 dilatutnne
1206 554 1566 609 tantummodo
1586 596 1600 614 .
1648 571 1713 610 an

237 656 417 713 οιιιιιὶηιι
442 649 722 705 dis~olntunt
750 649 911 702 consil
935 664 1015 701 um
1042 646 1211 703 fuerit.
1241 646 1343 702 Sed
1382 649 1713 717 perspicuum

238 756 310 802 cst
339 738 554 814 Augustini
598 740 916 807 propositum
953 754 1051 792 nun
1091 738 1280 804 fuisse,
1308 752 1375 793 eo
1401 754 1565 819 usque
1594 740 1713 793 vita:

238 838 327 895 sua:
349 834 564 888 historiam
590 831 639 885 ia
668 832 835 900 prima
876 828 1268 883 Cunﬁssionum
1310 843 1522 883 suarum
1564 840 1713 898 parte

236 933 457 1001 prrduccn‘.
482 944 494 980 :
523 924 616 979 hoc
646 925 783 979 ῐυιιιυ
811 923 968 976 solum
998 932 1109 977 erat
1128 922 1180 976 iu
1206 922 1404 985 animo,
1426 931 1475 974 ιιι
1504 922 1568 975 ad
1594 921 1710 976 lau-

232 1024 327 1077 dent
347 1019 487 1089 plurim
510 1016 686 1083 gratize
736 1015 825 1069 Dei
865 1016 913 1068 in
942 1014 1173 1067 omnium
1204 1024 1471 1081 aspectum
1504 1013 1709 1083 profer-

227 1124 290 1167 ret
322 1125 419 1164 suos
442 1108 587 1177 ipsius
634 1121 809 1160 mores
839 1104 905 1157 ab
938 1103 1148 1158 infantia
1202 1102 1268 1157 ad
1306 1105 1706 1160 cmtversimtem

220 1219 335 1256 suam
356 1214 394 1253 et
416 1199 717 1268 [baptismum
744 1212 877 1266 :qno
903 1197 958 1249 lit
981 1205 1038 1249 ιιι
1065 1206 1270 1249 narrata
1300 1196 1484 1249 matris
1513 1206 1703 1263 morte,

210 1312 261 1350 ne
286 1292 468 1348 verbum
488 1290 690 1360 quidem
718 1289 784 1343 de
810 1303 905 1340 suo
932 1286 1150 1340 Romam
1179 1286 1348 1340 reditu
1373 1285 1554 1349 faciat;
1586 1286 1707 1341 licet

202 1402 297 1437 enm
328 1380 598 1451 aliquandiu
648 1380 829 1434 Ronue
878 1378 1203 1435 substitisse.
1248 1387 1300 1432 et
1351 1377 1550 1447 aliquot
1600 1377 1707 1432 illic

195 1476 425 1544 scripsisse
448 1475 601 1529 libros
630 1474 682 1526 in
710 1471 950 1527 euufcsso
988 1472 1057 1524 sit
1098 1468 1343 1537 (Περι-πει.
1382 1471 1467 1523 lib.
1505 1471 1554 1527 l.
1585 1488 1701 1541 cap.

195 1568 297 1632 7-9).
324 1565 472 1633 Quid.
496 1563 631 1633 quod
664 1579 759 1617 nos
789 1564 899 1630 ipse
918 1562 1167 1615 admonet
1187 1602 1202 1624 ,
1232 1576 1289 1614 se
1316 1562 1533 1614 multum
1558 1560 1703 1615 festi-

192 1667 367 1711 nantem
390 1655 535 1707 multa
564 1654 777 1708 silentio
800 1655 1070 1721 pra-terirc
1097 1650 1269 1721 (Conf.
1295 1650 1381 1703 lib.
1410 1650 1463 1705 9.
1487 1667 1598 1720 cap.
1631 1651 1665 1705 8
1684 1692 1698 1716 ,

187 1768 229 1803 ιι.
252 1749 357 1811 l7)?
380 1748 490 1816 Ejus
514 1748 672 1816 igitur
690 1747 863 1801 verbis
887 1745 1183 1799 nullatenus
1204 1744 1560 1801 adversamur.
1580 1759 1700 1797 cum

184 1856 281 1893 cum
304 1850 485 1893 mortua
505 1850 672 1893 matre
694 1837 969 1891 consilium
997 1836 1047 1889 in
1067 1833 1295 1889 Africam
1314 1836 1581 1890 remeandi
1598 1835 1702 1889 dis-

184 1932 431 1993 tttIiSSc,et
480 1940 685 1998 postero
722 1929 896 1980 solum
951 1943 1089 1980 anno
1130 1925 1411 1995 perfecisse
1453 1925 1696 1981 dicimus.

184 2020 350 2087 Quibus
365 2035 502 2088 porro
521 2020 583 2073 de
605 2018 781 2074 musis
804 2017 1063 2071 distulerit
1090 2018 1231 2085 (qua!
1260 2016 1437 2069 ιιιιιΙιςι⁸
1464 2030 1581 2070 esse
1608 2032 1699 2084 po—

186 2109 413 2177 tuerunt).
452 2124 538 2164 nos
582 2109 742 2170 latet;
773 2108 925 2162 nobis
950 2124 1068 2160 cmn
1100 2106 1331 2175 potuisse
1355 2105 1563 2160 dill‘errc
1591 2106 1700 2158 suf-

180 2200 597 2268 licit:quauquam
636 2199 948 2254 dilationem
994 2207 1049 2251 et
1092 2214 1295 2251 momm
1346 2197 1443 2265 ipsi
1481 2197 1694 2251 allatam

175 2296 445 2348 essesnatlel
470 2297 598 2349 ratio
622 2311 730 2348 non
758 2295 907 2349 levis.
938 2292 1129 2347 Scribit
1156 2291 1296 2345 enim
1328 2304 1413 2347 se.
1440 2304 1559 2343 cum
1585 2304 1695 2342 ma.

175 2387 305 2439 tcriu
331 2389 549 2441 morbum
593 2387 815 2450 incidit,
861 2387 1021 2441 Ostiae.
1067 2385 1255 2449 fuisse,
1285 2382 1374 2436 ubi
1406 2394 1520 2451 post
1555 2383 1692 2451 longi

174 2477 339 2531 itineris
371 2478 587 2533 laborem
620 2480 759 2533 vires
793 2477 1059 2531 reficiebat
1090 2476 1392 2544 priusquam
1426 2474 1476 2527 in
1505 2490 1691 2528 navem

169 2569 494 2623 marenderet
533 2588 543 2621 :
592 2567 1007 2622 Instaurabanms
1045 2582 1163 2625 nos,
1232 2566 1337 2623 ait,
1392 2565 1694 2634 narigationi

170 2653 449 2726 (lbid.,cap.
484 2659 567 2720 10.
597 2676 650 2712 ιι.
674 2659 767 2727 23)
815 2658 973 2725 Igitur
1007 2656 1071 2710 ad
1104 2656 1246 2709 Ostia
1289 2655 1531 2709 Tiberina
1557 2672 1689 2710 con-

169 2745 399 2813 quiescens
418 2790 430 2810 ,
468 2749 677 2804 itineris
707 2748 883 2800 labore
902 2788 914 2807 ,
959 2761 1115 2815 quem
1159 2744 1450 2799 Mediolano
1481 2746 1690 2799 redit-us

174 2835 866 2910 illlt‘htt'ml,5tlpt‘l’srdult:tl.
891 2839 967 2892 Ac
993 2840 1069 2891 sic
1107 2837 1341 2907 profecto
1368 2837 1546 2891 Itonia:
1584 2852 1686 2892 non

173 2933 339 2981 tantum
362 2931 596 3000 temporis
628 2937 987 2985 commoratus
1011 2938 1152 2989 erat,
1178 2937 1429 2997 quantum
1460 2937 1540 2981 sat
1570 2943 1689 2983 csse

168 3028 312 3085 [esset
342 3020 398 3073 ad
436 3031 467 3076 tt
482 3022 529 3076 ia
578 3022 693 3076 sive
721 3032 946 3091 quatuor
987 3021 1272 3088 opuscula,
1302 3036 1419 3089 qua:
1460 3019 1529 3073 ibi
1573 3028 1689 3089 post

169 3106 438 3179 Baptisantm
457 3113 642 3175 edidit,
675 3111 1055 3167 conscribenda
1077 3110 1322 3181 (llelract.
1352 3110 1439 3164 lib.
1478 3112 1496 3165 Ι
1524 3152 1540 3176 ,
1570 3128 1683 3181 cap.

169 3196 275 3270 7-9).
301 3198 613 3273 Quapropter
639 3206 755 3271 ejus
783 3203 834 3256 in
869 3201 1008 3257 Urbe
1034 3202 1381 3255 commoratio
1407 3218 1510 3255 tton
1539 3213 1682 3269 ante,

167 3287 238 3340 scd
262 3301 360 3358 post
382 3292 582 3348 obitum
616 3292 803 3346 matris
827 3290 1130 3363 "ponenda
1169 3300 1283 3351 est;
1322 3300 1375 3346 ct
1418 3291 1683 3346 latendum

165 3377 380 3447 quidpiam
418 3383 466 3437 ei
516 3382 677 3437 fuisse
722 3382 1126 3452 impedimento,
1155 3381 1434 3449 quominus
1462 3382 1510 3434 in
1543 3381 1683 3436 Afri-

170 3482 262 3521 cam
283 3480 368 3527 tatu
403 3476 511 3531 cito
540 3484 821 3528 remearet.
857 3472 921 3526 Et
956 3464 1081 3525 vero
1121 3486 1221 3525 non
1269 3470 1685 3541 improbabiliter

169 3556 249 3613 dici
273 3573 445 3631 posset,
480 3564 775 3618 Mounicam
810 3562 911 3616 sub
937 3562 1139 3616 initiutn
1169 3561 1473 3615 novembris
1508 3576 1539 3616 e
1576 3562 1680 3617 vita

168 3649 393 3720 migrat-sc.
415 3672 513 3727 per
531 3655 647 3724 ejus
676 3654 877 3708 obitum
902 3653 1219 3707 destinatam
1242 3652 1580 3722 profectionis
1598 3669 1681 3711 oc-

165 3744 377 3801 casionem
404 3749 698 3819 Augustino
724 3747 985 3802 excidisse
1002 3790 1017 3809 ,
1046 3746 1243 3800 nullam
1264 3746 1455 3801 deinde
1479 3763 1678 3817 oppor-

166 3840 302 3890 tunam
327 3840 518 3909 reliqno
542 3855 685 3893 anno
730 3854 791 3892 se
834 3838 1121 3901 obtulisse;
1164 3847 1254 3891 aut
1292 3854 1411 3891 eum
1443 3838 1551 3908 jam
1581 3839 1678 3893 ad—

166 3936 280 3977 Versu
300 3935 519 3999 tempore
541 3944 603 3982 ac
628 3927 821 3984 infesto
846 3927 976 3982 mari
1003 3928 1246 3999 navigare
1268 3928 1498 3983 noluisse
1520 3946 1534 3993 ;
1564 3938 1679 3983 tan-

168 4016 389 4076 dcmantzo
421 4023 656 4091 sequenti
696 4020 1008 4091 quibusdam
1051 4020 1117 4075 de
1152 4020 1325 4074 Cattsis
1352 4035 1473 4075 eum
1500 4020 1677 4076 adhuc

163 4104 430 4167 adolescent
463 4124 741 4183 augustum
786 4110 965 4165 [tenue
995 4110 1155 4165 fuisse
1190 4110 1477 4166 detentum.
1511 4111 1675 4167 Porro

164 4198 483 4267 Wio'ationcm
532 4222 560 4256 a
618 4203 775 4257 tertio
826 4202 944 4256 idus
985 4202 1287 4257 novembris
1335 4204 1672 4259 interclusam

165 4282 289 4345 fuisse
306 4292 509 4363 legimus
532 4311 545 4346 :
571 4303 626 4348 et
664 4292 777 4362 ipse
801 4292 1081 4347 Gratianus
1106 4292 1269 4347 edixit
1292 4308 1434 4346 anno
1462 4303 1672 4348 trecen-

165 4378 309 4436 ICSimo
322 4385 651 4455 octogesimo,
679 4394 733 4437 ut
754 4398 933 4448 naves,
962 4399 1080 4454 quzr.
1100 4383 1417 4437 frumentum
1449 4382 1671 4439 Ruinam

163 4472 467 4542 advehebant,
496 4496 600 4532 non
626 4478 760 4531 ttltra
785 4476 903 4531 idus
930 4475 1434 4547 octobrisdeiuccps
1458 4492 1489 4529 ο
1521 4487 1672 4544 portu

166 4560 432 4622 solverentur
445 4566 588 4639 (Cod.
615 4566 808 4621 Theod.
833 4564 970 4636 Gotf.
988 4576 1107 4620 tom.
1126 4566 1180 4632 5,
1203 4583 1349 4637 pagg.
1376 4566 1497 4631 107,
1524 4566 1666 4639 108).

170 4648 261 4723 Ipsa
279 4656 413 4712 etiam
437 4660 685 4729 temporis
727 4658 947 4713 historia
972 4657 1303 4712 commodam
1330 4658 1459 4714 satis
1484 4658 1669 4729 conje-

162 4751 325 4801 cturam
345 4748 479 4805 nobis
499 4749 833 4821 suppeditat,
856 4764 919 4803 ex
944 4764 1044 4819 qua
1068 4748 1317 4818 colligere
1336 4749 1519 4813 liceat,
1541 4750 1668 4820 quid

161 4833 446 4909 Αιεηειίιιιιιιι
467 4840 652 4900 Rema:
680 4843 746 4897 ad
774 4857 956 4898 necem
988 4857 1153 4912 usque
1177 4841 1385 4895 Maximi
1414 4842 1669 4898 distinere

158 4932 349 4992 Merit.
373 4934 479 4992 Hoc
497 4937 613 5007 ipso
632 4936 775 4989 enim
797 4949 936 4988 anno
956 4933 1326 4988 trecentesimo
1344 4933 1667 5003 octogesimo

160 5022 332 5090 "ptine
355 5036 599 5099 tyrannus
626 5028 714 5082 ille
735 5028 876 5080 circa
906 5040 1142 5079 mensem
1172 5032 1447 5093 augustum
1479 5024 1668 5093 irrupit

160 5108 406 5183 ama,
431 5126 486 5174 et
521 5118 675 5189 pulso
694 5132 759 5171 es
780 5131 843 5170 ca
872 5114 1235 5169 Valentiniano
1254 5154 1269 5178 ,
1310 5113 1537 5169 Africam
1570 5129 1663 5183 pa-

159 5197 554 5277 fihfoccumvit,
584 5216 719 5263 teste
747 5206 953 5260 Pacato.
982 5205 1124 5260 Fieri
1148 5220 1275 5275 ergo
1294 5204 1445 5259 facile
1474 5205 1659 5273 potuit,

162 5296 200 5341 πι
216 5292 499 5365 Augustinus
517 5296 586 5353 de
610 5296 695 5351 his
721 5296 915 5351 certior
940 5293 1133 5360 factus,
1160 5308 1279 5348 cum
1309 5295 1373 5347 ad
1399 5293 1543 5349 Osua
1570 5293 1661 5347 Ti-

163 5376 293 5439 berina
316 5398 519 5459 promer
544 5388 751 5444 obitum
780 5388 960 5441 matris
984 5386 1326 5448 detineretur,
1355 5395 1555 5441 mutato
1573 5402 1662 5440 su-

160 5465 517 5547 Εὴωιιιὶιὶο,
542 5480 702 5550 hujus
730 5479 982 5533 tumultus
1011 5479 1209 5534 exitum
1230 5478 1456 5547 opperiri
1478 5477 1660 5532 Romae

162 5566 369 5633 iuuit,
390 5569 476 5625 ubi
499 5585 530 5623 ι
558 5569 732 5625 civilis
759 5568 881 5624 belli
907 5568 1143 5623 cladibus
1168 5570 1347 5633 tutior,
1378 5581 1533 5637 quam
1561 5566 1660 5622 Ta-

160 5660 300 5725 με,
319 5658 497 5734 degere
534 5669 767 5733 poterat.
789 5659 919 5716 Hinc
946 5662 1103 5725 satis,
1131 5660 1429 5731 opinamur,
1459 5661 1659 5731 perspi-

160 5751 273 5803 ιη
293 5752 580 5811 stantiam
606 5752 834 5811 subesse
854 5766 1063 5810 causam
1080 5793 1094 5820 ,
1119 5767 1239 5824 quae
1258 5751 1435 5821 exigat
1459 5761 1516 5805 ut
1542 5753 1651 5808 Au-

1474 344 1673 403 ΜΒεῆ
1711 346 2086 407 SECUNDUS.

3298 365 3399 425 ιιι

1822 462 2015 532 gustini
2059 472 2113 519 et
2163 464 2385 521 Possidii
2424 468 2583 524 verba
2629 472 3034 546 detorqueamns
3075 492 3104 531 a
3141 494 3397 550 germano

1820 564 1979 606 sensu
2010 571 2023 607 :
2053 554 2179 619 quin
2221 556 2378 612 etiam
2419 558 2622 629 aliquot
2649 578 2750 617 non
2774 565 2961 621 deesse
2985 569 3215 624 rationes
3234 611 3252 637 ,
3276 588 3394 643 qum

1821 655 1920 696 nos
1943 656 1971 695 a
2001 655 2318 714 praepostera
2361 646 2454 702 illa
2491 647 2923 719 interpretatione
2965 670 3229 715 revocent.
3258 662 3389 718 Nam

1818 731 1862 787 si
1906 735 2302 791 conversionem
2351 740 2624 807 Augustini
2663 743 2938 799 referimus
2966 747 3016 800 in
3042 763 3236 805 annum
3283 762 3388 807 tre-

1816 826 2162 881 centesimum
2201 831 2579 900 octogesimum
2607 834 2886 902 septimum
2911 879 2925 896 .
2948 838 3121 894 dicere
3140 857 3390 913 cogemur

1816 931 1937 970 eum
1968 932 2063 972 suo
2088 918 2138 972 in
2164 934 2375 975 secessu
2405 923 2511 976 ruri
2544 940 2708 991 prope
2733 925 3081 984 Mediolanum
3122 931 3384 992 habitasse

1816 1004 1905 1060 illo
1934 1007 2049 1076 ipso
2089 1019 2324 1079 tempore
2345 1052 2359 1073 ,
2388 1027 2493 1082 quo
2518 1013 2810 1081 Maximus,
2839 1028 2895 1072 ut
2933 1031 3139 1075 constat
3162 1039 3225 1077 ex
3253 1035 3384 1080 tem-

1814 1099 1956 1167 puris
1982 1100 2119 1155 illius
2148 1102 2361 1157 historia
2380 1144 2397 1169 ,
2418 1116 2658 1162 cunctam
2683 1108 2879 1163 italiam
2904 1110 3176 1166 iuvadebat
3194 1156 3208 1178 ,
3232 1125 3284 1169 ct
3317 1133 3379 1173 ex

1811 1203 1871 1243 ea
1888 1188 2305 1247 Valentinianum
2321 1197 2630 1264 cspellebat,
2651 1199 2749 1253 llOC
2764 1210 2843 1253 cst
2867 1200 2919 1256 in
2934 1203 3106 1256 medio
3125 1203 3244 1259 belli
3269 1215 3380 1261 tur-

1812 1278 1960 1342 hinc,
1986 1281 2075 1350 qui
2107 1297 2210 1336 non
2243 1284 2521 1339 immanius
2548 1287 2667 1340 alibi
2688 1329 2702 1349 ,
2733 1304 2888 1358 quam
2926 1291 2976 1344 ιιι
3008 1291 3380 1351 Mediolauensi

1811 1376 1973 1424 tractu
2005 1372 2260 1427 fremebat
2286 1390 2299 1427 :
2328 1374 2521 1444 quippe
2561 1391 2681 1432 cum
2718 1378 3021 1446 Imperatori
3052 1380 3377 1439 domicilium

1807 1473 1870 1513 ac
1895 1460 2073 1515 sedem
2095 1463 2329 1533 praebere
2350 1465 2699 1521 Mediolanum
2720 1470 2939 1525 soleret.
2969 1472 3085 1540 Quo
3112 1473 3167 1527 lit
3188 1517 3201 1537 ,
3230 1485 3285 1529 ut
3312 1493 3375 1533 ex

1807 1550 2069 1606 Ambrosii
2098 1555 2272 1609 verbis
2298 1556 2468 1624 colligi
2503 1558 2756 1613 llarouius
2794 1561 3097 1628 arbitretur,
3125 1565 3375 1621 Mediola-

1808 1655 1999 1696 neuses
2021 1643 2165 1698 cives
2195 1653 2319 1701 lllllc
2339 1646 2406 1701 de
2430 1646 2548 1717 fuga
2572 1650 2834 1718 cogitasse
2854 1649 3156 1721 (Baronius,
3192 1656 3261 1709 ad
3283 1673 3377 1711 an-

1804 1747 1939 1785 num.
1964 1734 2087 1796 387,
2111 1752 2161 1789 ιι.
2191 1736 2303 1808 62).

1875 1826 1928 1880 4.
1969 1825 2103 1882 Cum
2140 1830 2461 1900 Augustinus
2516 1830 2840 1902 Baptistnum
2883 1837 3150 1906 suscepit,
3194 1851 3365 1895 annus

1802 1914 2173 1975 intercesserat
2203 1931 2295 1976 aut
2320 1922 2567 1993 amplius,
2594 1941 2658 1979 ex
2693 1941 2799 1995 quo
2828 1927 3156 1985 Psaltuurnm
3189 1932 3240 1986 in
3277 1948 3367 1988 ec-

1799 2007 1957 2061 clesia
1986 2008 2357 2066 Mediolani-nsi
2389 2013 2677 2069 mmlulatio
2703 2027 2970 2085 coeperat;
3017 2036 3136 2075 cum
3180 2022 3365 2077 videli-

1798 2105 1883 2150 cet
1906 2095 2111 2151 Justina
2136 2098 2484 2156 Valentiniani
2517 2106 2654 2173 regis
2695 2107 2841 2174 pueri
2864 2119 3032 2163 mater
3049 2110 3117 2165 ab
3156 2112 3366 2169 Arianis

1798 2187 2015 2242 seducta
2090 2205 2494 2260 permitteretur
2556 2194 2891 2251 Ambrosium
2942 2198 2963 2269 (
2987 2202 3366 2269 (ἐοιιιινιδὶοιιιιιιι

1798 2276 1888 2330 lib.
1918 2279 1973 2340 9.
2001 2294 2115 2342 cap.
2151 2281 2203 2333 7.
2233 2298 2285 2334 ιι.
2322 2282 2439 2352 l5).
2468 2282 2617 2337 [Inde
2642 2284 2897 2339 Baronins
2919 2288 3071 2344 infert
3101 2291 3243 2347 illum
3268 2294 3363 2347 ba-

1797 2368 2044 2437 ptizatum
2073 2370 2233 2425 fuisse
2260 2386 2399 2429 anno
2429 2384 2549 2441 post
2592 2375 2828 2431 sedatam
2859 2377 2993 2430 hanc.
3023 2384 3355 2450 persecutio-

1796 2473 1917 2512 nem
1945 2460 2185 2528 proximo
2214 2459 2497 2532 (Baronius
2520 2506 2535 2527 ,
2563 2464 2631 2517 ad
2667 2482 2854 2519 annuat
2891 2468 3025 2533 588,
3052 2488 3104 2523 ιι.
3136 2471 3203 2525 Ἠ
3225 2473 3261 2541 ).
3292 2473 3359 2527 Et

1798 2559 1940 2606 recte
1982 2552 2212 2621 quidem,
2264 2564 2319 2609 ιιι
2366 2555 2688 2626 Bapti~ntum
2727 2560 3000 2628 Augustini
3048 2579 3363 2632 reponimus

1792 2657 1933 2697 anno
1954 2646 2320 2701 lfCCCLlcsilllo
2333 2652 2656 2719 cezugesiuto
2670 2662 2915 2719 septuno,
2934 2655 2977 2707 si
2997 2656 3152 2709 ιιιοιΙ.»
3176 2656 3364 2713 δηϊιιιο

1798 2735 2063 2790 Ambrosii
2111 2738 2178 2793 de
2227 2739 2464 2796 Basilicis
2503 2758 2606 2795 non
2655 2744 2924 2799 tradendis
2963 2747 3167 2801 habitus
3205 2751 3363 2805 fuerit

1794 2828 2060 2884 DentiuiCa
2093 2830 2407 2896 l’almarnm,
2439 2849 2555 2903 qtae
2582 2850 2722 2888 anno
2751 2839 3121 2891 trecentesimo
3150 2851 3357 2911 octoge-

1790 2918 1929 2974 simo
1960 2929 2109 2975 sexto
2152 2922 2410 2977 incidebat
2444 2925 2494 2977 in
2541 2924 2781 2981 ultimum
2825 2927 2965 2981 diem
3007 2930 3197 2983 martii.
3225 2931 3357 2987 Nam

1789 3012 1887 3065 sub
1912 3012 1963 3066 id
1992 3023 2217 3083 tempus,
2246 3030 2351 3083 quo
2378 3032 2554 3070 sermo
2582 3016 2666 3071 ltic
2693 3018 2903 3072 habitus
2930 3035 3029 3086 e5t,
3057 3033 3145 3075 aut
3178 3025 3357 3091 paucis

1790 3113 1914 3159 ante
1964 3106 2173 3171 diebus,
2225 3108 2451 3179 populus
2490 3109 2641 3163 ML‘dlt
2665 3110 2895 3165 lanensis
2933 3114 3159 3178 |Ntltlt0s
3197 3117 3359 3185 cmpit

1789 3196 2089 3251 concinere.
2121 3195 2210 3253 Sic
2248 3214 2375 3269 ergo
2415 3198 2542 3255 dum
2589 3202 2911 3271 Augustinus
2944 3202 3233 3273 baptizatus
3274 3213 3359 3261 est

1788 3295 1976 3340 octavo
1999 3286 2250 3343 kalendas
2282 3290 2404 3343 maii
2445 3306 2591 3345 anno
2620 3294 2989 3349 trecentesimo
3032 3297 3355 3367 oetogesimo

1795 3377 2041 3445 septimo,
2070 3393 2239 3432 annus
2272 3388 2327 3432 et
2367 3382 2565 3435 mensis
2589 3382 2803 3439 circiter
2831 3383 3218 3440 intercesserat.
3254 3388 3354 3442 Ist-

1786 3465 1899 3520 lucc
1933 3469 2308 3537 persccutioois
2338 3470 2388 3524 itt
2420 3472 2753 3526 Ambrosium
2798 3476 3072 3529 cancitate
3111 3475 3345 3531 chrono-

1783 3557 1919 3627 logia
1955 3561 2255 3615 conlirmari
2285 3571 2458 3631 potest
2486 3578 2549 3616 ex
2582 3563 2714 3633 lege,
2752 3580 2909 3633 quam
2935 3564 2999 3620 ,ιιι
3022 3567 3138 3620 tina
3161 3576 3343 3621 cuutra

1783 3650 2110 3705 orthodoxos
2126 3652 2397 3706 ferendam
2419 3655 2617 3706 curavit
2649 3671 2743 3724 pro
2758 3655 2974 3725 Synodo
3001 3658 3345 3724 Ariminensi,

1782 3738 1905 3793 data
1951 3740 2265 3795 duodecimo
2304 3742 2554 3796 kalendas
2593 3743 2862 3810 februarii,
2905 3761 3045 3800 anno
3086 3757 3349 3803 trecente-

1780 3830 1917 3883 simo
1969 3833 2294 3900 octogesimo
2340 3843 2511 3887 sexto.
2570 3833 2703 3889 Nam
2761 3835 2811 3889 in
2874 3836 3096 3906 cpistola
3143 3838 3348 3895 decima

1778 3931 1964 3993 quarta
1992 3922 2279 3987 Atnbrosii,
2327 3922 2394 3977 ad
2438 3924 2792 3978 Marce-linunt
2835 3941 3093 3990 suroretn,
3136 3944 3251 3995 qua:
3278 3928 3347 3983 ad

1780 4014 2005 4081 primum
2035 4016 2414 4083 persecutionis
2440 4031 2635 4069 annum
2667 4015 2915 4085 (bietutio
2956 4017 3096 4069 enim
3124 4017 3210 4070 illa
3240 4018 3338 4072 de-

1777 4106 1978 4174 saeviit)
2009 4106 2215 4160 videtur
2255 4115 2494 4175 Spectare
2518 4146 2531 4169 ,
2565 4124 2630 4161 ne
2659 4109 2875 4162 verbum
2915 4107 3128 4177 quidem
3174 4119 3348 4165 exstat

1778 4197 1918 4252 illius
1957 4198 2108 4268 legis.
2154 4198 2349 4251 Contra
2376 4214 2501 4253 vero
2531 4198 2777 4268 frequens
2804 4200 2919 4269 ejus
2950 4200 3172 4256 habetur
3196 4219 3345 4257 tuen-

1782 4289 1855 4342 tio
1886 4289 1936 4342 in
1968 4288 2227 4343 Sermone
2251 4288 2316 4344 de
2347 4288 2580 4344 Basilicis
2610 4305 2713 4343 nun
2756 4289 3052 4353 tradendis,
3084 4291 3171 4360 qui
3203 4291 3341 4345 haud

1774 4378 1933 4434 dubie
1974 4380 2037 4433 ad
2091 4380 2315 4434 alterum
2363 4397 2557 4434 annum
2611 4381 2857 4451 pertinet.
2926 4381 3220 4435 Verisimile
3258 4391 3343 4436 est

1777 4470 1935 4539 igitur
1957 4470 2092 4524 hanc
2123 4472 2291 4541 legem
2313 4472 2487 4525 adulta
2512 4472 2877 4542 persecutione
2892 4472 3164 4527 sancitum.
3188 4474 3339 4540 Quod

1775 4562 1818 4614 si
1847 4562 1915 4614 ita
1953 4562 2039 4625 sit,
2069 4561 2362 4616 inchoanda
2387 4572 2470 4616 est
2510 4563 2594 4617 illa
2625 4562 2924 4615 necessario
2965 4579 3104 4617 ιιιιιιιι
3134 4573 3341 4621 ιιυοιιιιο

1778 4651 1963 4705 tesimo
1989 4653 2310 4717 octogesimo
2329 4652 2534 4721 quinto,
2554 4661 2609 4707 et
2634 4653 2960 4708 terminauda
2981 4670 3121 4710 anno
3140 4667 3339 4713 trecen-

1775 4742 1963 4797 tesimo
1991 4744 2320 4813 octogesimo
2344 4753 2514 4799 sexto.
2544 4748 2715 4815 Atque
2741 4746 2876 4801 adeo
2901 4747 3203 4819 Baptismus
3230 4755 3340 4807 Au-

1779 4834 1973 4903 gustini
2003 4834 2336 4905 reponendus
2357 4852 2497 4891 anno
2518 4845 2554 4891 ιι
2567 4838 2890 4893 eeentcsimo
2910 4842 3232 4911 octogesimo
3258 4859 3342 4900 se-

1772 4927 1953 4996 ptimo.
1982 4926 2168 4997 Opera:
2198 4930 2423 4998 pretium
2449 4940 2531 4985 est
2560 4933 2754 5001 pariter
2782 4933 3087 5001 observare,
3120 4935 3344 4992 Justiua:

1772 5022 2193 5088 persecutionem
2221 5020 2393 5076 adhuc
2440 5024 2686 5093 viguisse.
2728 5024 2852 5078 dum
2886 5038 3175 5098 martyrum
3210 5027 3337 5082 l’roo

1770 5111 1884 5165 tasii
1938 5119 1992 5165 et
2032 5110 2268 5165 Gervasii
2320 5127 2541 5181 corpora
2594 5114 2805 5168 inventa
2852 5127 3012 5177 sunt,
3068 5116 3167 5171 hoc
3218 5127 3334 5185 est,

1766 5213 1992 5259 exeunte
2005 5204 2173 5273 junio.
2194 5202 2325 5259 Cum
2343 5206 2482 5259 enint
2503 5216 2708 5261 constet
2729 5222 2791 5259 ex
2814 5208 3107 5279 Augustino
3128 5210 3145 5274 (
3166 5210 3335 5263 Serm.

1764 5296 1888 5359 386,
1919 5312 1971 5348 ιι.
1998 5296 2054 5364 Ai)
2086 5295 2239 5365 hujus
2261 5297 2615 5351 translationis
2638 5299 3021 5354 solemnitatem
3049 5342 3060 5361 ,
3092 5317 3210 5371 qua:
3239 5302 3337 5356 hac

1766 5385 1876 5453 ipsa
1898 5385 1984 5439 die
2013 5386 2062 5439 in
2085 5386 2245 5439 veteri
2285 5385 2713 5455 Carthagincnsis
2746 5387 2994 5445 Em-lesia:
3021 5390 3334 5444 Kalendario

1764 5483 2119 5547 memoratur(
2141 5475 2483 5542 Mabillonius,
2502 5480 2765 5532 Annalium
2784 5491 2914 5533 (omo
2935 5482 2985 5537 5.
3008 5498 3124 5550 pag.
3150 5481 3284 5548 598)
3313 5521 3331 5545 ,

1766 5569 1819 5623 in
1852 5569 2029 5622 Africa
2061 5566 2221 5622 fuisse
2250 5568 2591 5632 celebratam,
2620 5584 2717 5624 nec
2742 5570 2951 5623 aliunde
2977 5554 3188 5623 sanctos
3214 5570 3331 5624 illos

1763 5669 2021 5731 martyres
2061 5669 2184 5714 tunc
2222 5660 2476 5730 temporis
2517 5661 2843 5724 innotuisse;
2889 5659 3172 5714 verisimile
3214 5676 3329 5715 om-

1771 5752 1897 5805 nino
1918 5758 2021 5815 est,
2041 5750 2305 5806 decimum
2338 5766 2527 5804 nonum
2565 5750 2701 5817 juuii
2727 5748 2885 5809 diem,
2935 5746 3017 5817 qui
3045 5762 3193 5805 Sacer
3224 5749 3327 5809 illis
