3948 6454
542 514 644 608 est,
677 532 820 598 diem
859 554 979 598 esse
1008 537 1366 596 translationis
1393 533 1727 602 eorumdem.
1765 521 1946 598 Itaque
1991 519 2115 578 hinc

540 636 916 708 consequitur,
957 633 1182 691 Justina:
1217 629 1648 707 persecutionem
1679 641 1784 696 non
1827 621 2112 694 quievisse,

540 709 639 792 nisi
659 728 760 784 sub
789 727 945 783 linem
969 726 1107 800 juuii
1136 723 1276 780 illius
1299 722 1421 777 anni
1446 762 1460 784 ,
1493 720 1580 791 qui
1613 717 1890 788 Augustini
1930 713 2112 784 Bapti-

538 837 707 882 smum
719 818 1014 891 praecessit.
1033 817 1156 871 llaec
1168 815 1346 871 omnia
1363 812 1561 886 optime
1583 811 1799 868 interse
1822 807 2112 873 cohmrent,

537 893 582 972 si
631 913 746 982 ejus
782 911 1105 980 Baptismum
1143 922 1293 964 anno
1352 903 1731 962 trecentesimo
1787 902 2113 974 octogesimo

538 1005 786 1076 septimo,
807 1001 1286 1059 etconversionem
1305 1012 1454 1054 anno
1493 994 1870 1052 trecentesimo
1900 1001 2115 1061 octoge-

536 1094 674 1148 simo
696 1102 851 1148 sexto
873 1092 1180 1164 reponimus
1212 1109 1226 1146 :
1252 1089 1353 1146 sed
1378 1090 1430 1145 in
1461 1087 1730 1146 difﬁcilem
1752 1085 1951 1144 nodum
1981 1082 2112 1140 inci-

535 1165 748 1249 demus,
775 1185 820 1239 si
845 1185 959 1253 ejus
985 1183 1394 1240 conversionem
1428 1197 1568 1237 anno
1603 1180 1977 1237 trecentesimo
2019 1193 2109 1232 oc-

536 1275 793 1351 togesimo
829 1276 1055 1346 septimo
1087 1282 1406 1330 statuamus.
1447 1273 1533 1330 Eo
1573 1272 1713 1326 enim
1759 1285 1902 1325 anno
1940 1268 2105 1324 Maxi-

535 1381 678 1420 mum
709 1366 759 1419 in
787 1363 987 1420 Italiam
1014 1365 1266 1435 irrupisse
1293 1372 1498 1420 certum
1544 1372 1646 1429 est,
1671 1372 1725 1416 et
1762 1361 2027 1417 neminem
2055 1362 2106 1416 in

533 1457 748 1530 dubium
777 1473 1026 1514 revocare
1054 1458 1422 1522 existimamus
1442 1496 1460 1522 ,
1488 1457 1614 1526 quin
1662 1454 1972 1510 Ambrosius
2013 1454 2108 1510 da—

534 1559 638 1609 tam
664 1552 765 1608 sibi
783 1567 820 1606 ~tt
854 1551 1556 1621 Valentinianolegationem
1595 1548 1663 1604 ad
1706 1549 1992 1604 Maximum
2016 1562 2105 1602 se-

535 1642 763 1706 cundam
801 1643 962 1714 paulo
1001 1651 1126 1700 ante
1149 1643 1392 1698 obiuerit.
1419 1642 1502 1696 Ex
1536 1641 1702 1710 ipsius
1729 1638 1994 1694 Ambrosii
2023 1653 2108 1692 re-

541 1734 737 1788 latione
765 1743 927 1804 patet,
960 1734 1241 1788 Maximum
1286 1732 1522 1788 Treviris
1563 1741 1687 1785 tunc
1730 1729 2006 1800 degentem
2047 1743 2108 1784 se

531 1825 600 1884 ad
631 1825 824 1890 bellum
842 1840 1190 1891 comparasse
1215 1842 1228 1878 :
1262 1832 1317 1878 et
1333 1823 1483 1892 juxta
1495 1820 1797 1889 Zosimuni,
1819 1819 2108 1886 Domninus

533 1925 650 1987 post
680 1918 1015 1986 Ambrosium
1037 1934 1066 1972 a
1096 1917 1466 1983 Valentiniano
1494 1914 1562 1970 ad
1601 1915 1884 1974 Maximum
1906 1914 2108 1981 legatus

530 2016 612 2066 cst
629 2007 919 2078 (luimus,
949 2007 1143 2079 no.4).
1167 2008 1482 2072 llaecnutem
1510 2007 1690 2062 omnia
1721 2014 1839 2074 post
1867 2018 2106 2058 mensem

529 2099 732 2168 iunium
757 2115 1054 2170 reponere,
1087 2115 1192 2154 non
1218 2108 1301 2155 est
1333 2098 1468 2160 adeo
1494 2097 1648 2152 facile
1666 2104 1734 2156 eet
1777 2096 2104 2165 expeditum.

532 2189 748 2258 Accedit
776 2190 925 2256 illud,
949 2189 1091 2260 quod
1109 2190 1260 2258 juxta
1289 2189 1430 2250 hunc
1449 2189 1734 2253 calculum,
1763 2188 2054 2256 Augustam
2073 2201 2104 2238 a

531 2278 769 2335 vexando
793 2279 1077 2344 Ambrosio
1095 2294 1208 2334 non
1233 2287 1360 2334 ante
1383 2277 1658 2334 destitisse
1685 2285 2103 2346 Oportet,.quam

530 2385 648 2426 cum
670 2370 814 2424 illum
836 2369 901 2425 dc
928 2385 1057 2440 pace
1082 2379 1322 2429 acturum
1347 2368 1416 2425 ad
1447 2368 1731 2425 Maximum
1762 2368 1906 2422 misit
1939 2385 1952 2421 :
1981 2366 2109 2424 licet

530 2460 612 2526 vix
657 2459 804 2516 credi
837 2450 1028 2529 pessit,
1067 2459 1326 2516 Iustinum
1350 2459 1620 2527 extemplo
1653 2467 1859 2514 tantum
1887 2458 2005 2527 spei
2043 2472 2109 2516 ac

536 2548 740 2616 ﬁduciae
766 2551 818 2604 in
841 2565 906 2606 eo
934 2549 1146 2604 homine
1173 2550 1436 2618 posuisse,
1453 2548 1520 2604 ad
1545 2563 1706 2618 quem
1734 2549 2102 2617 expellendum

534 2648 610 2694 tot
629 2639 788 2696 modo
809 2640 1079 2696 machinas
1103 2640 1451 2706 adhibuisset,
1479 2641 1677 2711 quique
1714 2640 1783 2694 ad
1800 2640 1907 2695 hoc
1933 2657 2101 2710 nego-

535 2731 664 2786 tium
689 2731 990 2788 obeundum
1013 2747 1119 2794 non
1141 2731 1277 2788 adeo
1307 2732 1531 2788 idoneus
1557 2731 1864 2797 videbatur;
1895 2747 2014 2787 cum
2041 2747 2108 2788 ex

535 2820 769 2888 ejusdem
816 2824 1072 2879 relatione
1114 2832 1340 2888 constet,
1387 2832 1741 2893 conquestum
1775 2837 1898 2878 esse
1944 2822 2108 2878 Maxi-

535 2928 699 2975 mum,
721 2912 862 2984 quod
881 2912 948 2968 ab
971 2928 1038 2969 eo
1058 2912 1244 2970 fuisset
1267 2913 1318 2981 in
1344 2913 1516 2984 prima
1533 2913 1804 2984 legatione
1827 2913 2106 2982 deceptus.

605 3001 658 3057 5.
683 3001 781 3071 Qui
807 3003 1155 3073 Augustinum
1183 3018 1324 3058 anno
1351 3003 1526 3059 solum
1551 3007 1925 3060 trecentesimo
1953 3005 2110 3074 quin-

535 3095 842 3163 quagesimo
870 3097 1058 3166 quinto
1085 3105 1268 3150 natum
1297 3109 1438 3163 esse,
1483 3105 1574 3150 aut
1600 3097 1770 3165 ipsum
1800 3111 1966 3152 annos
1986 3111 2112 3151 suos

535 3184 773 3252 expletos
797 3199 1076 3240 numerare
1101 3185 1449 3254 contendunt,
1472 3185 1648 3240 locum
1673 3187 1831 3244 alium
1854 3187 2102 3256 all'ernut.

539 3271 591 3325 in
613 3287 718 3343 quo
741 3288 818 3338 se,
834 3282 891 3328 ut
909 3275 1122 3344 quidem
1149 3283 1356 3344 putant,
1373 3291 1493 3331 cum
1519 3276 1857 3348 Imperatori-5
1882 3293 2116 3350 panegy-

543 3363 710 3429 ricum
740 3365 1014 3428 recitavit,
1047 3367 1382 3422 tricenariam
1426 3375 1637 3424 aetatem
1682 3369 1853 3438 egisse
1893 3377 2116 3424 testatur

539 3451 957 3525 (Confessionum
979 3454 1067 3509 tib.
1101 3456 1154 3522 6,
1186 3473 1300 3528 cap.
1331 3457 1386 3524 6,
1409 3474 1464 3511 ιι.
1495 3456 1549 3523 9,
1591 3467 1638 3511 ct
1662 3474 1777 3525 cap.
1804 3459 1892 3524 ll,
1915 3475 1968 3512 η.
1989 3457 2112 3530 l8).

542 3543 738 3613 Nempe
764 3561 860 3615 pro
888 3531 1036 3601 certo
1065 3557 1270 3618 ponunt
1309 3549 1447 3604 banc
1477 3550 1782 3620 pancgyrim
1809 3564 1926 3604 eam
1970 3564 2113 3616 esse,

543 3651 697 3712 quam
728 3639 948 3694 Bautoni
968 3641 1296 3696 consulatum
1319 3642 1519 3697 ineunti
1544 3641 1679 3696 dixit
1711 3644 1731 3712 (
1755 3641 1943 3696 Contra
1965 3642 2122 3698 Litte-

543 3744 627 3782 ras
654 3726 914 3798 Petiliam,
942 3729 1029 3784 lib.
1061 3732 1114 3797 5,
1137 3748 1199 3786 «ﬂ.
1219 3732 1324 3803 30)
1350 3731 1590 3787 kalendis
1602 3731 1830 3800 januarii
1853 3732 1981 3787 anni
2011 3741 2121 3790 tto-

547 3838 592 3875 Ct
610 3821 823 3885 ntesimi
840 3824 1149 3893 octogesimi
1172 3823 1361 3893 quinti.
1385 3822 1530 3878 Unde
1547 3823 1803 3893 colligunt
1817 3838 1963 3890 eum,
1994 3839 2119 3881 cum

545 3911 871 3980 trigesimum
919 3914 1093 3970 astatis
1132 3929 1243 3972 sua:
1283 3929 1480 3968 annum
1529 3924 1775 3968 numeret
1825 3929 1968 3969 anno
2013 3925 2121 3971 trc-

545 4004 839 4058 centesimo
884 4004 1209 4074 octogesimo
1235 4004 1420 4074 quinto
1442 4043 1459 4070 ,
1483 4012 1577 4057 aut
1609 4015 1793 4060 uatttm
1817 4019 1938 4060 esse
1977 4021 2121 4062 anno

546 4093 918 4148 trecentesimo
929 4093 1361 4164 quinquagesimo
1377 4093 1584 4165 quinto.
1605 4104 1812 4150 autnon
1839 4111 2121 4154 numerare

555 4182 755 4236 initium
779 4184 901 4236 anui
930 4185 1010 4236 sui
1033 4185 1285 4253 trigesimi
1303 4185 1478 4254 primi.
1497 4183 1905 4241 Observavimus
1923 4201 2084 4256 supra
2099 4226 2116 4254 ,

547 4271 596 4324 in
630 4271 776 4328 hisce
823 4272 1137 4329 numerandi
1167 4274 1340 4330 modis
1385 4275 1641 4345 quosdam
1687 4291 1807 4332 esse
1850 4277 2041 4343 dubios
2066 4288 2122 4335 et

542 4362 822 4432 ancipites,
854 4362 1111 4433 quosdam
1138 4364 1292 4419 unico
1313 4377 1475 4418 sensu
1498 4361 1763 4421 deﬁuitos.
1783 4367 2122 4424 Arbitramur

546 4452 685 4506 hunc
702 4452 951 4524 loquendi
977 4453 1217 4524 modum,
1234 4455 1348 4526 Ago
1362 4454 1689 4526 trigesimum
1707 4465 1824 4511 aetat
1835 4456 1880 4511 is
1895 4471 2117 4526 annum,

543 4544 608 4596 ad
639 4554 969 4614 postremum
995 4561 1163 4618 genus
1192 4547 1482 4617 pertinere,
1519 4561 1621 4602 nec
1642 4547 1788 4603 aliud
1824 4549 2121 4620 signiﬁcare

545 4636 978 4703 quam,Nondum
995 4639 1319 4709 trigesimum
1347 4640 1520 4696 atatis
1546 4655 1743 4694 annum
1769 4640 1993 4697 absolvi.
2023 4642 2121 4699 Sin

545 4725 710 4792 dicas,
747 4727 930 4782 Annos
955 4730 1162 4798 triginta
1185 4741 1341 4785 natus
1373 4745 1488 4786 sum
1507 4751 1527 4796 ς
1547 4730 1774 4788 fatemur
1793 4733 1846 4788 id
1873 4750 1938 4788 ex
1966 4749 2121 4806 atque

546 4821 846 4890 signiﬁcare
875 4838 1052 4891 posse,
1083 4833 1136 4878 te
1160 4839 1331 4880 annos
1371 4825 1582 4895 triginta
1609 4836 1792 4890 natum
1831 4841 1975 4894 esse,
2006 4828 2122 4886 sive

550 4911 843 4974 inchoatos,
869 4914 980 4967 sive
1005 4913 1296 4970 absolutos.
1325 4914 1435 4968 llac
1451 4929 1579 4986 ergo
1605 4920 1812 4972 ratione
1836 4918 1972 4972 haud
1994 4918 2122 4974 inﬁ-

545 5004 655 5058 cias
674 4997 892 5068 ibimus,
924 5007 1226 5078 panegyrim
1259 5006 1400 5060 illam
1420 5045 1436 5067 ,
1464 5005 1617 5072 cujus
1644 5008 1970 5078 Augustinus
1995 5025 2112 5065 me-

545 5093 715 5159 minit,
742 5093 1004 5172 siquidem
1027 5112 1143 5150 eam
1173 5096 1286 5165 ipse
1325 5110 1495 5150 annos
1527 5097 1734 5165 triginta
1761 5106 1816 5151 et
1839 5114 2000 5154 unum
2022 5115 2123 5158 na-

547 5195 628 5241 tus
655 5185 916 5249 habuerit,
937 5189 1198 5258 pertinere
1214 5187 1282 5244 ad
1295 5203 1493 5242 annum
1516 5189 1944 5246 trecentesimum
1969 5199 2126 5248 octo-

550 5278 812 5347 gesimum
839 5279 1099 5350 quintum.
1121 5281 1186 5334 Et
1211 5296 1270 5334 re
1286 5279 1498 5350 quidem
1527 5281 1638 5350 ipsa
1657 5295 1782 5334 cum
1808 5282 1936 5338 varii
1959 5294 2122 5341 :nstus

548 5367 731 5435 animi,
760 5369 953 5439 quibus
980 5378 1104 5425 tunc
1125 5369 1441 5439 jactahatur,
1469 5369 1537 5424 ab
1562 5368 1829 5428 Ambrosii
1849 5373 2124 5429 concioni-

551 5459 651 5514 bus
695 5445 944 5514 concitati
984 5474 1102 5514 esse
1141 5459 1420 5516 videantur
1455 5458 1880 5532 (Confessionum
1924 5462 2013 5518 lib.
2045 5462 2120 5533 6,

548 5541 662 5621 τὰρ.
692 5551 744 5616 4,
770 5568 823 5604 n.
851 5549 952 5622 6);
992 5550 1178 5621 conjici
1207 5559 1382 5623 potest
1397 5567 1516 5606 eum
1540 5551 1653 5622 jam
1685 5553 1890 5623 pridem
1915 5554 2121 5626 Medio-

548 5641 728 5712 Ianum
758 5641 993 5710 venisse,
1015 5657 1116 5697 nec
1146 5650 1319 5696 tamen
1347 5649 1471 5697 ante
1497 5643 1616 5698 idus
1643 5644 1958 5702 uovembrcs
1991 5645 2123 5702 anni

551 5733 909 5810 trecentesimi
935 5734 1243 5804 octogesimi
1263 5733 1454 5807 quarti,
1485 5733 1532 5810 si
1569 5735 1728 5790 modo
1756 5736 1824 5790 ad
1849 5735 1989 5791 hanc
2033 5752 2122 5791 ur-

549 5822 670 5880 bem
701 5839 802 5877 non
834 5825 998 5890 venit,
1020 5824 1119 5881 nisi
1152 5833 1209 5880 ut
1239 5839 1463 5896 peractis
1490 5824 1729 5894 ejusdem
1773 5826 1895 5880 anni
1930 5826 2119 5882 vinde-

1670 413 1825 480 vm
1861 363 1918 466 s'.
1939 363 2324 463 “Ausus-riui
2351 363 2664 468 EPISCOPI.
3655 421 3732 485 ιιι

2221 519 2625 614 mialibusferiis
2641 524 2878 597 publicas
2902 525 3108 584 scholas
3128 527 3435 587 instauraret
3456 549 3466 585 :
3495 533 3619 614 quod
3635 545 3728 613 qui.

2219 609 2339 703 dem
2389 633 2494 671 non
2543 619 2758 674 omnino
2818 631 3150 691 perspectum
3187 631 3266 677 est
3308 637 3369 678 ac
3407 609 3728 703 exploratum;

2221 699 2334 784 fieri
2365 709 2504 764 enim
2534 713 2738 782 potuit,
2771 720 2824 766 ut
2864 711 3209 768 Mediolanum
3237 729 3374 770 anno
3409 699 3730 792 trecentesimo

2218 803 2543 872 octogesimo
2565 813 2755 875 quarto
2780 805 2994 862 ineunte
3010 807 3227 862 venerit.
3259 808 3390 876 Quin
3413 812 3560 867 etiam
3585 814 3732 876 Rivius

2221 893 2274 974 in
2302 908 2395 950 sua
2418 893 2757 967 chronologia
2777 912 2896 954 eum
2917 913 3058 952 anno
3077 898 3438 956 trecentesimo
3458 905 3731 974 octngesimo

2217 988 2374 1065 tertio
2418 988 2626 1042 venisse
2654 989 2866 1056 statuit;
2911 1003 3008 1044 nec
3050 999 3132 1044 est
3173 987 3312 1059 quod
3353 991 3405 1044 in
3454 994 3726 1054 Commi-iam

2216 1088 2421 1148 partem
2461 1078 2762 1135 aﬁ'eramus.
2796 1077 3021 1135 Faustus
3045 1081 3182 1135 enim
3209 1079 3564 1152 Carthaginem
3588 1086 3731 1141 venire

2214 1164 2385 1240 potuit
2427 1181 2549 1224 ante
2591 1185 2788 1225 annum
2828 1170 3102 1242 Augustini
3133 1171 3604 1243 undetrigesimum;
3629 1186 3673 1230 et
3691 1177 3741 1252 id.

2216 1261 2437 1316 indicari
2481 1259 2685 1316 videtur
2715 1260 2794 1316 his
2835 1261 3051 1317 verbis:
3083 1260 3367 1332 Proloquar
3411 1265 3462 1317 in
3505 1276 3730 1335 conspectu

2214 1347 2311 1404 Dei
2341 1349 2434 1404 mei
2460 1367 2649 1405 annum
2677 1350 2822 1404 illum
2847 1351 3284 1424 undetrigesimum
3307 1354 3463 1407 (etatis
3488 1371 3614 1408 meae.
3636 1355 3730 1409 lam

2212 1452 2410 1496 venerat
2454 1439 2806 1514 Carthaginem
2851 1443 3053 1510 quidam
3093 1443 3481 1499 Manichaorum
3517 1446 3733 1518 episcopus
3789 1517 3793 1524 ἡ

2214 1528 2440 1586 Faustus
2485 1533 2686 1588 nomine
2733 1531 2929 1608 (Ibid.,
2959 1534 3047 1590 lib.
3091 1536 3144 1602 5,
3187 1553 3299 1606 cap.
3321 1537 3373 1603 5,
3411 1553 3461 1590 n.
3489 1537 3565 1604 3).
3594 1539 3733 1594 Potuit

2219 1609 2378 1697 igitur
2405 1623 2586 1680 videre
2613 1625 2883 1690 Faustum,
2915 1639 2965 1680 rt
2987 1627 3053 1682 ab
3081 1641 3145 1681 eo
3171 1626 3474 1691 abalienari,
3499 1629 3599 1696 jam
3637 1627 3732 1683 inde

2211 1709 2280 1773 ab
2315 1732 2454 1772 anno
2495 1699 2864 1774 trecentesimo
2902 1721 3227 1790 octogesimo
3257 1720 3484 1775 secundo
3516 1730 3730 1783 exeunte;

2213 1809 2311 1862 sub
2331 1807 2569 1877 ejusdem
2586 1809 2709 1863 anni
2731 1811 2949 1876 exitum,
2975 1819 3066 1864 aut
3083 1828 3225 1866 anno
3247 1814 3601 1867 trecentesimo
3621 1822 3735 1866 octo-

2211 1899 2415 1966 gesimo
2455 1899 2613 1954 tertio
2639 1900 2850 1955 ineunte
2888 1899 3110 1955 Romam
3157 1903 3391 1970 venisse;
3420 1912 3471 1957 et
3501 1911 3610 1958 ante
3641 1919 3735 1974 pcr-

2212 1985 2359 2066 actas
2404 1991 2746 2046 vindemiales
2775 1993 2896 2046 anni
2929 1993 3282 2048 trecentesimi
3303 1994 3593 2065 octogesimi
3622 1995 3732 2048 tertii

2217 2082 2378 2159 lerias
2417 2083 2550 2138 mitti
2594 2083 2965 2140 Mediolanum.
3000 2084 3132 2142 Nam
3164 2088 3209 2141 si
3234 2086 3424 2142 desunt
3445 2098 3729 2156 argumenta,

2213 2173 2408 2243 quibus
2434 2174 2685 2244 probetur
2711 2175 3058 2246 Symmachus
3081 2177 3239 2233 Urbis
3266 2177 3611 2248 prmfecturam
3636 2192 3733 2246 ges-

2215 2265 2354 2340 sisse
2407 2281 2546 2319 anno
2591 2267 2966 2322 trecentesimo
3008 2269 3330 2340 octogesimo
3381 2269 3555 2332 tertio;
3584 2267 3738 2321 desunt

2215 2358 2412 2425 pariter
2437 2358 2588 2412 nobis
2609 2359 2664 2412 in
2695 2361 3011 2415 contrariam
3041 2372 3262 2431 partem.
3297 2359 3447 2416 Juxta
3488 2375 3628 2430 quem
3651 2357 3736 2411 cal-

2215 2449 2394 2505 culum
2429 2453 2829 2523 panegyricum,
2861 2468 3018 2522 quem
3066 2453 3274 2509 videtur
3298 2454 3509 2507 innuere
3533 2466 3560 2504 a
3583 2464 3633 2502 se
3659 2447 3738 2501 tri-

2213 2542 2420 2611 gesimo
2467 2544 2638 2598 atatis
2691 2558 2832 2597 anno
2876 2543 3149 2609 habitum,
3213 2544 3433 2599 recitare
3481 2539 3630 2611 potuit
3671 2544 3740 2589 aut

2221 2635 2435 2688 ineunte
2463 2649 2603 2689 anno
2645 2635 3021 2696 trecentesimo
3075 2637 3402 2706 octogesimo
3440 2638 3738 2703 quarto,aut

2218 2727 2325 2802 alio
2379 2728 2618 2796 ejusdem
2668 2727 2793 2783 anni
2845 2738 3104 2798 tempore.
3168 2727 3333 2783 Nullis
3368 2727 3504 2780 enim
3567 2717 3741 2792 probari

2221 2825 2396 2886 potest
2453 2819 2776 2888 argumentis
2829 2818 3072 2873 eumdem
3123 2833 3281 2886 esse,
3342 2832 3494 2888 quem
3561 2808 3744 2866 Bautoni

2218 2910 2422 2964 consuli
2449 2909 2609 2973 dixit;
2635 2919 2689 2964 et
2715 2910 2868 2982 longe
2911 2909 3137 2965 similius
3163 2925 3291 2966 vero
3329 2917 3410 2963 est
3443 2905 3590 2960 aliam
3617 2901 3748 2955 lltiSse

2223 3002 2544 3071 panegyrim,
2594 3017 2712 3056 cum
2761 3017 2879 3056 eam
2926 3003 3264 3072 Imperatoris
3311 3000 3488 3058 Iaudes
3526 3000 3748 3060 nuncupat

2224 3092 2242 3163 (
2262 3091 2419 3157 Ibid.,
2445 3092 2606 3158 lib.6,
2641 3109 2755 3163 cap.
2791 3095 2842 3158 6,
2891 3111 2944 3148 η.
2976 3093 3068 3167 9).
3113 3093 3224 3151 Cur
3261 3102 3434 3150 autem
3473 3087 3750 3170 Augustinus

2224 3183 2372 3256 (qua:
2406 3186 2566 3239 etiam
2591 3186 2855 3241 nonnullis
2905 3187 3116 3241 errandi
3166 3202 3324 3243 causa
3358 3180 3563 3250 extitit)
3601 3185 3749 3245 esten-7

2223 3289 2382 3329 suros
2432 3289 2493 3330 se
2530 3276 2598 3331 ab
2645 3276 2842 3342 Africa,
2895 3291 3016 3333 cum
3072 3277 3143 3332 ibi
3188 3276 3420 3334 damnati
3469 3279 3584 3328 sunt
3618 3263 3751 3321 Mani-

2222 3363 2378 3429 chzei,
2417 3379 2558 3421 anno
2593 3367 2963 3421 trecentesimo
3005 3370 3338 3439 octogesimo
3359 3372 3506 3421 sexto
3533 3357 3748 3417 abfuisse,

2226 3457 2454 3524 priorem
2479 3457 2621 3512 illam
2650 3459 2957 3530 panegyan
2982 3457 3326 3530 Imperatoris
3355 3456 3536 3512 tacitus
3557 3443 3754 3522 praeterit

2226 3544 2450 3618 (Contra
2495 3547 2708 3604 Litteras
2736 3549 2998 3618 Petiliani,
3041 3553 3128 3607 lib.
3159 3554 3214 3615 5,
3244 3571 3297 3607 η.
3325 3549 3448 3620 50),
3495 3547 3756 3604 Ιεωῑιιῐηίιυθ

2225 3653 2284 3705 se
2307 3638 2656 3696 Mediolanum
2685 3644 2898 3698 venisse
2925 3651 3292 3700 testaturante
3307 3638 3629 3698 consulatum
3649 3626 3756 3683 Ball‘

2228 3732 2365 3787 tonis
2393 3731 2628 3804 (ωτι),
2657 3735 2742 3789 cui
2773 3736 3136 3807 magistratum
3187 3735 3388 3796 ineunti
3423 3721 3757 3802 panegyricum

2224 3819 2471 3891 dixerat;
2522 3822 2638 3893 ejus
2665 3825 2739 3880 rei
2767 3824 2935 3882 facilis
2985 3835 3041 3882 et
3069 3838 3316 3900 prompta
3365 3817 3627 3892 responsio
3660 3815 3756 3865 es“

2225 3915 2348 3984 quia
2375 3929 2495 3970 cum
2525 3915 2774 3986 frequens
2797 3933 2858 3972 se
2903 3919 3141 3988 prtcbere
3177 3899 3412 3990 potuerit
3447 3905 3642 3968 occasio
3673 3899 3761 3997 lat!-

2226 4004 2767 4076 dandislmperatoris,
2796 4011 2946 4064 novis
2974 4013 3300 4082 oportuisset
3325 4022 3442 4063 cum
3466 3998 3755 4068 argument“

2227 4108 2668 4166 commonstrare,
2712 4103 3024 4172 panegyrim
3073 4103 3216 4158 illam
3261 4091 3563 4169 Imperatori
3601 4085 3762 4140 dictam

2228 4188 2392 4244 fuisse
2419 4204 2561 4244 anno
2589 4193 2966 4246 trecentesimo
2991 4195 3320 4263 octogesimo
3343 4191 3545 4270 quarto,
3573 4189 3665 4270 non

2229 4286 2332 4347 tem
2358 4295 2496 4334 anno
2517 4282 2887 4360 trecentesimo
2914 4283 3238 4351 octogesimo
3253 4277 3502 4348 septimo.
3527 4269 3613 4360 sat
3629 4264 3765 4360 igitur

2229 4369 2410 4424 habuit
2433 4369 2625 4425 all‘erre
2653 4357 2901 4427 idoneam
2933 4373 3299 4442 probationem
3328 4366 3541 4424 minimc
3561 4354 3763 4443 dubiant.

2225 4473 2278 4516 et
2303 4477 2368 4516 eo
2391 4462 2556 4528 magis
2573 4463 2927 4531 perspicuam,
2948 4463 3090 4534 quod
3106 4460 3515 4518 Manicbmorum
3532 4445 3764 4503 damnatio

2227 4551 2435 4606 videtur
2460 4550 2544 4605 his
2573 4550 2748 4606 verbis
2770 4550 2936 4607 fuisse
2963 4553 3256 4622 subscripta
3278 4570 3290 4604 :
3311 4551 3458 4604 Anno
3474 4544 3584 4614 post
3611 4537 3766 4586 consu-

2227 4644 2386 4708 latum
2409 4640 2678 4706 Bautonis,
2721 4653 2829 4699 etc.
2858 4644 2928 4700 Et
2952 4644 3024 4700 ob
3046 4644 3288 4701 eamdem
3317 4635 3457 4694 haud
3492 4626 3641 4684 dubie

2226 4749 2338 4788 sam
2373 4743 2534 4800 tacet.
2555 4749 2614 4790 se
2649 4734 2840 4790 Romte
2865 4734 3026 4791 fuisse
3049 4741 3437 4789 commoratum
3457 4724 3610 4779 etiam
3634 4717 3770 4780 9"“?

2225 4803 2382 4896 quam
2427 4826 2780 4892 Mediolanum
2813 4828 3257 4898 proﬁcisceretur.
3305 4816 3581 4878 Με¹¹ι⁸ί¹¹¹⁰⁵
3610 4803 3772 4898 ΜΨ

2225 4895 2510 4988 adventum
2534 4895 2830 4990 Augustini
2847 4917 3201 4972 Mediolanum
3231 4913 3375 4972 anim
3410 4902 3654 4970 ‘1!"me
3679 4895 3770 4990 ’Ὗ

2225 4985 2516 5064 centesimo
2537 4985 2861 5078 octogesimo
2885 5018 3076 5078 quarto
3095 5008 3430 5076 consignare.
3449 5003 3574 5059 ,cum
3596 4997 3653 5036 6³

2227 5098 2389 5165 tentia
2412 5098 2578 5168 magis
2595 5071 2805 5169 recepta
2827 5071 2922 5161 sit:
2944 5105 2999 5151 ot
3019 5071 3299 5167 Augustini
3338 5084 3515 5143 verbis
3554 5071 3766 5169 app“?

2225 5163 2614 5254 consentanea;
2657 5163 2880 5259 quaeque
2905 5202 3015 5243 non
3059 5163 3222 5258 ponat
3252 5163 3774 5271 Symmacliumn

2225 5279 2481 5345 fecturam
2524 5248 2690 5336 Urbis
2709 5248 2940 5350 gessisse
2961 5248 3074 5349 jam
3100 5275 3221 5331 inde
3258 5248 3328 5329 ab
3355 5276 3498 5323 almo
3531 5248 3748 5350 ιΓῗεθίξξῗ

2226 5343 2362 5437 Simo
2383 5338 2942 5439 octogesimovquarto,
2961 5338 3204 5436 quamvis
3225 5362 3381 5432 hujus
3410 5352 3486 5449 rei
3513 5338 3775 5449 nullaff:

2229 5435 2424 5516 nantur
2447 5426 2685 5530 vestigia.
2721 5426 2875 5526 ἀκοὰ
2919 5458 2965 5514 si
3004 5470 3146 5512 anno
3177 5441 3552 5511 trecentesimo
3579 5426 3774 5556 033?]:

2226 5556 2364 5609 simo
2385 5562 2578 5628 quarto
2605 5551 2822 5607 ineunte
2841 5549 3092 5637 advenit;
3111 5547 3269 5604 statui
3296 5542 3495 5615 potest,

2226 5613 2552 5717 trigesimum
2579 5642 2749 5697 aetatis
2773 5655 2885 5698 sua:
2909 5613 3104 5700 annum
3146 5613 3443 5696 absolutum
3487 5613 3792 5692 penest“!-

2227 5736 2533 5817 Imperatori
2561 5735 2776 5817 dixisse.

2824 5817 2942 5880 ιοόο
2966 5801 3558 5894 exsurgere'scrupulus
3581 5783 3737 5863 Ρδιθθί
3765 5784 3774 5824 ⁵

3567 6113 3896 6325 Α

3567 6330 3674 6349 -..μά-

3891 1763 3895 1796 Ι

3889 1853 3896 1890 t

3893 2029 3895 2068 Ι

3892 2115 3896 2158 l

3889 2211 3896 2248 1

3893 2577 3895 2614 l

3891 2835 3896 2876 l

3891 3215 3896 3254 l

3891 3393 3896 3434 l
