3948 6408
584 378 682 437 ἰτα

580 489 729 551 buit,
765 499 922 555 quam
951 479 1303 538 adscribimus
1336 475 1557 532 inferius
1582 475 1600 546 (
1621 472 1787 543 Infra,
1812 489 1864 527 ιι.
1883 470 1959 541 9).
1982 470 2145 525 Porro

584 583 701 637 ba'c
731 574 1034 632 instituendi
1060 574 1218 639 ratio,
1244 585 1401 641 quam
1426 567 1747 639 Augustinus
1781 564 1915 628 iniit,
1945 571 2143 618 tantum

584 668 836 741 Trygetio
858 676 913 722 et
952 663 1191 720 Licentia
1219 659 1442 731 profuit,
1484 668 1541 713 ιιι
1581 658 1667 727 qui
1700 657 1845 727 prius
1865 669 1960 710 cos
1983 669 2145 709 nove-

579 768 738 826 rant,
770 758 855 813 vix
890 754 1171 811 crederent
1206 752 1284 807 sic
1326 751 1444 804 illos
1480 748 1546 803 ad
1581 763 1665 804 res
1692 761 1907 817 magnas
1929 744 2146 799 investi-

581 850 782 923 gandas
824 846 1123 908 exarsisse.
1157 853 1211 900 et
1250 843 1300 898 id
1335 842 1505 898 :ctatis
1554 840 1916 895 adolescentes
1953 838 2146 893 bellum

587 943 843 998 indixisse
876 937 1230 1009 voluptatibus
1258 935 1358 998 (De
1384 934 1594 994 Ordine,
1625 933 1712 987 lib.
1736 932 1863 995 λιι.
1891 929 1998 1002 29).
2029 929 2145 985 Non

583 1035 847 1090 immerito
868 1033 1040 1102 itaque
1069 1029 1333 1086 Licentius
1363 1027 1691 1083 felicissimos
1711 1026 1829 1080 illos
1853 1025 1989 1089 dies,
2015 1037 2149 1092 quos

584 1143 704 1182 cum
728 1134 912 1181 sancto
948 1123 1173 1179 Doctnre
1199 1122 1249 1175 in
1278 1119 1438 1175 Italia:
1463 1117 1639 1173 medio
1666 1117 1804 1171 inter
1821 1114 2145 1186 jucundissi-

590 1235 672 1275 ma
702 1219 806 1272 otia
839 1224 1184 1286 transegerat,
1213 1213 1311 1269 sibi
1340 1220 1519 1283 postea
1558 1209 1792 1266 revocari
1842 1207 2148 1278 peroptabat

577 1310 858 1382 (Carmine
909 1309 977 1362 ad
1026 1308 1240 1379 August.
1284 1314 1637 1375 prtcceptorem
1669 1344 1683 1365 ,
1732 1319 1859 1357 ιιι-ε.
1909 1301 1978 1355 53
2033 1318 2141 1371 sqq.

578 1401 631 1454 in
674 1411 804 1455 tomo
838 1398 912 1466 2,
958 1398 1128 1468 Epist.
1158 1395 1287 1467 26).
1334 1394 1594 1465 Quidquid
1650 1393 1701 1447 in
1754 1392 1836 1447 bis
1874 1391 2146 1447 dicebatur

584 1492 864 1561 colloquiis
882 1532 898 1557 ,
928 1490 1163 1544 adhibito
1188 1488 1394 1544 notario
1423 1487 1598 1542 statim
1638 1486 1761 1540 stilo
1788 1484 2147 1553 excipit-batur

580 1580 603 1653 (
634 1581 710 1637 De
733 1581 938 1644 Ordine,
962 1579 1049 1635 lib.
1098 1579 1151 1645 l,
1185 1595 1237 1632 ιι.
1275 1575 1361 1648 5).
1407 1576 1555 1646 Quod
1600 1591 1814 1645 semper
1864 1574 2148 1643 usurpabat

580 1677 942 1745 Augustinus,
978 1684 1087 1727 tum
1127 1686 1194 1727 ne
1238 1670 1362 1740 quid
1406 1671 1528 1725 boni
1578 1669 1751 1738 perire
1779 1668 2141 1737 permitteret,

581 1773 691 1818 tum
722 1764 860 1833 quod
890 1762 939 1818 id
967 1761 1252 1816 valetudini
1302 1775 1412 1813 sua!
1459 1758 1756 1814 conducere
1785 1757 2021 1812 videret:
2052 1757 2147 1811 ali-

578 1869 685 1929 qna
735 1853 876 1909 enim
925 1850 1173 1921 loquendi
1225 1849 1533 1905 difﬁcultate
1574 1848 1878 1911 labomhat,
1930 1856 1984 1901 ct
2023 1861 2144 1902 eum

579 1954 707 1999 tunc
732 1942 946 1998 tenebat
978 1939 1306 1996 incommoda
1334 1938 1581 1994 valetudo
1598 1979 1613 2002 ,
1641 1952 1761 2007 qua:
1790 1950 1887 1990 nec
1911 1951 2029 1990 eum
2050 1950 2144 1989 sua

576 2049 737 2091 manu
767 2034 996 2089 scribere
1013 2032 1308 2102 patiebatur
1324 2028 1745 2099 (Soliloquiarnm
1766 2027 1854 2082 lib.
1884 2028 1930 2089 l,
1960 2043 2012 2079 ιι.
2036 2026 2141 2096 16).

648 2126 701 2182 ὅ.
736 2125 811 2180 Ex
845 2126 927 2180 his
970 2122 1246 2192 colloquiis
1276 2120 1417 2174 varia
1469 2119 1712 2190 prodiere
1760 2119 2011 2188 Opuscnla
2043 2120 2148 2173 Au-

576 2215 773 2286 gustini
813 2216 863 2269 iu
892 2213 1104 2268 modum
1130 2212 1457 2280 dialogorum
1486 2210 1622 2264 edita
1642 2250 1658 2275 ,
1688 2210 1739 2262 in
1778 2208 1967 2279 quibus
1991 2208 2145 2263 fami-

582 2305 740 2361 liares
793 2304 1087 2375 cruditique
1130 2303 1203 2358 illi
1243 2317 1562 2373 congressus
1585 2343 1599 2362 ,
1630 2301 1804 2355 nativo
1851 2314 2065 2369 prorsus
2092 2308 2147 2355 et

575 2396 811 2467 jucuudo
848 2410 1096 2451 sermone
1135 2404 1489 2465 exponuntur.
1528 2390 1707 2447 llefcrt
1736 2393 1995 2461 ipsissima
2024 2408 2145 2445 ver-

579 2490 645 2544 ba
673 2530 687 2554 ,
739 2488 929 2558 quilms
963 2488 1015 2542 in
1041 2485 1226 2541 iisdem
1266 2485 1405 2540 collo
1422 2484 1542 2553 piiis
1564 2492 1669 2537 tum
1712 2484 1854 2554 ipse,
1886 2493 1995 2537 tum
2018 2482 2146 2553 Aly-

584 2581 703 2650 pius
730 2580 812 2635 usi
851 2580 1055 2634 fuerant
1080 2594 1095 2645 ;
1123 2578 1344 2632 aliorum
1374 2588 1547 2632 autem
1575 2576 1905 2631 solummodo
1930 2585 2145 2631 senten-

584 2670 683 2725 tias
705 2669 931 2725 reddidit
960 2669 1168 2741 (Contra
1191 2668 1531 2732 Academicos,
1565 2668 1650 2721 lib.
1682 2668 1734 2733 1,
1762 2684 1814 2721 ιι.
1841 2668 1919 2736 4).
1954 2666 2145 2721 Eorum

583 2762 817 2817 omnium
860 2775 978 2830 qua:
1021 2774 1115 2829 per
1144 2757 1195 2813 id
1234 2758 1519 2826 temporis,
1549 2772 1667 2812 cum
1693 2773 1751 2812 se
1779 2757 2024 2812 omnibus
2049 2757 2147 2812 ab-

581 2851 767 2907 dicatis
794 2849 859 2905 ad
889 2849 1191 2905 christiana:
1217 2849 1338 2903 vita:
1358 2848 1523 2902 otium
1551 2848 1889 2911 contulisset,
1916 2847 2147 2902 nondum

580 2945 875 3016 baptizatus
910 2943 1233 3006 elaboravit,
1267 2944 1492 3012 primum
1537 2951 1615 2996 cst
1641 2956 1771 3009 opus
1799 2950 1982 2995 contra
2012 2941 2145 2993 Aca-

577 3036 836 3099 dctnicns,
863 3036 945 3089 vel
967 3035 1036 3090 de
1064 3033 1390 3089 Academicis
1422 3032 1673 3099 scriplmn
1702 3031 2149 3100 (Retractatiomtnt

579 3126 668 3179 lib.
702 3127 753 3188 1,
776 3142 892 3195 cap.
920 3125 993 3194 1).
1026 3124 1080 3178 Ιιι
1103 3124 1336 3187 iIlorum,
1358 3130 1415 3175 ιιι
1434 3121 1682 3184 diximus,
1719 3121 2148 3190 philosophorum

582 3230 791 3270 errores
834 3213 1120 3277 inciderat,
1168 3213 1258 3282 qui
1319 3212 1610 3277 sapientem
1660 3210 1900 3281 cuiquam
1948 3212 2059 3275 rei,
2092 3220 2150 3266 ut

582 3315 741 3359 certae
767 3313 821 3359 et
861 3302 1152 3358 manifesta:
1175 3344 1190 3367 ,
1236 3301 1479 3356 assentiri
1526 3300 1876 3371 prohibebant
1898 3340 1914 3366 ,
1940 3310 1993 3355 et
2028 3316 2145 3355 om-

584 3395 669 3448 nia
714 3394 866 3449 nobis
890 3395 1111 3447 obscura
1140 3401 1194 3446 et
1228 3391 1385 3445 dubia
1422 3390 1669 3446 volebant
1711 3390 1876 3445 videri
1913 3409 1927 3446 :
1955 3392 2149 3461 quique

584 3482 686 3537 hoc
716 3491 866 3553 pacto
896 3482 1004 3536 veri
1027 3480 1325 3537 inve..icudi
1354 3480 1777 3550 desperationem
1800 3480 1977 3534 multis
2003 3481 2149 3550 inge-

582 3572 787 3627 rebant.
816 3571 1007 3641 Opinio
1046 3572 1151 3635 illa,
1193 3586 1349 3641 quant
1381 3570 1506 3625 falsa
1540 3584 1723 3624 eorum
1750 3580 2053 3639 argumenta
2094 3569 2146 3625 in

581 3662 725 3718 illius
764 3663 940 3717 anitno
981 3662 1393 3731 impresserant,
1429 3659 1653 3716 necdum
1683 3662 1889 3729 penitus
1932 3659 2145 3715 oblitte-

579 3770 689 3810 rata
733 3754 919 3809 fuerat.
966 3754 1071 3809 Sed
1112 3764 1286 3808 tamen
1341 3752 1480 3823 quod
1506 3752 1682 3821 operis
1724 3751 1881 3821 hujus
1920 3751 2145 3821 quodam

580 3844 698 3901 loco
720 3845 826 3912 ait,
866 3860 925 3900 se
971 3843 1097 3900 nihil
1143 3844 1272 3899 certi
1302 3842 1472 3897 adhuc
1510 3841 1705 3896 habere
1742 3840 1882 3910 quod
1908 3840 2099 3895 sentiat
2126 3881 2141 3906 ,

579 3934 677 3990 nisi
699 3927 838 4006 quod
873 3934 975 3989 illis
1000 3932 1269 4004 probabile
1291 3932 1459 3986 visum
1486 3940 1569 3986 est
1606 3946 1707 3985 non
1743 3946 1899 4000 posse
1923 3931 2145 3985 inveniri

582 4034 857 4081 veritatem
882 4067 899 4093 ,
930 4023 1029 4080 sibi
1078 4035 1252 4080 autem
1292 4021 1511 4077 inveniri
1568 4035 1723 4091 posse
1769 4019 2037 4090 probabile
2064 4029 2147 4074 est

580 4117 794 4187 (Contra
819 4116 1161 4180 Academicos,
1190 4113 1350 4176 lib.‘2,
1380 4130 1429 4167 ιι.
1451 4112 1545 4181 25)
1572 4128 1588 4176 ;
1615 4112 1731 4181 quis
1759 4126 1863 4163 non
1890 4108 2146 4179 intelligat

577 4208 644 4262 ab
672 4207 787 4278 ipso
814 4206 1013 4260 dictum
1047 4205 1211 4273 ﬁgura
1257 4202 1481 4273 quadam
1504 4243 1519 4265 ,
1553 4200 1774 4255 sohmni
1814 4199 2143 4268 dialogorum

576 4296 1224 4367 morezquandoquidem
1270 4295 1378 4363 jam
1445 4293 1579 4362 ipsi,
1649 4302 1705 4346 ut
1755 4291 1881 4345 alibi
1931 4290 2144 4345 disertis

574 4390 750 4446 verbis
770 4389 930 4452 dicit,
956 4395 1097 4442 certa
1124 4393 1237 4441 erat
1268 4384 1536 4453 perceptio
1559 4382 1792 4437 veritatis
1834 4380 2140 4451 (Confessio-

572 4498 691 4535 mun
713 4482 800 4535 lib.
823 4480 878 4545 8,
908 4495 1022 4550 cap.
1045 4479 1099 4545 5,
1129 4494 1182 4531 η.
1212 4474 1617 4544 il)?C-.Lterum
1633 4488 1753 4527 cum
1779 4488 1839 4527 ea
1858 4487 1944 4526 res
1973 4471 2140 4527 maxi-

572 4573 644 4627 mi
689 4580 832 4627 esset
876 4571 941 4625 ad
980 4571 1203 4624 salutem
1251 4565 1536 4626 momenti,
1586 4564 1745 4618 hosce
1771 4562 2139 4631 philosophos,

569 4663 659 4733 qui
721 4660 959 4715 veritatis
1008 4661 1241 4722 ostium,
1284 4656 1427 4711 omni
1484 4670 1578 4726 spe
1646 4654 1789 4708 illam
1840 4652 2138 4707 inveniendi

570 4753 846 4822 adempta,
874 4749 971 4819 ipsi
1004 4747 1395 4818 pnecludebant
1416 4787 1433 4811 ,
1474 4747 1684 4816 quantis
1710 4755 1891 4815 posset
1918 4743 2140 4798 rationi-

570 4842 672 4897 bus
698 4837 908 4912 aggredi
949 4835 1240 4891 constituit.
1288 4836 1472 4889 Paucis
1510 4850 1635 4905 ergo
1676 4850 1707 4887 a
1754 4848 1853 4889 suo
1880 4836 1932 4888 in
1964 4834 2138 4887 villam

571 4947 783 4989 secessu
838 4927 1118 4985 transactis
1168 4925 1375 4991 diebus,
1407 4924 1712 4995 Trygetium
1741 4934 1794 4979 et
1839 4925 2135 4980 Licentium

571 5036 751 5077 secum
797 5019 1022 5073 invicem
1050 5013 1371 5071 contendere
1395 5012 1463 5068 de
1506 5012 1605 5067 hac
1631 5028 1691 5067 rc
1730 5013 1923 5082 jussit,
1963 5014 2033 5069 ita
2081 5024 2139 5070 ut

574 5113 661 5171 hic
688 5120 862 5183 partes
894 5108 1331 5166 Academicorum
1371 5105 1676 5169 sustineret,
1709 5105 1797 5158 ille
1818 5120 1994 5160 coram
2022 5108 2137 5176 ipso

574 5205 869 5273 Augustino
896 5208 953 5256 et
988 5201 1178 5272 Alypio
1227 5200 1578 5269 impugnaret.
1636 5196 1830 5251 Aderat
1857 5198 2132 5268 Navigius,

571 5295 665 5352 sed
693 5307 855 5364 pauca
883 5291 1117 5363 protulit.
1152 5288 1368 5362 Alypius
1392 5289 1550 5344 etiam
1582 5287 1735 5355 paulo
1755 5297 1873 5357 post
1893 5288 2138 5344 discessit

575 5386 791 5462 (Contra
818 5383 1162 5448 Academicos,
1202 5379 1290 5435 lib.
1324 5381 1379 5446 1,
1405 5396 1460 5433 ιι.
1486 5377 1565 5449 8),
1599 5393 1717 5433 cum
1746 5379 1846 5434 iter
1873 5379 1924 5433 in
1950 5380 2135 5436 urbem

569 5479 922 5536 Mediolanum
951 5484 1092 5530 esset
1126 5475 1226 5545 ipsi
1256 5472 1598 5528 constitutum
1630 5470 1821 5541 (lbid.,
1844 5489 1896 5525 ιι.
1919 5472 2012 5543 5)?
2033 5474 2134 5529 Alii

571 5586 748 5630 tamen
817 5569 1136 5641 colloquiqu
1192 5567 1359 5622 tribus
1402 5564 1665 5620 continuis
1712 5564 1939 5635 diehns(
1973 5564 2131 5633 lbid.,

569 5682 659 5719 an.
691 5664 777 5728 11,
828 5662 941 5734 15),
966 5659 1173 5716 decimo
1206 5657 1370 5721 forte,
1417 5655 1698 5711 undecimo
1742 5663 1797 5709 et
1824 5656 2136 5712 duodecimo

571 5756 893 5823 novembris,
943 5762 1002 5809 ut
1047 5752 1271 5818 videtur,
1317 5750 1397 5807 vel
1438 5760 1626 5823 quarto
1652 5791 1668 5816 ,
1719 5748 2032 5805 duodecimo
2080 5759 2134 5805 et

1709 361 1865 416 VITA
1902 361 1961 415 S.
1991 352 2355 413 AUGUSTINI
2394 352 2710 415 EPISCOPI.

2247 466 2457 523 decimo
2502 469 2691 534 tertio,
2732 468 2876 526 boris
2911 470 3337 529 antemeridianis
3362 480 3610 545 prosecuti
3633 492 3750 539 sunt.

2248 560 2377 628 Qua:
2406 560 2644 616 triduana
2675 562 2963 634 disputatio
2990 581 3054 621 ex
3077 566 3246 621 tribus
3265 566 3409 624 libris
3448 579 3617 627 contra
3643 562 3757 631 Aea:

2247 650 2482 706 demicos
2520 653 2764 722 scriptis,
2818 654 3046 725 priorem
3084 657 3373 714 constituit.
3413 659 3571 728 Quem
3608 666 3754 737 Angit.

2249 742 2420 796 stinus
2447 742 2691 809 absolvit,
2709 744 2890 799 dicens
2916 745 3052 801 hanc
3074 750 3482 804 controversiam
3512 755 3671 821 paucis
3686 771 3757 824 po-

2249 834 2415 889 tuisse
2439 835 2681 891 concludi
2700 876 2716 903 ,
2768 836 2867 892 nisi
2901 836 2999 893 bos
3048 839 3406 896 adolescentes
3431 857 3694 912 exercere,
3717 856 3760 903 ot

2248 938 2433 980 eorum
2460 940 2652 981 nervos
2673 941 2736 981 ac
2765 927 2935 983 studia
2964 930 3017 983 in
3037 930 3221 1001 primis
3237 932 3505 1002 explorare
3529 935 3757 993 voluisset.

2320 1015 2373 1069 4.
2398 1014 2522 1070 Post
2550 1015 2673 1070 illud
2702 1017 3043 1088 colloquium,
3071 1030 3273 1090 septem
3300 1022 3406 1076 fere
3431 1022 3605 1078 diebus
3624 1024 3651 1079 it
3671 1025 3757 1079 dis-

2250 1108 2528 1179 putatione
2570 1112 2881 1181 quieverunt
2923 1113 2943 1183 (
2970 1111 3132 1178 lbid.,
3161 1114 3248 1169 lib.
3287 1114 3351 1181 ἓ,
3381 1133 3434 1169 ιι.
3476 1116 3586 1187 10).
3613 1117 3698 1173 l‘cr
3719 1118 3759 1173 id

2253 1200 2393 1254 enim
2461 1202 2748 1270 temporis,
2807 1204 3109 1274 priusquam
3172 1205 3335 1261 libros
3396 1205 3461 1262 de
3522 1208 3757 1263 Academi-

2246 1290 2325 1346 cis
2360 1290 2677 1346 absolvisset
2712 1334 2728 1359 ,
2774 1292 2963 1348 librum
3028 1294 3095 1350 de
3158 1294 3315 1349 Beata
3359 1294 3473 1351 Vita
3510 1297 3760 1365 composuit

2248 1380 2495 1448 (lletract.
2521 1380 2609 1435 lib.
2643 1382 2703 1447 1,
2742 1398 2855 1451 cap.
2895 1381 2932 1435 2
2961 1381 2981 1454 )
3018 1399 3086 1437 es
3118 1384 3420 1453 colloquiis.
3445 1400 3555 1454 qua:
3583 1400 3662 1453 per
3687 1386 3758 1439 tri-

2247 1469 2431 1535 duum,
2454 1469 2662 1526 decimo
2686 1472 2860 1538 tertio,
2877 1472 3083 1528 decimo
3110 1482 3299 1544 quarto
3325 1485 3378 1530 et
3400 1473 3594 1529 decimo
3614 1475 3759 1543 quinto

2248 1561 2550 1616 novembris
2567 1562 2712 1616 horis
2729 1563 3100 1631 pomeridianis
3114 1564 3312 1620 habuit.
3332 1565 3468 1620 Duos
3479 1565 3620 1638 etiam
3632 1565 3759 1621 libros

2247 1651 2321 1707 de
2345 1652 2539 1708 Ordine
2555 1653 2734 1724 (lbid.,
2750 1671 2863 1725 cap.
2887 1656 2963 1726 5),
2979 1656 3078 1710 hoc
3103 1666 3204 1719 est,
3228 1658 3453 1726 priorem
3475 1657 3556 1727 qtti
3578 1656 3758 1710 duorum

2247 1740 2451 1797 dierum
2472 1785 2486 1809 ,
2522 1744 2711 1798 decimi
2749 1747 2884 1801 sexti
2915 1755 2970 1800 et
3002 1747 3191 1802 decimi
3229 1748 3433 1817 septimi
3456 1746 3540 1819 (ut
3565 1746 3758 1815 videtur)

2247 1834 2508 1904 colloquia
2533 1835 2900 1904 complectitur
2919 1836 3020 1909 (De
3042 1837 3252 1905 Ordine,
3274 1839 3361 1894 lib.
3387 1840 3433 1902 Ι,
3459 1849 3510 1892 ιι.
3540 1837 3639 1907 2Ὶ).
3660 1837 3761 1891 llinc

2248 1925 2573 1994 Augustinus
2608 1926 2659 1980 in
2698 1927 2833 1982 libro
2868 1927 2935 1983 de
2970 1929 3129 1984 Beata
3162 1929 3277 1983 Vita
3306 1928 3503 1994 scribit,
3526 1943 3587 1983 ex
3614 1941 3759 1982 eorum

2248 2013 2403 2069 dictis
2433 2023 2622 2082 totum,
2645 2017 2924 2087 quodcum
2956 2020 3283 2075 Academicis
3301 2029 3639 2090 susceperant,
3663 2034 3762 2072 eon-

2250 2105 2441 2161 fectum
2471 2120 2591 2163 esse
2622 2108 2917 2177 negotium,
2961 2120 3016 2165 et
3066 2110 3356 2165 Licentium
3402 2110 3583 2181 ubique
3623 2116 3761 2177 partes

2249 2198 2686 2253 Academicorum
2718 2201 2978 2256 sustinere
3008 2200 3117 2269 (De
3141 2201 3297 2255 Beata
3334 2200 3467 2263 Vita.
3511 2216 3561 2254 ιι.
3601 2200 3693 2268 13).
3719 2198 3760 2252 In

2251 2290 2426 2359 priore
2470 2299 2645 2344 autem
2694 2291 2827 2344 libro
2870 2291 2939 2347 de
2974 2292 3173 2348 Ordine
3212 2292 3486 2363 Trygetius
3506 2291 3762 2347 exclamat:

2252 2378 2509 2435 Habemus
2526 2382 2661 2451 jam,
2693 2381 2827 2452 quod
2854 2382 2968 2452 plus
2995 2393 3088 2447 est,
3121 2382 3401 2438 Licentitmt
3425 2399 3520 2436 non
3548 2378 3763 2434 Aradcmi-

2250 2488 2363 2525 cum
2390 2471 2493 2544 (De
2518 2472 2724 2535 Ordine,
2754 2472 2841 2526 lib.
2876 2475 2926 2537 l,
2954 2490 3006 2526 ιι.
3036 2472 3154 2543 10);
3178 2488 3277 2528 eos
3311 2473 3451 2528 enim
3489 2471 3573 2527 ille
3605 2467 3765 2524 studio-

2250 2564 2461 2620 sissime
2486 2564 2771 2620 defendere
2795 2565 3019 2620 solebat.

2322 2659 2375 2713 5.
2409 2658 2596 2714 Paucis
2620 2658 2904 2713 admodum
2935 2658 3123 2714 diebus
3142 2699 3158 2725 ,
3190 2659 3360 2714 tribus
3385 2668 3475 2713 aut
3506 2664 3703 2726 quatuor
3719 2649 3767 2703 ad

2252 2762 2540 2814 summum,
2572 2751 2765 2819 elapsis
2802 2749 2833 2804 Ξι
2865 2751 3076 2820 gemino
3107 2750 3197 2805 illo
3225 2750 3507 2821 colloquio,
3546 2760 3639 2817 quo
3663 2742 3767 2797 liber

2253 2841 2320 2895 de
2348 2840 2542 2896 Ordine
2574 2842 2772 2911 primus
2814 2852 3055 2904 constat,
3094 2842 3389 2897 Mediolano
3422 2840 3569 2895 rediit
3594 2833 3769 2906 Alypius

2255 2929 2442 3001 (lbid.,
2470 2931 2558 2984 lib.
2580 2931 2632 2987 2.
2663 2948 2715 2985 ιι.
2734 2931 2807 3001 1).
2835 2931 2982 2986 Tunc
2997 2932 3319 3001 Augustinus
3339 2930 3665 2986 intermissam
3678 2932 3771 2977 octo

2252 3031 2375 3075 ante
2411 3022 2595 3076 diebus
2636 3022 2702 3076 de
2743 3022 3073 3077 Academicis
3118 3024 3462 3090 quiestiouem
3514 3024 3771 3089 prosa-Mus

2253 3119 2339 3166 est
2364 3111 2572 3182 (Contra
2598 3111 2788 3177 Acad.,
2817 3112 2906 3166 lib.
2937 3112 2991 3175 2,
3016 3130 3068 3166 ιι.
3102 3113 3210 3184 10).
3244 3112 3509 3170 Licentius
3537 3103 3770 3165 Academi-

2252 3216 2435 3256 corum
2476 3214 2649 3272 partes
2686 3214 2869 3258 contra
2908 3204 3215 3275 Trygetium
3254 3216 3311 3260 et
3338 3205 3503 3274 ipsum
3527 3201 3669 3257 etiam
3689 3199 3773 3251 All-

2251 3292 2518 3359 gustinum
2534 3293 2833 3362 aliquandiu
2851 3295 3097 3349 sustinuit
3112 3311 3127 3360 ;
3142 3310 3206 3350 ac
3221 3295 3445 3350 subinde
3468 3295 3625 3348 locum
3643 3284 3769 3341 cessit

2251 3382 2469 3453 Alypio;
2500 3399 2725 3452 uttocum
2753 3386 3096 3455 Augustinus,
3129 3401 3234 3440 non
3262 3388 3371 3456 jam
3392 3374 3773 3441 ublectandiaui-

2252 3476 2324 3530 ni
2370 3477 2533 3545 gratia
2578 3476 2903 3547 pra-ludens.
2946 3489 3003 3533 ut
3042 3489 3197 3534 antea
3242 3494 3364 3534 eum
3419 3473 3666 3534 Licentia.
3702 3462 3774 3522 sed

2251 3580 2329 3619 sei
2343 3565 2393 3617 io
2419 3566 2560 3619 velut
2590 3581 2701 3621 rem
2726 3567 3090 3635 graviSsimam
3120 3569 3361 3637 agitavit.
3394 3568 3470 3622 Eo
3497 3574 3656 3620 Latncn
3679 3558 3772 3618 die.

2251 3668 2310 3711 ut
2347 3668 2401 3711 et
2437 3666 2651 3725 postero
2671 3699 2686 3721 ,
2720 3659 3066 3728 qumstionem
3110 3658 3473 3714 tantumita-do
3504 3652 3773 3709 deliberant.

2252 3747 2451 3804 Verum
2482 3747 2570 3803 die
2610 3749 2793 3811 tertio,
2830 3763 2951 3804 cum
2982 3750 3094 3818 ipse
3135 3750 3359 3820 Alypius
3392 3743 3774 3803 Academiairum

2250 3852 2483 3901 causam,
2503 3853 2658 3907 quam
2677 3837 2940 3904 tuebatur,
2967 3838 3315 3903 deseruisset,
3332 3846 3491 3892 totam
3511 3825 3776 3901 disputatio-

2250 3943 2372 3983 nem
2388 3929 2708 3998 Augustinus
2732 3930 2969 3984 oratione
2991 3930 3124 3985 bene
3145 3930 3298 4000 longa
3324 3927 3573 3985 conclusit
3595 3936 3677 3976 :es
3699 3928 3777 3985 qua

2252 4020 2486 4089 profecto
2526 4020 2765 4075 oratione
2807 4021 3092 4090 periculum
3139 4037 3324 4077 eorum
3353 4021 3441 4092 qui
3478 4035 3538 4075 ex
3564 4004 3777 4085 ιιι-οικιιιίιί

2197 4111 2200 4115 ’
2250 4110 2497 4179 Opinione
2540 4112 2698 4165 vitam
2726 4111 3002 4166 instituunt
3030 4110 3216 4181 (Ibid,
3235 4112 3326 4167 lib.
3359 4113 3413 4177 5,
3440 4127 3525 4164 ιιιι.
3559 4107 3641 4164 35,
3665 4097 3775 4165 56)·

2253 4201 2485 4271 prudens
2520 4201 2743 4272 quisque
2783 4201 2912 4256 satis
2959 4202 3232 4273 intelligat.
3277 4199 3612 4258 Academicos
3652 4190 3778 4246 etiam

2251 4307 2475 4362 purgare
2502 4291 2798 4357 contendit,
2820 4302 2875 4346 et
2893 4293 3176 4349 ostendere
3205 4294 3257 4348 in
3288 4309 3349 4349 ea
3378 4292 3496 4346 illus
3523 4302 3621 4343 non
3649 4280 3777 4337 fuisse

2248 4385 2529 4449 sententia,
2580 4392 2638 4438 ut
2682 4400 2865 4439 verum
2916 4385 3137 4441 inveniri
3186 4401 3295 4441 non
3342 4400 3496 4455 posse
3542 4375 3779 4434 crederet“

2255 4474 2441 4547 (Ibid.,
2462 4493 2549 4529 nn.
2583 4477 2671 4542 37,
2697 4477 2810 4545 38).
2830 4477 2959 4545 Quie
2983 4478 3284 4546 conjectura
3315 4478 3455 4532 utilis
3480 4482 3608 4537 erat,
3635 4468 3672 4523 si
3697 4475 3778 4518 non

2247 4576 2392 4620 certa
2412 4567 2601 4637 (Epist.
2629 4568 2700 4636 l).
2719 4566 2979 4624 Observat
3002 4569 3175 4622 adhuc
3201 4569 3372 4624 varias
3391 4560 3779 4639 philosmilmmm

2247 4664 2418 4710 sectas
2441 4656 2508 4710 ad
2532 4673 2686 4711 unam
2715 4666 2836 4713 tunc
2865 4658 3103 4714 redactas
3125 4659 3310 4713 videri.
3329 4658 3585 4712 Caeterum
3609 4666 3664 4706 ea
3690 4644 3778 4700 ὦς’

2244 4749 2474 4816 ceptatio
2495 4749 2818 4818 argumentis
2851 4749 3312 4813 Academicorum,
3341 4765 3457 4818 quae
3484 4746 3612 4801 forte
3646 4755 3675 4794 η
3694 4750 3777 4804 ’8³⁸

2244 4840 2375 4895 tium
2403 4840 2574 4895 adlmc
2600 4840 2950 4904 lacessebant,
2968 4841 3200 4895 anintnm
3224 4840 3339 4909 ejus
3360 4840 3636 4893 miserante
3648 4838 3777 4896 alque
3880 4868 3881 4909 ξ

2244 4928 2524 4997 adjuvante
2547 4929 2655 4983 Deo
2681 4929 2946 4999 expedivit
2974 4928 3222 5001 (Relract.
3250 4929 3318 4983 lib
3361 4928 3413 4993 1,
3431 4943 3543 4996 cap.
3572 4924 3619 4987 1,
3643 4936 3689 4972 ιι.
3720 4913 3776 4980 llo
3880 4913 3881 4961 Ῑ

2244 5017 2474 5088 illudque
2515 5019 2720 5087 penitus
2760 5020 2970 5087 abrupit
3012 5019 3394 5082 retinaculnm,
3425 5032 3527 5088 quo
3549 5014 3613 5067 ab
3648 5008 3778 5063 ubere

2244 5109 2610 5179 pliilosOphiai,
2639 5109 3010 5179 desperatione
3042 5110 3347 5165 inveniendi
3374 5109 3480 5163 veri
3503 5147 3516 5168 ,
3545 5116 3682 5158 mens
3704 5106 3777 5148 sua

2243 5210 2367 5256 ante
2393 5202 2795 5255 conversionem
2821 5200 3183 5255 refrenabatnr
3205 5202 3393 5273 (Epist.
3421 5202 3471 5265 1,
3493 5215 3543 5251 ιι.
3566 5193 3645 5265 5).
3661 5190 3776 5257 003'

2244 5302 2462 5363 propter
2485 5292 2645 5348 linem
2674 5293 2824 5362 operi
2856 5293 3152 5362 imponens,
3182 5293 3461 5362 proﬁtetur
3483 5305 3540 5343 sc
3569 5286 3631 5340 de
3654 5295 3775 5336 eom-

2242 5385 2476 5456 paranda
2501 5386 2756 5455 sapientia
2786 5399 2891 5439 non
2919 5386 3143 5454 amplius
3171 5385 3475 5454 desiierarc,
3506 5393 3657 5448 seque
3682 5368 3777 5424 huic

2242 5477 2617 5547 adipiscendae,
2653 5477 2968 5544 posthabitis
2990 5477 3195 5531 caneris
3217 5476 3463 5531 omnibus
3482 5486 3594 5543 qum
3614 5472 3776 5523 morta-

2243 5568 2320 5622 les
2345 5569 2521 5641 magni
2548 5567 2766 5631 l‘aciunt,
2786 5567 3031 5621 insudare
3051 5568 3331 5630 statuisse;
3359 5577 3580 5632 cumque
3597 5552 3778 5629 go'llliﬂo

2214 5654 2498 5730 opondere,
2540 5659 2869 5713 auctoritatis
2915 5669 3072 5729 atque
3107 5657 3345 5721 rationis,
3391 5655 3457 5709 ad
3499 5643 3778 5708 discendum

2245 5753 2595 5825 impellamur,
2648 5765 2708 5804 se
2759 5766 3015 5821 nusquam
3058 5752 3087 5805 ὲ
3126 5750 3322 5808 Christi
3364 5746 3687 5808 lauetoritate.
3733 5738 3779 5788 ιιι
