3950 6282
597 310 701 374 £33

593 443 684 483 nec
719 426 879 481 oculis
905 428 1097 484 carneis
1126 428 1178 482 in
1210 428 1307 483 isto
1345 428 1452 483 sole
1476 428 1842 499 qtacrebantur.
1886 430 1931 484 0
1954 430 1998 484 si
2023 430 2161 485 vide-

590 528 698 573 rent
739 528 985 573 internum
1033 529 1296 581 tvternum.
1353 522 1488 591 quod
1530 538 1621 591 ego
1662 522 1780 591 quia
1824 536 2157 592 gustaveram,

588 607 876 676 frendebam
897 648 914 672 ,
942 612 1174 677 quoniam
1220 626 1320 665 non
1363 612 1433 664 eis
1473 621 1693 681 poteram
1742 614 2044 670 ostendere!
2082 613 2162 669 lbi

587 699 752 762 enim,
789 708 872 754 ubi
912 701 1036 754 utihi
1072 702 1230 756 iratus
1256 719 1389 755 erant
1430 703 1561 757 intus
1605 704 1657 758 in
1682 705 1870 765 cubili.
1902 705 1985 760 ubi
2020 723 2155 761 com-

587 801 802 857 punctus
856 808 991 844 eram
1011 834 1024 849 .
1054 793 1139 845 ubi
1175 794 1568 859 sacrificavi-ram
1609 808 1831 851 mactans
1869 808 2158 875 vetustatem

587 894 768 941 meum,
789 890 837 933 et
858 882 1088 936 inchoata
1114 885 1430 939 meditatione
1449 889 1779 942 reaovationis
1808 906 1931 944 mea:
1952 908 2157 959 sperans

586 970 638 1023 in
684 980 752 1034 te,
785 972 853 1025 ibi
903 973 1027 1027 mihi
1076 976 1355 1031 dulcescere
1402 994 1651 1047 asperas,
1693 991 1740 1034 et
1775 982 1985 1037 dederas
2027 985 2154 1038 luiti-

589 1063 710 1117 tinm
733 1064 784 1117 in
813 1066 961 1119 corde
986 1083 1113 1120 meo.
1157 1067 1220 1121 Et
1246 1068 1583 1125 ea'clamabam
1615 1072 1779 1142 legens
1806 1074 1911 1127 lucc
1937 1075 2077 1142 foris.
2110 1085 2156 1129 et

588 1169 861 1223 agnoscens
887 1156 1051 1221 intus;
1089 1174 1179 1211 nec
1212 1160 1432 1213 volebam
1460 1161 1784 1233 tunltipltcari
1822 1166 2026 1218 terrenis
2062 1166 2154 1219 bo-

588 1246 687 1309 nis,
720 1248 962 1300 devorans
1005 1258 1260 1318 tempora.
1288 1260 1334 1305 et
1378 1254 1641 1308 devoratus
1681 1257 2018 1324 temporibus;
2042 1274 2151 1311 cum

587 1337 815 1391 haberent
841 1338 893 1392 in
919 1350 1106 1393 (eterna
1133 1342 1453 1411 simplicitate
1479 1345 1620 1398 aliud
1645 1351 1947 1417 frumentum
1988 1358 2033 1401 et
2074 1350 2151 1403 vi-

586 1444 704 1482 num
742 1439 787 1483 et
815 1429 996 1483 oleam.
1042 1430 1105 1484 Et
1140 1434 1416 1488 clamabam
1440 1436 1492 1489 in
1530 1440 1842 1506 consequenti
1867 1456 2006 1494 versu
2044 1439 2151 1495 cla-

585 1535 720 1573 more
745 1524 847 1575 alto
865 1523 1029 1575 cordis
1056 1539 1148 1576 mei
1174 1541 1216 1576 τι
1242 1525 1286 1578 0
1307 1525 1357 1578 in
1388 1529 1647 1597 piceloin
1669 1529 1885 1598 idipsum
1899 1532 1949 1585 1»
1978 1550 2007 1585 ο
2030 1532 2152 1603 quid

584 1610 732 1675 dixit,
754 1630 773 1662 ι
816 1612 1137 1666 Ubdormiunt
1158 1626 1201 1667 ct
1221 1633 1451 1670 somnum
1480 1620 1714 1689 rapiam!
1742 1621 2019 1685 »Οιιοιιιιιιιι
2039 1625 2151 1693 quis

583 1706 772 1754 resistet
798 1704 955 1761 nobis.
987 1720 1099 1757 cum
1123 1706 1207 1773 ﬁet
1228 1724 1390 1760 sermo
1408 1709 1493 1777 qui
1509 1712 1727 1780 scriptus
1752 1723 1822 1766 est
1842 1734 1885 1778 ,ι
1906 1715 2150 1785 Alrsorpta

580 1799 652 1843 est
678 1808 811 1845 mors
836 1794 887 1847 in
905 1794 1161 1849 victoriam
1188 1818 1206 1850 ι
1234 1796 1277 1867 (l
1301 1796 1416 1853 Cor.
1442 1816 1529 1862 xv,
1552 1802 1663 1873 54).
1695 1803 1757 1856 Et
1783 1816 1833 1858 tn
1857 1822 1906 1858 es
1931 1807 2148 1878 idipsum

580 1881 726 1935 valde
750 1885 836 1953 qtti
864 1903 963 1939 non
989 1890 1238 1953 mutaris;
1262 1899 1309 1943 et
1336 1891 1387 1943 itt
1414 1902 1460 1945 te
1485 1896 1674 1963 requies
1698 1897 1986 1953 obliviscens
2009 1900 2148 1954 labo-

578 1988 690 2025 rum
720 1975 962 2041 omnium,
992 1981 1226 2047 quoniam
1266 1980 1435 2036 nullus
1462 1982 1594 2039 alius
1622 1996 1810 2053 tecum,
1843 2006 1929 2043 nec.
1952 1991 2021 2043 ad
2043 1990 2147 2045 alia

582 2064 740 2117 nmlta
768 2066 1091 2135 adipiscenda
1114 2088 1227 2141 qnte
1252 2090 1351 2126 non
1378 2085 1493 2128 sunt
1517 2079 1716 2147 quodtu
1740 2094 1759 2141 ;
1783 2081 1871 2133 sed
1904 2101 1922 2132 ι
1949 2092 2020 2145 ιιι,
2039 2082 2145 2138 Do-

582 2156 749 2218 mine.
775 2159 1095 2229 singulariter
1121 2163 1173 2217 in
1208 2180 1298 2233 spe
1347 2169 1646 2224 constituisti
1681 2188 1774 2225 me.
1814 2193 1833 2227 ι
1877 2172 2141 2245 Legebam,

576 2257 623 2300 et
650 2249 921 2317 ardebant;
955 2269 1044 2307 nec
1075 2255 1379 2311 iuveni.bam
1406 2261 1528 2329 quid
1572 2265 1785 2331 facerem
1812 2266 1978 2320 surdis
2006 2285 2143 2321 mor-

574 2338 688 2400 tuis,
721 2356 784 2393 ea:
810 2342 988 2410 quibus
1018 2346 1212 2415 fueram
1247 2350 1418 2415 pestis.
1447 2349 1660 2404 latrator
1683 2370 1886 2409 amarus
1913 2368 1959 2409 et
1982 2373 2145 2412 aecus

574 2429 810 2484 adversus
834 2434 1024 2487 litteras
1050 2436 1110 2488 de
1132 2436 1279 2491 melle
1314 2439 1425 2492 caeli
1451 2440 1670 2504 melleas.
1705 2454 1750 2497 et
1778 2444 1842 2498 de
1859 2445 2143 2501 Itin-inemo

573 2520 846 2575 luminosae
870 2537 889 2575 :
907 2532 954 2576 ct
996 2540 1148 2592 super
1195 2526 1408 2583 inimicis
1436 2528 1714 2600 Scriptum:
1749 2533 1900 2605 hujus
1929 2535 2118 2592 tabesce

571 2606 702 2671 bant,
736 2612 938 2679 quando
970 2613 1269 2669 recordabar
1295 2619 1462 2671 omnia
1488 2620 1680 2675 dierum
1708 2623 1910 2679 illorum
1938 2626 2141 2695 feriato-

570 2714 681 2750 runt
708 2698 957 2773 (Confees.
981 2704 1067 2759 lib.
1090 2704 1145 2770 9,
1165 2722 1277 2777 cap.
1300 2709 1353 2772 4,
1382 2726 1434 2763 ιι.
1458 2710 1492 2765 8
1512 2743 1526 2750 -
1550 2710 1657 2785 12).

639 2789 692 2845 5.
731 2791 840 2847 Sub
867 2794 916 2849 id
943 2804 1167 2868 tempus,
1193 2809 1249 2854 ttt
1272 2801 1497 2862 videtur.
1524 2804 1757 2861 inolitam
1781 2806 1990 2877 jurandi
2011 2826 2139 2866 con-

565 2881 916 2943 suetudinem.
939 2902 1094 2956 quam
1116 2902 1471 2960 contraxerat,
1490 2897 1805 2952 emendavit.
1845 2898 2137 2957 iuravimus

566 2979 616 3026 et
651 2990 742 3027 nos
788 2977 994 3043 passim,
1031 2979 1105 3033 ait
1145 2979 1255 3049 ipse
1293 2984 1357 3037 ad
1400 2988 1644 3054 popultttn
1679 3004 1852 3052 suum,
1875 2991 2139 3049 habuimus

563 3063 711 3116 istam
754 3070 1053 3121 teterrimam
1096 3075 1500 3130 consuetudinem
1548 3090 1591 3131 et
1640 3082 1965 3151 mortiferam.
2010 3084 2136 3140 Dico

564 3149 811 3207 Charitati
838 3166 1055 3221 vestrae;
1081 3175 1145 3213 ea:
1165 3178 1261 3230 quo
1292 3160 1399 3218 Deo
1424 3167 1607 3222 servire
1629 3170 1884 3239 capimus,
1909 3182 1954 3226 et
1973 3190 2134 3246 quan-

564 3251 669 3295 tum
701 3245 889 3299 malum
912 3247 977 3302 sit
1002 3249 1054 3302 in
1092 3254 1314 3319 periurio
1343 3256 1576 3325 vidimus,
1604 3262 1856 3318 timuimus
1880 3245 2136 3324 vehemen-

563 3342 656 3396 ter,
680 3345 727 3389 et
746 3339 1192 3396 veternosissimam
1213 3349 1615 3404 consuetudinem
1636 3352 1811 3409 timore
1833 3359 2136 3428 [reuatimus

563 3423 755 3493 (Serm.
782 3429 902 3492 180,
931 3447 984 3484 ιι.
1015 3432 1120 3505 10).
1147 3432 1381 3493 Luetatus
1408 3456 1517 3494 sum
1542 3454 1713 3498 contra
1732 3423 2134 3507 consuetudinem

562 3521 808 3579 meam.in
852 3524 962 3586 ipsa
990 3526 1256 3583 luctatione
1284 3530 1506 3588 invocavi
1530 3533 1801 3593 Dominum
1829 3541 2129 3607 adiutorem.

561 3605 805 3665 Prwstitit
830 3614 954 3668 ntilti
984 3615 1230 3673 Dominus
1252 3622 1561 3693 adjutorium
1588 3645 1685 3683 non
1700 3605 1935 3701 jurandi.
1986 3633 2134 3691 Nihil

560 3700 684 3798 mihi
709 3703 910 3772 [ritilius
947 3716 1049 3771 est,
1079 3725 1229 3779 quam
1255 3728 1353 3767 non
1392 3714 1571 3785 jurare
1594 3700 1788 3787 (Serm.
1815 3722 1937 3785 307,
1968 3741 2022 3779 ιι.
2050 3724 2128 3798 5).

559 3785 784 3845 Frenata
807 3793 945 3862 (lure
960 3802 1305 3872 consuetudo)
1322 3785 1653 3877 restringitur,
1676 3812 1900 3867 restricta
1926 3785 2132 3886 langue-

555 3880 667 3943 scit,
684 3882 1010 3955 languescens
1024 3892 1282 3959 emoritur,
1297 3905 1343 3948 et
1358 3898 1505 3951 mala:
1518 3902 1864 3957 consuetudini
1877 3904 2003 3960 bona
2024 3924 2131 3961 suc-

554 3971 683 4060 cedit
702 3974 892 4043 (Serm.
915 3978 1035 4045 180,
1051 3998 1101 4035 ιι.
1125 3982 1229 4054 10).
1256 3984 1327 4040 Ex
1342 4004 1407 4041 eo
1421 3995 1659 4060 tempore
1675 3992 1845 4049 adhuc
1864 3995 2127 4055 interdum

553 4059 784 4130 iurabat,
806 4067 897 4121 sed
926 4085 1111 4139 magna
1138 4077 1448 4131 necessitate
1472 4059 1796 4150 compulsus.
1835 4083 1964 4139 Nam
2005 4101 2126 4142 cum

558 4149 768 4207 vidi-bat
795 4155 893 4210 sibi
924 4172 1028 4212 non
1057 4162 1202 4215 credi
1232 4165 1330 4219 nisi
1369 4164 1592 4234 iuraret,
1618 4180 1673 4224 et
1697 4171 1744 4225 ei
1774 4173 1864 4241 qui
1892 4175 1989 4229 sibi
2021 4191 2126 4231 non

558 4241 829 4309 credeltat,
861 4262 965 4303 non
993 4251 1243 4321 expedire
1266 4256 1407 4324 quod
1438 4273 1541 4312 non
1571 4259 1844 4326 crederet;
1875 4263 1973 4320 bac
2010 4281 2125 4335 per-

555 4345 715 4402 pensa
746 4337 949 4395 ratione
991 4349 1045 4394 et
1089 4343 1511 4402 consideratione
1549 4348 1756 4412 libmta.
1781 4368 1899 4407 cum
1935 4369 2124 4425 magno

552 4423 740 4481 timore
772 4428 979 4485 dict'lmt
1024 4432 1197 4488 verbis
1225 4434 1385 4490 Paulo
1413 4439 1758 4508 solemnibus,
1794 4440 1975 4501 Coram
2015 4446 2123 4504 Deo

554 4512 765 4609 (“Calan
785 4533 823 4582 ι,
845 4518 951 4590 20)
976 4540 991 4585 ς
1020 4532 1131 4585 aut.
1158 4522 1320 4580 Testis
1350 4538 1421 4583 est
1444 4527 1581 4586 Deus
1606 4530 1777 4602 (Rom.
1814 4551 1851 4600 ι,
1872 4540 1930 4609 9)
1953 4557 1968 4603 ;
1995 4550 2081 4595 ant
2101 4582 2117 4608 ,

558 4602 670 4699 Scit
698 4604 924 4699 Christus
951 4614 1022 4665 sic
1066 4631 1173 4669 esse
1206 4617 1259 4669 in
1284 4619 1455 4674 animo
1492 4638 1601 4676 meo
1635 4622 1709 4694 (ιι
1734 4623 1851 4681 Cor.
1880 4602 1961 4695 xit,
1988 4602 2115 4699 3|);

555 4693 845 4764 cujusmodi
890 4699 1173 4768 juramcnti
1218 4708 1455 4776 exempla
1494 4710 1544 4764 in
1580 4693 1694 4783 ejus
1733 4693 1951 4786 scriptis
1982 4719 2120 4774 forte

556 4787 806 4842 nonnulla
834 4790 1033 4847 videas.
1074 4795 1227 4850 Extra
1260 4797 1394 4854 banc
1431 4806 1795 4861 neceSsitatcm
1821 4809 1998 4864 nullus
2022 4825 2118 4865 un-

568 4891 708 4947 tnam
732 4893 854 4935 eum
883 4882 1147 4952 jnrantetu
1185 4889 1400 4945 audivit.

620 4969 673 5023 4.
714 4968 843 5025 Dum
889 4985 1101 5032 satu-tus
1131 4976 1221 5032 Vir
1248 4980 1297 5034 in
1342 4997 1439 5037 suo
1480 5000 1689 5041 secessu
1732 4987 1967 5058 degeret,
1994 5004 2113 5045 eum

552 5056 693 5113 Deus
720 5070 826 5117 lant
853 5077 1006 5121 acuto
1033 5067 1267 5125 dentium
1295 5074 1479 5131 dolore
1512 5079 1743 5148 torqueri
1772 5056 2027 5150 permisit,
2058 5091 2116 5137 ut

550 5164 730 5221 parem
755 5170 1018 5228 nunquam
1042 5174 1183 5220 esset
1225 5179 1494 5235 expertus.
1538 5172 1781 5225 Animum
1824 5172 1889 5225 ad
1915 5172 2112 5243 aliquid

542 5240 612 5297 de
642 5257 779 5298 novo
801 5248 1110 5309 diu-emtum
1152 5257 1423 5314 intendere
1453 5277 1555 5314 non
1584 5271 1806 5330 poterat,
1849 5272 1901 5317 et
1937 5264 2017 5317 vix
2049 5279 2111 5319 ea

540 5348 659 5405 qua:
684 5336 793 5406 jam
830 5339 963 5398 forte
1005 5344 1279 5413 didicerat,
1320 5364 1499 5404 secum
1542 5352 1654 5420 ipse
1695 5354 1953 5409 volvebat.
2000 5354 2110 5412 Sibi

544 5432 717 5481 tamen
746 5432 1039 5499 videbatur,
1072 5438 1115 5492 si
1148 5439 1383 5493 seruatis
1406 5441 1660 5509 splendor
1700 5448 1860 5498 mvnzi
1889 5462 1997 5501 sua:
2027 5446 2107 5503 ef-

540 5514 778 5587 fulgeret,
810 5535 894 5576 aut
933 5539 991 5578 se
1023 5542 1127 5578 ron
1167 5544 1446 5581 sensurum
1481 5530 1639 5585 l'ni~se
1680 5535 1819 5587 illum
1846 5536 2104 5607 dolorem,

538 5622 622 5661 aut
654 5622 799 5663 cette
830 5614 925 5666 lari
950 5615 1032 5670 ies
1078 5630 1107 5668 Ic
1133 5617 1418 5671 leniturum
1448 5621 1681 5691 (Soliloq.
1717 5626 1802 5679 lib.
1838 5627 1884 5691 Ι,
1911 5645 1962 5681 ιι.
1988 5629 2102 5701 2|).

535 5698 607 5759 At
631 5700 785 5766 Deus,
819 5706 907 5778 qui
947 5724 1066 5762 utut
1113 5717 1220 5766 tam
1260 5710 1426 5785 rigide
1468 5716 1779 5790 castigavit,
1823 5718 1967 5783 illum
1996 5698 2103 5790 non

1729 312 1885 372 \‘l'l‘A
1923 314 1982 372 s.
2022 312 2741 379 AUGUSTINIEPISCOPI.
3711 338 3785 402 ig

2270 433 2444 488 minus
2494 437 2720 492 mirabili
2756 440 3025 498 celeritate
3052 443 3358 501 sublevavit.
3388 446 3513 503 Cum
3552 450 3698 516 dolor.
3726 457 3784 513 in-

2268 526 2399 595 quit,
2444 528 2496 582 in
2536 539 2727 584 tantum
2769 532 3155 603 ingravesceret,
3184 548 3238 592 ut
3279 557 3378 594 non
3418 544 3627 599 valerem
3666 545 3779 617 loqui.

2266 619 2487 671 ascendit
2510 620 2561 673 iu
2587 637 2673 675 cor
2693 639 2856 677 meum
2874 625 3143 681 admonere
3159 646 3329 683 ontnes
3353 649 3487 687 meos
3503 635 3589 703 qui
3602 637 3782 707 adﬂant,

2267 722 2320 764 ut
2354 713 2737 782 deprecarentur
2779 727 2828 771 te
2854 736 2945 789 pro
2985 737 3081 783 me,
3112 719 3271 775 Deum
3309 722 3486 778 salutis
3512 728 3784 786 omnimodis.

2269 800 2332 855 Et
2357 804 2533 873 scripsi
2560 806 2652 861 hoc
2678 808 2728 860 in
2754 826 2890 872 cera,
2917 820 2962 864 et
2988 811 3105 863 (1(άὶ
3130 823 3182 865 ιιι
3209 816 3279 865 eis
3309 816 3571 885 legeretur.
3615 818 3719 873 llos:
3748 836 3785 877 tu

2263 909 2425 963 genua
2450 898 2668 965 supplici
2687 898 2869 964 a/fectu
2902 901 3121 959 ﬁximus.
3147 904 3271 972 fugit
3296 904 3439 957 dolc-r
3458 906 3563 960 ille.
3596 907 3687 964 Sed
3706 915 3786 975 quis

2263 984 2447 1039 dolor?
2492 996 2580 1040 aut
2629 990 2880 1057 quomodo
2913 993 3085 1062 fugit?
3128 992 3341 1058 lfa'pavi,
3388 1000 3569 1067 fateor.
3619 998 3787 1058 Domine

2262 1088 2415 1137 meus,
2450 1073 2585 1130 Dens
2625 1094 2759 1132 meus
2782 1094 2801 1141 ,°
2828 1080 2956 1133 nihil
2978 1082 3107 1135 enim
3136 1084 3237 1137 tale
3259 1085 3322 1137 ab
3351 1086 3549 1141 ineunte
3578 1099 3705 1145 actate
3724 1110 3785 1145 rs-

2260 1174 2429 1233 pertns
2456 1166 2667 1233 fueram.
2702 1168 2766 1222 Et
2787 1170 3029 1224 insinuati
3052 1183 3165 1227 sunt
3192 1176 3313 1228 mihi
3335 1176 3385 1229 in
3407 1182 3654 1247 profundo
3674 1194 3785 1238 ιιιιιιιι

2260 1253 2373 1317 tui;
2399 1264 2443 1307 et
2470 1257 2692 1325 gaudens
2720 1260 2771 1311 in
2806 1260 2908 1327 ﬁde
2937 1260 3141 1314 laudari
3165 1280 3341 1317 nomen
3380 1276 3539 1320 tuum.
3584 1268 3645 1323 Et
3672 1288 3718 1324 ea
3738 1274 3785 1337 li-

2257 1341 2345 1397 des
2373 1360 2450 1397 me
2477 1363 2705 1400 securum
2750 1365 2857 1403 esse
2881 1367 2979 1404 non
3008 1352 3199 1407 sinebat
3226 1355 3290 1407 de
3317 1360 3583 1423 prtvteritis
3618 1364 3787 1430 percutis

2256 1433 2397 1498 meis,
2426 1451 2537 1502 qua:
2565 1438 2685 1491 mihi
2712 1456 2801 1510 per
2829 1438 3142 1510 Baptisntum
3182 1454 3320 1498 tuum
3358 1449 3569 1504 remissa
3606 1454 3783 1507 nondum

2254 1536 2393 1577 erant
2420 1524 2669 1596 (Confess.
2699 1529 2785 1583 ιιι».
2811 1531 2862 1593 9,
2893 1549 2944 1586 ιι.
2974 1531 3083 1604 12).

2324 1614 2376 1669 5.
2410 1614 2510 1671 l’er
2540 1616 2588 1670 id
2618 1620 2868 1688 temporis
2892 1622 3109 1688 piusille
3123 1621 3545 1685 Cascelmmenos
3569 1647 3683 1685 suos
3703 1633 3784 1687 edi-

2253 1702 2330 1758 dit
2365 1704 2770 1776 Soliloquiorum
2809 1711 2989 1778 libros,
3018 1713 3283 1784 inquibus
3322 1717 3627 1775 interiorem
3663 1724 3785 1778 animi

2252 1795 2331 1850 sui
2374 1807 2567 1852 Statum
2603 1802 2908 1857 mimbiliter
2943 1804 3203 1873 exprimit.
3246 1807 3526 1863 Proﬂtetnr
3566 1813 3617 1866 in
3644 1815 3785 1884 primis

2250 1897 2311 1940 se
2338 1888 2502 1941 teneti
2545 1887 2836 1944 incredibili
2871 1893 3098 1963 quodam
3137 1895 3400 1951 desiderio
3430 1898 3594 1954 Deum
3633 1919 3787 1973 cogito-

2249 1977 2465 2041 scendi;
2500 1994 2670 2048 neque
2698 1981 2833 2035 St‘il'c
2862 1997 2921 2037 se
2945 1982 3163 2054 aliquid,
3195 1987 3460 2054 quomodo
3488 1989 3630 2047 SCiI‘e
3658 1992 3785 2047 Deum

2248 2068 2388 2135 cupit
2429 2068 2667 2140 (Soli/01.
2696 2070 2781 2125 lib.
2804 2073 2824 2127 l
2848 2114 2863 2137 ,
2890 2089 2941 2126 ιι.
2968 2074 3022 2142 7)
3054 2092 3067 2127 :
3097 2090 3200 2129 non
3243 2078 3384 2132 enim
3424 2080 3521 2133 sibi
3562 2094 3642 2137 sat
3678 2099 3786 2144 es~e.

2248 2156 2291 2210 si
2335 2159 2495 2213 Dento
2538 2161 2615 2213 sie
2656 2170 2873 2226 ιιοδριιι,
2905 2164 3169 2232 quomodo
3209 2181 3360 2220 sumn
3393 2170 3535 2224 novit
3578 2172 3787 2244 Alypium

2248 2245 2506 2319 (lbid.,n.
2548 2250 2650 2320 8),
2691 2264 2782 2306 attt
2834 2254 3059 2308 certiora
3116 2255 3501 2314 mathematica:
3548 2263 3787 2331 principia,

2244 2353 2363 2407 qua:
2388 2355 2494 2409 [me
2523 2342 2611 2395 Dei
2638 2357 2820 2398 amore
2840 2359 2903 2397 ex
2928 2344 3066 2398 illius
3087 2361 3219 2415 pene
3244 2354 3497 2403 memoria
3518 2354 3790 2407 exciderant

2247 2429 2431 2500 (lbid.,
2454 2448 2541 2486 nn.
2572 2434 2659 2496 l0,
2701 2434 2810 2505 il).
2849 2435 2981 2490 Cum
3014 2437 3123 2506 ipse
3158 2452 3189 2492 ιι
3219 2452 3277 2492 se
3300 2442 3508 2508 qua-rit,
3533 2460 3600 2497 an
3626 2443 3789 2514 aliquid

2246 2533 2437 2589 prwter
2464 2522 2551 2575 Dei
2578 2523 2763 2593 suique
2792 2526 3028 2579 notitiam
3065 2537 3237 2582 amet:
3272 2526 3480 2583 Possem
3500 2533 3788 2601 respondere.

2244 2612 2430 2683 inquit,
2460 2612 2589 2667 nihil
2615 2632 2692 2669 me
2718 2632 2889 2669 amare
2912 2618 3161 2687 amplius,
3190 2636 3283 2689 pro
3311 2638 3368 2675 eo
3405 2639 3555 2677 sensu
3588 2625 3673 2697 qui
3694 2624 3790 2677 mihi

2242 2719 2374 2757 nunc
2400 2715 2504 2769 est;
2532 2706 2619 2758 sed
2642 2707 2798 2760 tutius
2827 2709 3120 2776 respondeo,
3151 2714 3338 2765 nescire
3373 2728 3469 2766 tne.
3513 2712 3653 2767 Nam
3683 2730 3791 2783 sirpe

2241 2793 2365 2846 mihi
2394 2810 2487 2847 usu
2514 2795 2641 2848 venit
2665 2837 2680 2859 ,
2710 2805 2760 2850 ut
2786 2813 2900 2850 cum
2928 2798 3031 2852 alia
3060 2799 3200 2853 nulla
3229 2816 3282 2853 re
3306 2816 3384 2854 me
3408 2804 3657 2858 crederem
3682 2820 3791 2858 com-

2240 2885 2443 2945 moveri,
2464 2889 2649 2940 venint
2671 2900 2832 2941 tamen
2861 2889 3053 2959 aliquid
3072 2891 3123 2944 in
3150 2908 3379 2955 mentem,
3401 2896 3536 2963 quod
3560 2913 3639 2950 me
3660 2895 3790 2951 multo

2238 2975 2385 3029 aliter
2404 2986 2550 3045 atque
2570 2993 2984 3048 prtesumpseram
3006 2992 3262 3051 pangeret.
3306 2982 3437 3039 Item
3460 3002 3618 3056 sa'pe,
3644 3004 3791 3055 quant-

2238 3065 2311 3119 vis
2338 3066 2389 3118 in
2414 3067 2758 3137 cogitationem
2787 3086 2864 3124 res
2888 3071 3059 3138 aliqua
3088 3071 3313 3127 incidens
3342 3091 3441 3129 non
3472 3094 3551 3130 me
3580 3077 3793 3148 pervelle-

2237 3158 2322 3223 rit,
2337 3173 2503 3213 revera
2525 3167 2687 3215 tanten
2704 3162 2903 3216 veniens
2918 3164 3217 3233 perturbavit
3238 3187 3261 3237 ιη
3273 3166 3354 3221 lus
3376 3186 3525 3237 quam
3547 3171 3790 3241 putabam,-

2236 3249 2325 3301 sed
2348 3249 2496 3302 modo
2521 3250 2693 3303 videor
2721 3252 2841 3304 mihi
2868 3254 3023 3306 tribus
3049 3265 3241 3308 tantum
3269 3258 3413 3312 rebus
3434 3275 3581 3329 posse
3596 3278 3792 3315 commo-

2237 3340 2370 3394 veri:
2399 3350 2529 3394 ntetu
2554 3343 2838 3398 omissionis
2864 3361 3036 3399 eorum
3063 3362 3189 3413 quos
3215 3348 3373 3420 diligo
3391 3391 3406 3415 ,
3434 3361 3566 3406 metu
3600 3354 3788 3417 ἀνιυιὶε,

2235 3441 2368 3485 metu
2400 3434 2570 3487 mortis
2596 3432 2778 3504 (lbid.,
2801 3452 2854 3490 ιι.
2878 3436 2983 3509 l6).
3006 3438 3307 3495 Divitiarmn
3344 3451 3399 3497 et
3456 3460 3676 3500 onorum
3704 3460 3787 3500 cu-

2235 3524 2430 3596 piditas
2453 3527 2519 3581 ab
2542 3528 2656 3596 ejus
2684 3530 2861 3584 animo
2888 3531 3177 3586 exsulabat.
3214 3532 3521 3590 Nullatenus
3546 3552 3669 3593 eum
3702 3537 3789 3591 illi-

2234 3616 2406 3671 ciebat
2430 3616 2667 3673 ciborum
2693 3619 2996 3690 jucunditas
3026 3622 3078 3676 in
3118 3623 3209 3689 iis,
3247 3642 3276 3679 ιι
3315 3626 3506 3696 quibus
3539 3628 3790 3684 abstinere

2237 3716 2513 3765 statuerat.
2543 3712 2674 3767 Aliis
2701 3713 2913 3783 quidem
2962 3728 3067 3768 non
3101 3715 3215 3771 sine
3252 3718 3425 3790 aliqua
3455 3721 3791 3777 delectatione

2236 3800 2498 3864 utebatur,
2528 3802 2595 3857 ita
2626 3814 2799 3858 tamen
2832 3814 2885 3858 ιιι
2908 3804 3009 3858 illis
3035 3803 3184 3861 facile
3211 3816 3526 3877 temperaret
3549 3829 3561 3865 ε
3586 3828 3683 3867 nec
3707 3826 3789 3865 Il-

2232 3901 2391 3957 quam
2421 3906 2540 3944 enut
2569 3890 2806 3946 (illorum
2845 3893 3099 3963 appetitio
3122 3895 3189 3949 ab
3222 3896 3285 3950 tis
3314 3898 3490 3963 rebus,
3519 3916 3651 3969 quas
3685 3917 3789 3955 me-

2230 3978 2383 4035 ditari
2413 3982 2604 4047 vellet,
2639 3983 2911 4038 avocabat.
2948 3984 3180 4055 Denique
3202 4003 3266 4042 ex
3310 3989 3451 4053 cibo,
3500 4002 3638 4060 potu,
3685 3991 3787 4045 bal-

2232 4072 2364 4136 uois,
2396 4075 2705 4145 ca-terisquc
2742 4077 2792 4131 id
2820 4093 2987 4146 genus
3025 4097 3143 4152 qua:
3178 4080 3244 4135 ad
3287 4095 3478 4150 Corpus
3518 4085 3787 4151 penita-nt,

2231 4161 2282 4217 id
2315 4172 2514 4217 tantum
2540 4166 2869 4236 capessebat,
2896 4171 3035 4239 quod
3060 4187 3185 4226 cura
3206 4171 3517 4227 valetudinis
3541 4174 3787 4243 exigeret.

2228 4253 2379 4321 Quod
2408 4256 2472 4310 ad
2498 4259 2675 4312 uxoris
2704 4275 2937 4315 amorem
2962 4264 3187 4333 pertinet
3217 4282 3230 4318 :
3267 4263 3633 4330 Quantumlibet
3656 4266 3788 4327 velis,

2226 4347 2331 4412 ait,
2358 4365 2465 4403 eam
2490 4351 2692 4421 pingere
2715 4362 2865 4419 atque
2904 4355 3163 4411 cumulare
3198 4357 3338 4411 bonis
3376 4358 3601 4411 omnibus
3622 4398 3638 4421 ,
3670 4355 3791 4410 nihil

2227 4438 2351 4491 mihi
2378 4452 2480 4493 tam
2521 4442 2812 4511 fugiendum
2832 4483 2846 4503 .
2877 4460 3027 4513 quam
3070 4446 3384 4500 concubitum
3423 4465 3527 4502 esse
3560 4448 3750 4501 decreri
3775 4461 3793 4497 .-

2225 4528 2353 4582 uiltil
2388 4546 2494 4584 esse
2524 4532 2709 4597 sentio,
2752 4534 2885 4603 quod
2919 4537 3078 4607 ntagis
3105 4553 3167 4590 ex
3196 4554 3310 4591 arce
3343 4538 3545 4607 deficiat
3574 4541 3789 4592 animum

2222 4622 2433 4683 virilem.
2471 4640 2620 4694 quam
2653 4625 2988 4681 blandintenta
3026 4631 3272 4700 feminea,
3317 4646 3671 4701 corporumque
3709 4630 3792 4683 ille

2221 4722 2493 4779 contactus,
2527 4716 2633 4769 sine
2653 4733 2751 4786 quo
2776 4734 2904 4772 uxor
2925 4719 3095 4772 haberi
3118 4737 3217 4774 non
3252 4730 3430 4788 potest.
3462 4719 3639 4792 Itaque
3658 4722 3707 4774 si
3724 4720 3791 4772 ad

2222 4803 2435 4873 υῇἰείιιιιι
2464 4811 2671 4875 pertinet
2713 4810 2952 4879 sapientis
2976 4811 3110 4879 quod
3142 4810 3362 4864 nondum
3384 4816 3603 4884 comperi
3622 4855 3636 4875 ,
3664 4812 3790 4865 dare

2219 4912 2420 4965 cperant
2433 4896 2619 4963 liberis,
2634 4900 2854 4969 quisquis
2869 4902 2941 4955 rei
2949 4902 3096 4971 hujus
3113 4912 3304 4957 tantum
3316 4906 3478 4975 gratia
3491 4922 3621 4961 conc.
3644 4908 3785 4969 utbit,

2218 4989 2480 5044 mirandus
2513 4991 2636 5046 mihi
2674 4993 2829 5047 videri
2855 5006 3037 5065 potest,
3067 5005 3120 5050 at
3160 5013 3271 5051 vero
3305 4998 3607 5063 imitandus,
3643 5002 3787 5053 nullo

2218 5087 2366 5138 modo
2387 5103 2405 5140 :
2420 5103 2536 5140 nam
2566 5096 2754 5143 tentare
2768 5091 2861 5143 hoc
2879 5091 3207 5160 periculosius
3223 5102 3293 5146 est
3311 5134 3326 5157 ,
3344 5110 3494 5163 quant
3513 5111 3649 5165 posse
3662 5091 3786 5163 [eli-

2216 5178 2340 5232 cius.
2362 5177 2692 5245 Quamobrem
2706 5184 2846 5243 satis.
2864 5184 3031 5239 credo.
3040 5185 3179 5254 juste
3186 5194 3330 5254 atque
3346 5187 3534 5241 utiliter
3543 5203 3629 5257 pro
3642 5184 3774 5238 liber
3784 5214 3796 5223 ο

2217 5280 2318 5325 tate
2349 5272 2531 5327 anime
2553 5290 2676 5327 mea:
2712 5274 2835 5328 mihi
2871 5276 3128 5343 imperavi,
3167 5292 3265 5330 non
3294 5293 3495 5346 cupere,
3521 5295 3618 5333 non
3638 5291 3790 5341 W

2214 5375 2343 5427 rere,
2371 5379 2468 5416 non
2508 5364 2689 5418 ducere
2710 5380 2932 5419 uxorein.
2958 5364 3177 5420 Prorsus
3202 5367 3327 5421 nihil
3345 5368 3629 5439 Itujusmodi
3648 5379 3779 5435 qua:L

2213 5470 2291 5517 ro,
2323 5454 2449 5505 nihil
2472 5453 2721 5519 desidero,
2738 5454 2885 5507 etiam
2907 5470 3020 5508 cum
3046 5456 3252 5510 horrore
3276 5467 3423 5527 atque
3433 5456 3791 5527 aspernatione

2214 5547 2335 5599 talia
2368 5546 2619 5600 recordor.
2655 5545 2789 5612 Quid
2813 5547 2882 5601 vis
2908 5546 3162 5614 amplius?
3188 5548 3251 5603 Et
3277 5551 3371 5604 hoe
3387 5552 3510 5606 mihi
3528 5551 3708 5606 bonum
3730 5551 3788 5602 in

2211 5637 2317 5690 dies
2338 5638 2509 5690 crescit
2530 5652 2548 5691 :
2568 5654 2681 5690 nam
2710 5648 2894 5704 quanto
2918 5651 3128 5705 augetur
3151 5658 3263 5711 spes
3287 5644 3512 5697 videnda'
3524 5645 3651 5698 illius
3676 5655 3789 5709 qua

2210 5730 2515 5789 velunttenter
2542 5739 2698 5784 wstuo
2735 5729 3120 5803 pulchritudinis
3143 5774 3157 5801 ι
3199 5742 3336 5791 tanto
3374 5736 3443 5799 ad
3473 5734 3609 5797 illaut
3636 5740 3788 5807 totus
