3948 6404
115 350 206 412 ιω
1417 339 1621 402 LIBER
1655 339 2030 406 SECUNDUS.

114 480 241 520 ,ποτ
270 459 578 527 “(aptatque
615 454 921 511 convertitur
946 451 1180 525 (Saliloq.
1212 456 1300 510 lib.
1335 456 1399 519 i,
1442 473 1494 510 n.
1531 455 1638 527 l7).

116 556 357 614 Interdum
379 562 541 607 tamen
573 549 834 610 libidinis,
866 565 980 618 qua:
1009 558 1202 604 tautam
1226 549 1276 602 in
1303 565 1425 604 eum
1461 560 1642 620 tyran-

119 651 282 708 nidem
305 653 608 702 exercuerat.
641 643 857 698 acribus
884 642 1134 707 stimulis,
1182 642 1292 697 Deo
1322 644 1392 699 ita
1423 646 1642 715 permit-

125 753 278 798 teme.
301 738 587 809 pangebatur
618 753 634 790 :
668 743 728 790 ut
756 749 862 805 quo
886 748 917 789 e
956 734 1141 788 morbo
1177 735 1412 790 caelestis
1453 737 1644 792 medici

127 849 243 888 cura
269 832 479 885 evasisset
502 869 517 889 .
543 836 597 882 et
624 825 755 896 quid
787 825 841 880 in
882 839 940 881 se
981 835 1284 893 superesset
1327 826 1641 894 curandum,

131 931 409 995 agnosceret.
433 917 572 987 Quod
595 918 687 973 ubi
715 917 1042 987 contigisset,
1072 916 1272 986 pudore
1297 916 1642 972 suffundeba-

134 1031 213 1072 tur
229 1058 242 1079 ,
265 1017 348 1070 rint
386 1014 722 1083 lacrymarum
749 1013 907 1065 etiam
931 1024 1051 1064 cum
1080 1008 1399 1065 valetudinis
1425 1009 1645 1081 dispen-

133 1108 212 1163 dio
236 1104 559 1177 pt'oluudebal;
594 1102 729 1156 nihil
755 1101 857 1156 sibi
887 1101 1156 1172 polliceri.
1185 1100 1315 1156 nihil
1353 1102 1421 1156 de
1461 1116 1520 1157 se
1547 1117 1644 1156 au-

130 1200 600 1268 delntprarsumere;
625 1193 678 1248 id
721 1195 894 1249 Solum
919 1194 1092 1249 solatii
1134 1194 1396 1260 habebat,
1425 1194 1564 1265 quod
1595 1195 1669 1256 in,

129 1290 204 1344 Dei
224 1291 367 1344 sinum
394 1285 694 1356 mnfugeret
713 1327 729 1350 ,
760 1299 927 1354 seque
957 1285 1096 1340 illius
1127 1285 1470 1354 providentia:
1496 1299 1644 1338 com-

121 1379 328 1435 mitteret.
357 1375 447 1432 Ille
470 1378 594 1446 ipse,
625 1375 836 1437 aiebat,
863 1391 1011 1445 quem
1042 1375 1209 1429 uidere
1245 1377 1398 1430 ardeo
1417 1418 1432 1443 ,
1460 1377 1648 1430 noverit

115 1468 282 1538 quando
296 1467 381 1521 sim
397 1483 568 1530 unus;
579 1466 735 1537 faciat
753 1466 888 1536 quod
906 1465 1071 1536 placet
1087 1481 1107 1522 :
1122 1467 1326 1536 quando
1341 1467 1521 1537 placet,
1544 1483 1650 1522 sese

113 1562 302 1616 ostendat
316 1577 332 1623 ;
345 1561 449 1630 jam
469 1575 547 1611 me
565 1568 723 1612 totum
747 1559 856 1627 ejus
882 1557 1157 1612 clementia:
1179 1573 1408 1626 curruque
1422 1561 1650 1612 commit-

112 1662 167 1704 to.
187 1649 334 1704 Semel
351 1651 408 1703 de
437 1650 527 1702 illo
550 1647 764 1712 credidi,
796 1647 930 1718 quod
956 1647 1027 1700 sic
1052 1663 1169 1717 erga
1188 1664 1239 1701 se
1263 1645 1468 1714 affectos
1486 1648 1649 1701 suble-

109 1761 204 1798 vare
218 1759 303 1797 non
321 1751 484 1796 cesset.
520 1739 626 1812 Ego
653 1739 784 1793 nihil
798 1739 861 1792 de
884 1754 993 1792 mea
1012 1739 1248 1802 sanitate,
1267 1739 1363 1792 nisi
1379 1755 1490 1791 cum
1508 1738 1651 1791 illaut

109 1834 482 1905 pulchritudinem
505 1831 672 1884 videro
690 1870 706 1892 ,
739 1828 1074 1899 pronuntiabo
1119 1827 1278 1898 (Ibid.
1297 1871 1311 1891 ,
1327 1845 1378 1881 ιι.
1400 1827 1517 1896 26).
1542 1827 1650 1898 Ego

107 1925 241 1980 solam
258 1935 444 1993 propter
469 1939 522 1975 se
538 1936 654 1974 amo
669 1919 971 1989 sapientiam
992 1959 1007 1982 ,
1028 1919 1194 1987 inquit
1210 1935 1226 1978 ι
1249 1928 1427 1973 autem
1443 1934 1556 1972 vero
1577 1919 1652 1973 rel
1669 1992 1672 1995 ‘

109 2018 260 2070 adeste
277 2016 385 2068 mihi
403 2016 531 2078 rolo,
567 2013 644 2066 vel
676 2010 848 2066 deesse
883 2011 1030 2065 timeo
1055 2020 1258 2081 propter
1281 2011 1652 2083 ipsam,uitam,

106 2108 313 2179 quietem,
332 2103 522 2160 amicas.
538 2105 696 2170 Quem
719 2103 922 2157 modum
943 2113 1108 2156 autem
1123 2112 1280 2171 potest
1308 2103 1487 2155 habere
1512 2101 1652 2156 illius

106 2197 462 2268 pulchritudinis
479 2211 632 2256 amor,
659 2195 714 2248 in
743 2210 844 2262 qua
877 2208 978 2246 non
1003 2193 1164 2246 solum
1193 2209 1290 2246 non
1325 2191 1520 2246 invideo
1550 2208 1649 2245 σιε-

106 2287 232 2348 len't,
259 2286 344 2339 sed
361 2287 503 2340 etiam
529 2285 777 2352 plurimos
803 2298 975 2352 quem
993 2323 1010 2348 ,
1039 2283 1124 2352 qui
1150 2298 1343 2336 mecum
1375 2291 1614 2352 appetant
1631 2323 1647 2346 ,

104 2395 268 2432 uterum
291 2377 492 2440 ialtient,
512 2391 707 2430 mecum
731 2383 950 2438 teneant,
980 2389 1268 2442 mecumque
1297 2375 1648 2444 perfruantur;

103 2477 222 2520 unto
243 2468 348 2521 inibi
367 2467 630 2520 amiciores
640 2465 801 2533 futuri
807 2506 820 2523 .
838 2472 1026 2533 quanto
1050 2464 1141 2517 erit
1162 2463 1304 2516 nobis
1323 2472 1493 2516 amata
1508 2478 1647 2517 con:-

100 2557 492 2630 muuiar.’(lbid.,
511 2574 565 2610 ιι.
593 2556 716 2625 29..)
734 2555 1067 2625 Quapropter
1094 2555 1145 2608 iu
1176 2553 1516 2619 familiaribus
1540 2555 1650 2610 suis

100 2651 334 2721 colloquiis
355 2637 912 2706 cantubernales’suos
943 2645 1007 2699 ad
1035 2645 1355 2702 indefessum
1379 2645 1650 2715 sapientiae

99 2755 303 2796 amorem
329 2741 662 2808 sttuliutnque
686 2736 1018 2792 cohortatur.

162 2832 475 2903 6.Augustini
493 2843 746 2886 secessus
772 2829 886 2883 lucc
915 2827 1091 2882 adhuc
1110 2826 1398 2897 Soliloquia
1424 2829 1647 2898 peperit,

100 2923 270 2980 eodem
292 2941 414 2994 pene
436 2935 690 2992 tempore,
721 2936 828 2992 quo
848 2920 1151 2991 superiores
1183 2919 1346 2974 libros
1371 2939 1383 2972 :
1408 2918 1491 2973 his
1510 2919 1650 2974 enim

101 3016 176 3070 illa
203 3016 466 3085 subjungit,
491 3029 664 3084 eaque
689 3027 750 3068 se
779 3011 1060 3080 scripsisse
1089 3011 1290 3066 indicat
1335 3011 1495 3081 paulo
1535 3021 1654 3080 post

100 3104 323 3176 abiectam
365 3105 628 3158 honorum
667 3117 733 3157 ac
782 3101 1094 3172 dignitatum
1133 3099 1478 3169 cupiditatem
1514 3101 1651 3169 (Re-

104 3203 228 3248 tract.
251 3196 331 3250 lib.
369 3195 426 3257 2,
455 3211 574 3264 cap.
602 3191 684 3264 4).
716 3190 910 3246 Verum
935 3194 986 3246 in
1032 3191 1151 3247 aliis
1194 3190 1344 3267 libris
1381 3205 1654 3248 sermones

103 3301 204 3340 cum
227 3288 398 3342 amicis
425 3286 537 3340 suis
570 3284 907 3347 conferebat,
936 3284 988 3337 iu
1026 3283 1108 3337 Itis
1136 3292 1311 3338 autem
1338 3297 1521 3338 secum
1545 3283 1656 3353 ipse

103 3375 321 3448 loquitur.
353 3362 484 3432 illnc
502 3374 801 3444 Soliloquia
831 3375 1046 3430 inscribi
1069 3374 1252 3437 voluit,
1280 3388 1420 3428 novo
1442 3375 1655 3445 quidem

107 3476 150 3519 et
173 3463 452 3520 durinsculo
473 3465 710 3528 nomine,
740 3462 835 3518 sed
872 3463 938 3516 ad
977 3478 1089 3517 rem
1119 3450 1516 3534 designandam
1557 3479 1654 3536 ap-

103 3539 277 3625 posito.
303 3555 415 3612 Cum
438 3557 598 3621 enim,
625 3554 822 3625 inquit,
860 3570 1016 3624 neque
1059 3553 1237 3607 melius
1277 3554 1437 3624 qureri
1475 3556 1657 3608 ueritas

110 3648 266 3714 possit,
289 3664 421 3718 quam
449 3647 812 3717 interrogando
838 3655 884 3698 et
924 3643 1292 3713 respondendo,
1323 3654 1369 3698 et
1407 3646 1492 3699 via:
1521 3645 1658 3714 quis-

105 3753 234 3806 quam
250 3724 532 3798 inveniatur,
553 3752 703 3807 quem
720 3752 819 3788 non
835 3735 1018 3806 pudeat
1046 3733 1274 3787 convinci
1294 3734 1653 3804 disputantem,

109 3843 245 3898 eoque
275 3845 388 3898 pene
419 3845 618 3898 semper
647 3826 859 3888 eveniat,
892 3835 945 3878 ut
979 3841 1083 3878 rem
1121 3823 1243 3878 bene
1290 3824 1547 3878 inductam
1588 3825 1658 3879 ad

110 3893 436 3983 «titubantium
479 3893 771 3972 inconditus
819 3916 1108 3986 pervicacia:
1165 3915 1355 3970 clamor
1396 3917 1654 3987 explodat,

112 4008 240 4062 etiam
261 4026 360 4064 eum
387 4008 687 4063 laceratione
724 4007 1028 4071 animorum,
1059 4005 1351 4076 plerumque
1378 4007 1659 4061 dissimula-

109 4089 421 4162 ta,iuter¢lum
450 4111 498 4154 et
523 4108 739 4169 aperta;
761 4099 1093 4169 pacatissime,
1124 4107 1178 4150 ut
1215 4098 1418 4167 Opinor,
1450 4106 1494 4150 et
1519 4114 1657 4150 com-

109 4191 359 4246 modissime
383 4191 589 4262 placuit,
631 4206 662 4242 α
690 4205 768 4242 me
791 4189 900 4258 ipso
924 4188 1305 4258 interrogatum,
1335 4187 1552 4257 mihique
1576 4205 1657 4241 re-

108 4281 420 4349 spondentem,
460 4280 569 4335 Deo
604 4281 906 4351 adjuvante,
951 4295 1119 4332 verum
1157 4294 1377 4349 quwrere
1414 4278 1654 4352 (Soliloq.

111 4370 194 4422 lib.
223 4369 273 4432 θ,
296 4387 342 4425 ιι.
366 4371 466 4443 lt).
511 4371 567 4426 lo
605 4372 724 4443 ipso
763 4370 939 4439 operis
979 4370 1197 4424 exordio
1226 4384 1284 4424 se
1319 4371 1524 4425 nescire
1561 4372 1655 4439 ait,

111 4460 300 4528 qius-um
313 4461 648 4534 colloquatur,
672 4462 1064 4516 intrinsecnsne
1089 4459 1177 4524 sit,
1201 4476 1266 4514 an
1288 4460 1654 4516 extrinsecus:

111 4564 168 4604 se
190 4566 302 4606 vero
319 4553 381 4608 ad
399 4570 516 4610 eum
537 4553 969 4625 magnoscendum
996 4553 1134 4606 hunc
1164 4567 1468 4607 sermonem
1501 4554 1656 4608 insti-

113 4649 278 4706 tuere,
301 4652 548 4713 mtuam
574 4645 643 4700 de
670 4645 976 4715 cognitione
1010 4645 1091 4697 sui
1129 4644 1316 4714 ipsius,
1345 4654 1399 4700 et
1436 4645 1504 4700 de
1535 4647 1659 4702 boni

111 4731 387 4798 quzrrendi,
411 4735 620 4807 malique
645 4735 918 4790 devitandi
949 4735 1167 4790 scicntia
1207 4736 1400 4790 llltlIlOS
1423 4735 1540 4791 dies
1571 4752 1659 4792 se-

115 4819 233 4876 dulo
249 4824 472 4895 agitavit
499 4823 678 4895 (Ibid,
714 4825 803 4879 lib.
851 4825 902 4887 l,
943 4842 995 4877 η.
1032 4825 1103 4893 l).
1146 4824 1200 4878 In
1231 4827 1341 4879 suis
1385 4825 1661 4882 Retracto-

120 4918 293 4967 ttnuutu
320 4914 454 4971 libris
477 4918 735 4970 tationem
769 4929 952 4968 secum
998 4915 1228 4984 colloqui
1271 4924 1492 4970 testatur
1533 4916 1660 4987 (Re-

125 5003 339 5080 lib.
361 5009 609 5078 l,cap.4,
639 5027 692 5063 n.
717 5009 791 5068 l).
827 5007 935 5062 IIoc
964 5024 1099 5078 opus
1140 5007 1444 5077 bipartitunt
1475 5010 1660 5064 est:in

127 5083 476 5170 tifit'quldmn
521 5101 659 5156 libro
688 5100 910 5170 inquirit
948 5099 1122 5170 qualis
1165 5113 1284 5153 esse
1311 5099 1522 5186 dqbeat,
1571 5102 1660 5170 qui

131 5185 388 5264 “(Euthia
413 5191 734 5262 investigare
759 5193 907 5256 velit,
946 5208 1064 5261 qua:
1093 5207 1197 5246 non
1224 5185 1462 5263 corpdris
1487 5194 1659 5248 sensi-

135 5273 330 5340 Ιιιζιαι
356 5296 525 5342 mente
553 5287 875 5359 percipitur;
905 5296 962 5342 et
1003 5287 1054 5340 in
1084 5294 1321 5341 extrema
1353 5295 1500 5355 parte
1543 5286 1660 5341 libri

140 5377 432 5440 aeterm
460 5389 600 5444 sunt,
630 5378 951 5432 immortalia
983 5392 1120 5440 esse,
1155 5378 1466 5448 quibusdam
1503 5393 1660 5446 argu-

144 5459 544 5524 m’u'ﬂendit.
574 5469 629 5524 In
649 5470 824 5523 altero
850 5479 1026 5524 autem
1049 5469 1115 5523 de
1138 5469 1534 5523 immortalitate
1552 5469 1664 5521 ani-

146 5545 578 5615 ιωῶἣιεωιῑ
628 5559 768 5614 hanc
814 5561 1162 5630 qurstionem
1211 5559 1278 5613 ad
1324 5559 1524 5614 exitum
1557 5574 1662 5613 non

147 5631 451 5700 “MM
475 5650 613 5702 enim
634 5649 875 5703 extrema
906 5665 1094 5704 manus
1119 5649 1343 5704 accessit
1376 5648 1496 5701 huic
1520 5649 1664 5716 operi

1757 471 1877 512 cum
1907 457 2075 513 doctis
2103 467 2158 514 et
2197 459 2331 516 bene
2357 459 2588 518 cordatis
2615 460 2741 519 viris
2767 463 2865 521 hac
2890 465 2958 522 de
2980 481 3040 524 re
3063 470 3332 530 conterret

1751 549 2003 621 (Soliloq.
2028 550 2115 604 lib.
2135 551 2192 614 2,
2232 568 2284 604 n.
2313 553 2424 616 28).
2458 553 2716 609 Memorat
2744 559 3025 626 scriptorcs
3046 561 3201 629 duos,
3230 566 3324 634 qui

1750 649 1877 696 tunc
1903 641 1970 697 de
1997 643 2388 698 innuertalitatc
2420 645 2642 712 aninnr,
2667 648 2802 702 alter
2843 649 3122 707 Mediolani
3151 655 3324 710 soluta

1749 733 2008 796 oratione,
2039 734 2174 788 alter
2202 735 2252 789 in
2298 735 2485 791 Galliis
2512 736 2779 803 carmine,
2822 743 3115 798 tractabant
3138 743 3324 812 (Ibid.,

1750 837 1803 875 n.
1833 821 1949 891 26).
1983 822 2209 889 Primus,
2239 826 2324 880 cui
2360 841 2512 882 suum
2549 842 2677 899 erga
2721 830 2891 901 ipsum
2925 841 2981 886 et
3018 836 3329 903 sapientiam

1750 915 1983 970 studium
2014 932 2111 986 pro
2144 933 2236 972 sua
2268 919 2555 986 voluntate,
2585 931 2640 974 nt
2672 921 3018 992 ait,.aperire
3047 943 3150 982 non
3192 929 3332 984 valet

1753 1005 1938 1077 (Ibid.,
1970 1007 2257 1080 ctConfess.
2281 1011 2368 1065 lib.
2399 1013 2459 1076 6,
2484 1029 2538 1066 ιι.
2571 1011 2660 1078 18)
2681 1053 2695 1077 ,
2724 1014 2932 1071 videtur
2955 1031 3076 1072 esse
3102 1020 3330 1075 Ambro-

1751 1099 1880 1154 sius.
1911 1099 2038 1166 Quis
2067 1116 2194 1155 vero
2239 1104 2375 1157 alter
2417 1103 2555 1157 illius
2595 1105 2869 1160 l‘amiliaris
2891 1147 2907 1169 ,
2937 1111 3173 1163 omnium
3216 1111 3337 1179 ejus

1751 1189 2164 1245 sollicitudinum
2194 1194 2458 1259 conscius,
2505 1193 2784 1258 inGalliis
2830 1199 3074 1267 quietus,
3118 1209 3174 1256 et
3199 1201 3337 1256 adeo

1751 1278 1989 1344 dissitus,
2037 1293 2092 1336 ut
2119 1284 2204 1336 vix
2235 1283 2300 1337 ad
2329 1300 2448 1339 eum
2479 1284 2563 1338 vel
2593 1286 2833 1354 epistolae
2863 1289 3136 1345 mittenda:
3165 1291 3334 1347 lacul-

1753 1377 1832 1423 tas
1853 1380 2013 1433 esset,
2056 1374 2322 1440 conjicere
2347 1389 2452 1428 non
2483 1389 2793 1443 possumus,
2823 1378 2923 1431 nisi
2947 1379 3187 1434 dicamus
3213 1397 3338 1438 esse

1753 1459 2068 1526 Zenobiam,
2101 1466 2183 1518 cui
2227 1465 2520 1520 Mediolano
2542 1467 2651 1535 jam
2695 1469 2784 1521 diu
2828 1470 3054 1536 absenti,
3099 1471 3233 1526 duos
3265 1474 3337 1529 de

1751 1551 1951 1608 Ordine
1980 1554 2143 1609 libros
2165 1556 2453 1612 dedicaret.
2483 1557 2538 1611 In
2571 1557 2756 1630 litteris
2776 1559 2842 1614 ad
2869 1559 3176 1617 Nebridium
3195 1563 3336 1619 datis

1753 1645 1930 1698 statim
1963 1655 2079 1713 post
2107 1645 2414 1717 Soliloquia,
2435 1664 2552 1718 quae
2569 1649 2771 1703 scilicet
2796 1652 3029 1706 nondum
3052 1655 3161 1707 visa
3182 1667 3336 1712 erant

1753 1732 2020 1800 Nebridio,
2070 1737 2204 1790 istud
2233 1752 2366 1807 opus
2395 1740 2599 1793 cunctis
2645 1741 2909 1810 prioribus
2951 1743 3061 1798 suis
3087 1745 3335 1801 lucubra-

1755 1825 1985 1878 tionibus
2027 1828 2300 1895 anteponit
2338 1826 2526 1897 (Epist.
2555 1829 2624 1892 5,
2651 1847 2702 1884 ιι.
2749 1832 2824 1900 l).
2869 1830 3012 1886 Idem
3047 1835 3237 1889 asserit
3276 1851 3336 1891 se

1755 1915 1807 1968 in
1836 1915 1934 1970 hoc
1960 1933 2124 1987 opere
2149 1918 2383 1973 animum
2431 1921 2701 1976 induxisse
2724 1963 2738 1986 ,
2774 1923 3171 1991 intelligentiam
3215 1940 3336 1982 esse

1754 2008 2048 2074 veritatem,
2083 2026 2144 2065 ac
2167 2011 2301 2066 mori
2327 2026 2430 2066 non
2450 2027 2604 2082 posse
2633 2015 2828 2082 aliquid
2855 2016 2905 2069 in
2934 2032 3040 2086 quo
3063 2019 3333 2089 quidpiam

1755 2097 2048 2153 immortale
2072 2102 2174 2164 sit;
2205 2115 2435 2170 cumque
2474 2103 2820 2172 intelligentia
2856 2105 2920 2157 sit
2959 2106 3012 2160 in
3046 2107 3246 2173 animo,
3276 2117 3333 2162 et

1754 2193 1947 2244 veritas
1975 2192 2306 2260 immortalis,
2341 2193 2463 2248 inde
2487 2197 2635 2263 sequi
2677 2204 2732 2248 ut
2762 2197 2970 2252 animus
2999 2199 3067 2252 sit
3105 2199 3328 2254 immor-

1755 2280 1874 2334 talis
1902 2280 2086 2351 (lbid.,
2119 2300 2168 2334 η.
2201 2282 2282 2353 4).
2342 2273 2347 2277 “

2389 2373 2611 2431 CAPUT
2650 2375 2715 2429 X.

1756 2461 1778 2514 l
1816 2459 1894 2515 De
1924 2460 2166 2517 Nebridio
2190 2464 2351 2518 amico
2380 2466 2662 2536 Augustini.
2694 2466 2912 2538 QHujus
2934 2470 3003 2522 ad
3028 2468 3331 2526 Nebridium

2421 2556 2664 2624 epistolae.

1827 2643 1878 2696 1.
1910 2643 2020 2700 Hos
2040 2644 2449 2715 Soliloquiorum
2480 2647 2644 2703 libros
2673 2649 3231 2722 ipsemetAngustinus
3251 2653 3337 2715 de-

1753 2737 1928 2807 signat
1957 2738 2006 2791 in
2033 2740 2145 2792 suis
2181 2739 2642 2806 Conlessionibus,
2675 2743 2760 2795 ubi
2791 2743 2900 2813 agit
2935 2743 3002 2797 dc
3027 2744 3178 2799 libris
3204 2759 3338 2815 quos

1754 2841 1817 2882 ex
1845 2828 2119 2896 colloquiis
2140 2843 2258 2882 cum
2289 2829 2403 2897 ipso
2429 2844 2486 2883 se
2511 2830 2626 2883 solo
2646 2845 2824 2885 coram
2858 2832 2966 2888 Deo
2992 2832 3186 2889 habitis
3203 2850 3336 2890 con-

1757 2920 1919 2973 texuit
1939 2917 2184 2989 (Confess.
2213 2920 2299 2973 lib.
2331 2919 2513 2990 9,cap.
2532 2921 2586 2983 4.
2615 2937 2666 2974 n.
2691 2919 2746 2992 7)
2773 2939 2786 2975 :
2815 2923 2960 2976 addit
2985 2925 3239 2993 epistolas
3261 2933 3341 2980 te-

1757 3009 1906 3074 stari,
1933 3009 2060 3078 quid
2088 3025 2209 3064 cum
2239 3011 2458 3066 absente
2500 3010 2746 3066 Nebridio
2794 3012 2982 3068 litteris
3021 3015 3210 3083 egerit.
3259 3015 3341 3072 Ad

1759 3103 1872 3158 barc
1897 3119 2022 3172 ergo
2050 3111 2288 3171 tempora
2328 3104 2515 3172 partim
2544 3101 2837 3158 referenda:
2874 3104 3112 3175 epistolae
3134 3146 3150 3168 ,
3180 3105 3249 3164 ab
3276 3122 3344 3162 eo

1759 3195 1969 3264 scripta:
1996 3195 2062 3249 ad
2094 3194 2421 3261 Nebridium,
2449 3196 2660 3266 quicum
2688 3206 2802 3250 erat
2822 3213 2927 3252 nou
2955 3197 3146 3252 minori
3179 3196 3346 3254 ferme

1759 3299 1913 3354 quam
1941 3302 2059 3340 cum
2106 3286 2299 3355 Alypio
2343 3287 2736 3343 necessitudine
2775 3286 3109 3356 coniunctus.
3156 3285 3346 3343 Nebri-

1759 3376 1876 3429 dius
1903 3377 2153 3447 singulari
2187 3376 2444 3440 bonitate,
2474 3393 2679 3431 summa
2706 3377 3006 3446 prudentia,
3035 3385 3091 3432 et
3119 3376 3348 3434 mirabili

1761 3467 1973 3535 ingenio
2008 3465 2352 3529 adolescens,
2385 3466 2605 3537 patriam
2644 3466 2828 3521 habuit
2863 3467 3088 3521 vicinam
3123 3466 3347 3523 Cartha-

1760 3555 1902 3626 gini;
1930 3573 2030 3626 qua
2054 3558 2104 3611 in
2131 3556 2259 3612 urbe
2283 3571 2403 3611 cum
2431 3567 2571 3612 esset
2602 3556 3082 3627 frerpientissimus,
3099 3557 3342 3612 arctissi-

1760 3659 1900 3698 mam
1931 3660 2050 3700 cum
2081 3646 2374 3714 Augustino
2403 3646 2683 3700 rhetorica:
2712 3646 2843 3700 artis
2887 3654 3011 3701 tunc
3038 3647 3144 3701 illic
3175 3646 3347 3716 magi-

1762 3745 1873 3790 stro
1896 3735 2182 3790 amicitiam
2200 3744 2256 3790 et
2270 3736 2706 3791 consuetudinem
2728 3736 2977 3805 junxerat
2991 3735 3175 3809 (lbid.,
3189 3736 3276 3790 lib.
3290 3737 3346 3802 4,

1761 3842 1876 3895 cap.
1898 3827 1950 3890 3,
1969 3843 2019 3879 ιι.
2041 3825 2074 3880 6
2094 3826 2292 3891 ;lib.6;
2315 3842 2430 3895 cap.
2449 3826 2604 3892 l0,n.
2630 3826 2733 3890 l7;
2764 3826 2851 3880 lib.
2870 3827 2900 3880 'l
2923 3867 2938 3891 ,
2969 3843 3084 3896 cap.
3104 3825 3168 3892 6,
3190 3843 3244 3892 ιι.
3266 3826 3346 3896 8).

1761 3913 1876 3968 Νοιι
1931 3923 2108 3970 tamen
2168 3926 2596 3970 astronomorom
2658 3917 3014 3983 commentis,
3069 3917 3347 3986 Augustini

1763 3998 2029 4076 exemplo,
2063 4021 2180 4060 sese
2204 4007 2373 4077 decipi
2411 4007 2651 4077 permisit
2680 4023 2697 4060 :
2730 4007 2836 4060 imo
2875 4007 2961 4061 illa
2981 4006 3270 4075 explodens
3295 4014 3352 4062 et

1763 4095 2072 4162 essibilans,
2103 4097 2451 4167 Augustinum
2485 4096 2606 4151 huic
2625 4096 2968 4150 divinationis
2989 4096 3172 4167 generi
3201 4096 3349 4150 miri-

1766 4186 1866 4243 tice
1893 4186 2128 4241 deditum
2155 4202 2381 4243 avocare
2411 4187 2534 4242 inde
2562 4186 2876 4241 conabatur.
2902 4185 3207 4243 Verisimile
3229 4202 3369 4257 quo.

1763 4293 1868 4348 que
1921 4287 2004 4332 est
2030 4317 2045 4343 ,
2097 4276 2408 4333 Nebridium
2465 4276 2878 4332 Manichaeorum
2925 4278 3195 4332 erroribus
3243 4293 3354 4332 non

1765 4369 1926 4424 luisse
1954 4369 2302 4440 implicatum,
2324 4383 2445 4424 cum
2474 4383 2570 4425 eos
2595 4379 2931 4440 argumento,
2955 4385 3019 4424 ex
3050 4383 3156 4436 quo
3180 4382 3352 4437 expe-

1763 4460 1878 4516 dire
1904 4475 1962 4516 se
1993 4478 2097 4516 notl
2126 4471 2390 4530 poterant,
2423 4477 2528 4516 non
2567 4461 2902 4530 impugnaret
2942 4458 3098 4513 modo
3121 4499 3136 4521 ,
3165 4472 3350 4512 verum

1763 4555 1923 4608 etiam
1948 4561 2277 4623 expugnaret
2306 4571 2318 4607 :
2350 4553 2488 4606 unde
2513 4561 2568 4606 et
2593 4554 2764 4620 ipsum
2790 4551 3159 4621 Augustinum,
3183 4557 3237 4604 et
3255 4563 3352 4607 eos

1766 4645 1851 4714 qui
1887 4643 2190 4706 audiebant,
2223 4641 2557 4696 coucuticbat
2582 4639 2767 4714 (lbid.,
2789 4639 2872 4693 lib.
2899 4640 2952 4704 7,
2980 4657 3094 4710 cap.
3111 4639 3167 4706 2,
3187 4656 3240 4693 n.
3269 4640 3348 4710 ὅ).

1767 4733 1822 4787 In
1851 4735 2058 4789 illormn
2090 4747 2266 4787 tamen
2295 4731 2663 4785 Ita-relicorum
2704 4747 2887 4787 errore
2925 4730 3228 4802 aliquandiu
3261 4729 3352 4801 ja-

1765 4827 1873 4880 cuit
1897 4867 1910 4890 ,
1941 4827 2028 4896 qui
2076 4825 2272 4880 Christi
2314 4839 2529 4878 carnem
2578 4823 2888 4893 phantasma
2927 4823 3215 4878 credebant
3242 4841 3256 4878 :
3283 4838 3353 4881 ex

1765 4937 1870 4990 quo
1897 4919 2106 4973 tandem
2135 4919 2293 4972 etiam
2323 4927 2448 4971 ante
2475 4926 2774 4986 susceptam
2819 4915 2976 4971 ﬁdem
3003 4915 3354 4973 chriStianam

1766 5009 1982 5067 emersit
2002 5007 2286 5080 (lbid.,lib.
2317 5008 2374 5073 9,
2403 5024 2517 5079 cap.
2552 5009 2606 5072 ὅ,
2637 5025 2689 5061 n.
2737 5007 2817 5077 6).
2866 5006 2996 5062 Cum
3026 5007 3356 5078 Augustinus

1767 5100 2118 5157 Mediolanum
2142 5101 2392 5164 venisset,
2418 5098 2699 5154 Nebridius
2717 5112 2927 5169 quoque
2948 5097 3130 5153 relicta
3160 5097 3354 5168 patria.

1769 5195 1987 5266 ipsaque
2012 5190 2334 5261 Carthagine
2355 5233 2370 5258 ,
2399 5191 2584 5246 relicto
2625 5188 2857 5257 praedio,
2885 5189 3066 5244 relicta
3105 5188 3266 5243 domo
3308 5196 3362 5245 et

1770 5303 1876 5341 non
1922 5293 2166 5339 secutura
2217 5292 2405 5345 matre,
2454 5281 2810 5355 Mediolanum
2858 5295 2917 5335 se
2958 5280 3197 5342 Contulit,
3253 5295 3363 5334 non

1769 5379 1875 5434 alio
1904 5377 2150 5440 consilio,
2180 5390 2338 5445 quam
2367 5384 2424 5428 ut
2445 5389 2546 5427 una
2573 5388 2695 5428 cum
2726 5373 3022 5443 Augustino
3048 5372 3268 5437 viveret,
3296 5385 3359 5424 ac

1771 5471 1844 5526 illi
1875 5486 1969 5540 pro
1989 5468 2365 5524 ardentissimo
2388 5508 2404 5533 ,
2441 5481 2546 5536 quo
2575 5463 2866 5536 ﬂagrabat,
2903 5465 3137 5519 veritatis
3169 5473 3222 5519 et
3265 5475 3356 5514 sa-

1774 5561 1984 5629 pientiae
2013 5556 2338 5628 inquirenda)
2368 5556 2544 5609 studio
2580 5556 2932 5610 collaboraret
2973 5550 3258 5623 (lbid.,lib.
3295 5547 3352 5612 6,

1771 5649 1986 5720 capJO,
2014 5667 2066 5702 η.
2090 5649 2195 5719 l7).
2222 5648 2423 5702 Pariter
2447 5647 2767 5717 suspirabat,
2798 5647 3097 5715 pariterque
3127 5639 3351 5692 ﬂuctua-

149 5719 483 5828 1%.».5,
515 5758 566 5792 ιι.
589 5741 658 5813 t).
691 5752 746 5794 ut
777 5743 888 5806 ipse
912 5743 1206 5813 signiﬁcat,
1236 5757 1303 5798 eo
1323 5741 1582 5813 consilio,
1611 5749 1670 5796 ut
1775 5719 1864 5795 bat
1892 5759 1905 5794 :
1939 5739 2147 5797 beatam
2189 5740 2347 5795 vitam
2392 5753 2600 5795 summa
2638 5725 2976 5792 contentione
3016 5728 3358 5828 exquirebat,‘

379 5821 386 5832 ”
413 5827 638 5896 'Ssnc'r.
673 5836 951 5896 Auausr.
994 5833 1045 5896 ι.

2684 5825 2944 5901 (Lian
