3948 6408
627 281 729 344 H3

626 408 995 473 persequeretur
1015 396 1219 451 Ita’resis
1249 412 1355 450 sum
1369 412 1520 449 causa
1541 436 1555 457 ,
1584 411 1682 461 qua
1712 398 1876 465 {uerat
1904 397 2108 451 seducta
2134 399 2196 452 ab

627 495 864 553 Arionis;
890 491 1026 562 quod
1053 505 1266 543 narrare
1299 489 1465 558 pergit
1497 489 1818 557 AnguSIinus
1846 490 1894 542 in
1922 490 2059 543 hunc.
2087 506 2203 545 mo-

624 590 747 641 dutn
779 606 791 639 :
827 586 1115 639 Excubabat
1145 586 1228 653 pia
1256 583 1393 653 plebs
1415 584 1464 634 in
1494 584 1719 648 ecclesia,
1746 586 1875 638 mori
1894 596 2071 653 parata
2091 603 2203 640 cum

622 684 854 743 episcopo
879 694 993 741 suo,
1024 693 1164 730 servo
1191 685 1295 728 tuo.
1323 672 1347 727 l
1356 675 1403 727 bi
1428 685 1584 727 mater
1606 691 1732 736 mea,
1762 676 1949 730 ancilla
1975 687 2079 741 tua,
2101 680 2205 731 sol-

623 770 897 823 liritudinis
911 779 956 822 et
982 769 1265 837 vigiliarum
1293 776 1481 837 prunas
1510 777 1711 826 tenens.
1739 770 2048 823 orationibus
2074 771 2204 823 vive-

623 864 721 914 bat.
752 860 862 913 A'os
892 860 1058 912 adhuc
1088 858 1262 929 frigidi
1290 874 1321 909 a
1349 857 1516 911 calore
1534 860 1737 929 spiritus
1755 860 1847 921 tui,
1866 861 2209 915 excitabantur

628 964 792 1006 tamen
833 952 1028 1003 civitate
1067 950 1279 1003 attonita
1317 960 1465 1018 atque
1502 948 1717 1002 turbata.
1765 948 1903 1003 Tunc
1942 950 2117 1020 hymni
2159 961 2206 1005 et

624 1043 808 1112 psalmi
828 1051 879 1095 ut
908 1050 1202 1093 canerentur
1224 1041 1495 1094 secundum
1523 1056 1709 1093 merent
1737 1038 2067 1094 Orientalium
2089 1058 2208 1109 par-

623 1138 778 1199 tium,
807 1152 869 1189 ne
892 1136 1111 1206 populus
1147 1134 1373 1187 maeroris
1400 1134 1549 1186 tu’dio
1574 1135 1965 1199 contabesceret,
2002 1134 2206 1187 institu-

624 1238 730 1281 tum
758 1239 863 1290 est;
888 1232 933 1281 et
962 1243 1022 1281 ea:
1058 1227 1145 1279 illo
1169 1226 1222 1278 in
1251 1225 1549 1279 hodiernum
1582 1236 1865 1291 retentum,
1897 1226 2063 1279 multis
2093 1227 2206 1295 jam

621 1336 681 1374 ac
714 1336 836 1385 pene
869 1316 1096 1372 omnibus
1123 1318 1353 1387 gregibus
1384 1317 1508 1380 tuis,
1540 1325 1585 1367 et
1612 1331 1698 1383 per
1723 1326 1898 1368 caztl'ra
1926 1316 2059 1368 orbis
2089 1316 2205 1368 imi-

624 1411 843 1463 tantibus
859 1407 1042 1478 (lbid.,
1065 1425 1177 1477 cap.
1198 1409 1251 1473 7,
1270 1425 1321 1460 η.
1351 1406 1459 1480 15).
1486 1406 1916 1475 Experimcntum
1946 1408 2203 1475 utilitatis,

619 1518 741 1572 qua:
783 1518 847 1557 ex
891 1517 1038 1557 sacra
1070 1501 1323 1555 Ecelesiae
1355 1501 1711 1554 modulatione
1751 1501 2053 1570 percipitur,
2084 1516 2206 1555 cum

620 1594 778 1647 etiam
797 1593 1166 1648 reCordaretur
1187 1592 1275 1646 Vir
1296 1601 1510 1645 sanctus
1530 1633 1543 1654 ,
1570 1591 1848 1662 lacrymas.
1878 1607 2010 1661 quas
2033 1591 2206 1645 divina

623 1684 828 1738 cantica
869 1684 918 1736 in
960 1692 1287 1752 reettperatte
1329 1681 1447 1736 lidei
1476 1696 1586 1734 sua:
1618 1682 1921 1749 primordiis
1949 1697 2011 1736 ex
2044 1682 2207 1749 ipsius

622 1774 792 1830 oculis
820 1775 1112 1830 elicuerant
1133 1816 1147 1835 ,
1177 1788 1297 1826 eum
1331 1773 1393 1825 ad
1438 1771 1574 1827 istud
1608 1772 1862 1826 Ecclesia:
1911 1773 2205 1827 institutum

616 1864 1065 1933 comprobandum
1093 1878 1307 1932 semper
1330 1862 1532 1916 induxit
1555 1860 1739 1934 (Ibid.,
1759 1861 1845 1916 lib.
1868 1861 1955 1929 10,
1982 1879 2095 1933 cap.
2114 1863 2204 1931 55,

616 1972 667 2009 u.
694 1955 806 2024 50).

688 2047 740 2104 6.
783 2048 1040 2117 Percepla
1071 2047 1322 2118 Baptismi
1351 2047 1518 2116 gratia
1540 2061 1658 2100 mox
1688 2047 2007 2115 Augustinus
2029 2062 2095 2101 ex
2128 2046 2206 2101 in.

618 2140 759 2194 timis
809 2140 985 2193 cordis
1035 2141 1315 2203 medullis,
1371 2139 1623 2209 quidquid
1673 2139 1786 2208 Spei
1840 2140 2104 2195 collocare
2151 2141 2205 2195 in

614 2230 810 2284 sa‘culo
853 2231 1145 2300 potuisset,
1194 2230 1485 2294 abdicavit;
1526 2230 1635 2299 jam
1676 2246 1778 2283 non
1821 2247 2067 2293 uxorem,
2097 2246 2203 2285 non

613 2324 811 2379 liberos
830 2366 843 2387 ,
876 2340 980 2379 non
1007 2324 1215 2377 divitias
1236 2365 1250 2386 ,
1285 2341 1387 2377 non
1418 2322 1701 2391 dignitates
1730 2333 2079 2389 consectans,
2110 2323 2202 2377 sed

610 2414 710 2469 soli
740 2416 848 2469 Deo
888 2431 1009 2469 cum
1039 2416 1149 2469 suis
1180 2413 1382 2469 servire
1423 2414 1779 2480 constituens,
1813 2422 1871 2467 ut
1902 2415 2089 2483 pusillo
2132 2416 2203 2469 illi

610 2508 754 2576 gregi
784 2508 1193 2569 adscrlberctur,
1225 2506 1308 2560 cui
1338 2520 1556 2573 regnum
1596 2520 1748 2559 suum
1790 2506 2063 2574 pollicetur
2098 2506 2202 2560 Do-

612 2600 789 2654 minus
810 2642 824 2663 ,
854 2610 907 2654 ct
935 2615 1091 2669 quem
1137 2599 1201 2653 ad
1246 2599 1615 2668 possessiones
1643 2598 1947 2653 vendendas
1975 2614 2036 2654 ac
2067 2616 2200 2669 pau-

612 2690 826 2759 peribus
853 2690 1149 2760 erogandas
1177 2690 1506 2743 adhortatur.
1539 2690 1717 2759 itaque
1739 2704 1899 2759 super
1925 2689 2043 2745 lidei
2079 2690 2199 2745 fun-

609 2783 913 2837 datneutum
956 2784 1085 2837 nihil
1129 2782 1231 2838 nisi
1272 2798 1456 2836 aurmn
1485 2791 1538 2837 et
1565 2791 1839 2851 argenturm
1882 2793 1934 2836 et
1963 2798 2199 2852 gemmas

612 2884 909 2945 exstruere,
942 2876 1162 2945 soloque
1187 2879 1325 2929 vLctu
1354 2873 1417 2927 ad
1451 2873 1698 2927 tuendam
1727 2874 1967 2942 corporis
1993 2876 2198 2928 valetu-

608 2964 786 3019 dinem
824 2966 1126 3019 necessario
1155 2975 1433 3019 contentus
1463 2980 1581 3020 esse
1611 2966 1847 3020 decrevit
1879 2984 1891 3019 :
1925 2981 2044 3019 cum
2074 2976 2199 3023 ante

604 3056 765 3107 variis
792 3055 1165 3122 cupiditatibus
1194 3065 1247 3107 et
1272 3054 1711 3110 Sollicitudinibus
1733 3056 1964 3108 irretitus
1986 3064 2197 3111 tenere-

607 3155 691 3196 tur
715 3142 1022 3212 (Possidius,
1048 3146 1099 3198 in
1132 3144 1245 3198 Vita
1268 3147 1502 3216 August,
1525 3145 1664 3216 αεὶ).
1699 3146 1753 3198 In
1774 3146 1990 3200 dubium
2021 3148 2195 3203 vocari

605 3250 709 3289 non
742 3245 946 3303 potest,
987 3242 1112 3306 quin
1144 3237 1392 3307 Alypius,
1434 3247 1626 3306 prmter
1666 3237 1797 3291 alios
1826 3240 2077 3307 quosdam
2099 3283 2115 3306 ,
2145 3241 2195 3296 ei

608 3324 743 3379 foret
763 3326 999 3395 ejusdem
1026 3326 1199 3395 placiti
1223 3327 1476 3381 societate
1500 3328 1795 3382 devinctus.
1812 3328 2044 3383 Evodius
2066 3345 2194 3387 sane

604 3414 940 3485 Tagastensis
961 3459 974 3483 ,
1006 3426 1261 3486 Operante
1288 3418 1395 3472 Deo
1424 3418 1512 3487 qui
1555 3418 1792 3474 habitare
1832 3417 1957 3474 facit
2000 3423 2181 3476 unani-

604 3521 718 3560 mes
757 3508 807 3560 in
838 3506 1029 3573 domo,
1064 3524 1122 3561 se
1148 3510 1349 3562 socium
1395 3508 1499 3563 il.is
1539 3509 1795 3579 adjuuxit.
1829 3512 1877 3566 ls
1908 3515 2051 3581 prior
2077 3517 2188 3567 Au-

601 3597 812 3665 gustino
829 3598 893 3651 ad
914 3600 1077 3654 Deum
1099 3615 1388 3655 conversus
1414 3610 1599 3656 eratet
1627 3602 1917 3672 baptizatus
1935 3604 2186 3677 (Confess.

606 3687 691 3738 lib.
727 3687 779 3753 9,
812 3705 927 3758 cap.
963 3691 1016 3752 8,
1048 3707 1099 3743 n.
1135 3692 1247 3760 17).
1279 3691 1476 3746 Omnes
1506 3693 1556 3744 in
1598 3692 1706 3748 Deo
1728 3694 1838 3762 jam
1865 3698 2183 3764 consociati,

602 3776 755 3829 simul
796 3777 1056 3848 degebant
1089 3799 1100 3831 :
1133 3795 1358 3849 quorum
1406 3784 1642 3836 omnium
1685 3782 1924 3840 Monnica
1967 3787 2188 3855 perinde

600 3882 781 3921 eorum
822 3871 1070 3938 gerebat,
1114 3885 1175 3924 ac
1217 3872 1261 3924 si
1304 3872 1632 3941 singulorum
1667 3890 1853 3942 parens
1890 3877 2187 3932 exstitisset

599 3955 782 4028 (Ιὺὶά.,
810 3975 923 4029 cap.
961 3959 1013 4022 9,
1046 3977 1099 4013 η.
1130 3959 1252 4033 22).
1291 3962 1582 4017 Perfectum
1616 3964 1810 4033 pariter
1837 3967 1997 4019 vitam
2026 3982 2184 4037 agere

598 4050 788 4121 singuli
820 4063 1113 4109 statuerant
1139 4074 1149 4108 :
1174 4055 1239 4108 de
1266 4056 1384 4108 loco
1408 4057 1580 4110 solum
1610 4057 1845 4111 consiliis
1875 4059 1985 4111 suis
2009 4074 2071 4113 ac
2099 4074 2185 4113 vo-

599 4144 668 4198 tis
684 4155 978 4214 Opportuno
995 4148 1321 4201 laborabant.
1342 4147 1512 4203 Simul
1526 4166 1741 4213 eramus,
1761 4150 1853 4214 ait,
1867 4150 2021 4205 simul
2034 4151 2181 4205 habi-

602 4234 756 4285 tuturi
798 4234 985 4303 placito
1011 4247 1185 4289 sancto
1210 4254 1227 4289 :
1253 4240 1596 4307 qua’rebamus
1637 4242 1865 4308 quisnam
1910 4241 2048 4294 locus
2090 4258 2181 4296 nos

599 4324 772 4379 utilius
799 4325 998 4379 haberet
1017 4328 1282 4380 servientes
1305 4328 1391 4380 tibi
1414 4327 1597 4398 (lbid.,
1622 4346 1735 4398 cap.
1761 4330 1815 4396 8,
1846 4347 1896 4383 η.
1929 4332 2036 4402 17).
2065 4331 2178 4386 Νοη

593 4416 734 4470 enim
784 4418 889 4470 alio
932 4419 1201 4488 spectabat
1246 4420 1493 4488 placitum
1537 4420 1673 4474 istud
1700 4438 1883 4475 eorum
1914 4433 2175 4491 sanetum,

593 4508 695 4561 nisi
747 4516 802 4561 ut
845 4519 1023 4578 spreto
1070 4510 1268 4563 mundo
1297 4510 1454 4563 simul
1490 4510 1599 4567 Deo
1627 4513 1925 4567 servirent:
1955 4514 2042 4583 qui
2066 4516 2176 4583 jam

593 4612 697 4647 non
725 4598 893 4650 solum
925 4598 1195 4654 christiani
1224 4599 1469 4654 catholici
1497 4602 1564 4656 ab
1590 4613 1833 4674 suscepta
1860 4603 1964 4660 lide
1999 4615 2053 4660 et
2087 4621 2175 4661 sa-

593 4700 682 4737 cra
731 4690 1165 4755 regeneratione,
1216 4691 1309 4744 sed
1360 4693 1519 4747 etiam
1569 4705 1869 4767 contempta
1926 4697 2176 4755 felicitate

594 4785 802 4830 terrena
827 4778 962 4830 servi
986 4780 1076 4831 Dei
1113 4791 1289 4834 essent
1320 4781 1339 4848 (
1367 4781 1528 4847 lbid.,
1549 4786 1633 4837 lib.
1654 4786 1707 4849 9,
1734 4805 1850 4857 cap.
1873 4787 1959 4853 10,
1984 4806 2036 4841 n.
2056 4789 2168 4860 26),

592 4879 647 4917 ac
686 4880 807 4917 Vere
829 4865 935 4933 jam
969 4869 1086 4920 inde
1114 4869 1380 4935 monachi,
1402 4872 1468 4924 ad
1496 4874 1869 4939 perfectionem
1896 4879 2172 4935 mandato-

591 4968 706 5005 rum
736 4954 925 5007 Chriin
953 4957 1331 5011 eonlendentes
1356 4976 1367 5010 :
1399 4961 1819 5031 quandoquidem
1848 4967 2172 5038 Augustinus

590 5042 673 5095 lus
704 5045 925 5112 ipsemet
954 5049 1251 5103 nominibus
1293 5048 1433 5103 haud
1464 5062 1676 5105 veretur
1716 5059 1981 5124 appellare
2019 5061 2171 5114 Albi-

594 5148 736 5197 nam,
768 5134 1067 5200 Piniauum,
1096 5148 1143 5191 et
1179 5138 1486 5205 Melanium,
1509 5156 1628 5195 cum
1658 5143 1707 5196 in
1729 5144 1904 5199 Africa
1934 5152 2168 5218 peregri-

589 5235 779 5279 nantes
816 5227 1067 5293 persimili
1107 5229 1302 5299 placito
1341 5240 1526 5284 sancto
1565 5247 1651 5286 res
1687 5249 1809 5287 suas
1854 5240 2171 5305 pauperibus

595 5315 1005 5391 distribuerunt;
1034 5334 1153 5373 nam
1187 5322 1283 5390 ipsi
1314 5325 1531 5377 omnino
1561 5334 1703 5391 sunt,
1730 5342 1862 5397 quos
1889 5329 2169 5399 implenda:

585 5406 886 5476 jut'utionis,
921 5414 1127 5463 tametsi
1154 5410 1220 5463 ab
1250 5412 1466 5466 Piniano
1493 5422 1733 5480 extortae,
1765 5418 2083 5488 obligatione
2103 5436 2169 5475 eo

587 5500 768 5554 minus
792 5499 991 5553 absolvi
1021 5516 1177 5571 posse
1202 5504 1503 5568 contendit,
1536 5506 1674 5576 quod
1706 5511 1934 5583 pt'mstita
1966 5510 2051 5564 illa
2074 5511 2165 5581 ju-

587 5593 722 5644 ratio
748 5602 890 5646 esset
918 5591 1200 5647 Servorum
1226 5594 1317 5648 Dei
1349 5610 1567 5652 munere
1592 5600 1887 5655 sanctitatis
1918 5605 2163 5671 prmemi-

590 5682 822 5739 lentium
843 5725 859 5746 ,
891 5684 1265 5739 Monachorum
1292 5687 1357 5740 ad
1388 5688 1763 5757 perfectionem
1796 5694 2164 5756 mandatorum

1717 274 1873 335 “TA
1911 277 1970 337 Β.
2010 270 2375 340 Αηευετιηι
2412 277 2739 343 EPISCOPI.

2309 398 2505 454 Christi
2552 416 2730 456 rerum
2781 402 2942 458 et’am
2989 418 3207 461 suarum
3253 408 3607 474 distributione
3643 436 3816 486 curre".

2314 493 2440 546 tium
2459 493 2650 563 (Epist.
2677 494 2800 562 126,
2825 514 2876 550 n.
2897 498 3008 570 11).
3034 500 3240 556 Placuit
3263 504 3431 575 itaque
3456 514 3712 583 Augustino
3728 537 3813 579 cum

2322 585 2526 639 civibus
2554 586 2665 641 suis
2690 597 2744 643 et
2768 588 2954 645 amicis
2974 632 2989 653 .
3015 593 3102 663 qui
3128 609 3190 649 se
3224 596 3309 651 Dei
3335 602 3541 656 Servilio
3569 610 3735 674 pariter
3752 615 3814 671 ad.

2312 676 2586 744 dixerant,
2620 678 2671 732 in
2702 680 2929 735 Alricmn
2958 697 3198 740 remeare
3226 685 3535 755 (Possidius,
3561 695 3609 749 in
3638 697 3729 753 Vita
3742 704 3813 757 Au-

2312 778 2469 838 gust.,
2510 786 2556 822 c.
2604 770 2637 824 3
2660 770 2702 839 ).
2741 771 2873 827 Cum
2911 788 2976 828 eo
3004 784 3116 829 erat
3144 775 3389 847 Navigius
3424 782 3573 840 frater
3607 788 3811 863 (Conflata.

2316 858 2402 911 lio.
2426 857 2480 925 9,
2504 876 2616 931 cap.
2645 861 2733 927 ll,
2763 879 2814 915 η.
2843 861 2934 934 27)
2969 884 2981 919 :
3007 874 3059 918 et
3083 880 3202 921 enm
3234 869 3298 921 ad
3323 868 3462 926 Ostia
3492 857 3709 935 Tiberina
3730 857 3812 949 per-

2312 951 2577 1013 venisset,
2636 969 2775 1007 anno
2824 957 2997 1009 multis
3048 971 3158 1011 sua:
3205 960 3468 1030 trigesimo
3512 969 3651 1021 tertio
3697 982 3816 1028 matre

2312 1041 2527 1096 orbatus
2542 1054 2623 1096 est
2643 1042 2807 1113 (Ibid.
2819 1085 2833 1108 ,
2854 1064 2905 1098 n.
2929 1045 3044 1119 28),
3061 1059 3217 1119 atque
3237 1051 3367 1106 adeo
3391 1066 3507 1109 ante
3533 1055 3635 1112 idus
3654 1076 3814 1117 novem-

2313 1131 2436 1185 bres
2468 1132 2624 1197 hujus
2655 1133 2778 1189 anui
2812 1139 3167 1193 trecentesimi
3198 1144 3496 1212 octogesitni
3522 1148 3719 1216 septimi.
3744 1150 3816 1207 Sed

2312 1238 2416 1278 non
2443 1226 2607 1279 multo
2631 1237 2755 1282 ante
2788 1229 2993 1283 videtur
3020 1230 3067 1284 id
3100 1234 3404 1303 contigisse.
3436 1235 3693 1293 Prolitetur
3715 1243 3815 1298 enim

2316 1315 2640 1385 Augustinus
2663 1319 2823 1372 multa
2846 1335 2903 1374 se
2921 1321 3095 1374 studio
3117 1322 3385 1379 brevitatis
3408 1328 3813 1401 pmterire(lbid.):

2312 1406 2451 1458 unde
2471 1406 2720 1475 quamdiu
2744 1408 3022 1465 Mediolani
3049 1422 3164 1481 post
3185 1413 3509 1485 Baptismum
3529 1434 3814 1477 commoratus

2313 1493 2404 1561 sit,
2432 1494 2652 1552 delinire
2678 1514 2781 1553 non
2810 1514 3115 1569 poSsumus.

2914 1591 3143 1649 CAPUT
3174 1595 3289 1649 XII.

2313 1680 2338 1733 1
2372 1678 2528 1734 Βεαια
2567 1681 2805 1738 Μοηηὶσα
2843 1686 3131 1756 parentibus
3160 1689 3443 1745 christiani:
3490 1702 3625 1758 nata,
3655 1703 3695 1748 et
3723 1698 3817 1765 apud

2381 1773 2517 1843 ipsos
2542 1776 2721 1845 pudice
2740 1794 2800 1829 ac
2818 1777 2980 1831 sobrie
3001 1779 3215 1834 educata
3239 1792 3328 1836 est.
3357 1781 3392 1835 2
3423 1782 3576 1847 Quam
3608 1786 3816 1839 laudabiles

2380 1864 2491 1934 ejus
2514 1866 2565 1918 in
2590 1868 2823 1938 conjugio
2854 1885 3032 1925 mores.
3071 1872 3105 1926 5
3143 1872 3289 1926 Anno
3322 1875 3481 1929 a'tatis
3508 1875 3814 1946 quadragesimo

2382 1955 2556 2010 orbata
2583 1958 2687 2012 viro
2706 2001 2719 2022 ,
2748 1961 2991 2031 reliquam
3020 1963 3171 2016 vitam
3209 1982 3403 2019 omnem
3439 1967 3491 2020 in
3528 1969 3617 2037 piis
3650 1971 3816 2037 aperibus

2382 2048 2622 2102 traduxit.
2652 2051 2685 2104 4
2715 2051 2917 2116 Quanto
2959 2055 3151 2125 majore
3192 2057 3527 2111 sollicitudine
3558 2059 3815 2129 Augustinum

2380 2142 2643 2210 parturivit
2663 2143 2842 2210 spiritu
2862 2186 2876 2205 ,
2905 2162 3055 2214 quant
3092 2164 3245 2202 carne
3281 2151 3590 2219 parturierat.
3613 2153 3640 2204 5
3663 2149 3815 2204 Interest

2380 2229 2739 2299 philosop/ticis
2765 2233 3028 2302 colloquiis
3050 2237 3336 2308 Augustini,
3359 2242 3441 2295 ubi
3462 2241 3583 2294 inter
3607 2240 3709 2293 alios
3731 2241 3817 2293 emi-

2380 2335 2462 2377 net
2491 2327 2679 2395 argutis
2703 2337 2747 2379 ει
2774 2328 3007 2398 gravibus
3036 2331 3206 2384 dictis.

2383 2417 2435 2470 1.
2467 2414 2598 2471 Cum
2632 2419 2683 2472 in
2717 2421 2900 2474 matris
2929 2422 3131 2477 obitum
3165 2423 3259 2478 Vir
3284 2424 3376 2479 Dei
3407 2425 3652 2480 narrando
3670 2423 3816 2488 incidit,

2311 2514 2536 2562 testatur
2562 2524 2642 2566 se.
2672 2512 2755 2564 cui
2785 2513 3012 2567 multum
3042 2513 3310 2569 festinanti
3338 2518 3495 2571 multa
3527 2515 3814 2587 pnetereumla

2312 2608 2469 2663 sunt,
2516 2598 2692 2656 facere
2734 2610 2912 2659 tamen
2944 2620 3047 2659 non
3079 2622 3273 2675 posse,
3305 2608 3428 2678 quin
3470 2608 3647 2677 aliquid
3685 2620 3815 2661 eorum

2308 2702 2536 2759 promat,
2564 2708 2683 2762 qua:
2710 2706 2991 2749 occurrunt
3018 2698 3197 2751 animo
3223 2698 3293 2754 de
3314 2700 3627 2755 sanctissima
3650 2696 3815 2756 femina;

2315 2797 2421 2836 non
2468 2800 2571 2852 quo
2615 2784 2737 2838 velit
2783 2789 2988 2856 propria
3038 2789 3154 2857 ejus
3200 2790 3377 2856 bona,
3408 2792 3497 2846 sed
3528 2790 3816 2845 Christiinea
3870 2826 3871 2857 ᾗ

2305 2870 2443 2926 dona
2475 2874 2788 2943 pra-dicare.
2826 2877 2947 2933 lla‘c
2988 2881 3129 2934 enim
3158 2881 3306 2937 illum
3336 2891 3389 2938 et
3414 2898 3567 2939 carne
3589 2890 3638 2936 ut
3660 2882 3700 2935 in
3724 2880 3815 2934 hanc
3870 2870 3871 2927 ἶ

2302 2967 2669 3035 temporalem,
2688 2979 2743 3023 et
2769 2970 2929 3024 corde
2954 2980 3007 3024 ut
3035 2972 3085 3025 in
3111 2982 3365 3028 :eternam
3387 2975 3549 3030 lucem
3574 2984 3814 3041 renascerc-

2303 3066 2404 3120 tur,
2427 3059 2907 3131 parturivit(Conf..
2928 3062 3013 3115 lib.
3031 3062 3084 3127 9,
3099 3080 3214 3135 cap.
3241 3067 3295 3131 8,
3312 3084 3364 3120 η.
3388 3069 3494 3138 l7).
3513 3065 3619 3120 Fuit
3633 3078 3731 3118 vere
3744 3062 3817 3114 Att-
3870 3114 3871 3117 η

2299 3138 2541 3215 gnstinus
2567 3149 2916 3221 lacrymarum
2934 3152 3048 3223 ejus
3064 3155 3199 3209 filius
3215 3157 3399 3226 (lbid.,
3419 3158 3501 3211 lib.
3525 3158 3556 3212 5
3578 3199 3592 3223 ,
3613 3172 3733 3226 capp.
3758 3153 3813 3213 ll,
3870 3224 3871 3229 γ

2301 3238 2399 3311 12)
2424 3257 2438 3293 :
2464 3255 2689 3312 cumque
2716 3244 2801 3298 ille
2826 3246 2986 3299 animi
3016 3258 3156 3303 esset
3180 3250 3375 3306 sinceri
3406 3265 3550 3321 :eque
3583 3265 3636 3302 ac
3670 3244 3813 3300 bcneﬁ-
3870 3290 3871 3299 χ

2299 3332 2499 3385 ciorum
2532 3336 2783 3390 memoris
2803 3378 2817 3399 ,
2846 3336 3041 3392 debere
3063 3354 3121 3393 se
3140 3340 3189 3395 ei
3213 3341 3462 3411 quidquid
3491 3342 3599 3395 vice
3619 3338 3807 3392 haberet.
3870 3340 3871 3411 ξ

2296 3423 2434 3477 ultro
2455 3424 2715 3479 fatebatur
2738 3425 2839 3497 χοε
2854 3426 3008 3482 Beata
3029 3431 3125 3483 vita
3142 3473 3157 3494 ,
3176 3448 3229 3485 η.
3254 3433 3341 3504 6).
3361 3432 3486 3488 Nata
3510 3442 3614 3487 erat
3628 3426 3810 3484 Monuit:

2300 3530 2440 3569 anno
2462 3516 2655 3571 Christi
2686 3522 3059 3574 trecentesimo
3085 3523 3358 3592 trigesimo
3378 3524 3617 3588 secundo,
3639 3522 3681 3576 in
3699 3518 3810 3573 domo
3870 3532 3871 3592 ᾗ

2294 3604 2432 3659 fideli
2454 3648 2469 3670 ,
2504 3606 2645 3661 bono
2676 3609 2930 3664 Ecclesia:
2958 3612 3235 3677 membro;
3264 3626 3421 3685 atque
3452 3616 3516 3669 ihi
3551 3613 3640 3668 sub
3662 3605 3809 3665 Christi

2293 3696 2550 3766 regimine
2569 3698 2803 3753 divinum
2831 3701 3074 3759 timorem
3112 3705 3412 3762 imbiberat.
3438 3707 3563 3762 Cum
3582 3705 3642 3760 de
3661 3702 3811 3757 ratione

2290 3805 2393 3859 qua
2424 3790 2595 3846 fuerat
2620 3793 2865 3860 educata,
2892 3798 3355 3867 ctutfabulahatur,
3386 3817 3487 3855 non
3516 3808 3691 3854 tantum
3709 3804 3808 3848 cura:

2289 3882 2477 3935 matris
2516 3883 2712 3938 debere.
2750 3902 2809 3941 se
2846 3887 3157 3955 dictitabat,
3188 3903 3442 3960 quantum
3483 3887 3731 3961 diligentia:
3761 3884 3812 3935 lar
3870 3878 3871 3951 ἰ

2289 3972 2448 4026 mula:
2479 3975 2761 4041 cujusdam
2790 3975 3077 4049 decrepita:
3096 4022 3109 4044 ,
3143 3997 3262 4050 qua:
3296 3993 3509 4054 propter
3531 3985 3753 4036 senet-him
3775 3980 3811 4023 ει

2289 4077 2466 4117 mores
2503 4064 2733 4132 optimos
2763 4066 2830 4120 ab
2861 4066 3075 4124 familia:
3103 4071 3255 4127 istius
3288 4088 3412 4128 vere
3446 4071 3715 4127 christiana:
3744 4062 3809 4117 do-

2287 4150 2445 4206 minis
2493 4154 2543 4206 in
2593 4154 2795 4211 hon0re
2844 4158 3157 4225 habebatur,
3212 4172 3269 4217 et
3316 4164 3382 4217 ab
3428 4163 3601 4217 iisdem
3644 4167 3806 4212 suarum
3870 4166 3871 4221 Ξ

2287 4241 2513 4295 filiarum
2564 4246 2877 4300 institutioni
2926 4249 3172 4319 pratfeeta
3216 4263 3352 4308 erat.
3390 4252 3710 4309 Commissam
3736 4240 3807 4298 sibi
3870 4274 3871 4325 ἐ

2285 4346 2466 4386 earum
2515 4350 2696 4390 curam
2746 4338 3030 4409 diligenter
3073 4346 3339 4413 gerebat:
3373 4357 3427 4401 et
3471 4357 3524 4400 ut
3564 4342 3730 4400 eratin
3753 4336 3806 4390 eis
3870 4346 3871 4385 ἐ

2284 4426 2596 4480 coercendis
2617 4466 2633 4491 ,
2662 4443 2782 4481 cum
2825 4446 2960 4500 opus
2986 4443 3127 4488 eSSet
3148 4476 3162 4499 ,
3192 4446 3371 4491 sancta
3401 4438 3667 4492 severitate
3686 4430 3805 4485 velte.
3870 4498 3871 4505 γ

2284 4529 2457 4578 meus,
2488 4516 2557 4568 ita
2590 4516 2638 4569 in
2663 4517 2918 4573 docendis
2943 4523 3210 4578 moderata
3239 4540 3293 4581 et
3322 4538 3612 4599 temperans
3632 4521 3807 4585 oruden-
3870 4556 3871 4565 η

2287 4604 2375 4657 lia.
2408 4603 2540 4658 Nam
2575 4622 2669 4662 eas
2700 4620 2893 4678 praeter
2922 4614 3034 4668 illas
3059 4614 3247 4683 horas,
3291 4620 3480 4689 quibus
3520 4618 3582 4673 ad
3620 4622 3805 4671 mensam
3870 4654 3871 4677 ξ

2282 4708 2559 4768 parentum
2608 4702 3033 4760 moderatissimo
3060 4708 3355 4779 alebantur,
3385 4712 3538 4766 etiam
3565 4711 3606 4765 si
3632 4702 3805 4763 exarde-
3870 4730 3871 4739 ι

2279 4801 2489 4843 set-rent
2535 4790 2653 4857 siti,
2697 4809 2797 4848 nec
2839 4811 3028 4866 aquam
3076 4798 3255 4854 bibere
3293 4803 3526 4866 sinebat,
3556 4803 3805 4871 praecavens
3870 4788 3871 4793 “

2279 4882 2713 4937 consuetudinem
2754 4888 2981 4952 malam,
3026 4900 3079 4944 et
3124 4891 3326 4948 addens
3369 4897 3580 4950 verbum
3621 4899 3802 4945 sanum:

2280 4969 2438 5025 Modo
2470 4990 2655 5042 aquant
2684 4978 2877 5043 bibitis,
2904 4980 3023 5048 quia
3051 4982 3103 5034 in
3129 4995 3371 5053 potestate
3388 4987 3551 5040 viuum
3575 5000 3663 5039 non
3684 4976 3802 5034 Ιιώι·

2278 5061 2379 5126 tis;
2403 5079 2517 5116 cum
2542 5079 2711 5120 autem
2736 5071 2804 5121 ad
2835 5072 3039 5126 ηιωὶιοδ
3066 5075 3315 5142 veneritis,
3338 5077 3484 5146 facta:
3507 5075 3704 5130 domina
3716 5080 3804 5135 αρο·

2278 5154 2537 5209 tltccarum
2558 5169 2602 5210 et
2630 5161 2968 5221 sellariorum,
2996 5180 3125 5232 aqua
3154 5168 3390 5229 sordebit,
3412 5176 3498 5221 sed
3519 5182 3619 5220 nios
3636 5153 3803 5235 potandi

2279 5249 2561 5313 pratvulrbit
2584 5249 2847 5323 (Confess.
2874 5253 2963 5307 lib.
2990 5255 3043 5321 9,
3071 5274 3184 5329 cap.
3204 5258 3257 5321 8,
3288 5277 3340 5313 η.
3372 5261 3491 5332 17).
3514 5249 3801 5330 Sapit-atiel-

2278 5340 2378 5389 mis
2409 5337 2510 5393 ills
2539 5344 2783 5405 monitis,
2808 5360 2928 5400 cum
2955 5365 3037 5415 ea,
3066 5368 3223 5420 quam
3248 5354 3386 5422 apud
3412 5366 3612 5408 teneros
3639 5343 3800 5417 puella-

2276 5443 2391 5481 rum
2410 5433 2617 5489 animos
2636 5435 2732 5489 silui
2761 5451 3180 5509 comparaverat,
3204 5448 3534 5504 auctoritate.
3553 5434 3800 5499 inconsulti!

2275 5520 2537 5577 desideria
2569 5528 2816 5581 teneriori
2847 5532 2988 5585 aetati
3014 5533 3283 5589 familiaria
3311 5534 3679 5604 compeSCebat.
3703 5524 3799 5582 illis.

2273 5625 2376 5680 que
2409 5614 2765 5685 praecipiebat,
2795 5636 2897 5689 qua
2929 5625 3131 5679 ratione
3161 5627 3299 5679 sitnu
3333 5644 3477 5683 suam
3510 5630 3574 5680 ita
3600 5620 3799 5677 modeﬂ'

2274 5712 2457 5757 rentur
2486 5720 2549 5757 ex
2584 5714 2943 5782 temperantia:
2975 5715 3108 5784 lege,
3135 5728 3191 5771 ut
3213 5720 3323 5788 jam
3348 5734 3448 5777 nec
3476 5699 3798 5780 ιίικεωιιαυοδ
