3948 6422
130 591 234 636 ιω
257 572 469 628 deceret.
492 560 780 620 Narrabat
806 566 965 613 tamen
995 553 1279 624 Augustino
1302 551 1544 608 Monnica
1565 591 1580 612 .
1612 557 1672 604 ut

135 669 281 726 elusa
309 656 547 731 prudentis
578 654 737 708 illius
765 665 888 704 auus
914 647 1201 706 sedulitate,
1225 644 1464 715 quautam
1492 642 1670 696 animo

141 774 240 816 suo
270 754 331 808 ad
357 747 608 806 bibendum
661 743 844 796 vinum
879 737 1148 808 pr0pcnsio
1176 736 1476 805 irrepserat.
1507 731 1550 786 N
1573 731 1670 785 mi-

143 865 263 906 mm
304 843 475 915 quoties
510 854 538 890 a
577 833 890 907 [terentibus
925 829 987 884 de
1029 843 1173 882 more
1211 826 1276 880 ad
1319 823 1668 880 hauriendum

146 941 316 995 vin
333 978 347 998 .
371 945 582 1001 tanquam
614 925 904 994 explorata:
927 919 1227 977 sobrietatis
1253 917 1400 987 virgo
1426 915 1668 970 mitteba-

149 1043 250 1090 tur.
274 1047 301 1085 ε
324 1025 478 1098 ρειαιιυ
503 1018 643 1090 quod
683 1017 754 1072 de
792 1030 952 1085 cuppa
981 1011 1309 1081 complebat.
1348 1009 1669 1080 primoribus

149 1126 302 1182 labris
322 1119 529 1177 sumebat
563 1114 818 1184 exiguum
839 1151 854 1170 .
881 1123 1003 1162 cum
1032 1109 1148 1172 eius
1183 1105 1412 1175 palatum
1441 1103 1668 1172 amplius

147 1233 245 1273 non
270 1213 420 1269 feriet.
445 1207 548 1262 Non
577 1203 722 1258 enim
768 1201 942 1255 innata
989 1197 1092 1251 \ini
1139 1194 1423 1266 cupiditate
1459 1192 1525 1247 ad
1567 1193 1668 1246 boc

141 1303 478 1376 itupelletntur.
504 1296 594 1352 sed
636 1293 823 1350 liberis
847 1289 1160 1358 quibusdam
1201 1285 1520 1353 ludicrisque
1552 1297 1667 1338 mo-

135 1375 274 1460 tibiis.
295 1408 418 1464 quos
434 1407 492 1445 ex
514 1389 697 1460 prima:
717 1385 889 1438 :rtatis
914 1382 1103 1436 ardore
1124 1377 1437 1432 ebullit-otes
1459 1375 1510 1429 in
1539 1390 1667 1444 pue-

126 1490 292 1546 rilibus
329 1483 505 1538 animis
547 1478 806 1546 majorum
851 1472 1168 1529 auctoritate
1213 1468 1403 1523 frenari
1449 1481 1666 1522 necesse

125 1593 210 1638 est.
239 1579 362 1635 Cum
390 1586 551 1631 autem
581 1575 634 1627 in
665 1569 906 1641 graviora
936 1567 1062 1620 vitia
1103 1565 1300 1619 sensim
1344 1562 1558 1616 inducat
1592 1560 1666 1615 le-

121 1674 306 1728 viarum
346 1664 688 1734 contemptio.
724 1659 918 1716 factum
944 1666 1027 1712 est
1055 1665 1114 1711 ut
1141 1655 1249 1708 vini
1282 1653 1570 1721 plusculum
1609 1650 1664 1706 in

119 1765 221 1820 dies
260 1761 481 1831 singulos
519 1756 738 1815 bibens.
775 1761 1002 1818 cogente
1044 1763 1202 1818 prava
1246 1744 1663 1812 consuetudine,

116 1867 265 1924 prope
282 1851 386 1920 jam
412 1849 584 1917 plenos
610 1859 758 1898 mero
787 1840 1041 1896 caliculos
1070 1853 1190 1893 cum
1213 1837 1459 1891 aviditate
1485 1850 1547 1890 ac
1574 1851 1668 1886 vo-

117 1949 301 2018 luptate
324 1943 564 1998 hauriret.
602 1937 699 1995 Ubi
729 1947 848 1991 tunc
878 1934 898 2006 (
925 1935 1041 2004 pius
1069 1933 1186 1998 ejus
1211 1931 1347 1985 ﬁlius
1367 1929 1664 2000 exclamat)

119 2054 272 2110 sagas
297 2053 415 2090 auus
437 2044 477 2088 et
499 2034 756 2086 vehemens
785 2028 876 2081 illa
903 2024 1173 2096 prohibitio
1189 2025 1215 2078 .’
1239 2021 1499 2091 Numquid
1529 2019 1667 2074 uale-

115 2130 198 2184 bat
209 2125 391 2197 aliquid
406 2125 619 2178 adrasus
641 2121 879 2175 latentem
898 2113 1147 2179 utorbum,
1172 2113 1270 2168 nisi
1285 2123 1370 2166 tua
1393 2112 1660 2177 medicina,

120 2219 346 2280 Domine,
371 2217 572 2286 vigilaret
599 2229 753 2282 super
790 2209 923 2264 nos?
951 2208 1164 2262 Absente
1188 2215 1331 2274 patre
1356 2215 1401 2258 et
1432 2215 1592 2257 matre
1617 2212 1664 2257 et

114 2309 435 2370 Rumoribus,
463 2316 512 2358 tu
531 2318 750 2373 prtesens
771 2302 857 2370 qui
882 2300 1086 2360 creasti,
1109 2297 1195 2368 qui
1216 2313 1380 2355 vocas.
1404 2296 1488 2365 qui
1514 2303 1664 2348 etiam

115 2419 192 2470 per
210 2410 517 2471 praeposterus
537 2396 763 2451 homines
785 2393 901 2447 boni
931 2390 1124 2461 aliquid
1154 2391 1263 2461 agis
1289 2388 1355 2441 ad
1381 2390 1664 2442 animarum

111 2495 301 2550 salutat:
321 2535 336 2558 ,
357 2491 472 2562 quid
494 2500 611 2545 tunc
648 2487 832 2559 egisti,
880 2485 1010 2538 Deus
1055 2484 1235 2536 meus?
1264 2480 1410 2536 Unde
1435 2480 1666 2535 curasti?

110 2586 228 2640 unde
248 2584 425 2640 sanasti
439 2583 464 2636 .’
487 2581 671 2635 Nonne
696 2576 951 2648 protulisti
973 2576 1156 2629 durum
1186 2583 1233 2628 et
1263 2583 1465 2627 acutum
1487 2567 1555 2626 ea:
1582 2570 1664 2624 al-

110 2687 204 2733 tera
224 2677 384 2731 animo
418 2673 693 2729 convicium
715 2712 732 2736 ,
771 2680 1010 2739 tanquam
1049 2665 1342 2720 medicinule
1377 2664 1566 2734 ferrum
1602 2680 1666 2718 ea:

109 2768 300 2823 occultis
323 2763 673 2833 [incisionibus
703 2762 802 2814 tuis
819 2801 834 2825 ,
866 2767 910 2813 et
935 2773 1036 2811 uno
1056 2757 1156 2810 ictu
1181 2754 1493 2824 putredinem
1521 2754 1664 2807 illaut

109 2856 399 2928 pracidisti?
430 2853 621 2907 Ancilla
660 2851 794 2905 enim
815 2890 830 2911 ,
858 2863 972 2901 cum
991 2863 1088 2916 qua
1117 2844 1304 2900 solebat
1337 2843 1568 2898 accedere
1595 2843 1664 2896 ad

107 2966 330 3019 cuppam.
355 2948 543 3016 litigatis
570 2960 686 2998 cum
717 2941 922 2995 domina
957 2941 1178 3004 minore,
1209 2948 1263 2991 ut
1291 2938 1349 3005 ﬁt
1368 2978 1383 3001 ,
1413 2935 1522 2990 sola
1549 2951 1662 2988 cum

109 3040 220 3099 tela.
243 3037 410 3108 objecit
431 3036 524 3089 hoc
551 3033 764 3097 crimen,
787 3030 1104 3084 amarissima
1123 3027 1446 3082 insultatione
1480 3042 1662 3080 vocans

114 3129 446 3184 meribibulam.
478 3128 593 3194 Quo
616 3124 707 3179 illa
730 3123 937 3180 stimulo
967 3138 1203 3193 percusso
1224 3163 1236 3184 ,
1265 3121 1482 3191 respexit
1516 3119 1666 3189 [ωαξ-

113 3231 241 3274 tatelt
257 3237 410 3277 min.
429 3217 790 3289 confestimque
835 3214 1093 3267 damnavit
1139 3222 1285 3283 atque
1319 3209 1659 3280 exuit(lbid.,

112 3328 158 3363 π.
180 3311 278 3381 l8).
297 3310 616 3381 Baptismum
644 3305 839 3362 Cbrisli
861 3319 964 3359 non
993 3304 1044 3358 in
1069 3304 1320 3357 extremis
1352 3301 1548 3371 posita,
1569 3301 1663 3355 sed

112 3389 270 3456 multis
301 3411 416 3454 ante
457 3407 686 3452 mortem
727 3397 879 3449 annis
905 3395 1138 3466 percepit
1165 3393 1403 3447 Monnica
1428 3409 1440 3441 :
1473 3408 1577 3461 quo
1597 3406 1662 3445 ex

114 3503 327 3563 tempore
350 3493 421 3547 sic
446 3494 609 3546 vitam
640 3488 896 3553 instituit,
925 3496 980 3540 ut
1010 3485 1130 3539 lidci
1161 3499 1472 3554 morumque
1521 3482 1666 3552 puri-

115 3593 212 3641 tate
244 3584 435 3640 utilibet
452 3584 519 3638 ad
550 3580 868 3636 laudandum
903 3579 995 3633 Dei
1044 3592 1236 3632 nomen
1290 3585 1431 3632 esset
1478 3574 1664 3630 incita-

114 3682 277 3730 mento
297 3674 468 3739 (Ibid.,
494 3690 614 3742 cap.
646 3672 730 3733 l3,
763 3687 814 3723 n.
841 3671 950 3741 34).

168 3764 219 3821 2.
255 3765 420 3836 Itaque
459 3763 689 3819 educata
719 3761 904 3832 pudice
935 3773 996 3813 ac
1025 3757 1232 3824 sobrie,
1275 3765 1324 3809 et
1354 3756 1664 3825 parentibus

115 3855 268 3926 potius
291 3855 374 3911 Dei
401 3856 564 3923 gratia
584 3893 601 3919 ,
629 3867 786 3923 quam
818 3865 940 3904 cura
975 3858 1250 3919 parentum
1279 3847 1390 3901 Deo
1417 3845 1621 3900 subdita
1642 3887 1656 3910 ,

119 3943 190 3998 ubi
214 3954 397 4000 matura
443 3944 538 3998 fuit
580 3941 859 4011 conjugio,
900 3939 1032 4004 viro,
1067 3938 1150 3992 cui
1197 3937 1381 3991 tradita
1409 3947 1522 4000 est,
1556 3951 1660 3990 non

120 4050 327 4090 setosae
360 4035 577 4089 domino
625 4032 802 4102 paruit
838 4049 850 4084 :
889 4044 1046 4101 quem
1088 4038 1144 4082 ttt
1185 4028 1292 4082 Deo
1336 4028 1659 4091 lucraretur,

117 4139 276 4180 omnes
296 4125 636 4196 cogitationes
653 4120 878 4176 intendit
895 4162 908 4181 .
936 4118 1304 4174 efﬁcacissimo
1327 4133 1522 4187 genere
1544 4133 1664 4186 per-

118 4213 334 4271 Stal-udi
361 4227 510 4271 teus
528 4256 542 4274 .
581 4227 790 4268 morum
813 4215 1128 4281 integritate.
1163 4209 1270 4263 llac
1289 4209 1547 4278 siquidem
1570 4225 1658 4264 or-

120 4312 228 4357 nata
247 4303 323 4359 div
340 4307 493 4370 nitus,
527 4305 704 4360 mariti
731 4303 900 4360 oculis
925 4317 986 4356 ea
1016 4301 1214 4356 nitebat
1249 4300 1658 4369 pulchritudine,

125 4404 172 4450 ut
190 4410 398 4454 antorem
421 4399 537 4467 ejus
567 4395 722 4450 simul
748 4409 811 4448 ac
838 4392 1230 4446 venerationem
1255 4408 1357 4445 nou
1389 4392 1504 4446 sine
1528 4406 1662 4461 qua-

119 4486 222 4543 darn
279 4489 406 4545 illius
441 4490 792 4543 admiratione
830 4483 928 4538 sibi
957 4483 1264 4539 conciliaret
1293 4481 1463 4554 (Ibid.
1488 4525 1504 4549 ,
1544 4501 1659 4554 cap.

121 4580 154 4632 9
180 4620 196 4643 ,
227 4595 278 4633 tt.
303 4580 404 4649 η).
451 4580 576 4650 Ejus
623 4577 816 4646 conjux
841 4621 856 4642 ,
883 4577 967 4631 cui
999 4575 1223 4630 Patricio
1273 4591 1467 4630 nomen
1488 4617 1502 4641 ,
1532 4577 1662 4632 civis

124 4667 463 4740 Tagastensis,
487 4673 655 4726 adhuc
685 4680 799 4724 erat
834 4669 1092 4725 idolorum
1129 4668 1290 4722 eultui
1334 4669 1662 4739 mancipatus

123 4757 288 4834 (Ibid,
309 4761 396 4816 lib.
421 4761 481 4826 2,
505 4780 614 4834 cap.
647 4763 718 4828 3,
749 4778 836 4815 tm.
863 4760 918 4824 5,
949 4759 1023 4830 6).
1058 4758 1113 4813 In
1142 4759 1204 4813 iis
1240 4760 1514 4825 omnibus,
1543 4776 1662 4828 quze

124 4866 210 4906 non
231 4853 522 4922 spectabant
563 4855 630 4907 ad
673 4852 982 4918 religionem
1004 4891 1017 4912 ,
1052 4849 1123 4903 illi
1153 4848 1386 4904 Monuiea
1410 4891 1423 4913 ,
1454 4851 1660 4905 tametsi

126 4942 313 5007 melior,
339 4945 597 4999 serviebat
626 4961 639 4996 :
671 4942 773 4998 hac
800 4941 940 4996 enim
971 4941 1021 4993 in
1049 4954 1110 4995 re
1139 4939 1246 4993 Deo
1271 4940 1368 5008 ipsi
1398 4942 1662 5011 obseque-

124 5029 416 5104 batur,in
438 5033 539 5090 sibi
562 5034 736 5088 fuerat
753 5029 1079 5101 obsequendi
1107 5029 1187 5082 lex
1209 5027 1451 5098 imposita
1472 5030 1663 5098 (Ibid,

127 5118 242 5182 ιίιι
267 5163 282 5184 .
308 5141 416 5194 cap.
471 5124 532 5180 ll
558 5164 574 5187 ,
604 5141 658 5176 n.
713 5123 822 5192 I7).
857 5121 982 5176 Tori
1021 5120 1238 5188 injurias
1268 5130 1371 5175 tam
1405 5125 1665 5190 patienter

127 5209 246 5280 tulit",
267 5223 320 5270 ut
337 5229 457 5271 cum
484 5214 684 5270 marito
716 5228 987 5282 nunquam
1017 5228 1078 5268 ea
1105 5211 1173 5268 de
1198 5228 1257 5268 re
1283 5216 1658 5283 expostularet,

129 5299 329 5366 liniue
349 5315 667 5377 exspectans
694 5315 750 5360 ut
779 5305 826 5360 ei
851 5306 1148 5360 castitatem
1188 5303 1319 5360 ﬁdes
1343 5321 1406 5360 ac
1434 5307 1528 5362 Dei
1558 5308 1661 5362 mi-

130 5391 365 5454 Wa
405 5399 713 5470 largiretur.
758 5395 993 5453 Noverat
1019 5396 1154 5452 irato
1181 5413 1448 5468 nunquam
1493 5415 1664 5470 neque

134 5477 416 5560 Μίδεια
438 5489 586 5544 dicto
613 5488 861 5542 reluctari
910 5505 924 5541 :
970 5503 1151 5541 verum
1179 5504 1300 5542 cum
1331 5489 1666 5545 deferbuerat.

138 5567 262 5626 inhi
281 5573 518 5648 hptns,
564 5578 1013 5648 opportunitatem
1061 5589 1210 5632 nacta
1237 5617 1249 5640 ,
1283 5592 1434 5633 suam
1473 5580 1664 5648 agendi

141 5653 414 5724 me!
432 5668 771 5739 exponebat,
803 5667 847 5722 si
869 5667 1040 5736 ipsum
1067 5667 1544 5724 inconsiderantius
1568 5685 1664 5724 ex-

140 5747 400 5812 αήηη
434 5759 766 5828 contigisset.
809 5759 940 5812 Cum
973 5758 1092 5812 alia:
1136 5759 1420 5824 mulieres,
1447 5775 1668 5828 quarum

141 5841 224 5902 ’ἦ
239 5859 603 5916 maiores
640 5867 828 5924 erant,
852 5856 1073 5927 vestigia
1099 5857 1368 5926 plagarum
1392 5855 1549 5910 etiam
1578 5857 1669 5914 de-

1429 425 1632 487 LIBER
1658 423 2028 490 SECUNDUS.

3256 439 3363 505 N0

1780 546 2053 606 bonestata
2085 553 2218 613 facie
2241 567 2524 630 gererent,
2549 570 2709 635 atque
2734 563 2873 622 inter
2898 566 3064 623 amica
3091 564 3359 637 colloquia

1777 647 1982 714 culpam
2011 649 2111 702 illa:
2150 650 2204 705 in
2236 651 2544 708 maritorum
2567 654 2930 725 intemperiem
2957 659 3348 716 transferrent:

1778 738 1892 794 bare
1919 739 2140 796 docebat
2169 743 2372 798 illarum
2403 745 2592 816 lingua
2613 749 2786 816 potius
2810 764 2929 806 esse
2952 751 3314 820 imputandum
3337 793 3354 817 ,

1773 831 2032 900 graviter,
2067 832 2158 888 scd
2185 834 2418 904 joeunde
2442 836 2600 893 simul
2631 839 2923 896 admonens
2949 857 3062 909 cas,
3091 857 3213 900 cum
3244 843 3354 914 pri-

1775 939 1917 978 mum
1947 923 2150 980 tabulas
2192 927 2611 984 matrimoniales
2636 931 2848 985 recitari
2879 931 3153 988 audierant
3176 976 3190 997 ,
3233 943 3354 989 tan-

1773 1027 1929 1081 quam
1973 1012 2322 1067 instrumcnta
2361 1013 2551 1083 quibus
2596 1015 2804 1071 ancillae
2845 1018 3152 1072 maritorum
3199 1018 3353 1075 facta:

1773 1113 1977 1169 essent,
2027 1105 2331 1160 existimare
2367 1105 2644 1171 debuisse;
2676 1123 2738 1163 ac
2766 1108 2985 1178 proinde
3011 1125 3118 1165 non
3157 1111 3352 1169 decere

1774 1197 1915 1266 ipsas
1930 1199 2247 1254 conditionis
2271 1217 2380 1255 suae
2404 1217 2670 1257 memores
2691 1204 2946 1259 adversus
2967 1203 3217 1259 dominos
3255 1220 3352 1259 suo

1774 1287 1999 1356 perbire.
2027 1289 2357 1359 Quapropter
2375 1307 2492 1361 quae
2513 1303 2770 1347 noverant
2797 1309 2954 1362 quam
2980 1291 3171 1347 ferocis
3201 1295 3352 1364 inge-

1772 1379 1842 1432 nii
1885 1381 2128 1434 maritum
2169 1383 2484 1445 sustineret,
2527 1400 2604 1438 ea:
2633 1384 2844 1453 quidem
2876 1385 3054 1439 mirari
3080 1401 3352 1453 nunquam

1772 1471 1901 1524 satis
1931 1481 2198 1539 poterant,
2228 1489 2330 1528 non
2359 1473 2520 1530 fuisse
2546 1475 2782 1530 auditum
2811 1493 3040 1546 unquam
3063 1519 3077 1542 ,
3126 1489 3218 1533 aut
3243 1479 3354 1535 ullo

1770 1563 1990 1632 vestigio
2011 1564 2421 1633 deprehensum,
2454 1567 2733 1623 Patricium
2756 1569 3016 1625 violenter
3052 1571 3103 1624 in
3127 1586 3350 1626 uxorem

1773 1671 1957 1710 manus
1987 1657 2229 1728 injecissc
2249 1701 2262 1722 ,
2309 1668 2399 1715 aut
2425 1675 2455 1714 a
2485 1675 2543 1716 se
2572 1661 2795 1716 invicem
2826 1662 3115 1718 domestica
3144 1663 3233 1718 lite
3259 1662 3349 1719 vel

1770 1745 2033 1802 dieculam
2071 1764 2230 1803 uuam
2260 1765 2352 1806 eos
2380 1750 2714 1806 dissensisse.
2745 1751 2984 1820 Cumque
3009 1752 3076 1807 ab
3102 1768 3162 1808 ea
3192 1753 3350 1808 fami-

1771 1836 1974 1893 liariter
1996 1840 2421 1906 sciscitarentur,
2448 1857 2678 1912 quonam
2704 1853 2856 1913 pacto
2887 1844 3010 1899 illud
3031 1855 3174 1900 esset
3203 1859 3354 1901 asse-

1769 1936 1886 1983 cuta
1915 1947 1926 1983 :
1955 1931 2176 1985 instituti
2204 1934 2305 1996 sui,
2333 1933 2474 2003 quod
2513 1950 2671 2004 supra
2716 1937 3146 2002 memoravimus,
3180 1935 3350 1991 ratio-

1771 2037 1892 2075 nem
1923 2023 2001 2076 eis
2028 2025 2361 2092 exponebat;
2390 2026 2543 2092 cujus
2569 2027 2866 2092 utilitatem,
2898 2044 3015 2099 qua!
3037 2044 3151 2084 eam
3178 2029 3352 2083 imita-

1769 2113 1986 2177 bantur,
2031 2116 2242 2183 propria
2271 2117 2590 2183 experientia
2623 2119 3033 2187 cognoscebant,
3067 2119 3219 2189 eique
3247 2119 3351 2174 hoc

1772 2207 1982 2260 nomine
1992 2207 2187 2276 gratias
2201 2207 2462 2262 habebant
2475 2206 2526 2279 (I
2530 2206 2657 2270 bid.,
2674 2208 2740 2261 lib
2781 2209 2834 2272 9,
2852 2225 2965 2278 cap.
2981 2209 3034 2275 9,
3056 2226 3108 2263 η.
3126 2207 3235 2281 l9).
3253 2208 3352 2265 So-

1769 2311 1916 2350 crum
1948 2297 2106 2351 etiam
2138 2312 2310 2362 suam,
2340 2313 2368 2349 a
2398 2313 2456 2351 se
2484 2296 2633 2351 initio
2661 2299 2895 2352 susurris
2925 2300 3180 2352 malarum
3207 2315 3347 2368 qua-

1769 2389 2008 2444 rumdam
2039 2390 2350 2444 ancillarum
2380 2390 2762 2455 abalienatum,
2792 2391 3064 2460 obsequiis
3087 2392 3198 2445 suis
3223 2405 3348 2445 cum

1767 2481 2018 2551 patientia
2045 2495 2107 2535 ac
2126 2495 2344 2534 mansne
2371 2481 2530 2536 utliue
2551 2483 2621 2536 ita
2644 2480 2742 2536 sibi
2769 2481 3021 2543 devinxit.
3053 2491 3108 2536 ut
3137 2481 3346 2536 illarum

1767 2572 2054 2642 nequitiam
2083 2571 2195 2638 ipsa
2227 2572 2454 2627 Patricio
2495 2572 2602 2625 lilio
2633 2573 2880 2642 proderet
2907 2614 2919 2635 .
2949 2587 3177 2642 eumque
3208 2582 3262 2626 ut
3293 2572 3347 2627 in

1768 2661 1883 2716 illas
1911 2661 2374 2723 animadverteret.
2405 2671 2728 2730 precaretur.
2768 2660 2899 2716 Cum
2943 2673 3117 2716 autem
3144 2663 3207 2727 is,
3239 2671 3352 2718 tum

1767 2764 1824 2808 ut
1853 2754 2010 2808 matri
2035 2769 2239 2808 morem
2261 2761 2488 2823 gereret,
2515 2763 2623 2806 tum
2649 2764 2706 2807 ut
2727 2753 3031 2808 domestica:
3056 2752 3350 2822 disciplina:

1767 2860 1829 2900 ac
1871 2845 2233 2916 tranquillitati
2278 2845 2615 2908 consuleret,
2647 2843 2862 2899 easdem
2895 2846 3112 2898 ancillas
3141 2860 3204 2898 ex
3232 2843 3349 2912 ejus

1767 2937 2035 2992 voluntate
2062 2936 2266 2991 meritis
2303 2936 2474 3006 pomis
2511 2934 2771 2990 alfecisset
2792 2976 2806 2998 ,
2839 2935 3126 2989 declaravit
3154 2941 3372 3000 mater,‘

1768 3044 1872 3083 non
1901 3028 2003 3082 alia
2029 3027 2095 3082 de
2122 3043 2180 3082 se
2209 3030 2425 3097 pra-mia
2467 3041 2680 3097 sperare
2720 3025 2915 3081 debere
2938 3066 2952 3089 ,
3000 3037 3372 3095 quaecumque

1767 3119 1834 3174 de
1874 3135 1965 3173 sua
2009 3135 2178 3180 nuru,
2231 3118 2472 3188 placendi
2517 3118 2615 3172 sibi
2655 3118 2862 3182 studio,
2890 3116 3018 3170 mali
3046 3115 3242 3184 aliquid
3267 3115 3347 3169 lo-

1767 3222 2058 3281 queretur:
2087 3210 2226 3280 quod
2260 3210 2396 3264 nulla
2419 3209 2527 3279 jam
2559 3208 2785 3262 audente
2810 3249 2824 3271 ,
2850 3207 3180 3262 memorabili
3210 3206 3348 3262 inter

1767 3318 1825 3355 se
1852 3301 2231 3357 benevolentia:
2251 3302 2506 3355 suavitate
2536 3299 2778 3354 vixerunt
2802 3297 2987 3370 (Ibid.,
3017 3315 3070 3352 n.
3095 3297 3212 3367 20).
3240 3297 3350 3353 lloc

1770 3402 2022 3460 praeterea
2051 3401 2245 3446 saneta:
2276 3392 2347 3445 illi
2379 3391 2589 3446 femina:
2616 3404 2806 3456 munus
2829 3390 3029 3460 grande
3054 3389 3346 3444 donaverat

1768 3484 1925 3546 Deus,
1955 3483 2098 3553 quod
2129 3483 2267 3538 inter
2291 3483 2608 3538 dissidentes
2633 3492 2792 3551 atque
2829 3481 3104 3536 discordes
3146 3481 3347 3551 quasli-

1768 3575 1859 3631 bet
1885 3575 2111 3640 animas,
2144 3577 2232 3631 ubi
2267 3587 2492 3645 poterat,
2523 3585 2627 3629 tam
2655 3590 2712 3628 se
2741 3574 3009 3644 praebebat
3038 3574 3308 3642 pacilicmn
3327 3611 3346 3637 ,

1769 3678 1826 3724 ut
1851 3685 1969 3724 cum
2002 3669 2069 3723 ab
2095 3679 2317 3738 utraque
2347 3669 2508 3721 tnulta
2536 3667 2604 3720 de
2635 3667 2856 3720 invicem
2888 3664 3095 3718 audiret
3129 3663 3353 3716 amaris-

1769 3762 1921 3822 sima,
1950 3760 2125 3827 qualia
2156 3761 2290 3814 solet
2319 3760 2610 3812 eructuare‘
2631 3766 2846 3827 turgens
2888 3763 3045 3824 atque
3091 3755 3348 3823 indigesta

1767 3851 2053 3916 discordia,
2085 3849 2297 3916 quando
2325 3848 2569 3917 pra-senti
2595 3847 2779 3901 amica:
2801 3845 2865 3899 de
2895 3845 3113 3900 absente
3136 3843 3347 3896 inimica

1771 3960 1864 4013 per
1886 3943 2032 3996 acida
2060 3941 2322 4011 eolloquia
2354 3939 2592 3994 cruditas
2622 3939 2903 3992 exhalatur
2926 3936 3188 3997 odiorum,
3218 3932 3349 3986 nihil

1769 4047 1943 4089 tamen
1973 4035 2122 4089 alteri
2152 4033 2219 4087 de
2253 4033 2414 4085 altera
2450 4030 2717 4098 proderet,
2750 4029 2849 4083 nisi
2877 4026 3014 4096 quod
3044 4025 3107 4078 ad
3134 4041 3227 4079 eas
3257 4038 3346 4079 re-

1767 4125 2124 4181 conciliandas
2155 4124 2352 4176 valetet
2386 4120 2571 4191 (Ibid.,
2614 4137 2667 4173 u.
2693 4117 2806 4188 21).
2837 4118 2924 4171 Sic
2948 4131 3076 4170 vero
3106 4130 3163 4168 se
3193 4127 3348 4183 gere-

1769 4220 1858 4290 bat
1886 4219 2144 4282 Monnica,
2174 4217 2397 4270 docente
2427 4229 2542 4268 eam
2583 4212 2829 4282 Magistro
2857 4210 3042 4263 intimo
3077 4209 3127 4262 in
3164 4204 3348 4261 schola

1773 4311 2022 4381 pectoris.
2066 4309 2303 4377 Denique
2325 4307 2507 4375 gratim
2533 4319 2736 4361 semen.
2763 4302 2902 4372 quod
2931 4303 2981 4355 in
3005 4300 3346 4354 famularsute

1769 4413 1999 4457 mentem
2022 4408 2288 4470 sparserat
2316 4398 2558 4468 Agricola
2580 4395 2834 4455 caelestis,
2869 4393 3093 4447 ubertim
3119 4390 3343 4442 fructum

1768 4493 1942 4546 attulit
1982 4491 2034 4544 in
2077 4490 2362 4559 patientia;
2405 4501 2468 4541 ac
2496 4486 2612 4555 ejus
2640 4498 2762 4551 erga
2791 4484 2960 4534 virum
2992 4479 3176 4548 agendi
3210 4476 3346 4530 ratio

1772 4593 1972 4636 tantum
2003 4580 2182 4636 valuit.
2213 4587 2269 4631 ut
2287 4577 2432 4629 illttm
2455 4577 2506 4628 in
2531 4583 2764 4628 extrema
2782 4571 2897 4638 ejus
2919 4571 3021 4623 vita
3044 4577 3209 4622 totum
3238 4568 3347 4621 lico

1769 4675 2060 4727 lucraretur
2085 4686 2100 4733 ;
2129 4683 2226 4722 nec
2253 4666 2304 4719 iu
2327 4681 2393 4718 eo
2416 4664 2525 4733 jam
2555 4662 2690 4716 fideli
2735 4669 2916 4715 essent
2959 4657 3057 4728 ipsi
3099 4655 3344 4713 dellenda

1770 4762 1927 4822 mala.
1954 4775 2073 4829 qua:
2103 4759 2152 4811 in
2178 4755 2408 4811 nondum
2433 4753 2572 4808 fideli
2605 4753 2921 4806 toleraverat
2950 4747 3148 4819 (Ibid.,
3178 4749 3264 4802 lib.
3284 4747 3340 4813 9.

1767 4870 1880 4921 cap.
1906 4852 1992 4914 I3,
2017 4867 2066 4904 η.
2091 4847 2203 4920 37).
2222 4848 2339 4914 Quo
2357 4855 2594 4915 tempore
2617 4843 2941 4914 Augustinus
2959 4856 3156 4895 annum
3175 4837 3348 4895 multis

1767 4945 2034 5000 decimum
2061 4952 2269 4999 sextum
2292 4940 2498 5010 agebat,
2529 4937 2776 4992 nimirum
2797 4936 3009 4990 circiter
3031 4950 3231 4989 annum
3261 4946 3349 4988 re-

1769 5045 1963 5106 paratae
1983 5035 2170 5090 salutis
2192 5032 2622 5089 trecentesimum
2651 5029 3134 5101 septuagesimum,
3157 5040 3348 5082 nume-

1767 5127 1981 5183 rabatur
2021 5125 2158 5180 inter
2201 5124 2612 5178 catechumenos
2655 5120 2912 5176 Patricius
2952 5117 3140 5189 (Ibid,
3174 5116 3261 5172 lib.
3287 5115 3348 5183 Ξ,

1768 5234 1882 5284 cap.
1914 5217 1975 5280 3,
2009 5233 2062 5269 η.
2097 5214 2190 5285 6);
2232 5215 2320 5283 qui
2343 5222 2398 5268 et
2425 5213 2666 5282 proxime
2692 5210 2936 5280 sequenti
2957 5225 3133 5274 anno,
3172 5207 3349 5263 aetatis

1768 5309 2025 5363 Monnicae
2055 5305 2482 5376 quadragesimo,
2514 5305 2619 5358 vita
2644 5304 2930 5358 concessit.
3363 5339 3372 5373 ξ

1844 5402 1897 5455 3.
1937 5399 2131 5455 Orbata
2169 5397 2320 5459 viro,
2367 5405 2489 5450 ante
2533 5410 2694 5465 quem
2743 5395 2911 5463 nulli,
2950 5403 3004 5450 et
3042 5403 3163 5464 post
3189 5405 3347 5459 quem

1773 5493 1900 5547 nulli
1937 5503 2098 5559 nupta
2145 5501 2225 5545 est
2256 5489 2437 5562 (Ibid..
2461 5488 2549 5542 lib.
2574 5488 2628 5551 9,
2651 5504 2763 5558 cap.
2795 5488 2884 5552 l3,
2909 5505 2961 5540 n.
2987 5488 3108 5554 37).
3137 5483 3348 5547 reliqum

1775 5585 1898 5640 vita:
1919 5593 2124 5652 tempus
2150 5582 2380 5636 traduxit
2401 5581 2556 5635 vidua
2586 5590 2731 5636 casta
2757 5595 2819 5634 ac
2844 5579 3019 5633 sobria
3038 5619 3054 5638 ,
3101 5576 3344 5639 frequen-

1775 5685 1892 5729 tans
1911 5675 2276 5744 eleemosynas
2297 5671 2479 5740 (Ibid,
2499 5670 2585 5725 lib.
2608 5671 2663 5735 5,
2681 5686 2794 5738 cap.
2810 5670 2864 5729 9,
2882 5683 2935 5720 η.
2957 5666 3043 5729 17)
3061 5680 3075 5724 ;
3093 5660 3349 5713 adversus

1776 5773 2056 5837 peccantes
2085 5767 2136 5818 in
2166 5779 2222 5818 se
2248 5762 2659 5818 misericorditer
2687 5772 2880 5828 agens,
2917 5752 3225 5817 donansque
3251 5746 3354 5804 de-

1778 5856 2034 5913 bitoribus
2078 5854 2254 5911 debita
2293 5851 2482 5923 (Ibid.,
2501 5851 2586 5904 lib.
2617 5851 2668 5913 9,
2696 5861 2808 5914 cap.
2835 5841 2920 5909 l3,
2948 5858 3002 5895 tt.
3030 5841 3156 5911 56);
3187 5837 3353 5896 obses
