3948 6404
610 417 795 490 regnla
822 418 963 484 fidei,
998 423 1049 477 in
1073 440 1175 494 qua
1201 441 1322 481 eum
1350 443 1532 484 secum
1559 432 1844 502 aliquando
1868 434 2103 493 futurum
2126 447 2203 494 tot

608 514 767 566 annis
804 523 976 568 mater
1019 518 1351 575 revelatione
1394 520 1577 577 divina
1620 539 1964 596 COgltOVl‘l’al.
2012 533 2089 587 Ac
2125 533 2201 588 sic

600 603 870 675 lacrymas
894 621 1020 663 suas
1048 609 1098 664 in
1131 612 1457 681 Voluptatem
1486 617 1653 672 multo
1681 636 1837 690 quam
1869 621 1968 677 sibi
1999 626 2198 694 promi.

595 704 749 751 serat
787 698 1084 757 uberiorem
1124 713 1354 761 mutatas
1393 708 1587 776 sensit,
1631 724 1855 782 eamque
1898 714 2064 769 multo
2093 715 2194 772 sibi

588 786 901 846 chariorem
941 802 995 847 et
1032 795 1316 852 castiorem
1338 840 1353 864 ,
1389 814 1543 869 quam
1574 800 1618 856 si
1652 801 1760 857 lilio
1799 804 2024 869 liberos.
2062 822 2195 878 quos

588 886 829 947 optarat,
850 881 900 935 in
919 882 1158 955 legitimo
1187 888 1431 960 ronjugio
1468 891 1687 950 vidisset
1721 898 1987 965 procreari
2002 896 2189 969 (lbid.,

588 967 678 1023 lib.
710 971 767 1039 ε,
795 975 1105 1044 cap.12,n.
1133 978 1245 1048 so).

665 1060 721 1115 5.
769 1059 900 1119 Cum
939 1066 1266 1138 Augustinus
1314 1081 1432 1142 post
1478 1087 1629 1130 suam
1658 1080 2080 1153 conversionem
2127 1100 2187 1142 se

590 1165 715 1208 cum
734 1154 845 1210 suis
873 1156 926 1211 in
957 1157 1133 1215 villam
1161 1161 1517 1222 Cassiciacum
1548 1173 1776 1240 recepit,
1806 1172 1888 1229 his
1923 1176 1973 1231 in
2005 1193 2071 1233 eo
2099 1195 2184 1235 se-

588 1255 745 1299 cessa
768 1249 1020 1304 comitem
1049 1267 1110 1307 se
1128 1268 1338 1325 qquue
1366 1257 1605 1328 adjunsit
1639 1263 1902 1331 blonniea,
1934 1270 2180 1328 muliebri

587 1336 804 1405 quidem
834 1340 1013 1398 habitu
1037 1386 1052 1404 ,
1083 1346 1177 1400 sed
1209 1348 1340 1404 virili
1374 1350 1477 1407 fide
1497 1394 1511 1415 ,
1541 1355 1666 1409 anili
1709 1362 2025 1424 securitate.
2069 1381 2178 1421 ma-

586 1434 737 1484 terna
787 1431 1064 1502 charitme,
1107 1439 1393 1496 christiana
1447 1444 1639 1513 pietate
1685 1455 1987 1524 pra-stans(
2012 1454 2173 1526 lbid.,

588 1516 681 1572 lib.
714 1520 779 1586 9,
808 1540 924 1594 cap.
955 1527 1022 1590 4,
1051 1544 1103 1581 n.
1135 1530 1226 1599 8).
1259 1532 1333 1587 lbi
1375 1534 1758 1609 philosophiris
1797 1516 1984 1599 eorum
2014 1516 2177 1603 collo;

582 1609 758 1678 quiis,
799 1619 1185 1686 quantumlibet
1219 1624 1465 1679 sublimia
1498 1627 1583 1681 illa
1616 1642 1829 1697 essent,
1868 1636 2028 1693 etiam
2061 1640 2172 1710 ipsa

580 1699 856 1760 intererat.
899 1706 1141 1780 Cumque
1182 1713 1355 1770 idibus
1401 1720 1708 1777 novembris
1762 1724 1829 1780 de
1871 1725 2023 1783 beata
2067 1730 2168 1785 vita

578 1790 965 1865 disputaretur,
983 1804 1233 1869 asseruit,
1262 1807 1404 1862 nulla
1436 1825 1493 1864 re
1517 1810 1619 1864 alia
1641 1812 1711 1865 ali
1733 1815 1983 1879 animam,
2008 1835 2166 1889 quam

575 1880 852 1941 intellectu
885 1902 1063 1944 rerum
1092 1902 1145 1947 et
1185 1896 1437 1959 scientia;
1480 1914 1651 1971 neque
1687 1918 2005 1974 quemquam
2047 1925 2167 1966 esse

570 1988 734 2044 posse
756 1978 989 2042 beatum,
1012 1990 1138 2054 quin
1169 1986 1305 2043 idem
1328 1999 1381 2045 et
1408 1990 1604 2047 bonum
1632 1996 1809 2061 \ellet,
1839 2008 1892 2053 et
1914 1999 2162 2058 haberet:

572 2064 637 2120 Si
662 2067 810 2131 bona,
840 2072 1129 2144 inquiebat,
1155 2080 1268 2133 velit
1293 2091 1341 2135 et
1365 2082 1566 2151 habeat,
1594 2086 1764 2143 beatus
1789 2100 1860 2146 est
1882 2109 1900 2157 ;
1922 2094 1967 2146 si
1994 2106 2163 2152 autent

573 2159 713 2213 mala
738 2162 852 2216 uelit
870 2204 885 2226 ,
916 2169 1144 2235 quamvis
1169 2170 1381 2239 habeat,
1411 2176 1562 2230 miser
1586 2189 1679 2233 est.
1713 2182 1824 2247 (jua
1854 2184 1905 2238 in
1937 2201 1994 2240 re.
2013 2188 2160 2243 affir-

566 2250 734 2304 mavit
768 2253 1129 2324 Augustinus,
1167 2260 1307 2316 illam
1349 2278 1616 2321 summum
1649 2270 2001 2343 philosophia:
2042 2279 2158 2346 api-

564 2354 683 2395 cem
737 2345 1009 2417 attigisse;
1064 2367 1165 2408 nec
1219 2354 1316 2423 ipsi
1362 2356 1645 2426 Ciceroni,
1694 2363 1739 2417 si
1784 2380 1878 2432 par
1928 2368 2159 2425 elocutio

562 2429 841 2501 adfuisset,
871 2439 1157 2509 quidquam
1185 2458 1561 2502 concessuram
1593 2449 1774 2506 fuisse.
1810 2454 2009 2514 Deinde
2038 2461 2155 2530 pulo

563 2517 892 2579 cherrimum
923 2541 986 2580 cx
1020 2527 1305 2586 Hortensio
1337 2533 1493 2604 hujus
1518 2540 1745 2595 oratoris
1774 2543 1944 2598 locum
1969 2553 2156 2605 recita-

561 2608 678 2664 vit:
706 2609 772 2666 In
802 2616 983 2683 quibus
1016 2622 1211 2687 verbis,
1244 2622 1443 2697 inquit,
1473 2627 1566 2682 illa
1604 2631 1676 2685 sic
1714 2636 2062 2707 exclamabat,
2101 2652 2155 2697 ut

561 2698 707 2753 obliti
732 2706 932 2772 penitus
951 2725 1102 2764 sexus
1134 2714 1262 2783 ejus,
1296 2733 1531 2788 magnum
1555 2722 1770 2793 aliquem
1801 2728 1960 2783 uirum
1983 2734 2151 2787 consi-

560 2787 680 2844 dere
701 2794 959 2851 nobiscum
977 2803 1321 2871 crederemus;
1344 2826 1422 2865 me
1439 2814 1639 2867 interim
1663 2829 1903 2884 quantum
1925 2834 2150 2892 poteram

556 2879 894 2956 intelligente,
927 2908 989 2946 ea:
1013 2910 1113 2964 quo
1148 2897 1240 2951 illa
1271 2909 1317 2953 et
1344 2918 1495 2971 quam
1520 2906 1687 2961 dirino
1712 2910 1850 2979 fonte
1886 2928 2150 2973 manarent

557 2969 581 3040 ί
593 2970 669 3026 De
686 2974 845 3032 Beata
884 2979 1031 3047 Vita,
1064 2986 1254 3057 disput.
1286 2991 1336 3056 1,
1356 2969 1458 3046 inn.
1487 2995 1541 3060 8,
1580 2998 1645 3052 10
1669 2969 1722 3067 ).’
1744 3001 1938 3057 Eadem
1964 2969 2144 3076 poslea

554 3063 783 3134 adjecit,
815 3070 964 3127 illum
1004 3077 1093 3144 qui
1131 3079 1210 3132 vel
1243 3082 1517 3140 universas
1546 3090 1730 3144 mundi
1766 3092 2043 3153 felicitates
2073 3104 2143 3158 ita

553 3155 875 3223 possideret,
909 3170 965 3215 ut
988 3177 1207 3221 securus
1235 3180 1378 3226 esset
1403 3187 1494 3227 eas
1522 3190 1581 3229 se
1622 3196 1887 3249 nunquam
1909 3190 2139 3246 amissu-

552 3255 673 3299 rum
694 3285 711 3310 ,
738 3254 915 3305 tamen
942 3266 1063 3308 cum
1096 3256 1199 3311 illis
1229 3260 1407 3317 satiari
1438 3281 1540 3321 non
1573 3283 1777 3341 posset,
1806 3291 1873 3333 eo
1894 3280 2007 3349 ipso
2037 3286 2140 3339 mi-

553 3345 735 3390 serum
785 3336 932 3407 fore,
978 3358 1086 3413 quo
1128 3360 1341 3419 semper
1381 3367 1524 3411 esset
1571 3358 1778 3433 indigus
1812 3383 1825 3419 :
1870 3385 1973 3424 non
2012 3390 2139 3447 ergo

550 3434 871 3495 quemquam
919 3431 1023 3486 illis
1066 3436 1260 3505 rebus,
1310 3444 1405 3499 sed
1452 3448 1614 3505 animi
1659 3431 1738 3508 sui
1772 3431 2137 3525 moderatione

548 3509 763 3571 beatum
792 3533 933 3576 esse.
961 3523 1162 3590 Quibus
1182 3531 1396 3598 auditis,
1429 3538 1557 3595 nihil
1588 3556 1705 3599 eam
1735 3563 1905 3619 neque
1934 3558 2132 3624 verius,

547 3616 726 3674 neque
755 3607 866 3677 ipsa
896 3612 1106 3685 dignius
1143 3619 1322 3678 dicere
1358 3630 1626 3700 potuisse,
1665 3607 2132 3707 Augustinusnr—e-v

543 3699 760 3767 spondit
788 3703 809 3773 (
823 3702 984 3774 Ibid.,
1009 3726 1061 3762 η.
1084 3713 1139 3767 11
1164 3715 1204 3783 ).
1225 3716 1355 3773 Cum
1378 3732 1554 3779 autem
1571 3728 1618 3780 ei
1638 3699 1936 3800 expositum
1963 3699 2125 3810 esset,

540 3789 758 3859 quinam
790 3808 973 3854 essent
998 3802 1334 3877 Academici,
1367 3811 1464 3867 Isti
1491 3789 1743 3887 homines,
1777 3789 1941 3897 inquit
1969 3789 2126 3888 bibit:

536 3879 688 3949 nica,
732 3887 993 3945 caducarii
1033 3907 1149 3950 sunt
1177 3914 1327 3971 :quo
1360 3909 1574 3965 nomine
1620 3915 1777 3985 vulgo
1826 3924 2123 3997 vocabant,

534 3985 670 4091 :[uos
705 3982 988 4041 comitialis
1025 3991 1243 4049 morbus
1278 3997 1617 4059 subverteret
1649 4006 1675 4080 (
1694 3982 1856 4078 lbid.,
1903 4032 1954 4068 η.
1995 3982 2119 4091 l6):

1574 4058 1585 4059 ,
1652 4058 1856 4080 ‘_--w.,
1998 4058 2119 4091 ...ρ

532 4058 593 4117 In
621 4067 889 4140 colloquio
915 4077 1076 4134 etiam
1108 4086 1361 4151 postridie
1398 4090 1578 4149 habito
1617 4101 1776 4156 verba
1822 4121 2119 4168 memoratu

533 4152 690 4225 digna
721 4164 958 4227 protulit.
989 4168 1169 4225 Tertio
1197 4187 1373 4233 autem
1402 4182 1489 4239 die
1518 4202 1641 4242 eum
1666 4206 2025 4267 qumreretur,
2050 4202 2117 4257 il-

534 4243 636 4267 ,εμ
667 4263 741 4267 Ν
968 4258 1015 4267 ..

1684 4243 1803 4259 ,_--_
1821 4243 1983 4253 _.--...
2010 4243 2025 4267 ,

528 4243 640 4302 line
658 4263 868 4320 omnes,
891 4258 980 4325 qui
1003 4260 1052 4314 in
1077 4270 1285 4321 terrena
1305 4268 1574 4339 felicitate,
1597 4293 1719 4335 cum
1744 4300 1950 4341 summo
1976 4292 2116 4350 bono

525 4338 833 4410 priventur,
864 4348 1046 4406 miseri
1086 4364 1242 4423 sunt,
1283 4359 1493 4419 dicendi
1529 4384 1740 4443 quoque
1775 4378 1882 4433 sint
1919 4386 2111 4453 egeni:

539 4427 712 4453 ﬂ---!-
763 4436 776 4453 9
894 4440 925 4453 ⁸-
954 4442 1000 4453 ⁸·
1118 4446 1129 4453 ⁸

527 4427 739 4501 Nescio,
762 4436 931 4506 inquit
953 4442 1217 4513 Monniea,
1236 4460 1283 4504 et
1302 4456 1525 4512 nondum
1546 4427 1694 4529 plerie
1711 4427 2087 4542 intelligo:3

521 4522 672 4575 modo
705 4525 770 4579 ab
807 4540 1022 4599 egestate
1056 4539 1213 4606 possit
1242 4543 1445 4600 miseria
1461 4589 1475 4613 ,
1515 4562 1604 4605 aut
1632 4568 1825 4625 egestas
1850 4522 1899 4614 ad
1908 4564 2111 4624 miseria

518 4614 771 4679 "parum
793 4616 931 4674 Nam
952 4636 999 4677 ⁸⁸
1021 4626 1132 4693 ἕπει
1149 4633 1236 4699 qui
1255 4635 1391 4691 dives
1413 4649 1462 4694 et
1486 4614 1711 4715 locuples
1736 4662 1861 4717 erat,
1883 4664 1931 4709 et
1956 4660 2102 4729 nihil,

518 4706 576 4729 ut
600 4699 764 4729 H.230}-
821 4712 974 4729 _--_-,n
1082 4715 1094 4729 ι
1155 4720 1166 4729 .
1190 4721 1201 4729 .
1300 4724 1310 4729 -

517 4706 576 4750 ut
597 4699 784 4770 dicitis,
814 4712 1035 4779 amplius
1058 4715 1411 4792 desiderabat;
1440 4699 1615 4789 tamen,
1628 4740 1748 4803 quia
1767 4749 2015 4803 metuebat
2042 4704 2105 4808 ne

514 4789 783 4858 amitteret,
813 4799 986 4867 egebat
1002 4806 1270 4876 sapientia.
1298 4814 1501 4887 Ergone
1515 4823 1648 4881 hunc
1664 4844 1884 4901 egentem
1912 4840 2101 4898 dicere-

512 4892 647 4945 mus,
679 4883 725 4936 si
746 4900 911 4956 egeret
928 4907 1139 4965 argento
1163 4911 1211 4955 et
1234 4909 1448 4972 pecunia
1470 4929 1490 4976 ;
1509 4930 1624 4971 cum
1642 4936 1802 4991 egeret
1828 4933 2096 5003 sapientia,

512 4984 614 5003 unum
655 4972 928 5003 ὥρη---.μη
947 4986 969 5003 ο
999 4987 1036 5003 μ
1110 4990 1123 5003 ι

510 4984 615 5025 non
652 4972 969 5038 diceremus?
996 4987 1440 5056 Exclamaverunt
1467 4972 1726 5077 quotqubt
1752 4972 2004 5091 aderiint,
2043 4980 2098 5085 ei

510 5059 707 5091 ,κη-ιη...
737 5069 859 5091 ιη--)
894 5089 901 5091 Α
994 5086 1003 5091 .
1086 5081 1101 5091 .
1166 5084 1176 5091 .
1269 5088 1278 5091 -

508 5059 708 5120 dictum
734 5069 859 5127 illud
886 5086 1011 5133 sunt
1035 5081 1301 5142 admirati.
1338 5092 1454 5161 Ipse
1485 5059 1970 5176 'vero'Augustinus
1989 5059 2093 5174 ’δεῖ

1362 5153 1374 5161 .
1647 5153 1970 5176 ---οπν......ο
2001 5153 2091 5174 ου-

503 5153 760 5217 lutionem
797 5164 975 5237 illam,
1006 5188 1164 5244 quam
1194 5196 1258 5236 ex
1291 5184 1729 5261 philosophorum
1769 5200 1916 5261 libris
1954 5213 2091 5279 peti-

503 5254 612 5279 ἠυδε
630 5253 791 5279 ιοιιι..ιὲ
818 5259 959 5279 ---Ι,ι
1073 5267 1083 5277 ο
1262 5273 1274 5279 -
1348 5275 1365 5279 μ

2174 5468 2177 5475 π

496 5542 636 5585 mum
664 5538 1049 5598 attentissimum
1071 5547 1124 5601 in
1148 5549 1351 5610 Deum?
1372 5555 1510 5613 Nam
1539 5565 1672 5619 unde
1704 5538 1819 5636 ista,
1850 5590 1966 5644 quia
1986 5580 2081 5633 mi-

498 5633 692 5689 ramur,
722 5628 823 5682 nisi
848 5632 966 5687 inde
992 5642 1311 5706 procedunt!
1339 5651 1354 5714 (
1382 5646 1541 5718 Ibid,
1569 5656 1756 5728 dtsput.
1784 5628 1837 5725 τί,

498 5711 643 5743 ﬁt“.
676 5720 853 5743 L-_:__-A
947 5729 976 5743 ι·
1092 5742 1095 5743 ,
1164 5737 1175 5743 -
1256 5740 1265 5743 _
1354 5742 1358 5743 ,

490 5711 649 5773 Circa
675 5720 891 5793 hujusce
926 5729 1299 5804 disputationis
1332 5711 1661 5817 linempcuai

1717 319 1873 379 νιτΑ
1911 324 1967 381 S.
2007 325 2376 388 AUGUSTINI-
2411 334 2733 401 EPISCOPI.

2437 389 2478 393 ,-
2502 389 2672 400 ,πη
2694 389 2733 401 ,,
3734 389 3807 451 ω

2282 444 2581 509 Trinitatis
2625 459 2827 515 mentio
2865 462 3057 533 injecta
3101 468 3560 540 fuismt.Monnica
3582 501 3802 569 magum,

2308 540 2481 569 ιηηιιιῗη
2571 562 2681 569 .-μμ
2732 566 2785 569 μγ
3085 561 3097 569 .
3289 567 3294 569 Α

3586 540 3658 548 -νν
3716 540 3802 562 uqu

2308 540 2516 607 verbis,
2566 562 2686 616 quin
2726 566 2837 607 suae
2876 561 3146 616 memoria:
3183 567 3384 634 penitus
3426 540 3737 651 iubant-initi,
3766 608 3804 651 α

2305 632 2453 698 quasi
2474 636 2728 707 evigilans
2757 643 2808 697 in
2831 645 2986 702 fidem
3016 632 3195 719 suam,
3220 672 3423 718 versum
3451 666 3585 725 illum
3613 632 3797 740 saeuiit;

2304 719 2370 774 tis
2402 723 2663 783 Amhmsii
2683 770 2700 795 ,
2743 731 2881 790 Faue
2906 752 3185 809 precantes,
3219 745 3467 823 Trinitas,
3497 758 3604 817 Ιςιειει
3631 719 3795 839 equiti:

2299 822 2457 883 atque
2498 819 2721 889 subjecit
2754 842 2769 877 τ
2797 824 2921 883 Haec
2947 841 3051 895 est,
3085 835 3227 892 nullo
3253 819 3540 914 ambigente,

2296 920 2409 973 (1³⁸42
2432 908 2532 962 νί¹α
2555 918 2775 984 Perfeci“
2799 930 2869 973 εει
2889 936 2908 984 .'
2928 923 2996 976 ad
3012 942 3164 997 quam
3182 947 3275 987 nos
3292 908 3571 1005 festinantes
3584 963 3705 1015 ροαρ
3721 908 3799 1021 ι,πῖ

2299 994 2413 1021 λ..-ι
2444 1001 2593 1021 --ηλξ
2641 1006 2667 1021 ρ
2691 1006 2703 1021 ι
2832 1011 2844 1021 .
2938 1015 2950 1021 -

2295 994 2413 1050 duci
2438 1001 2602 1056 solida
2628 1006 2731 1071 ﬁde
2748 1051 2764 1073 ,
2792 1011 2950 1067 alacri
2973 994 3062 1086 spe
3080 1060 3096 1081 ,
3122 994 3371 1094 flagrante
3392 994 3797 1111 enim};

2294 1088 2529 1145 mendum
2559 1105 2631 1147 est
2661 1094 2857 1168 (lbid.,
2888 1120 2941 1157 n.
3123 1088 3440 1185 Quanquam
3474 1088 3794 1191 tttalriigi‘ii'd:

2291 1174 2408 1232 lens
2449 1179 2713 1253 ingenium
2750 1189 2861 1259 jam
2905 1208 3029 1254 ante
3069 1216 3133 1255 ex
3181 1203 3427 1265 diuturno
3458 1216 3675 1274 convictu
3710 1239 3794 1292 per.

2289 1278 2552 1346 spexisset
2602 1286 2964 1358 Augustinus;
3021 1298 3073 1353 in
3136 1302 3221 1359 illa
3282 1316 3452 1368 tamen
3504 1278 3793 1386 disputatione

2286 1382 2522 1429 mentem
2552 1377 2669 1447 ejus
2706 1386 2921 1453 agnovit
2945 1389 3081 1447 adeo
3117 1396 3397 1458 sublimen
3429 1377 3792 1483 atqtte'erectsm,

2286 1471 2341 1517 ut
2371 1466 2721 1530 arbitraretur
2743 1491 2862 1533 esse
2891 1484 3190 1555 neminem,
3220 1493 3309 1562 qui
3338 1494 3403 1550 ad
3433 1466 3597 1555 vei'am
3619 1466 3793 1571 philos):

2283 1554 2459 1623 phiam
2486 1577 2546 1616 ea
2576 1567 2743 1637 magis
2778 1570 2999 1629 idoneus
3027 1554 3348 1648 reperiretur
3377 1589 3397 1656 (
3418 1588 3493 1644 De
3516 1554 3791 1662 Odium-lii.

2279 1646 2332 1710 2,
2361 1666 2414 1703 n.
2442 1653 2464 1706 1
2489 1652 2528 1722 ).
2557 1657 2892 1731 Quapropter
2914 1646 3102 1737 agebat
3132 1672 3148 1728 i

2270 2015 2491 2083 potuisse
2530 2030 2711 2089 praeter
2749 2024 2846 2080 Dei
2874 2031 3103 2088 ordinem
3140 2038 3287 2105 ﬁeri;
3310 2015 3435 2111 grtia
3463 2015 3613 2115 ipsein
3646 2051 3787 2105 multus

2267 2104 2404 2171 quod
2432 2118 2605 2164 natum
2634 2124 2735 2180 est,
2761 2119 2902 2174 nulla
2927 2124 3076 2178 modo
3114 2104 3211 2183 Dei
3237 2132 3411 2189 ordine
3433 2142 3788 2203 naturuestned

2265 2191 2357 2247 illa
2378 2196 2573 2260 iustitia
2596 2202 2651 2255 id
2675 2204 3016 2267 inordinatum
3037 2232 3143 2272 esse
3166 2236 3268 2275 non
3288 2224 3422 2287 sivit,
3444 2230 3554 2282 etin
3573 2231 3656 2286 sibi
3678 2234 3787 2286 nteri-

2266 2294 2369 2338 tum
2390 2288 2616 2347 ordinem
2637 2297 2827 2370 redegit
2850 2312 2898 2356 et
2916 2308 3157 2377 compulit
3190 2313 3214 2373 (
3229 2310 3387 2391 ιω,
3418 2335 3471 2371 n.
3499 2318 3611 2391 23).
3632 2322 3788 2390 Quibus

2262 2377 2441 2434 verbis
2478 2379 2528 2433 id
2561 2383 2768 2442 videtur
2791 2391 3090 2462 significare
3121 2388 3387 2474 voluisse,
3416 2412 3549 2481 quod
3573 2413 3689 2469 adeo
3708 2417 3787 2470 fre-

2261 2477 2485 2535 quenter
2504 2474 2851 2545 Augustinum
2884 2484 3075 2554 legenti
3104 2498 3359 2560 eccum-it,
3392 2474 3625 2559 videlicet
3646 2516 3787 2561 aucto-

2260 2571 2373 2615 rem
2416 2566 2615 2630 peccati
2655 2567 2820 2626 Deum
2862 2590 2966 2632 non
2998 2594 3153 2650 esse,
3197 2587 3295 2643 sed
3326 2592 3680 2653 ordiuatnrem.
3706 2595 3786 2652 Sub

2260 2661 2557 2711 extremum
2596 2656 2723 2715 illud
2769 2666 3090 2738 colloquium
3133 2691 3254 2733 eam
3303 2682 3613 2752 Augustinus
3652 2687 3786 2745 laudat

2258 2749 2648 2820 eompellatque
2675 2755 2729 2810 in
2756 2756 2896 2815 hunc
2937 2766 3150 2822 modum
3181 2789 3195 2825 :
3233 2772 3447 2833 Oremus
3469 2797 3612 2852 ergo,
3640 2800 3721 2837 non
3746 2791 3786 2837 ut

2256 2834 2397 2890 nobis
2424 2839 2630 2909 divitia,
2658 2846 2735 2900 ecl
2754 2848 2987 2919 honores,
3007 2856 3083 2911 vel
3104 2858 3401 2931 hujusmodi
3419 2884 3493 2924 res
3516 2834 3658 2940 fluxa:
3677 2882 3786 2941 atque

2255 2938 2504 2995 nutantes,
2540 2944 2586 2988 et
2608 2939 2783 3006 quovis
2808 2943 3063 3001 resistente
3091 2959 3428 3025 transeuntes,
3455 2938 3541 3015 srtl
3565 2972 3612 3015 ut
3634 2978 3684 3016 ea
3699 2978 3784 3029 pro-

2253 3021 2474 3089 veniant,
2502 3041 2615 3093 quia
2643 3046 2733 3083 nos
2761 3030 2917 3090 bonos
2948 3037 3139 3106 faciant
3173 3060 3237 3098 ac
3273 3050 3456 3107 beatus.
3494 3051 3612 3118 Qua:
3632 3064 3723 3109 rota
3746 3061 3784 3107 ut

2251 3109 2567 3169 devotissime
2590 3116 2895 3191 impleantur
2917 3126 3025 3189 tibi,
3050 3135 3272 3190 maxime
3294 3140 3390 3194 hoc
3421 3145 3675 3214 negotium,
3700 3159 3783 3196 ma-

2248 3208 2342 3265 ter,
2372 3202 2714 3277 injungimus;
2730 3214 2875 3283 cujus
2895 3220 3123 3286 precibus
3144 3225 3489 3288 indubitanter
3514 3237 3649 3289 credo
3672 3246 3783 3305 atque

2246 3294 2492 3362 con/irino
2515 3300 2640 3353 mihi
2667 3302 2815 3359 istam
2835 3319 3046 3365 mentem
3072 3313 3241 3374 Deum
3261 3322 3475 3389 dedisse,
3500 3338 3552 3382 ut
3576 3329 3783 3384 insatieta-

2246 3383 2327 3439 ἄιε
2354 3389 2550 3445 veritati
2578 3393 2711 3449 nihil
2738 3402 2940 3456 omnino
2970 3422 3299 3481 pra'ponam,
3343 3383 3474 3474 nihil
3494 3419 3629 3475 aliud
3650 3422 3779 3486 reliiu,

2243 3477 2373 3532 nihil
2399 3484 2629 3554 cogitem,
2661 3490 2792 3545 nihil
2812 3510 2995 3551 autem.
3023 3498 3135 3556 Nec
3161 3505 3339 3564 desino
3365 3514 3561 3569 credere
3579 3556 3592 3576 .
3614 3530 3692 3568 nos
3711 3514 3781 3567 hoc

2241 3576 2437 3624 tantum
2470 3572 2676 3643 bonum,
2714 3584 2851 3651 quod
2888 3598 2935 3641 te
2966 3606 3283 3659 promerente
3312 3605 3691 3673 concupivimus,
3711 3621 3779 3658 ω-

2239 3660 2352 3714 dem
2382 3674 2429 3716 te
2472 3678 2666 3736 petente
2693 3674 2968 3747 adepturus
2994 3681 3178 3754 (Ibid.,
3205 3707 3258 3744 n.
3280 3693 3395 3763 52).
3423 3660 3779 3768 Postquatn'au-

2240 3758 2345 3807 tem
2389 3754 2681 3826 baptizatus
2736 3765 2926 3827 fuisset
2968 3776 3294 3845 Augustinus
3338 3754 3461 3843 cum
3505 3754 3774 3861 quibusdam

2235 3846 2419 3902 amicis
2446 3860 2499 3906 et
2524 3860 2836 3916 necessariis
2860 3902 2875 3929 ,
2903 3866 2991 3935 qui
3022 3886 3121 3923 una
3155 3874 3270 3942 jam
3308 3877 3362 3933 in
3395 3881 3502 3938 Deo
3532 3882 3778 3939 consociali

2233 3935 2516 4007 vivebant,
2560 3944 2613 3998 in
2640 3946 2861 4006 illorum
2903 3935 3261 4021 contubernio
3304 3935 3491 4027 adhuc.
3516 3935 3777 4045 aliquandiu

2232 4026 2360 4083 vixit
2389 4030 2629 4092 llattnica
2658 4042 2885 4111 :quibus
2907 4052 3155 4109 omnibus
3183 4067 3387 4118 tantum
3418 4081 3560 4123 cura:
3591 4026 3777 4123 :lditibe'

2230 4117 2347 4186 bat,
2389 4137 2643 4193 quantum
2683 4135 2725 4187 si
2767 4147 2938 4195 mater
2972 4147 3209 4203 omnium
3254 4140 3578 4225 exstitisset;
3609 4168 3775 4215 tantum

2227 4212 2577 4274 observantim
2598 4262 2612 4283 ,
2639 4237 2891 4294 quantum
2920 4234 2964 4287 si
3003 4240 3240 4299 omnium
3268 4247 3371 4301 filia
3402 4249 3777 4321 (Confessiouum

2230 4301 2282 4321 ,η
2342 4305 2373 4321 η
2572 4313 2599 4321 ,,
2726 4316 2787 4321 μ

2224 4301 2311 4357 lib.
2341 4305 2393 4369 9,
2422 4326 2536 4379 cap.
2569 4313 2624 4376 9.
2647 4331 2696 4368 η.
2722 4316 2852 4389 22).
2885 4322 2977 4380 llis
3001 4339 3178 4384 autem
3211 4301 3419 4402 pariter"
3442 4301 3774 4397 rellicta-utilius

2222 4393 2276 4448 in
2302 4396 2556 4468 Africam,
2578 4418 2698 4459 eum
2719 4408 2784 4463 ad
2805 4413 2949 4469 Ostia
2972 4393 3224 4476 Tiberina
3237 4431 3619 4495 pervenissent.
3640 4444 3774 4501 seque

2219 4483 2288 4539 ibi
2328 4487 2394 4542 ad
2440 4494 2789 4564 navigandum
2834 4518 3239 4582 comparari-nt,
3285 4518 3527 4579 Monnica
3565 4534 3772 4580 extremo

2215 4590 2460 4649 correpta
2483 4585 2692 4656 morbo,
2719 4601 2922 4652 natura:
2947 4598 3180 4659 debitum
3206 4609 3368 4667 solvit
3390 4613 3410 4684 (
3429 4612 3590 4683 Ibid.,
3611 4616 3771 4686 (παροδ.

2213 4684 2266 4722 n.
2299 4671 2424 4744 17).
3396 4671 3410 4684 ἱ
3458 4715 3468 4729 '

2810 4776 3036 4838 CAPUT
3076 4784 3214 4842 XIII.

2209 4852 2236 4906 1
2271 4853 2526 4914 Mannicii:
2541 4878 2655 4917 cum
2677 4865 2960 4940 Augustino
2987 4876 3050 4931 de
3073 4889 3275 4952 (eterna:
3293 4888 3411 4943 uitta
3436 4892 3665 4963 felicitate
3683 4888 3771 4944 col-

2277 4944 2480 5003 locatio.
2507 4950 2543 5005 2
2569 4951 2885 5016 Prterlarum
2914 4965 3104 5022 dictant
3137 4944 3472 5035 sanctissima:
3508 4984 3697 5054 femina:
3719 4980 3770 5035 de

2274 5038 2557 5111 abjicienda
2601 5050 2822 5118 sepulcri
2859 5058 2942 5111 sui
2978 5077 3101 5117 cura
3126 5080 3146 5119 .'
3172 5066 3300 5135 felia:
3341 5038 3566 5144 ejusdem
3607 5077 3764 5131 obitus.

2271 5130 2307 5187 3
2350 5130 2603 5192 Mennim:
2644 5142 2800 5210 fimus
2827 5161 2847 5200 :
2874 5148 3143 5221 Augustini
3172 5130 3333 5215 dolor
3358 5130 3441 5221 vde
3474 5167 3612 5223 illius
3649 5164 3767 5221 obit!

2268 5225 2636 5296 acerbissimas,
2668 5235 2818 5303 ﬂetus
2846 5242 3091 5300 modicus.

2268 5316 2319 5371 l.
2342 5316 2585 5393 Quinque
2604 5334 2692 5380 aut
2724 5326 2860 5386 forte
2885 5347 2977 5389 sex
3012 5346 3136 5395 ante
3174 5341 3397 5413 diebus,
3433 5364 3591 5419 quam
3626 5349 3763 5406 beata

2194 5403 2433 5463 Monnica
2458 5412 2507 5466 in
2536 5415 2779 5473 morbum
2802 5421 3078 5496 incideret,
3101 5444 3221 5487 cum
3252 5403 3466 5505 ipsa'etj
3477 5441 3615 5497 filius
3637 5437 3761 5511 apud

2190 5495 2335 5553 Ostia
2356 5499 2601 5559 Tiberina
2634 5507 3005 5572 incumberent
3028 5519 3095 5574 ad
3126 5495 3416 5584 fenesiram
3436 5571 3452 5596 ,
3652 5495 3761 5600 tiro-

2187 5600 2399 5658 speetus
2425 5604 2537 5649 erat
2566 5597 2615 5652 in
2648 5598 2857 5659 hortum
2883 5606 3095 5677 domus,
3126 5614 3177 5668 in
3204 5631 3304 5686 qua
3336 5597 3758 5688 diversabantur.‘

2184 5688 2239 5734 et
2269 5684 2454 5739 remoti
2478 5702 2507 5741 a
2533 5691 2699 5746 turbis
2722 5706 2835 5760 post
2867 5697 3005 5771 longi
3035 5684 3237 5763 itineris
3264 5707 3532 5781 laborem,
3565 5715 3751 5770 instau-

2181 5770 2371 5830 rabant
2412 5788 2471 5833 sc
2506 5779 2853 5855 navigationi,
2896 5770 2976 5847 de
3008 5794 3115 5851 vita
3151 5807 3351 5858 :eterm
3396 5770 3530 5863 cum.
3554 5816 3748 5864 suum

3664 6264 3900 6380 md

3492 6379 3584 6386 #—
