3948 6398
208 521 348 580 una
381 518 631 586 voluptate
676 525 956 569 annonem
1008 508 1343 565 contulerunt
1366 549 1382 572 ,
1435 507 1703 577 praeterita

213 612 542 669 obtiriseeutes,
567 620 630 660 ac
659 605 712 658 in
743 620 803 658 ea
831 619 938 675 quae
963 610 1084 656 ante
1110 610 1234 656 sunt
1265 599 1486 656 extenti.
1519 597 1701 653 [nhia-

216 707 382 767 huius,
400 699 530 770 inquit
549 696 882 767 Augustinus,
902 710 984 749 ore
1010 693 1174 747 cordis
1193 693 1245 746 in
1267 709 1487 762 superna
1511 694 1704 762 ﬂuenta

222 798 350 869 puti:
363 795 433 859 tsi,
449 793 582 861 fastis
608 791 725 844 vita
739 789 826 861 qui
848 797 917 843 est
936 787 1072 856 apud
1090 796 1173 850 te;
1206 795 1262 840 ut
1284 785 1404 841 inde
1430 804 1520 858 pro
1547 796 1700 858 captu

220 903 358 947 nostro
379 887 546 957 aspersi.
571 901 770 956 quoquo
809 885 949 938 modo
981 899 1082 937 rem
1111 892 1305 936 tantum
1343 883 1697 953 cogitaremus.

219 979 460 1053 θεωρίαι
475 995 574 1033 cum
593 979 746 1045 finem
769 992 926 1031 sermo
950 976 1322 1043 perduceretur,
1347 984 1403 1029 ut
1420 976 1702 1029 carnalium

216 1090 399 1131 multa
419 1071 645 1126 Mutatio
662 1066 962 1140 quantalibet
980 1068 1032 1122 in
1057 1067 1365 1138 quantalibet
1383 1068 1496 1122 luce
1517 1083 1699 1137 corpo-

214 1182 286 1222 rss
307 1179 391 1233 pre
409 1163 516 1216 illius
542 1163 654 1215 sine
665 1159 985 1232 jucunditate
1001 1200 1016 1218 .
1055 1175 1154 1214 non
1192 1159 1584 1228 comparatione,
1612 1159 1702 1212 sed

210 1273 262 1313 ne
285 1254 684 1310 enumeratione
723 1251 920 1322 quidem
954 1250 1110 1322 digna
1139 1251 1428 1315 uideretur;
1458 1251 1702 1323 erigentes

202 1345 526 1402 ualentiore
547 1343 724 1410 electu
751 1343 808 1396 in
835 1342 1054 1413 idipsum
1074 1383 1090 1406 ,
1121 1342 1242 1395 dum
1269 1342 1521 1410 loquimur
1547 1353 1594 1396 et
1617 1342 1699 1396 in-

196 1439 350 1494 hiatus
367 1437 462 1502 illi,
497 1437 744 1506 attigimus
770 1452 884 1490 eam
923 1435 1115 1489 modice
1149 1445 1253 1490 toto
1281 1436 1383 1489 ictu
1420 1436 1618 1497 cordis;
1653 1443 1701 1488 et

190 1530 501 1600 mpiralimus,
521 1538 567 1583 et
586 1528 875 1596 reliquimus
899 1526 968 1581 ibi
995 1527 1235 1597 religatas
1271 1527 1520 1595 primitias
1547 1528 1700 1596 spiri-

189 1629 265 1686 tus,
288 1629 326 1673 et
347 1621 641 1674 reuertimus
665 1619 733 1672 ad
760 1618 1023 1688 strepitum
1049 1619 1152 1672 oris
1172 1619 1359 1676 nostri.
1391 1617 1478 1673 ubi
1502 1619 1699 1674 verbum

185 1713 432 1783 uincipitur
451 1722 492 1766 et
513 1712 700 1778 ﬁnitur.
731 1712 780 1765 ls
805 1711 963 1780 hujus
988 1709 1240 1778 colloquii
1267 1720 1322 1764 et
1345 1711 1567 1764 ecstasis
1593 1710 1700 1765 I’ru-

183 1811 277 1858 ctus
311 1801 423 1864 fuit,
459 1811 509 1856 ut
539 1801 664 1871 ipsis
701 1802 880 1856 omnia
924 1800 1105 1856 mundi
1134 1801 1518 1855 oblectamenta
1543 1842 1557 1864 ,
1589 1815 1698 1870 prae

183 1893 251 1948 ills
271 1893 479 1948 delibata,-
515 1893 777 1947 felicitatis
813 1891 1102 1955 suavitate,
1137 1891 1477 1946 vilescerent.
1511 1891 1572 1946 Et
1608 1891 1697 1945 iila

182 1985 359 2054 quidem
395 1986 450 2039 ad
489 1986 827 2057 Augustinum
863 2001 879 2039 :
910 1981 1054 2046 Fili,
1091 1982 1192 2045 ait,
1237 1993 1478 2052 quantum
1518 1983 1588 2036 ad
1619 1998 1700 2036 me

186 2079 349 2143 attinet,
373 2079 492 2131 nulla
508 2079 605 2149 jam
630 2095 688 2132 re
719 2077 941 2131 delector
964 2076 1018 2131 in
1054 2076 1150 2130 hac
1177 2076 1299 2129 vita.
1345 2075 1480 2140 Quid
1512 2077 1593 2130 hic
1610 2076 1696 2146 fa-

184 2170 298 2222 cim
319 2169 476 2222 adhuc.
494 2179 532 2223 et
553 2185 633 2224 cur
658 2171 742 2223 hic
775 2169 873 2222 sim
903 2168 1090 2231 nescio,
1120 2168 1236 2238 jam
1271 2176 1568 2230 consumpta
1609 2183 1700 2238 spe

185 2260 317 2328 ltsjss
333 2261 491 2313 sar-li.
520 2259 677 2316 Unum
701 2269 810 2313 erat
842 2267 1048 2329 propter
1071 2257 1208 2326 quod
1237 2259 1291 2312 in
1331 2257 1426 2311 hac
1460 2259 1560 2312 vita
1597 2258 1697 2313 ali-

185 2360 382 2418 quantum
401 2351 632 2405 immorari
652 2351 940 2422 cupiebam,
973 2359 1026 2403 ut
1051 2358 1099 2403 te
1117 2349 1447 2403 christianum
1480 2349 1695 2403 catholi-

182 2455 277 2493 cum
295 2441 474 2495 siderent
503 2442 787 2512 priusquam
822 2456 1060 2494 morerer.
1097 2438 1411 2494 Cumulatius
1451 2441 1544 2493 hoc
1574 2440 1698 2493 mihi

175 2531 294 2589 Deus
323 2551 438 2589 luteus
475 2535 717 2605 prtrstitit,
748 2545 804 2588 ut
833 2544 882 2588 te
916 2533 1097 2596 etiam,
1146 2542 1430 2602 contempta
1459 2532 1698 2601 felicitate

172 2635 537 2690 tet-reus,serrttm
555 2627 662 2689 eius
681 2625 898 2679 videam.
921 2623 1056 2691 Quid
1098 2624 1178 2679 hic
1209 2624 1378 2695 facio?
1422 2625 1691 2695 (Confess.

170 2716 245 2771 lib.
272 2717 320 2775 9.
342 2720 512 2788 δῆμε).
539 2737 590 2772 rt.
621 2718 814 2775 23-26.
836 2718 858 2790 )

230 2808 280 2862 2.
307 2810 404 2863 Mitt
422 2812 530 2865 item
551 2811 640 2865 die
659 2810 901 2865 Monnica
922 2809 1087 2866 Ostiis
1108 2808 1376 2864 Tiberinis
1406 2823 1526 2864 cum
1557 2824 1693 2862 non-

169 2899 314 2955 nullis
333 2903 486 2958 :uniris
503 2904 772 2973 Augustini
805 2903 953 2972 (ipse
977 2905 1120 2957 enim
1150 2901 1365 2971 aberat)
1391 2917 1691 2957 sermonem

166 2989 227 3045 de
241 3004 499 3064 «mttunptu
519 2996 637 3049 vitta
669 2994 827 3060 hujus
852 3003 906 3049 et
931 2993 997 3049 de
1025 2994 1166 3048 bono
1190 2995 1375 3048 mortis
1397 2994 1695 3048 familiaris-

165 3081 277 3137 Sitne
296 3083 571 3141 conferebat
594 3086 715 3157 :qni
739 3085 950 3139 ΐθιηὶιιτιε
975 3085 1224 3140 virtutem
1251 3094 1546 3155 stupentes.
1570 3101 1690 3139 cum

165 3173 287 3228 abes
311 3176 639 3244 qmiissent.
683 3176 938 3245 numquid
974 3176 1206 3242 timeret,
1242 3193 1308 3231 ne
1340 3185 1444 3230 tam
1478 3178 1630 3242 longe
1661 3193 1690 3232 a

165 3276 238 3318 sua
255 3267 440 3324 civitate
458 3285 649 3339 corpus
669 3270 1018 3338 relinqueret:
1040 3267 1208 3335 Nihil,
1232 3270 1398 3339 inquit
1416 3269 1525 3332 illa,
1546 3268 1694 3341 longe

163 3364 218 3409 est
253 3355 370 3424 Deo;
402 3376 551 3431 neque
575 3361 852 3414 timendum
879 3371 948 3415 est
968 3403 982 3423 ,
1013 3377 1077 3415 ne
1113 3361 1200 3414 ille
1239 3377 1338 3414 non
1366 3371 1604 3433 agnoscat
1637 3361 1690 3415 in

162 3447 242 3513 ﬁse
259 3451 427 3517 seculi,
453 3453 585 3506 unde
612 3468 692 3504 me
716 3452 992 3506 resuscitet.
1021 3452 1188 3507 Porro
1213 3453 1403 3507 mirum
1435 3461 1688 3522 quantum

161 3537 420 3599 fueratante
439 3543 508 3600 de
536 3545 786 3614 sepulcro
807 3544 1050 3609 sollicita,
1079 3545 1219 3615 quod
1257 3544 1376 3598 ideo
1400 3543 1548 3611 juxta
1579 3559 1690 3598 ma-

162 3630 231 3685 riti
251 3647 414 3705 corpus
435 3635 533 3689 sibi
558 3634 862 3704 providerat
893 3643 948 3689 et
981 3641 1389 3704 pra'pararerat,
1419 3634 1538 3702 quia
1565 3649 1688 3703 per-

159 3721 258 3776 actis
289 3739 393 3778 cum
425 3726 514 3781 illo
541 3741 750 3780 summa
773 3740 1127 3780 conscnsmnc
1153 3725 1476 3780 matrimonii
1508 3725 1684 3792 annis,

159 3813 354 3882 cupiebat
376 3816 494 3872 illud
523 3817 650 3872 huic
680 3817 915 3871 felicitati
949 3816 1126 3886 adjici,
1156 3831 1262 3883 quo
1291 3830 1686 3872 comnunnora-

158 3906 340 3962 retur-ab
365 3908 665 3963 hominibus
685 3922 994 3962 concessum
1024 3907 1124 3963 sibi
1148 3922 1267 3962 esse
1288 3918 1688 3977 posttransma-

159 3995 291 4051 rinam
319 4001 826 4070 peregrinationem,
850 4008 907 4054 ut
933 3998 1214 4069 conjuncta
1241 4010 1380 4055 terra
1409 4000 1685 4055 amborum

159 4091 387 4160 coniugum
416 4103 550 4149 terra
583 4103 852 4164 tegi-retur
879 4091 1141 4162 :setl-jam
1173 4100 1281 4146 tum
1327 4091 1684 4147 infirmitatem

159 4178 264 4237 hanc
293 4182 418 4240 Deus
446 4194 745 4242 sanast-rat.
768 4198 816 4240 et
835 4184 1013 4240 cordis
1035 4185 1153 4252 ejus
1173 4184 1477 4240 inanitatem
1503 4186 1687 4250 gratize

158 4269 428 4337 plenitudine
445 4277 802 4346 compleverat
836 4274 1025 4345 (lbid.,
1051 4292 1166 4347 cap.
1198 4275 1286 4343 10,
1309 4293 1360 4330 n.
1533 4276 1686 4346 Quod

157 4375 265 4418 sane
284 4365 553 4436 Augustino
567 4371 700 4423 satis
719 4368 831 4435 ipsa
860 4367 1269 4438 significari-rat,
1297 4383 1418 4424 cum
1448 4368 1500 4423 in
1527 4384 1686 4438 supra

157 4468 404 4514 memorant
418 4476 666 4517 semone
686 4461 752 4516 ad
780 4461 1064 4516 fenestram
1085 4462 1261 4531 erupit
1285 4463 1334 4516 in
1358 4463 1471 4516 htec
1493 4464 1682 4518 verba:

158 4545 271 4608 Ωιίά
293 4548 363 4604 his
387 4551 546 4618 facio?
571 4551 678 4608 Sed
704 4552 823 4622 eius
863 4561 1096 4607 mentem
1127 4552 1216 4608 ille
1251 4551 1389 4606 haud
1422 4569 1685 4624 quaquam

158 4637 291 4704 plene
314 4651 388 4695 est
403 4655 677 4710 sssemtus,
700 4646 874 4701 denec
896 4645 948 4699 in
973 4647 1229 4700 extremis
1259 4645 1426 4714 posita
1454 4659 1572 4700 sese
1599 4645 1686 4701 illa

155 4728 342 4795 planius
357 4737 555 4800 aperuit.
569 4736 702 4792 Nam
729 4736 919 4807 quinto
931 4736 1146 4791 circiter
1173 4745 1290 4806 post
1311 4737 1467 4790 istum
1484 4751 1690 4791 sermo-

152 4832 252 4875 nem
268 4821 348 4878 die
371 4823 420 4880 in
435 4825 602 4883 febrim
633 4826 862 4884 incidit:
881 4843 983 4898 qua
1005 4827 1216 4897 quidem
1234 4841 1425 4882 novem
1451 4827 1568 4883 dies
1586 4826 1688 4884 du-

155 4922 296 4981 rante.
314 4917 562 4991 obsequiis
582 4921 789 4976 interea
817 4919 921 4974 sibi
935 4919 1002 4973 ab
1022 4919 1314 4988 Augustino
1335 4919 1588 4990 impensis
1608 4920 1691 4974 in-

159 5002 495 5076 lerbladiens,
545 5011 689 5080 piunt
729 5010 878 5065 illum
933 5010 1259 5081 appellabat,
1299 5025 1362 5064 ac
1401 5005 1690 5066 tenerrimo

159 5095 496 5158 mum
519 5101 1002 5168 commemorabat,
1033 5116 1300 5172 nunquam
1331 5117 1395 5156 ex
1427 5101 1567 5157 illius
1595 5115 1692 5158 ore

161 5187 356 5246 Voculam
379 5192 640 5249 excidisse
656 5235 673 5257 ,
701 5207 824 5264 qua:
849 5193 1019 5263 ipsam
1045 5192 1129 5247 vel
1152 5192 1341 5248 leviter
1367 5193 1560 5248 laedere
1594 5208 1691 5263 po-

115 5349 130 5372 δ
165 5278 348 5372 ιιιὶῄει(
366 5285 521 5355 Ibit,
545 5306 664 5360 cep.
694 5289 787 5353 12,
815 5306 871 5342 n.
897 5287 1022 5359 50).
1053 5287 1294 5358 Quodam
1324 5297 1501 5345 autem
1530 5291 1690 5361 aegri-

165 5368 322 5431 “iis
351 5377 433 5437 ﬁs
469 5380 738 5438 defectum
769 5381 961 5436 animat
1001 5394 1152 5450 passa
1177 5391 1290 5447 est,
1322 5393 1386 5437 ac
1421 5381 1690 5451 paululum

165 5459 380 5523 εει-ιω
415 5471 770 5542 praesentibus
805 5488 822 5526 :
853 5469 966 5526 Nos
1003 5473 1346 5527 concurrimus
1373 5473 1692 5546 (Augustini

168 5551 412 5617 τακῆε
434 5563 606 5634 mut),
635 5563 726 5619 sed
753 5563 1080 5617 citoreddita
1104 5573 1176 5618 est
1205 5564 1392 5628 sensui,
1423 5575 1472 5618 et
1497 5565 1694 5634 aspexit

169 5650 433 5709 “unus
447 5663 494 5709 et
518 5655 732 5725 fratrem
757 5670 943 5717 meum,
969 5664 1015 5710 et
1033 5657 1107 5710 ait
1130 5657 1271 5712 nobis
1292 5657 1438 5728 quasi
1455 5660 1692 5728 quterenti

166 5735 446 5802 “alii
458 5764 596 5804 erant
608 5750 634 5803 7
657 5747 856 5804 Deinde
876 5765 968 5804 nos
985 5749 1181 5804 intuens
1197 5765 1406 5806 nuerore
1422 5751 1656 5805 attonitos
1674 5766 1695 5807 :

168 5826 462 5904 Mtte,
483 5839 686 5912 inquit,
718 5848 936 5895 matrem
975 5851 1204 5898 vestram.
1241 5841 1354 5914 Ego
1380 5841 1620 5910 silebant,
1648 5853 1696 5899 et

1450 385 1653 444 LIBER
1687 383 2068 446 sscuuous.
2135 350 2140 354 ’

3296 407 3404 470 154

1809 503 1984 573 ﬂetum
2012 505 2293 578 frenabant.
2337 509 2521 568 Frater
2545 523 2715 571 autem
2740 533 2884 574 meus
2918 519 3162 592 ﬂuidam
3201 522 3402 581 loeutus

1809 606 1884 651 est
1903 639 1917 658 .
1945 614 2044 668 quo
2071 615 2182 653 eam
2220 617 2322 656 non
2360 619 2583 675 peregre,
2613 607 2700 660 sed
2725 608 2778 662 in
2806 611 2972 680 patria
3015 612 3242 684 defungi.
3285 625 3399 670 tan-

1807 706 1959 758 quam
1983 693 2200 764 felicius,
2226 705 2441 767 optaret.
2478 697 2591 764 Quo
2616 701 2822 770 audito,
2847 703 2940 758 illa
2963 707 3103 761 vultu
3129 710 3285 762 anxio
3315 726 3398 763 re-

1808 782 2070 839 verberans
2111 801 2225 840 eum
2271 789 2462 855 oculis,
2503 789 2638 859 quod
2673 792 2797 846 talia
2843 805 3068 864 saperet,
3097 807 3247 870 atque
3281 800 3400 856 inde

1807 891 1887 930 me
1905 875 2103 935 intuens
2126 893 2145 932 :
2179 877 2323 946 Vide,
2345 881 2438 943 ait,
2460 881 2584 951 quid
2603 882 2742 936 dicit.
2769 883 2836 938 Et
2860 901 2979 938 mox
2996 886 3233 943 ambobus
3256 905 3275 945 :
3298 887 3400 946 Po-

1807 967 1929 1034 nite,
1957 969 2151 1040 inquit,
2179 971 2276 1024 hoc
2301 988 2486 1043 corpus
2511 972 2847 1045 ubicumque;
2873 976 3002 1032 nihil
3030 994 3114 1032 vos
3142 981 3252 1050 ejus
3277 998 3398 1037 cura

1806 1059 2066 1114 conturbet
2109 1075 2127 1114 :
2171 1070 2369 1116 tantum
2434 1061 2566 1117 illud
2617 1079 2703 1119 nos
2753 1081 2909 1136 rogo,
2949 1077 3007 1121 ut
3057 1069 3128 1120 ad
3193 1069 3397 1127 Domini

1809 1150 1975 1204 altare
2020 1152 2344 1208 memineritis
2381 1155 2508 1220 mei,
2548 1155 2632 1209 ubi
2665 1155 2751 1210 ubi
2783 1158 2981 1228 fueritis
3011 1157 3195 1229 (Ibid.,
3224 1163 3313 1216 lib.
3340 1163 3396 1229 9,

1806 1261 1919 1316 cap.
1953 1246 2039 1311 ll,
2067 1262 2119 1298 η.
2155 1245 2282 1300 27).
2324 1245 2463 1318 Ergo
2495 1249 2586 1303 illa
2623 1250 2914 1306 imminente
2947 1251 3032 1306 die
3070 1256 3392 1311 resolutionis

1804 1355 1931 1403 suae,
1967 1340 2136 1409 pergit
2163 1339 2320 1408 paulo
2349 1349 2469 1410 post
2491 1342 2840 1412 Augustinus,
2866 1359 2964 1398 non
2989 1346 3226 1416 cogitarit
3250 1364 3398 1402 suum

1805 1447 1986 1502 corpus
2026 1441 2318 1500 sumptuose
2355 1433 2584 1504 contegi,
2614 1444 2702 1487 aut
2727 1436 2926 1490 condiri
2952 1438 3280 1504 aromatibus,
3307 1449 3399 1496 aut

1805 1531 2182 1576 monumentum
2205 1523 2417 1576 electum
2441 1524 2745 1595 concupivit,
2777 1535 2865 1579 aut
2889 1528 3081 1581 curavit
3109 1530 3398 1598 sepulcrum

1806 1612 2064 1683 patrium;
2091 1630 2190 1667 non
2214 1614 2311 1667 ista
2337 1614 2591 1668 mandauit
2613 1615 2756 1670 nobis
2783 1631 2802 1670 :
2823 1617 2910 1670 sed
2930 1621 3278 1674 tantnnunodo
3293 1637 3397 1676 me-

1804 1705 2017 1758 moriam
2046 1706 2126 1760 sui
2159 1706 2226 1759 ad
2259 1706 2420 1759 altare
2443 1716 2584 1760 tuum
2610 1707 2721 1777 ﬁeri
2746 1708 3064 1768 desiderauit.
3093 1713 3176 1765 cui
3207 1714 3396 1769 nullius

1803 1795 1904 1850 diei
1932 1797 2351 1866 prtetermissionc
2373 1799 2643 1862 servierat;
2669 1803 2804 1854 unde
2822 1800 2967 1854 sciret
2995 1801 3280 1872 dispensari
3307 1803 3394 1859 Vi—

1803 1889 2006 1943 ctimam
2043 1901 2304 1954 sanctam,
2341 1907 2439 1960 qua
2468 1890 2686 1944 deletum
2714 1901 2785 1945 est
2816 1892 3228 1964 chirographum.
3261 1896 3396 1966 quod

1802 1995 1907 2037 erat
1933 1984 2242 2037 contrarium
2271 1984 2411 2038 nobis
2455 1982 2660 2057 (Ibid.,
2689 2002 2806 2056 cap.
2837 1987 2926 2050 l3,
2966 2004 3017 2040 n.
3056 1988 3124 2042 36
3144 1988 3180 2058 ).
3215 1988 3395 2059 Itaque

1802 2092 1923 2132 cum
1951 2087 2183 2130 montem
2209 2091 2383 2140 suam,
2415 2088 2570 2146 prout
2595 2085 2641 2131 ci
2674 2094 2768 2148 per
2791 2079 3147 2136 valetudinem
3177 2081 3390 2147 licebat,

1802 2167 2139 2235 explicasset,
2169 2168 2565 2237 ingravescente
2595 2168 2784 2223 morbo
2813 2171 3178 2225 exercebatur.
3212 2171 3264 2224 In
3287 2186 3394 2241 quo

1801 2259 2037 2315 cruciatu
2067 2259 2218 2313 beata
2251 2259 2335 2312 illa
2365 2259 2540 2314 anima
2571 2275 2766 2330 corpus
2791 2261 3040 2331 reliquit,
3071 2263 3136 2317 ad
3167 2279 3392 2334 superos

1802 2351 2108 2414 evolatura,
2151 2350 2238 2406 die
2283 2350 2612 2420 {egritudinis
2640 2367 2751 2405 sua:
2795 2366 2969 2412 nouo.
3016 2354 3188 2408 aetatis
3229 2355 3392 2422 ipsius

1800 2455 1943 2495 anno
1980 2441 2419 2509 tlttiuquagetltto
2460 2451 2641 2501 sexto.
2685 2442 2858 2495 a-tatis
2891 2451 3069 2497 autem
3107 2443 3390 2512 Augustini

1803 2534 2073 2603 trigesimo
2095 2533 2268 2587 tertio.
2295 2532 2476 2604 paucis
2502 2533 2636 2587 forte
2661 2533 2850 2587 diebus
2871 2545 2997 2588 ante
3025 2533 3142 2588 idus
3171 2550 3391 2590 novent-

1801 2626 1924 2680 bres
1965 2625 2090 2679 anni
2129 2640 2289 2694 supra
2325 2627 2758 2680 trecentesimqu
2801 2625 3112 2695 octogesimi
3153 2626 3387 2697 Septimi.

1799 2717 2038 2772 Natalem
2062 2727 2237 2772 tamen
2269 2717 2384 2784 ejus
2416 2717 2652 2772 Ecclesia
2680 2727 2868 2788 quarto
2898 2734 3066 2774 nonas
3099 2718 3222 2774 maii
3251 2718 3391 2774 cele-

1801 2811 1918 2866 brat
1945 2829 1957 2864 :
1987 2811 2125 2878 qum]
2153 2826 2248 2863 cur
2275 2811 2342 2863 ita
2375 2811 2485 2872 fiat,
2517 2810 2676 2870 nobis
2706 2809 2941 2876 ignotum
2967 2821 3065 2864 est-

1870 2903 1922 2956 5.
1954 2901 2134 2957 Matris
2163 2901 2348 2955 oculrs
2377 2900 2562 2969 pressit
2591 2901 2934 2970 Augustinus,
2962 2915 3024 2952 ac
3048 2899 3224 2953 statim
3247 2914 3390 2955 acer.

1799 2995 2050 3050 bissimns
2078 2994 2232 3049 dolor
2263 2994 2504 3048 intimmu
2531 2993 2648 3061 ejus
2674 3001 2859 3062 pectus
2890 2991 3120 3060 pervasit
3145 3010 3158 3046 :
3186 3001 3238 3046 et
3261 3007 3384 3047 cum

1799 3104 1893 3158 per
1922 3089 2187 3159 lacrymas
2215 3087 2414 3140 exitum
2447 3093 2744 3154 qua‘ret'et.
2793 3085 2904 3140 suis
2942 3085 3029 3138 ille
3071 3084 3238 3140 oculis
3280 3085 3386 3140 vim

1799 3179 2019 3241 faciens,
2042 3193 2136 3232 t-as
2159 3178 2298 3232 intus
2320 3177 2644 3231 retrudv-hat.
2666 3175 2776 3230 Nec
2804 3175 2934 3231 levis
2953 3185 3067 3230 erat
3095 3176 3385 3244 cruciatus,

1795 3288 1952 3342 quem
1988 3272 2038 3324 itt
2070 3270 2153 3324 illa
2188 3270 2341 3340 longe
2367 3269 2676 3340 gravissima
2709 3269 2789 3322 sui
2818 3277 3002 3322 contra
3033 3283 3095 3323 se
3126 3268 3262 3322 lucta
3290 3283 3385 3337 pa-

1796 3363 2042 3417 tiebatur.
2065 3361 2374 3416 Indec0ruut
2394 3360 2639 3414 videlicet
2659 3361 2928 3422 censebat,
2951 3358 3138 3413 matris
3158 3367 3384 3413 mortem

1796 3454 2044 3526 lacrymis
2068 3453 2315 3523 prosequi
2338 3469 2352 3517 ;
2379 3467 2499 3507 cmn
2530 3452 2579 3505 in
2601 3452 2818 3507 dubium
2841 3465 3031 3506 vocare
3052 3465 3154 3503 non
3183 3457 3385 3520 pOSSrl,’

1794 3546 1918 3616 quin
1949 3544 2034 3599 illa
2065 3544 2286 3598 meliore
2313 3543 2392 3596 sui
2424 3553 2570 3612 parte
2592 3542 2790 3597 viveret
2815 3560 2829 3596 :
2853 3541 2955 3596 hoc
2977 3550 3029 3594 et
3050 3540 3386 3595 documentis

1794 3653 2003 3692 tuorum
2032 3636 2168 3705 ejus,
2192 3645 2248 3690 et
2273 3635 2376 3689 title
2405 3650 2507 3688 non
2534 3635 2675 3701 ﬁcta,
2705 3635 3104 3705 rationibusque
3123 3635 3286 3689 certis
3308 3643 3386 3689 te-

1793 3731 1949 3786 nebat
1975 3729 2159 3797 (Ibid.,
2183 3747 2296 3801 cap.
2323 3727 2410 3792 l2,
2437 3726 2624 3797 n.99).
2643 3727 2819 3783 Nihilo
2847 3735 3023 3782 tamen
3056 3727 3230 3782 minus
3253 3741 3381 3783 sua-

1792 3823 2062 3876 vissimam
2107 3822 2247 3874 illius
2276 3820 2716 3874 consuetudinem
2746 3819 2844 3874 sibi
2876 3827 3048 3875 morte
3075 3818 3380 3890 ademptam

1790 3913 2019 3984 graviter
2039 3911 2270 3966 dolebat.
2287 3909 2445 3976 Quasi
2455 3909 2797 3964 dilaniabatur
2808 3909 2926 3970 vita.
2944 3909 3132 3978 inquit,
3146 3923 3260 3978 qua:
3278 3923 3380 3960 una

1791 4011 1927 4078 facta
1953 4017 2058 4058 erat
2087 4020 2150 4060 ea:
2175 4021 2285 4058 mea
2312 4014 2359 4057 et
2383 4003 2520 4057 illius
2537 4001 2724 4072 (Ibid.,
2747 4019 2778 4055 n
2823 4001 2935 4073 30).
2956 4001 3089 4055 Tum
3113 4015 3236 4054 vero
3256 4013 3378 4053 cum

1790 4097 1988 4153 efﬂuxit
2014 4106 2313 4151 extremum
2343 4092 2604 4164 Spiritum,
2633 4107 2764 4162 puer
2783 4091 3088 4146 Atleodatns
3111 4090 3379 4144 exclama-

1791 4191 1866 4244 vit
1894 4189 1946 4243 in
1981 4188 2276 4257 planctum;
2305 4196 2462 4256 atque
2485 4185 2555 4238 alt
2583 4183 2834 4239 omnibus
2860 4183 3210 4255 prmseutibus
3229 4197 3381 4237 coer-

1792 4283 1928 4338 citus
1949 4280 2114 4336 tacuit
2154 4277 2404 4336 Cthibito
2432 4293 2562 4350 ergo
2589 4293 2617 4331 a
2647 4277 2771 4332 lletu
2792 4276 3085 4337 Adeodato.
3100 4274 3380 4331 confestim

1794 4375 2029 4432 Evodius
2053 4373 2276 4444 arripuit
2304 4372 2642 4438 Psalterium,
2672 4386 2736 4427 ac
2763 4369 3024 4442 psalmum
3054 4381 3248 4422 canere
3270 4379 3364 4421 cm

1795 4468 1867 4537 pit
1891 4467 2184 4536 Augustino
2220 4472 2276 4519 et
2318 4464 2439 4518 aliis
2475 4461 2839 4516 occinentibus
2864 4478 2876 4512 :
2905 4457 3308 4512 Misericordiam
3332 4463 3382 4510 et

1782 4558 2041 4629 judicium
2071 4554 2284 4609 cantabo
2324 4554 2412 4608 tibi
2429 4594 2443 4614 ,
2480 4552 2697 4606 Domine
2725 4549 2910 4621 (Ibid,
2938 4566 2991 4604 n.
3016 4547 3124 4618 51).
3161 4546 3256 4603 Ubi
3287 4561 3382 4616 per

1793 4651 1980 4707 urbem
2025 4657 2222 4703 sancta:
2266 4647 2439 4701 viduu-
2483 4645 2660 4700 ohitus
2711 4641 3046 4714 percrebuit,
3091 4640 3383 4696 Christiani

1791 4741 2096 4812 complures
2120 4755 2183 4795 ac
2208 4739 2468 4808 religiosae
2509 4735 2718 4792 femina:
2745 4737 2961 4791 domum
2995 4727 3362 4791 ctmreneruut

1794 4835 2008 4892 Interim
2040 4833 2197 4888 funus
2219 4830 2529 4886 curantibus
2560 4829 2645 4896 iis,
2667 4843 2894 4900 quorum
2920 4827 2968 4882 id
2990 4828 3224 4883 muneris
3243 4834 3380 4893 erat,

1793 4925 2015 4982 secchit
2042 4923 2366 4995 Augustinus
2405 4922 2456 4976 in
2494 4922 2701 4985 locum,
2734 4919 2822 4974 ubi
2851 4921 3105 4975 decenter
3133 4933 3252 4973 esse
3285 4935 3379 4988 po-

1795 5028 1930 5074 terat
1956 5019 2006 5072 in
2038 5017 2248 5072 illorum
2270 5016 2552 5083 societate,
2581 5015 2669 5084 qui
2696 5029 2817 5069 eum
2846 5015 2896 5067 in
2927 5013 3027 5068 hac
3050 5013 3210 5066 animi
3230 5012 3385 5082 a~gri~

1795 5112 1978 5168 tudine
2023 5110 2376 5167 deserendum
2422 5124 2525 5163 non
2569 5124 2689 5163 esse
2729 5109 3036 5162 censebant.
3063 5107 3211 5173 Quod
3246 5115 3382 5169 erat,

1796 5203 1998 5274 inquit,
2028 5203 2239 5272 tempori
2279 5216 2558 5272 congruum
2582 5197 2903 5267 disputabant
2926 5239 2940 5258 .
2972 5213 3124 5266 eoque
3163 5197 3386 5266 fomento

1795 5297 2016 5350 veritatis
2046 5294 2332 5366 mitigabant
2363 5293 2640 5347 cruciatum
2671 5289 2756 5343 tibi
2789 5299 2980 5353 notum,
3009 5287 3116 5341 illis
3145 5289 3385 5358 ignoran-
3435 5363 3439 5367 ζ

1797 5387 1947 5450 tibus,
1972 5398 2018 5443 et
2042 5388 2224 5440 intente
2241 5384 2577 5445 audientibus,
2601 5393 2646 5436 et
2671 5383 2780 5436 sine
2799 5398 2946 5436 sensu
2969 5379 3159 5434 doloris
3179 5395 3256 5431 me
3279 5393 3385 5430 esse

1796 5478 2170 5532 arbitrantibus.
2202 5477 2264 5528 At
2291 5491 2381 5546 ego
2415 5476 2466 5528 in
2505 5474 2708 5528 auribus
2739 5475 2869 5536 tuis,
2905 5473 2988 5526 ubi
3014 5487 3184 5526 eorum
3211 5468 3382 5522 nullus
3425 5499 3429 5502 ~

1795 5572 2049 5630 audiebat,
2073 5567 2392 5639 increpabam
2414 5566 2676 5625 mollitiem
2699 5563 2910 5632 affectus
2928 5564 3043 5621 mei,
3066 5572 3112 5613 et
3131 5558 3382 5610 constrin-

1797 5660 1970 5732 gebant
1991 5661 2190 5730 ﬂuxum
2211 5659 2434 5712 maeroris
2459 5655 2792 5724 :cetlebatque
2816 5653 2937 5706 mihi
2957 5647 3241 5717 paululum.
3266 5661 3382 5698 rur-

1799 5767 1982 5822 susque
2005 5751 2190 5818 impetu
2221 5766 2310 5803 suo
2338 5748 2609 5820 ft’rebatur,
2642 5761 2741 5798 non
2772 5756 2924 5808 usque
2959 5740 3028 5788 ad
3063 5735 3379 5800 eruptionem

1800 5843 2138 5913 lacrytnarum
2155 5882 2170 5910 ,
2202 5857 2289 5896 nec
2317 5857 2469 5908 usque
2494 5839 2563 5892 ad
2590 5836 2754 5890 vultus
2782 5830 3144 5893 mutationem;
3174 5828 3263 5881 sed
3288 5844 3382 5898 ego
