3948 6404
554 397 667 456 μιν

548 507 684 574 quod
722 506 891 574 fiebat.
936 502 1122 558 Medici
1150 511 1317 556 tamen
1338 503 1391 557 in
1418 518 1511 557 sua
1556 500 1918 571 pollicitatione
1961 496 2124 565 persi-

549 601 758 653 stebaut.
790 614 888 651 non
908 614 961 650 se
980 597 1125 650 illum
1146 596 1223 650 sin
1232 611 1314 649 nm
1339 595 1492 661 ferro,
1520 594 1607 647 sed
1631 590 2003 646 medicamentis
2020 604 2127 643 esse

551 694 827 744 elausuros.
863 688 1204 742 Adhibuerunt
1224 698 1273 740 et
1311 687 1466 740 alium
1493 687 1814 756 grandaevum
1825 685 1937 752 jam
1962 681 2123 734 medi-

550 800 680 844 cum,
710 784 926 851 satisque
950 782 1001 834 in
1023 781 1113 834 illa
1134 790 1242 833 arte
1262 780 1522 833 laudatum
1538 777 1728 846 (adhuc
1757 776 1889 829 enim
1909 772 2124 843 virebat)

551 874 888 937 Ammoninm,
917 874 1001 941 qui
1032 874 1141 925 loco
1170 873 1408 941 inspecto.
1435 871 1566 923 idem
1588 868 1721 937 quod
1748 867 1823 921 illi
1864 883 1926 921 ex
1952 880 2127 919 eorum

548 963 807 1033 diligentia
836 963 1113 1033 peritiaque
1138 962 1379 1032 promisit.
1404 960 1559 1029 Cujus
1588 960 1674 1013 ille
1710 962 1873 1028 factus
1901 954 2126 1010 auctori-

548 1063 647 1105 tate
666 1068 891 1116 securus,
923 1052 1190 1106 domestico
1219 1067 1310 1104 suo
1351 1050 1562 1114 medico,
1602 1049 1688 1117 qni
1717 1051 1944 1119 futuram
1987 1060 2123 1116 pra:-

552 1147 749 1199 dirrrat
773 1146 927 1199 aliain
946 1134 1230 1205 sectioneni,
1255 1145 1417 1213 faceta
1438 1144 1708 1203 hilaritate,
1733 1140 1861 1221 velut
1874 1143 1986 1212 jam
2014 1140 2122 1193 sal-

554 1254 675 1295 vus.
710 1238 886 1290 illusit.
922 1237 1056 1300 Quid
1090 1237 1280 1307 plura?
1309 1234 1492 1290 Postea
1530 1242 1599 1289 tot
1625 1234 1730 1287 dies
1771 1233 1986 1287 inaniter
2005 1248 2127 1285 con-

547 1330 732 1399 sumpti
760 1331 1080 1393 trunsierunt,
1112 1339 1165 1381 ut
1187 1328 1305 1397 fessi
1340 1338 1485 1397 atque
1504 1327 1699 1398 confusi
1722 1329 1997 1397 faterentur
2012 1340 2125 1377 eum

545 1422 641 1475 nisi
660 1426 793 1491 ferro
823 1422 963 1475 nullo
998 1419 1146 1474 modo
1186 1436 1330 1490 posse
1363 1420 1555 1473 sanari.
1602 1416 1837 1487 Expavit,
1876 1415 2123 1485 expalluit

550 1516 704 1569 nimio
733 1514 908 1568 timore
935 1515 1159 1569 turbatus
1192 1530 1210 1567 :
1233 1522 1380 1576 atque
1400 1511 1481 1564 ubi
1507 1511 1790 1581 secollegit,
1815 1510 2009 1580 farique
2028 1523 2117 1578 po-

544 1606 659 1671 tuit,
687 1605 820 1659 abire
858 1606 972 1659 illos
983 1606 1158 1675 jussit,
1201 1613 1251 1659 et
1293 1602 1361 1656 ad
1402 1618 1455 1656 se
1493 1601 1708 1671 amplius
1737 1617 1837 1653 non
1866 1599 2119 1654 accedere.

547 1696 658 1750 Nec
686 1697 828 1749 aliud
859 1698 1074 1749 occurrit
1102 1696 1313 1766 fatigato
1331 1693 1567 1763 lacrymis
1587 1702 1633 1745 et
1659 1692 1751 1745 illa
1772 1692 1884 1761 jam
1906 1690 2123 1742 necessi-

542 1798 644 1842 tate
663 1790 949 1848 coustricto,
964 1789 1059 1842 uisi
1077 1800 1129 1840 ut
1150 1786 1405 1839 adhiberet
1422 1785 1813 1839 Alexandrinum
1830 1783 2119 1855 quemdam,

545 1881 633 1947 qui
679 1890 796 1933 tunc
822 1880 1087 1948 chirurgus
1126 1878 1368 1931 mirabilis
1415 1875 1706 1939 habebatur,
1732 1883 1782 1927 ut
1808 1875 1914 1945 ipse
1940 1875 2122 1941 faceret

540 1971 674 2039 quod
702 1970 763 2037 ab
802 1970 903 2023 illis
933 1970 1044 2035 ﬁeri
1080 1968 1275 2021 nolebat
1304 1968 1483 2021 iratus.
1513 1966 1616 2019 Sed
1641 1976 1963 2036 posteaquam
1990 1965 2123 2017 venit

540 2060 645 2117 ille,
679 2060 993 2126 laboremque
1022 2059 1227 2111 illorum
1255 2058 1305 2110 in
1334 2057 1647 2110 cicatricibus
1675 2056 1802 2109 sicut
1829 2055 2013 2126 artifex
2039 2054 2115 2107 vi-

541 2151 636 2212 dit,
664 2149 779 2203 boni
807 2150 896 2203 viri
939 2154 1142 2221 functus
1186 2150 1363 2220 amcio,
1414 2147 1659 2219 persuasit
1695 2147 1905 2210 homini,
1952 2154 2004 2199 ut
2044 2145 2124 2199 il.'i

541 2242 706 2312 potius
734 2242 819 2310 qui
842 2241 892 2294 in
935 2258 991 2295 eo
1016 2252 1208 2295 tantmn
1238 2240 1605 2301 laboraverant.
1633 2250 1875 2309 quantum
1900 2240 2007 2307 ipse
2037 2239 2121 2291 in-

540 2331 754 2397 spiciens
780 2330 1071 2396 mirabatur,
1098 2332 1368 2385 curationis
1397 2346 1501 2385 sua:
1523 2331 1622 2397 fine
1639 2333 1961 2399 fruerentur;
1982 2328 2122 2399 adji-

545 2422 681 2475 ciens
701 2423 835 2491 quod
864 2438 1033 2475 revera
1061 2423 1157 2475 nisi
1185 2430 1344 2476 sectus
1372 2430 1516 2478 esset.
1546 2422 1713 2473 salvus
1744 2436 1848 2473 esse
1871 2437 1969 2473 non
2000 2436 2119 2489 pos-

543 2521 649 2574 set;
689 2512 776 2565 sed
800 2511 943 2563 valde
968 2511 1233 2565 abhorrere
1261 2528 1291 2563 a
1319 2512 1422 2564 suis
1463 2512 1703 2575 moribus,
1746 2521 1799 2563 ut
1839 2510 2122 2565 hominibus

540 2618 752 2669 quorum
787 2603 1252 2669 artificiosissimam
1292 2618 1516 2667 operum,
1560 2603 1881 2667 industriam,
1908 2603 2123 2673 diligen-

540 2691 663 2743 tiam
688 2692 947 2746 admirans
983 2694 1035 2745 in
1061 2693 1372 2746 cicatricibus
1410 2694 1519 2762 ejus
1549 2694 1751 2753 videret,
1782 2704 1986 2762 propter
2010 2694 2118 2748 esci-

538 2798 693 2853 guum
733 2784 868 2852 quod
904 2785 1162 2849 remansit,
1214 2784 1433 2852 palmam
1479 2786 1604 2838 tanti
1641 2786 1826 2838 laboris
1873 2790 2112 2855 auferret.

542 2871 745 2928 Redditi
786 2883 901 2928 sunt
938 2876 1106 2929 animo
1148 2876 1276 2945 ejus,
1320 2886 1365 2929 et
1401 2876 1589 2947 placuit
1618 2887 1671 2929 ut
1698 2878 1869 2929 eodem
1897 2876 2122 2932 Alexan-

540 2964 684 3017 drino
713 2965 972 3019 assistente
997 2966 1095 3036 ipsi
1119 2967 1283 3020 sinum
1309 2965 1453 3019 illum
1472 2971 1624 3036 ferro,
1643 2968 1729 3033 qui
1736 2968 1849 3037 jam
1873 2984 2118 3022 consensu

538 3056 759 3108 onmium
784 3056 931 3109 aliter
955 3056 1249 3109 insanabilis
1278 3058 1567 3127 putabatur,
1598 3058 1865 3124 aperirent.
1894 3057 2020 3120 Quae
2040 3075 2119 3113 res

515 3146 699 3215 gailata
726 3154 798 3198 est
822 3147 873 3199 in
906 3157 1282 3216 consequentem
1312 3146 1459 3198 diem.
1488 3145 1592 3201 Sed
1617 3162 1731 3198 cum
1759 3146 1992 3199 abiissent
2018 3148 2114 3214 illi,

540 3254 601 3291 ex
625 3254 833 3291 nuzrore
852 3238 1004 3292 nimio
1020 3238 1214 3291 domini
1240 3248 1407 3291 tantus
1436 3248 1507 3290 est
1540 3238 1591 3291 in
1619 3238 1767 3291 domo
1798 3239 1887 3293 illa
1914 3248 2118 3295 exertus

540 3327 715 3397 dolor,
734 3337 787 3380 ut
814 3338 1052 3398 tanquam
1073 3329 1265 3400 funeris
1292 3329 1520 3396 planctus
1548 3328 1630 3381 vix.
1656 3332 2117 3398 comprimeretura

540 3421 699 3473 nobis.
730 3419 1007 3475 Visitabant
1031 3438 1140 3475 eum
1160 3422 1379 3492 quotidie
1399 3424 1559 3475 sancti
1584 3424 1693 3487 viri,
1718 3423 1979 3493 episcopus
1998 3432 2117 3479 tunc

544 3510 823 3577 Uzalensis,
852 3512 1007 3566 beatte
1029 3513 1281 3566 memoriae
1310 3512 1634 3577 Saturninus,
1665 3522 1708 3566 et
1736 3515 1991 3584 presbyter
2019 3513 2118 3568 Ge-

543 3603 699 3666 losus,
736 3620 795 3656 ac
844 3604 1045 3658 diaconi
1074 3605 1477 3676 Carlhaginensis
1530 3604 1767 3659 Ecclesia:
1798 3622 1816 3659 :
1840 3608 1890 3660 in
1936 3605 2116 3671 quibus

542 3706 670 3753 erat.
690 3706 737 3749 et
765 3712 829 3749 ex
851 3696 1027 3766 quibus
1043 3697 1179 3750 solus
1206 3707 1279 3750 est
1302 3714 1434 3749 nunc
1464 3698 1514 3749 in
1541 3700 1686 3750 rebus
1722 3698 1973 3761 humanis,
1998 3698 2031 3768 j
2064 3714 2114 3750 m

536 3787 796 3857 episcopus
822 3803 935 3840 cum
971 3787 1159 3842 honore
1179 3805 1209 3840 a
1238 3788 1377 3841 nobis
1402 3787 1562 3841 debito
1590 3787 1927 3841 nominandus
1955 3789 2115 3841 Aure-

538 3877 654 3937 lius.
683 3894 795 3931 cum
823 3895 918 3949 quo
945 3880 1259 3932 recordantes
1287 3879 1534 3932 mirabilia
1563 3896 1715 3946 opera
1746 3878 1837 3932 Dei
1865 3878 1929 3932 de
1950 3878 2045 3932 hac
2060 3895 2115 3932 re

534 3986 667 4041 sape
689 3971 922 4024 collocuti
956 3988 1150 4036 sumus,
1194 3987 1403 4035 eumque
1444 3970 1588 4023 valde
1630 3970 1932 4031 meminisse,
1979 3968 2114 4037 quod

533 4078 991 4126 commemoramus,
1023 4063 1319 4117 invenimus.
1374 4061 1471 4128 Qui
1508 4078 1624 4114 cum
1649 4077 1781 4125 eum,
1825 4061 1952 4114 sicut
1978 4060 2112 4114 sole-

535 4153 672 4210 bant.
700 4169 899 4223 vespere
926 4156 1202 4220 i-isitarent,
1231 4156 1422 4225 rogavit
1456 4171 1538 4208 eos
1556 4155 1915 4209 miserabilibus
1947 4154 2114 4226 ιαστρ-

533 4243 649 4309 mis,
672 4254 727 4297 ut
752 4262 897 4299 mane
923 4246 1249 4316 dignarentur
1276 4262 1380 4300 esse
1405 4257 1671 4316 prmsentes
1712 4264 1801 4300 suo
1827 4249 1993 4319 funeri
2018 4264 2108 4318 po-

534 4336 632 4388 tius
658 4352 809 4407 quam
834 4335 1017 4389 dolori.
1051 4335 1245 4389 Tantus
1279 4337 1411 4389 enim
1440 4353 1551 4389 eum
1579 4347 1737 4389 metus
1774 4352 1836 4390 ex
1862 4338 2113 4404 prioribus

532 4426 780 4480 invaserat
806 4429 984 4497 prauis,
1014 4437 1070 4480 ut
1095 4444 1147 4481 se
1172 4428 1299 4481 inter
1324 4428 1626 4481 medicorum
1652 4444 1829 4481 manus
1850 4445 1947 4481 non
1969 4428 2113 4483 dabi-

532 4530 657 4575 taret
683 4538 787 4576 esse
816 4524 1125 4576 moriturum.
1160 4521 1417 4577 Consolati
1443 4532 1556 4575 sunt
1584 4538 1697 4575 eum
1733 4520 1831 4585 illi,
1860 4532 1903 4576 et
1924 4522 2111 4576 hortati

533 4613 656 4664 utin
684 4612 787 4665 Deo
816 4614 1008 4679 fideret,
1034 4616 1235 4686 ejusque
1251 4616 1555 4668 voluntatem
1581 4614 1790 4667 viriliter
1809 4617 1980 4682 ferret.
2014 4613 2108 4669 ln-

532 4702 596 4755 de
615 4702 684 4754 ad
706 4703 979 4757 orationem
1007 4706 1215 4775 ingressi
1251 4722 1423 4760 sumus
1452 4720 1471 4759 :
1494 4705 1578 4758 ubi
1602 4705 1743 4759 nobis
1768 4721 1832 4758 ea:
1854 4722 1992 4759 more
2018 4722 2109 4776 ge-

533 4808 635 4846 nua
666 4792 947 4862 ﬁgentibus,
989 4803 1133 4863 atque
1175 4795 1564 4849 incumbentibus
1609 4805 1773 4858 terrrr,
1824 4794 1912 4850 ille
1946 4812 2000 4849 se
2039 4795 2111 4849 ita

536 4884 765 4954 projecit,
790 4894 1027 4953 tanquam
1055 4884 1226 4955 fuisset
1246 4886 1416 4953 aliquo
1441 4886 1723 4954 impellente
1747 4886 1963 4953 graviter
1991 4902 2110 4955 pro-

534 4982 740 5035 stratus,
770 4982 813 5025 et
842 4975 984 5041 erepit
1012 4990 1157 5027 orare
1185 4989 1203 5026 :
1238 4972 1414 5042 quibus
1444 4974 1622 5033 modis.
1659 4990 1757 5042 quo
1782 4974 1985 5041 affectu,
2009 4992 2109 5043 quo

533 5072 671 5114 motu
699 5063 872 5122 animi,
906 5080 1004 5134 quo
1041 5064 1195 5133 fluvio
1237 5064 1592 5133 lacrgmarum,
1629 5062 1807 5132 quibus
1846 5063 2108 5133 gemitibus

532 5165 679 5221 asque
718 5151 1017 5220 singultibus
1041 5153 1430 5206 succutientibus
1468 5154 1637 5205 omnia
1680 5153 1898 5205 membra
1926 5156 2034 5224 ejus
2061 5163 2108 5206 et

530 5257 655 5300 vene
667 5240 1109 5296 intercludentibus
1128 5243 1380 5313 spiritum,
1408 5242 1519 5309 quis
1536 5241 1653 5295 ullis
1672 5242 1882 5311 explicet
1906 5244 2063 5295 verbis
2083 5243 2110 5296 1’

532 5330 715 5384 Utrum
737 5341 939 5384 orarent
966 5331 1077 5394 alii,
1102 5348 1192 5385 nec
1214 5333 1266 5385 in
1287 5333 1393 5387 hasc
1418 5348 1589 5385 eorum
1614 5340 1917 5385 averteretur
1944 5331 2109 5385 inten-

527 5424 615 5487 tio,
644 5421 919 5476 nesciebam
949 5440 968 5478 :
985 5440 1078 5494 ego
1107 5432 1272 5478 tamen
1302 5440 1507 5493 prorsus
1535 5440 1682 5477 orare
1710 5440 1811 5477 non
1832 5433 2056 5492 poteram
2087 5438 2108 5477 :

527 5515 619 5567 hoc
651 5517 998 5570 tantummodo
1044 5516 1253 5571 breviter
1287 5518 1343 5569 in
1371 5516 1521 5570 corde
1560 5531 1667 5569 meo
1693 5515 1800 5569 dixi
1822 5530 1841 5569 :
1864 5514 2101 5581 Domine,

525 5619 649 5671 quas
689 5614 889 5658 tuorum
919 5622 1089 5675 preces
1121 5605 1351 5669 exaudis,
1374 5606 1418 5660 si
1444 5606 1534 5659 has
1560 5622 1659 5660 non
1684 5604 1930 5661 exaudis?
1959 5604 2108 5660 Nihil

526 5696 659 5747 enim
690 5697 811 5748 mi'.i
834 5696 1092 5751 videbatur
1123 5696 1245 5750 addi
1280 5697 1392 5768 jam
1422 5714 1585 5767 posse,
1628 5698 1724 5751 nisi
1749 5705 1802 5751 ut
1829 5698 2104 5767 exspiraret

528 5785 739 5840 «arido.
764 5787 1109 5856 Surreximus,
1135 5798 1184 5844 et
1202 5799 1407 5859 accepta
1432 5788 1495 5844 ab
1523 5789 1774 5861 Episcopo
1797 5789 2101 5845 benedictio-

3178 311 3230 367 ’ζμ
3439 325 3520 373 έχω-
3570 332 3581 346 η.

3186 352 3207 371 δέ
3224 356 3265 372 δυ
3492 354 3561 370 Ᾱαε.

3174 352 3406 372 ,νῖδυω
3450 352 3561 372 “Αιιη‹ε.

1678 387 1833 443 νιΤΑ
1875 386 1931 441 S.
1972 383 2113 441 AUG

2221 378 2341 442 ΠΜ
2380 382 2697 445 ειηειοορι
3668 407 3750 467 ,ω

2238 511 2302 553 ne
2339 498 2694 567 dum”;
2732 511 2940 575 rogante
2974 504 3065 561 illo
3089 514 3145 560 ut
3172 524 3317 564 mane
3337 512 3569 581 adessent,
3594 516 3683 575 illis
3706 528 3751 577 tu

2232 603 2376 661 sequo
2398 592 2568 647 animo
2589 605 2714 649 esset
2737 596 3069 652 hortantibus.
3101 596 3283 655 Illuxit
3306 602 3409 661 dies
3434 608 3515 674 qui
3534 614 3749 667 metuet...

2234 690 2333 745 tur,
2364 682 2575 738 aderant
2590 687 2718 739 servi
2747 685 2860 752 Dei,
2900 689 3028 742 sicut
3054 706 3107 745 se
3138 693 3402 762 adfuturos
3428 714 3526 754 esse
3548 705 3747 770 promise.

2233 782 2346 826 rant
2374 789 2394 827 :
2418 774 2629 845 ingressi
2664 786 2779 829 sunt
2826 780 3039 841 medici;
3068 794 3310 849 parantur
3333 788 3497 841 omnia
3530 807 3632 859 quc
3651 796 3750 851 hora

2232 866 2323 920 illa
2353 868 2600 935 poscebat,
2622 870 2875 923 tremenda
2899 876 3202 941 ferramenta
3217 880 3550 947 proferuntur,
3568 889 3751 943 attonitis

2230 960 2581 1029 suspensisque
2609 958 2857 1013 omnibus.
2906 958 2997 1016 Eis
3024 972 3210 1029 autem,
3252 982 3459 1036 quorum
3492 982 3590 1024 erat
3621 991 3750 1045 major

2230 1046 2521 1106 auctoritas.
2551 1046 2795 1117 defectum
2828 1049 2985 1103 animi
3010 1052 3119 1117 ejus
3148 1056 3449 1111 consolando
3474 1059 3746 1131 erigentibus,

2230 1134 2299 1188 ad
2325 1152 2505 1190 manus
2530 1139 2710 1192 sectari
2739 1141 2961 1195 membra
2985 1141 3036 1194 in
3066 1142 3247 1198 lectulo
3270 1160 3635 1215 componuntur,
3665 1156 3746 1209 sol-

2231 1237 2411 1281 vuntur
2426 1228 2544 1283 nodi
2570 1230 2972 1302 ligamentorum.
3002 1235 3223 1289 nudatur
3242 1237 3395 1301 locus,
3426 1240 3610 1309 inspicit
3632 1246 3749 1300 medi-

2229 1332 2337 1376 cus.
2364 1328 2411 1371 et
2434 1323 2705 1374 secandum
2729 1322 2872 1376 illum
2896 1324 3061 1378 sinum
3081 1336 3301 1380 armatus
3329 1338 3473 1401 atque
3489 1330 3675 1387 intentus
3690 1336 3748 1390 in-

2230 1408 2399 1477 quirit.
2432 1408 2701 1465 Scrutatur
2727 1414 2905 1478 oculis,
2932 1416 3197 1487 digitisque
3220 1429 3503 1487 contrectat,
3531 1433 3665 1478 tentat
3681 1425 3747 1480 deo

2230 1501 2379 1571 nique
2411 1502 2573 1557 modis
2601 1506 2827 1560 omnibus
2855 1521 2875 1559 :
2911 1506 3095 1561 invenit
3134 1509 3467 1577 firmissimam
3495 1514 3743 1570 cicatricem.

2227 1594 2348 1650 lam
2372 1598 2463 1652 illa
2488 1599 2662 1654 latitia
2689 1610 2736 1655 et
2761 1600 2873 1655 laus
2897 1612 3042 1675 atque
3065 1605 3343 1675 gratiarum
3369 1607 3493 1660 actio
3521 1609 3747 1663 misericor-

2229 1686 2284 1739 di
2311 1696 2357 1741 et
2380 1691 2705 1759 omnipotenti
2734 1690 2858 1755 Deo,
2887 1710 3001 1763 qua
3026 1698 3142 1766 fusa
3164 1706 3334 1751 estore
3362 1700 3590 1760 omnium,
3614 1700 3745 1772 lacry-

2230 1779 2478 1833 mantibus
2515 1781 2734 1851 gaudiis,
2783 1799 2883 1836 non
2930 1794 3004 1837 est
3045 1786 3397 1840 committenda
3437 1789 3551 1843 meis
3590 1791 3745 1844 verbis:

2228 1870 2467 1939 cogitetur
2512 1874 2700 1941 potius,
2740 1889 2890 1944 quam
2932 1874 3129 1929 dicatur
3160 1875 3260 1949 (De
3286 1876 3390 1932 Civ.
3425 1878 3531 1945 Dei,
3559 1880 3634 1934 lib.
3672 1880 3740 1944 εἰ,

2227 1968 2321 2030 σαί·
2372 1960 2427 2028 8,
2458 1979 2510 2015 n.
2540 1960 2618 2033 5).

2352 2102 2409 2114 .-
2855 2055 3081 2113 CAPUT
3120 2057 3185 2112 ll.

2215 2116 2254 2196 ’1
2267 2110 2595 2214 idufgustinus
2626 2110 3026 2216 facultates
3046 2110 3348 2221 pauperibus
3371 2169 3484 2224 erog
3493 2162 3548 2206 ‘ll.
3568 2154 3600 2208 Ξ
3632 2153 3746 2208 (Zom-

2298 2234 2461 2287 munis
2483 2235 2596 2288 vita:
2621 2236 2904 2293 institutum
2920 2249 3136 2293 sectatur
3156 2257 3273 2294 cum
3296 2244 3441 2296 sociis
3461 2242 3557 2297 Deo
3573 2244 3745 2297 servien-

2297 2326 2448 2391 tibus,
2475 2342 2686 2397 quorum
2714 2329 2822 2397 ipse
2843 2346 3014 2383 curam
3040 2333 3185 2402 gerit.
3221 2334 3255 2387 5
3289 2333 3383 2389 Per
3412 2335 3588 2389 litteras
3620 2333 3745 2389 collo-

2303 2418 2472 2483 quitur
2494 2434 2607 2471 cum
2632 2418 2896 2485 Nebridio,
2925 2431 2973 2476 et
3003 2424 3112 2493 ejus
3131 2427 3425 2493 quaestiones
3444 2428 3666 2497 expendit.

2297 2508 2348 2562 l.
2366 2507 2602 2564 Tandem
2631 2511 2911 2582 aliquando
2932 2523 3173 2569 votorum
3199 2532 3455 2573 summam
3483 2517 3673 2588 adi-puis
3687 2526 3749 2572 est

2228 2600 2572 2670 Augustinum,
2614 2602 2738 2656 dum
2766 2604 2905 2673 quod
2939 2606 3117 2659 animo
3162 2608 3455 2664 intenderat
3482 2625 3508 2661 ει
3551 2616 3748 2676 suscepto

2227 2690 2546 2758 Baptismate
2566 2693 2829 2765 (Confess.
2855 2694 2941 2748 lib.
2964 2695 3016 2758 9,
3044 2713 3157 2769 cap.
3190 2699 3245 2759 8.
3267 2716 3317 2753 n.
3344 2700 3426 2759 t7.
3447 2710 3489 2752 et
3517 2698 3745 2762 Possidius,

2225 2799 2269 2836 c.
2291 2783 2368 2853 5),
2396 2785 2501 2838 imo
2520 2791 2628 2853 jam
2657 2786 2777 2841 inde
2796 2803 2825 2839 a
2848 2797 3083 2856 tempore
3103 2791 3484 2855 conversionis,
3510 2806 3602 2861 qua
3625 2789 3745 2857 longe

2224 2882 2345 2927 ante
2372 2875 2694 2945 llaptismmn
2722 2892 2873 2931 suum
2903 2880 3103 2935 servire
3157 2880 3267 2937 Dea
3300 2881 3557 2952 delegerat
3590 2878 3740 2952 (Ibid,

2227 2965 2313 3019 lib.
2331 2970 2384 3031 9,
2412 2984 2524 3037 cap.
2554 2970 2608 3033 5,
2636 2987 2687 3022 η.
2716 2970 2828 3041 15),
2848 2970 3124 3041 Tagastain
3147 2988 3416 3037 reversus,
3435 2974 3635 3029 feliciter
3652 2986 3742 3041 per-

2225 3055 2366 3111 fecit.
2402 3061 2475 3111 Ac
2519 3061 2747 3127 primum
2778 3060 2989 3129 quidem
3027 3078 3183 3133 agros
3209 3080 3237 3117 a
3268 3074 3416 3135 patre
3446 3064 3653 3127 relictus,
3677 3060 3742 3130 qui

2224 3146 2557 3203 lia-.reditariu
2583 3150 2681 3203 sibi
2719 3152 2838 3219 jure
2864 3154 3182 3223 obtigerant,
3210 3156 3475 3219 alienavit,
3510 3163 3747 3222 eorumque

2222 3239 2450 3308 pretium
2493 3241 2807 3309 pauperibus
2834 3243 3083 3296 continuo
3111 3243 3396 3309 distrilmit,
3430 3244 3550 3299 nihil
3575 3241 3747 3296 munitio

2221 3331 2320 3384 sibi
2361 3346 2657 3395 reservem,
2710 3348 2815 3401 qun
2862 3334 3159 3404 expeditior
3216 3336 3377 3391 libera
3422 3334 3506 3389 Dei
3537 3331 3745 3387 servitute

2222 3420 2482 3476 frueretur
2499 3422 2687 3493 (Epist.
2724 3423 2840 3480 l26.
2866 3442 2916 3477 η.
2935 3427 3009 3495 '7).
3028 3426 3079 3479 In
3106 3428 3196 3480 illo
3224 3429 3411 3497 quippe
3431 3437 3481 3481 et
3499 3443 3556 3483 ex
3582 3425 3657 3479 illo
3677 3437 3747 3493 pu-

2226 3511 2345 3565 sillo
2373 3526 2531 3581 grege
2558 3528 2677 3567 esse
2725 3514 2988 3581 studebat,
3026 3532 3183 3585 quem
3236 3519 3482 3572 Dominus
3513 3515 3747 3585 alloquitur

2220 3601 2401 3657 dicens
2432 3620 2445 3653 :
2477 3601 2651 3657 Nolite
2680 3605 2868 3668 timere,
2890 3607 3101 3675 pusillus
3125 3625 3269 3677 grex,
3310 3611 3535 3679 quoniam
3561 3605 3746 3674 compla-

2217 3693 2319 3745 cuit
2355 3691 2501 3746 Patri
2522 3704 2683 3747 vestro
2711 3696 2832 3748 dare
2867 3696 3001 3749 vobis
3032 3713 3261 3767 regnum.
3318 3698 3515 3753 Vendite
3538 3712 3636 3767 qua
3653 3709 3745 3765 pos-

2218 3785 2408 3851 sidetis,
2458 3796 2505 3839 et
2550 3787 2666 3840 date
2699 3788 3058 3857 eleemosynam
3090 3789 3251 3861 (Luc.
3289 3807 3382 3851 xu.
3436 3790 3521 3854 52,
3561 3789 3656 3855 35).
3698 3784 3747 3838 Ει

2218 3893 2379 3947 super
2407 3876 2524 3931 ﬁdei
2570 3877 2962 3932 fundamentum
3000 3880 3265 3937 aediﬁcare
3310 3881 3642 3943 desiderabat,
3666 3889 3743 3929 non

2218 3968 2375 4038 ligna,
2408 3967 2583 4023 lentim
2603 3980 2656 4024 et
2682 3970 2946 4037 stipulam,
2970 3970 3062 4027 sed
3092 3987 3300 4038 aurum,
3332 3980 3592 4043 argentum
3622 3967 3743 4024 ctlav

2220 4059 2371 4127 pides
2402 4060 2663 4128 pretiosos
2689 4057 3008 4128 (Possidius,
3026 4076 3073 4114 c.
3093 4061 3170 4131 Ξ).
3194 4062 3347 4118 Unde
3369 4078 3485 4118 cum
3510 4060 3574 4115 illi
3604 4064 3747 4127 postea

2218 4152 2509 4207 necessitas
2540 4153 2869 4207 incumberet
2915 4156 3241 4223 reprimendi
3275 4156 3646 4225 Pelagianorum
3678 4163 3745 4201 ar-

2216 4244 2534 4311 rogantiam,
2568 4244 2654 4312 qui
2680 4244 2871 4298 divites
2899 4260 2991 4298 sua
3023 4260 3126 4299 non
3152 4246 3478 4300 dimittentes
3516 4238 3693 4297 excludi
3722 4250 3745 4289 ι

2216 4348 2383 4402 regno
2422 4336 2509 4389 Dei
2543 4336 2784 4389 volebant
2814 4336 2830 4401 (
2857 4335 3019 4406 Epist.
3056 4337 3201 4408 156),
3239 4347 3297 4392 ut
3325 4339 3681 4393 demonstraret
3702 4342 3747 4381 so

2216 4438 2322 4476 non
2351 4426 2563 4492 privatis
2582 4424 2647 4477 ad
2667 4440 2760 4479 eos
2782 4425 3099 4481 refellendos
3122 4428 3413 4482 rationibus
3433 4436 3482 4481 et
3500 4417 3745 4480 coinntmlis

2215 4515 2402 4569 adduci
2434 4533 2445 4568 :
2478 4515 2607 4584 Ego,
2637 4518 2731 4581 ait,
2764 4519 2847 4581 qui
2872 4518 2978 4571 ha'c
3006 4519 3187 4581 scribo,
3216 4518 3560 4591 perfectionem
3596 4513 3649 4565 de
3670 4524 3745 4579 qua

2216 4603 2463 4658 Dominus
2514 4604 2709 4659 locutus
2755 4616 2854 4673 est,
2906 4608 3109 4677 quando
3155 4609 3225 4661 ait
3272 4609 3411 4662 diviti
3453 4598 3742 4658 adolescenti.

2220 4713 2239 4745 s
2288 4692 2443 4752 Vade.
2486 4696 2640 4749 vende
2676 4698 2843 4749 omnia
2872 4713 2985 4769 qua:
3013 4697 3183 4763 habes,
3214 4709 3260 4751 et
3300 4700 3365 4751 da
3395 4694 3688 4768 pauperibus,
3710 4694 3745 4739 τι

2214 4784 2414 4839 habebis
2437 4786 2725 4839 thesaurum
2751 4789 2801 4840 in
2826 4790 2974 4849 calo;
2996 4798 3042 4841 et
3062 4790 3190 4851 veni,
3215 4803 3417 4857 sequere
3432 4803 3506 4839 me
3528 4805 3545 4839 ι
3568 4777 3742 4848 (Hall/I-

2219 4892 2334 4939 ιιι.
2361 4877 2475 4948 2|),
2507 4878 2814 4933 vehementer
2837 4880 3089 4945 adamavi,
3120 4890 3166 4934 et
3197 4898 3295 4934 non
3324 4882 3443 4934 meis
3467 4878 3651 4938 viribus,
3678 4866 3746 4924 κά

2212 4971 2375 5040 gratia
2402 4972 2560 5041 ipsius
2585 4972 2854 5041 adjuvante
2881 4980 2954 5026 sic
2988 4974 3102 5042 feci.
3158 4972 3336 5041 Neque
3359 4974 3488 5027 enim
3510 4969 3619 5040 quia
3639 4964 3744 5018 dira

2212 5079 2310 5116 non
2337 5063 2431 5132 fni,
2461 5063 2571 5117 ideo
2600 5065 2764 5117 minus
2788 5066 2910 5118 mihi
2944 5066 3290 5134 imputabitur.
3331 5064 3466 5120 Nam
3492 5076 3632 5131 neque
3665 5050 3743 5124 ἱρεὲ

2211 5154 2455 5223 Apostoli,
2484 5157 2570 5225 qui
2596 5158 2785 5226 priores
2812 5157 2905 5209 hoc
2932 5161 3175 5226 fecerunt,
3214 5157 3388 5211 divites
3418 5156 3622 5226 fuerunt.
3659 5140 3743 5200 Sed

2212 5253 2369 5298 totum
2395 5246 2637 5299 mundum
2663 5247 2884 5311 dimittit,
2913 5246 3000 5315 qui
3026 5256 3073 5300 et
3093 5247 3222 5301 illud
3246 5247 3381 5315 quod
3404 5246 3561 5307 habet,
3578 5250 3618 5294 et
3634 5230 3742 5307 quod

2213 5343 2352 5403 Optat
2400 5335 2578 5388 habere
2628 5336 2848 5388 dimittit.
2900 5336 3158 5401 Quantum
3198 5348 3361 5390 autem
3395 5337 3447 5389 in
3487 5335 3574 5387 hac
3609 5328 3743 5399 ρίτίθ·

2212 5426 2391 5479 ctionis
2428 5427 2508 5479 via
2551 5426 2865 5495 profecerim,
2918 5428 3077 5499 magis
3112 5428 3311 5499 quidem
3349 5426 3462 5479 novi
3506 5437 3588 5493 ego
3620 5427 3742 5487 quam

2210 5516 2473 5588 quisquam
2497 5516 2627 5569 alius
2648 5517 2827 5581 homo;
2857 5518 2944 5570 sed
2974 5520 3132 5587 magis
3160 5518 3293 5572 Deus
3320 5533 3465 5570 auam
3487 5529 3587 5585 ego.
3615 5507 3670 5561 Et
3689 5501 3742 5555 ad

2212 5606 2305 5658 hoc
2344 5606 2655 5676 propositum
2684 5608 2883 5674 quantis
2912 5625 3115 5677 possum
3154 5609 3336 5663 viribus
3366 5608 3488 5660 alios
3516 5603 3736 5657 exhortor.

2212 5696 2472 5766 Additque
2499 5714 2511 5747 :
2547 5694 2610 5749 Et
2639 5697 2689 5749 in
2720 5699 2918 5753 nomine
2943 5698 3147 5753 Domini
3175 5700 3329 5753 habeo
3366 5704 3622 5751 consortes.
3647 5681 3739 5753 0""

2214 5788 2305 5841 bus
2328 5787 2424 5840 hoc
2459 5804 2546 5855 per
2582 5802 2745 5841 meum
2786 5789 3113 5844 ministerium
3137 5804 3423 5860 persuasum
3462 5792 3530 5839 est
3563 5776 3735 5849 (Ερω-
