3948 6386
176 347 259 415 m
583 341 588 346 '
683 286 694 292 ν
781 281 785 284 1
1097 308 1099 310 η
1492 331 1697 406 LIBER

1811 307 2053 408 annos.

174 474 282 530 lb‘l.
305 489 352 524 ιι.
367 468 470 532 39).
490 460 568 526 Ex
595 460 684 526 his
708 467 1037 526 consortibus
1059 467 1427 523 adhortatione
1451 467 1622 537 ipsius
1646 466 1713 522 ad

173 562 300 620 istud
326 564 630 633 prolusitum
653 562 1072 634 amplectendam
1103 562 1359 632 impulsis.
1399 561 1551 618 fuere
1575 563 1719 618 cives

174 668 228 712 et
256 659 395 712 amici
434 658 496 711 illi
524 659 657 726 ejus,
691 673 824 714 cum
851 658 1030 732 quibus
1058 659 1165 715 Deo
1197 659 1397 730 pariter
1426 658 1716 714 servienti-

181 749 274 800 bus
313 748 368 801 ad
412 748 626 803 Africam
656 759 708 805 et
756 751 1016 820 propriam
1061 750 1276 806 domum
1321 765 1589 823 agrosque
1632 766 1716 805 re-

180 842 354 896 meavit
376 843 391 907 ζ
413 840 680 908 Possidius,
712 860 762 896 ε.
795 844 872 913 5).
1703 904 1720 913 ἀ

242 931 291 985 2.
318 931 361 985 ln
388 932 486 986 istis
507 934 667 1003 agris,
717 935 810 1004 qui
858 949 960 989 non
1000 933 1106 989 ruri
1140 943 1316 990 tamen
1343 943 1435 990 aut
1472 933 1545 988 ab
1584 933 1716 990 urbe

179 1025 353 1092 procul,
379 1022 459 1078 sed
485 1023 722 1094 Tagasttn
748 1024 1097 1094 adjacebaut;
1127 1028 1168 1082 si
1197 1027 1411 1097 quidem
1446 1025 1574 1080 inde
1602 1026 1714 1095 ipse

175 1113 237 1168 ad
261 1112 520 1168 Nebridium
563 1116 806 1171 scribens
843 1118 936 1182 ait,
968 1133 1023 1172 se
1067 1117 1138 1172 ibi
1174 1119 1348 1187 potius
1385 1132 1547 1188 quam
1577 1115 1710 1171 Car-

172 1203 352 1274 ιιιτεὶηε
391 1206 459 1259 vel
501 1207 660 1260 etiam
704 1207 818 1262 ruri
869 1223 933 1262 ex
991 1208 1253 1264 sententia
1304 1223 1462 1278 posse
1512 1207 1712 1277 degere

163 1291 334 1362 (Epist.
362 1295 444 1358 10,
472 1313 527 1349 n.
557 1295 651 1368 1):
688 1299 740 1352 iu
787 1299 922 1362 istis,
965 1301 1200 1371 inquam,
1246 1301 1388 1370 agris
1431 1316 1463 1354 a
1503 1315 1565 1354 se
1598 1298 1708 1368 jam

153 1385 363 1439 alienatis
391 1385 490 1458 (sic
515 1387 656 1442 enim
677 1388 902 1444 Possidii
932 1401 1140 1446 veteres
1164 1389 1379 1446 codices
1409 1389 1631 1462 ferunt).
1658 1390 1709 1444 id

145 1487 231 1543 est,
261 1477 307 1531 in
336 1477 414 1532 his
443 1495 549 1534 non
585 1482 780 1551 proprii
809 1482 1058 1554 amplius,
1101 1483 1195 1537 sed
1237 1483 1396 1537 alieni
1430 1483 1573 1552 juris
1596 1483 1708 1552 jam

143 1565 293 1633 factis,
310 1570 649 1638 constitutus,
679 1588 784 1626 una
814 1587 934 1628 cum
965 1574 1070 1628 illis
1094 1574 1298 1630 civibus
1325 1583 1379 1628 et
1405 1574 1593 1628 amicis
1618 1575 1707 1642 qui

138 1657 290 1712 eidem
319 1669 372 1712 ut
413 1661 548 1730 patri
577 1661 956 1730 adbarrebant,
1001 1665 1284 1719 triennium
1327 1666 1491 1720 ferme
1530 1675 1706 1719 trans-

138 1751 236 1820 egit
266 1769 278 1805 :
307 1752 388 1805 ubi
416 1753 582 1807 seculi
613 1755 756 1810 curis
781 1757 988 1811 solutus
1016 1766 1071 1812 et
1097 1757 1233 1812 liber
1259 1757 1366 1812 Deo
1387 1757 1623 1820 vivebat,
1652 1766 1706 1811 et

130 1839 347 1908 ieiuniis,
364 1844 707 1909 orationibus,
734 1846 992 1917 battisque
1007 1848 1259 1917 operibus
1277 1863 1489 1915 vacans,
1512 1849 1565 1902 iu
1589 1849 1705 1918 lege

135 1931 322 1988 Παιωτηὶ
347 1935 430 1989 ditt
473 1945 740 2008 noctuque
787 1940 1072 2003 meditans,
1100 1939 1476 2012 Egyptiorum
1512 1956 1702 1996 mona-

136 2023 362 2088 chorum,
390 2025 715 2098 aliorumque
744 2044 881 2099 quos
910 2029 962 2083 in
990 2029 1126 2085 libro
1147 2030 1216 2085 de
1248 2029 1484 2086 Moribus
1511 2031 1701 2087 Eccle-

139 2112 228 2168 siae
254 2125 352 2169 tam
389 2117 612 2185 impen~e
635 2119 968 2186 laudaverat,
999 2121 1160 2175 vitam
1184 2121 1357 2191 quoad
1388 2131 1596 2191 poterat
1624 2139 1699 2176 ze-

134 2204 451 2278 mulabatur(
468 2206 752 2278 Possidius,
778 2228 824 2264 c.
845 2210 923 2283 ὃ).
957 2211 1071 2266 Non
1093 2229 1304 2268 omnem
1329 2214 1488 2268 modo
1517 2214 1699 2268 saeculi

132 2310 265 2364 spem
304 2299 595 2366 abiecerat;
639 2319 828 2356 verum
873 2319 994 2358 cum
1042 2305 1092 2358 in
1153 2305 1348 2360 sa'culo
1395 2306 1536 2377 quod
1578 2322 1700 2362 esse

134 2396 348 2455 potuerat
371 2406 484 2445 esse
514 2392 799 2459 uoluisset,
825 2393 893 2448 de
933 2395 1040 2461 illa,
1082 2395 1148 2450 ad
1178 2411 1334 2465 quam
1359 2397 1696 2466 postmodum

131 2473 180 2530 in
217 2478 428 2534 Ecclesia
461 2491 686 2538 evectus
713 2493 818 2548 est.
847 2486 1200 2540 censet-lauda
1243 2487 1498 2556 dignitate
1541 2488 1700 2542 mini-

129 2582 206 2621 me
233 2570 498 2640 cogitabat.
551 2572 807 2643 Blegerat
853 2575 1092 2642 abjectus
1141 2591 1261 2632 esse
1299 2578 1350 2630 iu
1390 2575 1552 2632 domo
1605 2577 1696 2632 Dei

127 2659 309 2729 magis,
351 2676 505 2730 quam
557 2663 806 2719 habitare
850 2665 902 2718 itt
959 2667 1310 2721 tabernaculis
1356 2678 1696 2737 peccatorum

129 2746 284 2810 (Paul.
306 2766 513 2818 unm,
535 2754 556 2807 1
578 2755 657 2825 l).
681 2753 1001 2825 Segregatus
1021 2765 1134 2810 erat
1157 2756 1224 2810 ab
1249 2757 1310 2810 iis
1336 2760 1424 2826 qui
1442 2759 1694 2812 saeculum

128 2835 336 2909 diligunt
353 2859 365 2895 :
381 2843 465 2897 sed
485 2846 567 2900 eis
581 2845 678 2915 qui
698 2855 930 2915 pra-sunt
949 2847 1175 2917 populis,
1193 2862 1296 2901 non
1311 2862 1368 2902 se
1388 2849 1695 2918 coaequabat

131 2928 152 3000 (
167 2929 317 2986 Seras.
334 2935 445 3000 355,
461 2955 514 2991 ιι.
534 2937 624 3010 2).
657 2937 792 2993 Vita:
819 2953 987 3010 genus
1011 2949 1065 2994 et
1087 2940 1322 3010 regulam
1350 2942 1449 2996 sub
1470 2943 1697 3011 Aposto-

128 3019 184 3073 lis
208 3025 523 3081 constitutam
555 3029 869 3084 sect-ibatur
893 3047 906 3082 :
931 3030 1159 3084 maxime
1181 3044 1307 3085 vero
1335 3040 1390 3084 ιιι
1412 3031 1463 3085 iu
1487 3047 1580 3085 sua
1608 3047 1697 3086 so-

129 3110 294 3168 cietate
319 3131 470 3169 nemo
497 3116 784 3186 quidpiam
814 3132 968 3172 suum
996 3133 1116 3173 esse
1136 3119 1359 3185 diceret,
1388 3119 1482 3175 sed
1517 3120 1693 3175 omnia

127 3217 280 3262 essent
320 3210 579 3265 omnibus
624 3214 948 3275 Communia,
1000 3222 1054 3267 et
1101 3212 1427 3268 divideretur
1475 3213 1695 3283 singulis

126 3309 259 3368 prout
273 3303 452 3374 cuique
479 3318 632 3375 opus
661 3313 794 3358 erat.
829 3303 886 3358 ld
916 3305 1136 3357 omnino
1157 3303 1266 3373 jam
1293 3303 1406 3374 ipse
1438 3305 1581 3372 prior
1609 3304 1690 3359 fe-

125 3390 202 3454 cit,
221 3392 287 3445 ait
309 3393 610 3458 Possidius,
640 3394 766 3448 dunt
793 3393 860 3448 de.
891 3394 1258 3449 transmarinis
1283 3393 1348 3448 ad
1383 3396 1589 3463 propria
1611 3411 1697 3450 re-

125 3493 328 3537 mea~set
372 3484 718 3552 (Possidius,
760 3501 806 3538 c.
839 3484 928 3555 5).
978 3487 1105 3552 Quae
1145 3485 1439 3556 Augustino
1477 3498 1695 3544 auctore

126 3573 378 3629 constituta
406 3577 594 3633 fuerat
619 3577 872 3632 dominici
899 3577 1080 3633 schola
1108 3577 1696 3648 servitii(Benedictinte

126 3658 237 3732 Reg.
265 3667 486 3738 prologo)
545 3667 731 3737 (liceat
783 3667 841 3721 Β.
883 3667 1153 3723 Benedicti
1183 3668 1251 3723 de
1285 3685 1441 3724 mona
1474 3671 1579 3723 tico
1608 3672 1694 3725 in-

124 3754 284 3808 stituto
324 3757 601 3828 loquentis
634 3758 795 3813 verba
838 3759 1137 3829 usurpare).
1167 3773 1228 3815 ea
1272 3775 1400 3813 sane
1443 3762 1694 3830 magistro

124 3843 284 3901 eodm
312 3848 422 3919 ipso
447 3850 715 3904 utebatur
740 3868 752 3903 :
780 3865 844 3904 ac
868 3851 976 3904 suis
998 3851 1112 3922 ipse
1139 3851 1315 3917 sociis,
1357 3851 1420 3904 iis
1446 3853 1692 3908 nimirum

124 3934 199 4000 qui
221 3949 246 3990 s
267 3939 367 3992 tmtl
397 3956 529 3995 cum
566 3956 638 3995 eo
667 3941 947 3995 servitium
992 3954 1234 3996 sanctum
1287 3942 1508 4012 profeSsi
1542 3953 1698 4000 erant

127 4023 320 4096 (bind.
363 4031 490 4103 Reg.
522 4049 652 4102 cap.
675 4032 754 4104 5),
786 4047 884 4088 ceu
913 4032 1035 4087 ﬁliis
1079 4050 1108 4087 a
1151 4049 1209 4090 se
1236 4035 1290 4088 in
1317 4032 1530 4090 Christo
1567 4036 1694 4092 .lesu

124 4120 308 4188 genitis,
335 4124 451 4180 vice
489 4127 666 4196 patris
686 4134 823 4182 erat.
851 4125 986 4181 Cum
1016 4127 1118 4180 illis
1146 4127 1390 4182 aSsiduns
1418 4130 1695 4186 excolebat

123 4219 283 4266 eorum
310 4215 540 4281 animos,
572 4225 633 4270 et
663 4215 937 4271 imbuebat
963 4215 1161 4272 sanctis
1191 4218 1379 4274 litteris
1398 4235 1461 4273 ac
1493 4220 1690 4275 doctri-

123 4300 226 4361 nis;
253 4303 414 4360 alebat
441 4308 512 4362 ad
549 4309 826 4377 pietatem,
848 4308 1255 4379 roborabatque.
1280 4325 1386 4380 quo
1405 4311 1692 4381 aliquando

122 4388 321 4448 suismet
361 4397 430 4450 illi
474 4399 688 4452 viribus
720 4399 848 4452 citra
896 4397 1060 4467 ipsius
1098 4413 1253 4467 opem
1286 4409 1487 4454 starent
1525 4399 1576 4454 iu
1608 4417 1694 4457 se-

120 4493 278 4535 cessu.
302 4484 427 4540 Nam
473 4487 737 4558 ﬂagitanti
767 4486 1019 4542 Nebridio
1059 4497 1112 4541 ut
1142 4489 1206 4542 ad
1253 4503 1312 4543 se
1353 4491 1555 4546 veniret
1588 4508 1691 4548 una

121 4583 291 4623 secum
326 4575 576 4640 victurus,
620 4577 848 4632 histum
900 4579 1078 4632 verbis
1127 4579 1532 4648 respondebat:
1588 4581 1688 4636 Hic

120 4667 253 4720 ενηι.
282 4661 362 4730 qui
387 4681 471 4720 nec
493 4669 663 4723 venire
691 4683 887 4722 mecum
911 4677 1112 4738 queant,
1141 4680 1187 4723 et
1208 4687 1330 4738 quos
1355 4671 1579 4727 deserere
1605 4690 1690 4727 ne-

120 4750 194 4815 fas
217 4762 405 4822 putent.
435 4755 512 4812 Tu
532 4762 664 4814 enim
687 4769 831 4832 potes
851 4771 896 4813 et
916 4761 1054 4831 apud
1073 4771 1212 4815 luant
1238 4773 1449 4818 utentem
1473 4765 1691 4819 suaviter

122 4841 372 4910 habitare;
399 4847 438 4901 ii
475 4866 590 4905 vero
616 4861 671 4905 ut
703 4852 836 4905 idem
862 4853 1056 4922 possint
1090 4855 1338 4925 satagitur
1367 4855 1566 4927 (Epist.
1599 4857 1686 4926 10,

124 4946 166 4982 ιι.
186 4933 253 5004 1).
269 4937 426 4994 Addit
441 4941 634 4997 etillnd
655 4943 807 5008 alibi,
830 4957 889 4997 se
913 4943 980 4996 ab
997 4943 1111 5012 ipso
1138 4945 1310 5014 primo
1327 4948 1689 5003 conversionis

125 5034 216 5077 sua:
237 5035 491 5099 tempore,
511 5043 858 5103 posteaquam
877 5033 928 5086 iu
944 5033 1175 5089 Africam
1196 5036 1358 5094 venit.
1380 5051 1499 5090 cum
1520 5039 1686 5093 inter-

128 5125 376 5182 rogaretur
399 5138 429 5175 a
462 5123 738 5190 fratribus,
753 5124 965 5193 quando
981 5141 1099 5179 eum
1117 5135 1387 5180 vacantem
1414 5127 1685 5198 videbant,

129 5215 351 5275 responsa
377 5211 465 5267 illa
495 5213 749 5279 dictasse,
771 5229 835 5269 ex
857 5215 1045 5284 quibus
1070 5218 1336 5285 octoginta
1356 5219 1510 5272 trium
1533 5221 1688 5288 Qua:-

133 5295 335 5355 stiouum
362 5304 557 5361 librum
588 5309 698 5376 jam
727 5307 1010 5376 episcopus
1036 5307 1346 5363 conliaverit
1384 5307 1685 5382 (Retracto-

141 5385 304 5446 om
335 5395 421 5450 lib.
452 5398 505 5462 1,
534 5414 650 5469 cap.
692 5396 808 5468 26).
848 5397 1026 5454 Rebus
1051 5414 1260 5470 quoque
1303 5400 1510 5455 illorum
1542 5417 1688 5458 com-

139 5477 382 5554 malisque
407 5486 762 5544 consulebat:
796 5487 1024 5551 tametsi,
1066 5489 1327 5559 ejusmodi
1351 5507 1478 5546 cura
1503 5501 1556 5548 et
1580 5495 1691 5549 sol-

141 5563 380 5633 licitudine
392 5588 700 5650 exoptatum
726 5580 827 5635 sibi
849 5580 1012 5635 otium
1029 5580 1371 5638 adimeretur.
1391 5583 1524 5640 Hinc
1551 5586 1688 5645 forte

140 5653 384 5724 Nebridius
425 5685 544 5726 cum
591 5671 880 5744 aliquando
926 5671 1217 5743 accepisset
1255 5676 1482 5730 amicum
1529 5694 1688 5736 suum

142 5755 338 5828 Iuniis
382 5761 575 5822 civium
629 5765 914 5839 impediri,
957 5767 1241 5840 quominus
1281 5777 1458 5846 optata
1510 5771 1690 5844 quiete

3308 363 3416 430 161

1832 465 2118 532 frueretur.
2134 471 2431 540 epistolium
2463 472 2600 530 istud
2624 471 2689 532 ad
2709 494 2830 534 eum
2850 476 3027 537 misit:
3047 479 3192 537 Itane
3213 493 3308 553 est,
3338 488 3412 542 mi

1827 559 2123 629 Augustine,
2159 565 2504 632 fortitudinem
2531 584 2590 620 ac
2631 571 2946 625 tolerantiam
2980 575 3192 645 negotiis
3217 576 3402 632 civium

1827 662 2056 720 prtestas,
2091 655 2303 707 necdum
2354 655 2443 710 tibi
2491 659 2716 712 redditur
2758 661 2848 714 illa
2895 674 3126 736 exoptata
3154 669 3363 722 cessatio
3382 669 3410 724 1

1827 742 2034 808 Quam,
2060 745 2149 815 qui
2173 756 2222 800 te
2243 756 2346 800 tam
2371 748 2558 803 bonum
2591 751 2815 806 homines
2837 753 3198 823 interpellant!
3221 757 3406 827 Credo,

1823 833 1910 903 qui
1937 835 2162 889 nesciunt
2189 838 2313 907 quid
2336 854 2494 907 ames,
2516 841 2638 905 quid
2655 846 2997 912 concupiscas.
3033 844 3290 904 Nullusne
3317 849 3408 904 tibi

1823 935 1894 978 est
1923 927 2220 988 amicorum.
2252 929 2339 999 qui
2372 931 2443 985 eis
2470 948 2667 986 amores
2695 934 2879 1004 referat
2905 943 3016 988 tuos
3033 935 3059 988 ?
3091 953 3180 990 nec
3212 937 3403 993 Roma-

1821 1017 2025 1082 nianus,
2047 1035 2135 1073 nec
2159 1017 2506 1083 Lucinianus?
2524 1021 2575 1077 Μ
2581 1039 2610 1077 e
2631 1033 2763 1077 certe
2780 1025 3030 1080 audiant:
3044 1043 3134 1098 ego
3157 1029 3399 1095 clamabo,

1821 1124 1910 1179 ego
1932 1109 2164 1174 testabor,
2192 1122 2240 1165 te
2277 1111 2442 1168 Deum
2465 1131 2657 1182 amare,
2681 1115 2758 1169 illi
2781 1119 2965 1170 servire
2988 1128 3134 1189 atque
3162 1120 3405 1177 inhaerere

1818 1215 2020 1269 cupere.
2061 1199 2250 1256 Vellem
2269 1219 2360 1275 ego
2391 1214 2437 1259 te
2478 1205 2529 1259 in
2557 1223 2642 1260 rus
2668 1223 2832 1260 meum
2876 1224 3070 1272 vocare,
3117 1210 3281 1280 ibique
3319 1228 3406 1265 ac-

1817 1291 2084 1360 quiescere.
2135 1291 2253 1347 Non
2283 1295 2413 1348 enim
2459 1296 2638 1350 timebo
2681 1313 2761 1350 me
2786 1300 3096 1352 seductorem
3127 1301 3201 1353 tui
3237 1301 3338 1355 dici
3373 1319 3406 1356 o

1815 1381 2004 1436 civibus
2033 1384 2151 1449 tuis,
2196 1401 2319 1454 quos
2366 1385 2578 1440 nimium
2617 1404 2781 1454 antas,
2827 1397 2874 1442 et
2917 1406 2949 1441 a
2977 1389 3155 1458 quibus
3194 1392 3404 1445 nimium

1815 1474 2001 1528 amaris
2027 1473 2225 1546 (Epist.
2257 1476 2334 1545 5).
2362 1476 2567 1547 Quippe
2598 1493 2702 1532 non
2721 1495 3177 1551 quorumcumque
3204 1481 3402 1537 civium

1814 1566 2023 1636 negotia
2067 1569 2385 1638 procurabat
2417 1569 2506 1624 Vir
2535 1571 2640 1626 Deo
2669 1571 2910 1635 deditus,
2953 1573 3048 1645 sed
3070 1589 3255 1630 eorum
3287 1585 3404 1631 tan-

1817 1655 2091 1710 tummodo
2134 1658 2223 1728 qui
2266 1675 2327 1714 se
2381 1659 2433 1713 in
2479 1660 2596 1728 ejus
2651 1661 2983 1733 disciplinam
3037 1664 3399 1731 tradidissent,

1814 1762 2038 1817 quormn
2084 1750 2490 1806 necessitatibus
2516 1753 2762 1824 occupari
2792 1764 2847 1809 et
2874 1755 3073 1810 servire
3101 1755 3397 1812 tenebatur.

1813 1838 2122 1910 Quanquam
2154 1841 2297 1896 credi
2326 1843 2512 1912 possit,
2541 1845 2711 1914 ipsum
2738 1861 2837 1902 suo
2874 1845 3032 1900 etiam
3068 1847 3120 1902 in
3159 1861 3397 1916 secessu,

1810 1946 1932 1986 cum
1980 1932 2198 1987 nimium
2238 1933 2324 1989 ille
2355 1944 2404 1988 et
2457 1953 2485 1987 a
2530 1936 2734 1992 civibus
2782 1937 2894 1991 suis
2920 1947 3209 2004 amaretur,
3252 1949 3305 1994 et
3333 1954 3399 1994 ex

1811 2037 1966 2092 aequo
1993 2023 2136 2078 cives
2157 2039 2281 2078 suos
2308 2025 2628 2093 redamaret,
2658 2029 2958 2096 suscepisse
3003 2028 3269 2084 interdum
3299 2044 3396 2084 cu-

1809 2128 1924 2167 ram
1950 2115 2249 2183 graviorum
2278 2119 2627 2187 negotiorum.
2645 2136 2764 2190 quae
2788 2121 2856 2173 ab
2886 2120 2950 2176 iis
2978 2121 3042 2174 ad
3071 2122 3242 2191 ipsum
3273 2137 3396 2193 per-

1808 2202 2135 2260 ferebantur.
2164 2208 2429 2262 Czetertnn
2455 2208 2507 2262 in
2535 2224 2629 2262 sua
2658 2212 2913 2266 Societatc
2936 2213 3078 2266 cives
3109 2214 3245 2268 inter
3263 2214 3398 2269 alios

1809 2296 1996 2353 habuit
2020 2299 2086 2354 ab
2115 2301 2264 2355 ittitio
2292 2302 2535 2373 Alypium
2565 2313 2619 2357 el
2653 2303 2930 2370 Evodinm,
2953 2315 3132 2376 atque,
3162 2317 3218 2360 ut
3244 2308 3394 2362 vide-

1809 2397 1911 2452 tur,
1942 2389 2198 2444 Severum
2221 2392 2524 2462 episcopum
2545 2402 2724 2461 postea
2753 2392 3133 2458 Milevitauum,
3162 2410 3390 2466 quocum

1807 2477 1898 2530 diu
1927 2479 2232 2534 meditatum
2265 2497 2322 2537 se
2341 2479 2506 2536 fuisse
2529 2484 2748 2538 verbum
2776 2485 2889 2548 Dei,
2920 2485 3227 2541 recordatur
3253 2488 3392 2541 scri-

1803 2570 1941 2625 bens
1966 2572 2030 2625 ad
2058 2571 2313 2627 Novatum
2346 2574 2552 2646 (Epist.
2577 2575 2666 2640 84,
2697 2593 2750 2631 η.
2784 2577 2860 2647 1).

1878 2662 1932 2715 5.
1967 2661 2250 2718 Nebridius
2277 2663 2575 2720 Mediolano
2600 2667 2712 2736 jam
2753 2684 3030 2734 reversus,
3060 2681 3117 2725 ut
3145 2687 3209 2726 ex
3234 2686 3394 2739 supe-

1805 2752 1934 2806 riori
1956 2753 2199 2821 epistolio
2222 2754 2552 2826 intelligitur,
2575 2768 2830 2814 erattunc
2854 2763 3106 2831 temporis
3125 2764 3175 2816 in
3198 2765 3234 2815 Α
3245 2762 3392 2818 frica.

1807 2841 1882 2897 lbi
1926 2841 2244 2914 Carthagine
2282 2845 2365 2899 vel
2409 2846 2460 2900 in
2490 2848 2693 2917 praedio
2739 2850 2856 2904 urbi
2899 2852 3140 2920 proximo
3173 2852 3397 2920 degebat

1807 2950 1930 2990 cum
1957 2944 2126 2990 matre
2143 2945 2359 3008 totaque
2387 2938 2547 2993 domo
2575 2939 2769 3011 (Epist.
2793 2941 2879 3006 10,
2899 2960 2949 2996 ιι.
2971 2942 3046 3014 1),
3072 2960 3228 3014 quam
3257 2944 3395 3000 Deus

1807 3026 1946 3082 illius
1977 3028 2272 3084 ministerio
2301 3029 2365 3084 ad
2390 3030 2546 3086 fidem
2563 3031 2782 3086 adduxit
2808 3032 3057 3104 (Confess.
3082 3036 3167 3089 lib.
3190 3035 3245 3100 9,
3274 3052 3391 3106 cap.

1803 3119 1860 3185 3,
1888 3136 1942 3174 ιι.
1973 3119 2055 3190 6).
2097 3123 2175 3176 Ac
2201 3121 2312 3191 ipse
2337 3122 2550 3193 quidem
2580 3125 2719 3193 apud
2747 3140 2872 3180 suos
2897 3143 2959 3181 ex
2978 3144 3083 3196 quo
3103 3128 3397 3195 baptizatus

1805 3217 1920 3274 est,
1955 3210 2006 3262 in
2037 3212 2285 3265 castitate
2318 3213 2552 3282 perfecta
2581 3222 2744 3284 atque
2786 3219 3112 3272 continentia
3145 3218 3252 3273 Deo
3277 3235 3393 3274 ser-

1804 3302 1960 3355 vivit.
1988 3303 2121 3356 Ctnn
2155 3303 2314 3373 igitur
2339 3303 2440 3360 hoc
2465 3317 2621 3375 pacto
2653 3307 2832 3376 procul
2855 3307 2924 3362 ab
2947 3309 3119 3364 amicta
3159 3309 3392 3376 abesset,

1807 3406 1974 3461 seque
2005 3391 2311 3462 frequenter
2337 3393 2566 3450 inuisere
2593 3411 2698 3450 non
2719 3408 2955 3466 possent,
2989 3408 3169 3454 tnutuo
3192 3400 3395 3470 episto-

1803 3480 1977 3534 lartun
2009 3483 2335 3537 connuercin
2361 3498 2542 3539 secum
2572 3485 2794 3541 invicem
2812 3488 3268 3558 eollmptcbanlur.
3290 3489 3396 3546 Ne-

1810 3569 2020 3625 bridius
2063 3571 2277 3642 quidem
2311 3588 2499 3644 magna
2542 3584 2597 3630 et
2624 3575 2856 3631 dit‘ticilia
2890 3591 3191 3647 propoiiens
3217 3582 3396 3651 Augu-

1807 3662 1971 3730 stino,
2005 3662 2104 3717 iste
2125 3673 2300 3718 autem
2326 3665 2467 3719 illius
2492 3665 2660 3720 nodos
2687 3682 2780 3737 per
2795 3669 3048 3738 epistolas
3063 3669 3392 3727 dissolvens:

1806 3769 1951 3822 quas.
1971 3754 2045 3807 ait
2060 3753 2361 3818 Nebridius,
2385 3757 2635 3827 perplacet
2658 3759 2727 3811 ita
2743 3775 2958 3826 servare,
2975 3771 3028 3814 ut
3045 3763 3217 3816 oculos
3237 3779 3392 3818 meos.

1808 3845 1943 3900 Sunt
1969 3847 2100 3900 enim
2130 3863 2346 3919 magnae,
2378 3865 2478 3902 non
2497 3851 2796 3918 quantitate,
2826 3852 2914 3906 sed
2934 3854 3099 3914 rebus,
3119 3865 3164 3908 et
3186 3871 3396 3926 magna-

1806 3954 1921 3991 rum
1965 3953 2137 3992 rerum
2187 3956 2395 4010 magnas
2437 3941 2691 3993 continent
2728 3942 3062 4012 probationes.
3114 3941 3232 3998 Illte
3271 3945 3397 3998 milii

1808 4029 2086 4095 Christum,
2102 4031 2207 4084 illa:
2227 4029 2509 4091 Platonem.
2532 4030 2637 4084 illo:
2654 4029 2915 4084 Plotinum
2933 4033 3200 4086 sonabunt.
3233 4033 3397 4088 Erunt

1806 4123 1962 4194 igitur
1983 4121 2125 4184 milii,
2154 4135 2201 4176 et
2218 4120 2286 4174 ad
2303 4122 2610 4174 audiendum
2630 4131 2835 4192 propter
2854 4123 3185 4194 eloquentiam
3201 4124 3392 4190 dulces,

1805 4222 1854 4265 et
1883 4212 1951 4264 ad
1981 4212 2245 4283 lrgeudum
2277 4221 2482 4282 prapter
2515 4210 2800 4264 brevitatem
2839 4212 3043 4282 faciles,
3075 4223 3120 4267 et
3150 4214 3218 4268 ad
3243 4215 3396 4269 intel-

1807 4304 2066 4375 ligendum
2098 4313 2302 4376 pr0pter
2328 4303 2628 4374 sapientiam
2653 4303 2878 4358 salubres
2921 4303 3110 4376 (Epist.
3140 4307 3202 4372 6,
3230 4323 3284 4360 ιι.
3316 4307 3393 4377 1).

1808 4393 1867 4449 In
1899 4395 2125 4465 quadam
2153 4395 2220 4450 ad
2268 4411 2387 4449 etnn
2433 4395 2654 4464 epistola
2685 4394 2972 4450 observ'are
2999 4404 3080 4449 est
3101 4437 3116 4461 ,
3162 4395 3396 4450 l'latonis

1808 4485 2270 4539 rctniniscentiam
2299 4484 2685 4538 nobilissinunn
2711 4485 2976 4536 inventqu
3004 4483 3071 4535 ab
3101 4483 3395 4553 Augustino

1807 4576 2102 4644 nuncupari
2131 4617 2145 4640 ,
2178 4591 2408 4646 eumque
2434 4575 2598 4628 videri
2620 4589 2863 4628 asserere
2889 4573 3033 4630 velut
3062 4591 3124 4629 ex
3150 4590 3243 4629 sua
3269 4592 3395 4633 sen-

1809 4667 1974 4721 tentia
1997 4706 2012 4732 ,
2052 4665 2179 4718 olittt
2206 4665 2435 4718 auitnatn
2465 4680 2646 4718 verum
2679 4664 2972 4734 inspexisse
2991 4707 3008 4732 ,
3055 4682 3086 4721 a
3112 4681 3218 4738 quo
3246 4668 3392 4722 unita

1809 4755 2026 4826 corpori
2067 4770 2187 4810 sese
2230 4755 2544 4824 disiunxerit
2571 4753 2769 4827 (Epist.
2801 4755 2833 4809 7
2853 4796 2868 4821 ,
2899 4772 2952 4810 ιι.
2978 4756 3072 4828 2).
3115 4758 3391 4830 Quidpiam

1803 4847 1980 4903 sitnilc
2022 4847 2254 4917 reperire
2292 4856 2374 4901 est
2411 4847 2462 4901 in
2498 4847 2709 4918 dialogo
2752 4848 2819 4904 de
2862 4849 3166 4918 Quanlitate
3202 4853 3392 4906 anima:

1808 4941 1912 5015 (De
1940 4942 2130 5007 Quant.
2153 4941 2358 5008 anima’,
2389 4959 2442 4994 ιι.
2460 4942 2569 5013 54),
2603 4944 2723 4996 licet
2750 4941 2879 4997 illud
2907 4946 2956 4997 in
2986 4945 3096 4998 suis
3125 4944 3393 5000 lietracta-

1807 5035 2010 5088 tionum
2044 5033 2190 5088 libris
2216 5035 2397 5088 sanius
2428 5036 2825 5104 interpretetur.
2870 5034 2975 5090 Sed
3001 5036 3190 5090 mirum
3227 5038 3390 5093 videri

1806 5143 1914 5180 non
1942 5125 2136 5192 debet,
2175 5126 2218 5180 si
2249 5127 2575 5194 Augustinus
2604 5141 2735 5197 quas
2759 5142 2790 5181 e
2810 5127 3246 5198 philosolihornm
3274 5130 3391 5186 fon-

1809 5218 1950 5274 tibus
2001 5217 2280 5287 opiniones
2326 5215 2615 5282 hauserat,
2675 5234 2780 5273 non
2822 5220 3073 5274 continuo
3116 5221 3391 5291 abjecerit.

1806 5307 2038 5381 Ipscntct
2072 5310 2300 5373 asserit,
2344 5325 2464 5364 eum
2510 5310 2599 5380 qui
2645 5325 2808 5382 opera
2848 5311 3014 5383 ipsius
3059 5311 3246 5368 ordine
3289 5328 3395 5382 quo

1804 5404 2005 5476 scripta
2028 5410 2153 5456 sunt
2179 5401 2400 5472 legerit,
2427 5402 2580 5458 facile
2606 5402 3098 5460 anitnadvetsurum
3125 5401 3393 5472 quomodo

1805 5493 2100 5550 scribendo
2130 5492 2411 5565 profecerit
2449 5494 2696 5565 (Retract.
2715 5495 2943 5568 prologo.
2976 5513 3026 5549 ιι.
3051 5494 3130 5564 3).
3165 5491 3392 5546 Plurima

1804 5599 2022 5656 quoque
2049 5585 2193 5642 nullo
2224 5585 2438 5656 negotio
2463 5584 2834 5656 deprehendes
2861 5589 2910 5640 in
2952 5584 3216 5654 prioribus
3252 5581 3395 5638 illius

1806 5679 2064 5749 operibus
2084 5719 2098 5744 ,
2127 5695 2246 5750 qua:
2279 5679 2390 5748 ipse
2417 5678 2467 5732 in
2506 5681 2886 5748 posterioribus
2913 5679 3294 5736 emendaverit.
3334 5679 3394 5737 In

1804 5773 1946 5831 hanc
1970 5787 2086 5832 rem
2127 5772 2384 5828 adnotare
2416 5771 2570 5838 licet,
2614 5787 2735 5827 eum
2771 5774 2820 5828 in
2853 5772 3260 5831 Millcnariorntn
3289 5774 3392 5832 ali-

1853 5909 1896 5958 ‘..
