3948 6432
586 317 692 376 163

585 436 797 510 quando
840 431 1002 489 fuisse
1039 427 1333 491 sententia;
1377 438 1442 480 eo
1471 431 1650 480 tamen
1691 421 1885 489 modo,
1929 434 2034 492 quo
2058 420 2160 474 ista

589 509 769 600 opinio
795 535 1082 594 utcumque
1111 518 1324 576 tolerari
1348 525 1566 588 posset,
1593 514 1694 569 hoc
1727 522 1844 580 est,
1874 513 1918 567 si
1952 509 2163 566 nonnisi

589 617 899 691 spirituales
922 615 1126 670 deliciae
1165 611 1218 665 in
1257 610 1359 664 hoc
1384 607 1530 662 mille
1557 619 1816 660 annorum
1844 619 2010 674 regno
2040 617 2165 656 san-

587 709 693 766 ctis
717 708 976 764 adfutura:
997 702 1339 760 crederentur
1360 697 1548 769 (Serm.
1565 697 1690 762 259,
1718 696 1845 759 m2;
1871 695 1934 748 de
1960 694 2167 748 Civitate

591 795 706 865 Det",
737 797 824 851 lib.
850 795 941 862 20,
968 811 1081 863 cap.
1101 783 1177 863 7).
1197 789 1348 856 Quod
1369 788 1436 842 ad
1446 785 1679 842 Nebridii
1699 785 1924 856 qumsita
1940 791 2163 853 spectat,

558 955 561 957 _
590 885 712 961 quia
742 891 844 943 non
873 885 1048 942 omnia
1069 881 1137 938 de
1165 881 1326 937 rebus
1341 879 1532 934 divinis
1558 888 1728 942 erant,
1759 875 1942 931 scribit
1963 874 2030 928 ad
2046 887 2167 929 eum

546 996 550 999 '
593 979 919 1051 Augustinus
942 1018 956 1042 ,
989 975 1075 1030 illa
1101 989 1219 1045 quae
1243 973 1312 1027 de
1337 972 1436 1027 hoc
1464 969 1999 1040 mundoqumruntur
2018 1008 2034 1031 ,
2069 980 2170 1020 nec

543 1051 546 1056 Ι
591 1072 721 1126 satis
744 1070 809 1125 ad
827 1070 1032 1122 beatam
1047 1066 1204 1119 vitam
1221 1061 1559 1119 obtinendam
1579 1061 1678 1115 sibi
1697 1058 1860 1114 videri
1875 1057 2168 1129 pertinere;

599 1177 662 1218 ac
694 1161 740 1217 si
779 1157 974 1228 aliquid
1012 1153 1238 1211 afferunt
1279 1151 1564 1222 voluptatis
1598 1166 1720 1205 cum
1767 1149 2168 1219 investigantur,

593 1251 936 1311 metuendum
975 1263 1092 1304 esse
1116 1255 1289 1301 tamen
1315 1287 1330 1312 ,
1369 1259 1435 1298 ne
1467 1250 1727 1312 occupent
1761 1250 1968 1309 tempus
2010 1235 2173 1293 rebus

595 1341 1004 1415 impendendum
1034 1335 1358 1394 melioribus.
1386 1331 1590 1389 Idcirco
1615 1340 1836 1388 caeteras
1863 1331 2003 1384 inter
2022 1342 2172 1398 qum-

593 1435 814 1497 stiones,
838 1446 958 1502 quae
977 1427 1328 1485 dissolvendae
1353 1428 1685 1495 snpererant,
1713 1437 1831 1476 eam
1854 1437 1974 1493 quae
1995 1419 2061 1475 de
2092 1419 2175 1472 ln-

595 1522 919 1580 carnationis
940 1519 1195 1592 mysterio
1211 1515 1482 1588 proposita
1500 1523 1636 1579 erat,
1665 1512 1860 1582 seligi‘t,
1881 1523 1942 1565 ut
1957 1517 2177 1564 conetur

596 1629 863 1684 exponere
878 1621 982 1683 quo
1000 1616 1179 1680 pacto,
1193 1624 1314 1662 cum
1336 1607 1494 1660 trium
1515 1595 1814 1660 divinarum
1832 1615 2176 1672 personarum

601 1704 837 1760 actiones
855 1701 1092 1756 indivisae‘
1111 1699 1236 1763 sint,
1256 1709 1438 1752 nostra
1459 1704 1633 1749 tamen
1652 1693 1903 1765 mysteria
1925 1701 1977 1746 et
1993 1691 2178 1760 religio

596 1810 700 1865 qua
721 1793 905 1855 imbuti
932 1805 1115 1846 sumus
1135 1832 1149 1855 ,
1180 1788 1426 1842 humanae
1447 1794 1648 1839 natura:
1668 1783 2058 1852 susceptionem
2089 1781 2179 1834 uni

595 1881 734 1942 Filio
753 1884 1044 1940 attribuant
1073 1879 1264 1954 (Epist.
1287 1878 1399 1950 11).
1431 1877 1511 1932 Ex
1537 1890 1639 1948 qua
1655 1875 1945 1945 quaestione
1974 1873 2180 1926 videtur

595 1979 742 2030 certo
766 1973 940 2045 colligi
969 1987 1146 2042 posse,
1171 1970 1281 2040 jam
1302 1968 1622 2036 baptizatum
1654 1963 1819 2018 fuisse
1846 1962 2174 2017 Nebridium.

597 2059 1046 2135 Hunc'aliquanto
1074 2070 1198 2116 ante
1226 2058 1647 2130 presbyte‘ratum
1669 2055 1982 2124 Augustini,
2009 2069 2181 2124 neque

597 2156 652 2214 in
671 2158 824 2227 hujus
843 2155 1184 2218 monasterio,
1208 2151 1302 2206 sed
1312 2149 1455 2205 d'omi
1477 2163 1590 2202 sua:
1608 2147 1748 2201 diem
1766 2146 1983 2213 obiisse,
1998 2154 2182 2213 aperte

596 2246 856 2319 signiﬁcat
885 2246 1025 2301 idem
1053 2245 1167 2313 ipse
1194 2239 1540 2312 AuguStinus,
1571 2239 1622 2292 in
1655 2238 1757 2292 hoc
1785 2237 1940 2291 amici
1961 2236 2180 2291 demor-

597 2339 674 2393 tui
702 2335 962 2408 pernobili
986 2335 1158 2404 elogio
1185 2349 1199 2386 :
1235 2331 1395 2397 Quem
1415 2369 1430 2396 ,
1461 2329 1566 2392 ait,
1595 2343 1696 2380 non
1725 2326 1884 2379 multo
1923 2335 2034 2392 post
2060 2341 2183 2378 con-

595 2428 873 2482 versionem
915 2435 1140 2480 nostram
1184 2431 1235 2476 et
1276 2417 1698 2491 regenerationem
1740 2431 1828 2486 per
1869 2414 2184 2485 Baptismum

600 2526 762 2582 tuum,
778 2517 944 2585 ipsum
964 2515 1114 2567 etiam
1137 2511 1337 2582 ﬁdelem
1361 2509 1681 2572 catholicum,
1715 2507 1943 2561 castitate
1967 2512 2186 2578 perfecta

598 2617 748 2678 atque
779 2605 1084 2660 continentia
1123 2602 1211 2657 tibi
1248 2602 1538 2658 servientem
1576 2601 1628 2653 in
1666 2599 1841 2669 Africa
1878 2599 2018 2678 apud
2044 2615 2180 2667 suos,

598 2711 714 2753 cum
737 2707 841 2752 tota
859 2696 1037 2752 domus
1050 2697 1160 2766 ejus
1179 2709 1270 2767 per
1286 2707 1398 2748 eum
1417 2692 1693 2746 christiana
1709 2695 1843 2762 facta
1857 2674 2003 2758 esset,
2036 2709 2186 2747 carne

597 2792 817 2857 soluisti;
857 2800 904 2845 et
945 2805 1077 2844 nunc
1101 2789 1186 2843 ill'e
1218 2787 1334 2842 vivit
1369 2787 1423 2839 in
1457 2786 1571 2839 sinu
1611 2783 1885 2838 Abraham.
1921 2783 2182 2854 Quidquid

596 2881 728 2938 illud
754 2891 846 2949 est,
868 2881 1110 2952 quod'illo
1139 2877 1458 2950 signiﬁcatur
1478 2877 1591 2930 sinu
1608 2917 1623 2941 ,
1653 2875 1723 2931 ibi
1747 2872 2018 2930 Nebridius
2047 2891 2184 2929 meus

595 2972 734 3038 vivit,
764 2972 938 3026 dutcis‘
963 2971 1152 3024 amicus
1179 2985 1334 3032 meus,
1366 2975 1688 3032 tuus'autem,
1717 2961 1952 3030 Domine,
1981 2965 2182 3035 adopti-

595 3077 688 3118 ωε
715 3078 778 3117 ea:
802 3063 974 3118 liberto
1005 3061 1162 3130 ﬁlius,
1188 3061 1258 3113 ibi
1277 3060 1413 3113 vivit.
1441 3055 1581 3111 Nam
1605 3059 1714 3125 quis
1738 3057 1868 3111 alius
1894 3057 1984 3110 tali
2004 3059 2187 3110 aninue

600 3155 782 3209 locus?
808 3153 835 3206 Ι
843 3155 888 3207 bi
916 3151 1067 3220 vivit,
1096 3151 1232 3205 unde
1253 3149 1504 3203 memutta
1523 3147 1865 3218 interrogabat
1887 3148 2183 3200 homuncio-

599 3257 716 3297 nem
731 3243 1063 3312 inexpertum.
1089 3239 1211 3294 Iam
1231 3251 1335 3294 non
1365 3238 1696 3308 poni't'aurem
1717 3236 1860 3290 ad'os
1885 3253 2068 3303 meum,
2098 3238 2186 3290 sed

597 3335 861 3406 spirituale
884 3349 939 3387 os
964 3333 1031 3386 ad
1057 3337 1246 3403 fontem
1272 3339 1448 3394 tuum;
1484 3337 1542 3383 et’
1556 3328 1696 3393 bibit,
1733 3337 1972 3393 quantum
2006 3338 2181 3397 potest,

598 3423 898 3496 sapientiam
923 3438 1017 3492 pro
1039 3422 1276 3476 aviditate
1299 3436 1395 3474 sua
1413 3419 1530 3473 sine
1541 3419 1641 3487 [ine
1663 3419 1801 3490 felix.
1848 3417 1956 3471 Nec
1978 3419 2049 3471 sic
2072 3435 2186 3472 eum

600 3515 827 3569 a'rbin'or‘
853 3513 1092 3569 inebriari
1117 3529 1179 3568 ea:
1203 3529 1291 3577 ea,
1336 3520 1390 3565 ut
1417 3510 1736 3565 obliviscatur
1778 3511 1910 3574 mei;
1957 3528 2072 3563 cum
2108 3515 2182 3576 tu,

599 3599 852 3669 Domine,
881 3618 1025 3675 quem
1059 3612 1198 3675 potat
1224 3603 1343 3670 ille,
1392 3602 1558 3657 nostri
1591 3601 1660 3656 sis
1694 3617 1881 3656 memor
1926 3601 2182 3672 (Con/ess.

599 3692 690 3750 lib.
719 3693 775 3765 9‘,
805 3709 918 3766 cap.
948 3693 1003 3761 5,
1029 3709 1082 3749 η.
1114 3692 1200 3765 6).

1236 3782 1476 3840 CAPUT
1505 3781 1595 3839 ππ.

599 3875 638 3934 tl"
659 3875 841 3933 libros
863 3877 926 3932 de
947 3873 1132 3932 Genesi
1155 3885 1329 3931 contra
1352 3873 1671 3930 Manichceos
1690 3869 1974 3929 conscribit.
2022 3871 2056 3926 2
2082 3874 2185 3927 Ab-

669 3971 816 4028 solbit
843 3987 934 4026 sex
962 3970 1115 4026 libros
1151 3969 1449 4025 d'e‘Musica.
1492 3969 1526 4024 3
1550 3965 1824 4041 Dialogum
1853 3971 1914 4024 de
1941 3967 2186 4040 Magistro

673 4063 793 4117 edit.
834 4063 868 4117 4
892 4057 1087 4116 Deinde
1123 4060 1305 4115 librum
1335 4061 1398 4116 de
1435 4059 1561 4114 Vera
1600 4058 1882 4129 Religione.
1929 4059 1963 4113 5
2001 4051 2187 4112 Scribit

675 4154 743 4206 att
770 4152 1050 4207 ﬂuximum
1087 4153 1494 4207 Madaurensem.
1524 4150 1557 4206 6
1582 4151 1661 4204 Ad
1683 4149 2020 4204 Cazleslinum.
2051 4149 2082 4202 7
2108 4149 2186 4202 Ad

679 4238 880 4299 Gaium.
912 4243 947 4299 8·
966 4242 1032 4297 Et
1056 4243 1124 4296 ad
1154 4244 1481 4297 Antoninum.

675 4326 730 4393 1⁵.
757 4335 874 4392 Non
891 4336 1084 4392 eo-tlne
1113 4349 1172 4391 se
1201 4334 1543 4390 saecularibus
1567 4334 1710 4389 curis
1735 4343 1789 4389 et
1829 4334 2185 4403 occupationi-

600 4427 703 4485 bus
744 4427 1069 4483 subduxerat
1095 4426 1446 4497 Augustinus,
1487 4434 1549 4480 ut
1592 4425 1644 4478 in
1688 4438 1899 4479 secessu
1937 4423 2185 4495 deinceps

603 4520 748 4576 inani
768 4535 832 4576 ac
858 4517 1024 4576 sterili
1053 4519 1162 4574 otio
1191 4517 1478 4573 frueretur.
1528 4515 1789 4585 Quocirca
1815 4532 1920 4571 non
1948 4531 2183 4586 praesen-

611 4611 751 4666 tibus
773 4613 952 4680 modo,
981 4613 1140 4667 sociis
1163 4611 1408 4667 videlicet
1433 4612 1562 4678 suis,
1593 4610 1690 4665 sed
1718 4610 2026 4665 absentibus
2050 4626 2185 4679 quo-

611 4713 716 4772 que
738 4717 802 4755 ac
823 4704 1020 4757 exteris
1041 4744 1056 4769 ,
1082 4703 1335 4772 prodesse
1360 4703 1563 4758 studuit
1587 4745 1602 4771 ,
1630 4703 1866 4768 tradens,
1891 4712 2030 4758 teste
2059 4701 2186 4755 Pos-

605 4791 762 4856 sidlo,
794 4807 896 4863 qua
925 4793 1095 4861 libris,
1117 4809 1219 4863 qua
1240 4795 1578 4850 sermonibus
1596 4836 1612 4862 ,
1640 4810 1758 4864 quae
1788 4795 1886 4864 ipsi
1909 4794 2186 4849 meditanti

605 4892 660 4941 et
699 4886 871 4940 oranti
908 4895 1088 4940 essent
1116 4901 1147 4939 a
1175 4885 1283 4940 Deo
1335 4888 1564 4941 revelata
1606 4885 1905 4956 (Possidius
1927 4926 1944 4954 ,
1977 4887 2031 4940 in
2077 4885 2187 4939 Vita

605 4976 843 5048 August.,
873 4993 919 5030 c.
949 4973 1028 5048 ὅ).
1069 4973 1291 5031 Exsumt
1329 4979 1616 5031 etiamnum
1645 4979 1947 5033 eorumdem
1977 4994 2184 5033 sermo-

604 5076 750 5133 num,
781 5084 913 5138 quos
933 5083 1054 5122 cum
1083 5069 1194 5122 suis
1218 5067 1420 5133 habuit,
1449 5067 1690 5139 quaedam
1713 5071 1927 5139 vestigia
1951 5070 2002 5124 in
2028 5085 2184 5140 supra

605 5169 902 5213 memorato
952 5159 1219 5213 volumine
1271 5160 1539 5229 octoginta
1592 5159 1750 5213 trium
1798 5160 2179 5226 Quaestionum.

605 5247 759 5316 Quod
785 5249 851 5304 ad
877 5249 1042 5305 libros
1071 5250 1290 5304 tunc'ab
1313 5250 1426 5319 ipso
1448 5249 1752 5304 lucubratos
1773 5248 1975 5314 attinet,
2000 5266 2185 5306 recen-

603 5350 687 5399 set
727 5343 780 5398 in
828 5342 939 5398 suis
980 5339 1462 5398 Retractationibus
1509 5341 1642 5396 duos
1687 5340 1851 5395 libros
1889 5341 1955 5395 de
1992 5341 2180 5397 Genesi

601 5437 784 5490 contra
813 5427 1130 5489 Manichaeos
1154 5477 1168 5501 ,
1198 5443 1290 5488 se'x
1323 5433 1489 5489 libros
1519 5433 1585 5488 de
1611 5432 1807 5488 Musica
1826 5474 1842 5501 ,
1881 5432 2068 5487 librum
2095 5435 2180 5504 qui

602 5524 890 5594 inscriptus
915 5533 998 5582 est
1025 5521 1103 5580 d’e
1133 5522 1376 5596 Magistro
1402 5566 1417 5593 ,
1463 5533 1518 5580 ct
1556 5521 1745 5579 librum
1787 5523 1853 5580 de
1879 5523 2014 5579 Vera
2042 5524 2181 5580 Reli-

601 5617 777 5689 gione.
828 5616 1007 5673 lzibris
1025 5630 1158 5689 quos
1186 5613 1254 5672 de
1291 5616 1482 5673 Genesi
1511 5617 1758 5688 scripsit,
1803 5613 1968 5671 Vetus
1997 5615 2180 5671 Testa-

602 5707 922 5771 mab
938 5708 1141 5771 inSanis
1165 5705 1576 5773 Manichaeorum
1600 5707 1883 5766 calumniis
1908 5707 2179 5766 vindicare

1716 301 1873 360 VITA
1901 301 1964 359 s.
1998 295 2372 362 AUGUSTINI
2407 293 2736 356 EPISCOPI.
3302 310 3304 313 ·
3702 311 3776 374 tu

2269 430 2509 482 exorsus,
2541 415 2724 486 priore
2752 412 2966 485 quidem
2995 413 3203 469 initium
3233 408 3714 491 Geneseosqesponit
3729 431 3776 484 ad

2271 522 2394 562 eum
2417 521 2582 577 usque
2605 508 2800 573 locum,
2828 506 2880 561 in
2895 521 2998 576 quo
3021 505 3161 560 Deus
3181 505 3269 562 die
3289 509 3505 579 septimo
3519 515 3776 581 requievissc

2270 597 2481 652 dicitur.
2510 585 2564 652 In
2597 598 2886 666 posteriore
2905 613 3032 652 vero
3052 597 3292 651 eamdem
3321 602 3637 671 prosequitur
3654 619 3774 673 expn.

2272 691 2516 744 sitionem
2545 704 2712 758 usque
2736 687 2801 743 ad
2823 688 3018 754 locum,
3042 687 3095 741 in
3126 703 3230 756 quo
3255 689 3418 743 Adam
3444 701 3495 745 et
3517 693 3681 748 mulier
3699 696 3780 766 ejus

2272 782 2339 837 d‘e
2378 780 2618 852 paradiso
2655 779 2856 834 dimissi
2899 795 3017 834 esse
3058 790 3358 834 narrantur.
3401 780 3585 836 Deinde
3624 785 3666 837 in
3690 786 3773 842 libri

2275 873 2382 927 ﬁne
2407 872 2681 928 erroribus
2710 869 3119 925 Manichaeorum
3141 869 3415 924 catholicae
3441 872 3650 928 veritatis
3668 873 3781 929 ﬁdem

2275 963 2505 1018 dilucide
2534 969 2588 1016 et
2629 959 3008 1030 compendiose
3036 961 3273 1028 opponit.
3318 959 3375 1014 In
3407 961 3501 1014 hac
3522 964 3784 1030 exposition:

2276 1054 2616 1124 allegoricum
2657 1052 3022 1107 tantummodo
3063 1065 3278 1104 sensum
3323 1059 3528 1105 secutus
3564 1053 3780 1107 es't:Non

2277 1161 2428 1199 ausus
2449 1185 2462 1209 ,
2491 1145 2694 1214 inquit,
2726 1141 3036 1196 naturalium
3074 1157 3244 1194 rerum
3285 1150 3423 1193 tanta
3457 1149 3629 1194 secreta
3648 1142 3703 1194 ad
3727 1143 3781 1193 lit-

2281 1244 2438 1289 teram
2466 1251 2710 1306 exponere
2731 1249 2751 1298 ;
2777 1235 2870 1287 hoc
2897 1243 2991 1300 est,
3020 1231 3439 1303 quemadmodum
3459 1241 3638 1300 possent
3657 1248 3782 1287 tecm:-

2281 1325 2403 1378 dum
2432 1324 2719 1377 historicum
2745 1323 3115 1393 proprietatem,
3138 1335 3252 1388 qua:
3277 1320 3352 1373 ibi
3373 1321 3504 1372 dicta
3523 1329 3652 1385 sunt,
3670 1323 3782 1390 accipi

2281 1413 2544 1485 (Retract.
2578 1413 2665 1468 lib'.
2691 1415 2717 1468 1
2745 1455 2759 1478 ,
2793 1430 2906 1482 cap.
2939 1409 3062 1481 18).
3114 1410 3189 1465 De
3236 1409 3318 1464 Itis
3358 1409 3504 1464 libris
3530 1409 3783 1479 Augustinus

2283 1514 2470 1576 postea
2491 1505 2766 1559 disserens
2786 1545 2800 1570 ,
2832 1501 2976 1556 Duas
3001 1544 3015 1568 ,
3045 1501 3120 1554 ait
3139 1544 3153 1568 ,
3186 1501 3460 1569 conscripsi
3485 1498 3624 1552 libros
3655 1503 3783 1552 recenti

2283 1607 2501 1667 tempore
2543 1595 2876 1649 conversionis
2926 1605 3082 1657 mete,
3127 1593 3236 1646 cito
3305 1593 3468 1644 volens
3509 1583 3783 1659 (Manichaeo-

2281 1686 2422 1759 rum)
2473 1691 2732 1758 confutare
2773 1686 3100 1739 deliramenta
3121 1726 3135 1749 ,
3183 1684 3260 1737 vel
3308 1683 3492 1753 erigere
3530 1681 3779 1734 intentionem

2283 1778 2349 1830 ad
2372 1777 2690 1847 quwrend’am
2714 1775 2772 1828 i'n'
2792 1776 2968 1828 litteris
2993 1817 3006 1839 ,
3039 1787 3165 1844 quas
3195 1773 3432 1838 oderunt,
3461 1764 3732 1824 cliristlanam
3751 1775 3781 1820 et

2283 1868 2620 1938 euangelicum
2651 1867 2822 1936 ﬁdem.
2876 1863 2942 1919 Et
2967 1867 3084 1934 quia
3111 1882 3212 1918 non
3249 1864 3374 1916 mihi
3402 1873 3514 1916 tunc
3538 1858 3784 1914 occurrebant

2285 1961 2472 2025 omnia,
2504 1957 2921 2030 quemadmodum
2946 1947 3149 2025 proprie
3175 1953 3568 2025 possent'accipi,
3591 1953 3779 2020 magisque

2284 2069 2383 2108 non
2414 2071 2558 2124 posse
2595 2053 2764 2123 accipi
2781 2052 3095 2116 videbantur,
3124 2059 3213 2104 aut
3245 2051 3329 2103 vite
3353 2063 3491 2118 posse
3513 2054 3596 2098 aut
3617 2041 3784 2113 diﬂicile;

2286 2163 2347 2199 ne
2364 2144 2670 2208 retardarer,
2701 2143 2821 2211 quid
2851 2144 3063 2212 ﬁgurate
3086 2140 3430 2212 signiﬁcarent
3449 2152 3523 2200 ea,
3547 2147 3644 2204 qua:
3663 2131 3713 2182 ad
3733 2131 3786 2182 lil-

2286 2247 2444 2291 teram
2470 2252 2568 2288 non
2592 2235 2732 2304 potui
2760 2235 2978 2287 invenire
2994 2276 3010 2300 ,
3039 2242 3228 2305 quanta
3263 2230 3395 2285 valui
3417 2229 3632 2281 brevitate
3653 2234 3689 2278 et
3705 2238 3784 2294 per-

2286 2327 2548 2397 spicuitate
2573 2325 2860 2394 explicavi;
2904 2341 2967 2378 ne
3002 2324 3081 2378 vel
3113 2324 3276 2377 multa
3311 2320 3514 2374 lactione
3532 2316 3601 2369 vel
3621 2315 3787 2382 disputa
3857 2315 3883 2397 ll

2289 2416 2438 2469 tionis
2476 2415 2774 2468 obscuritate
2817 2414 3079 2481 deterriti,
3126 2414 3192 2468 in‘
3220 2425 3398 2466 manus
3437 2424 3493 2463 ea
3534 2419 3698 2461 sumere
3721 2416 3787 2454 non
3857 2414 3883 2481 Ιι

2289 2515 2539 2562 curarent.
2582 2505 2778 2559 Memor
2824 2517 2988 2559 tamen
3023 2505 3150 2574 quid
3194 2504 3410 2557 maxime
3445 2497 3684 2557 voluerim,
3722 2505 3781 2542 nec

2289 2599 2569 2668 potuerim;
2599 2605 2654 2650 ut
2682 2613 2781 2650 non
2808 2598 3050 2666 ﬁgurate,
3081 2596 3184 2650 sed‘
3201 2595 3401 2666 praprl'e
3424 2587 3637 2663 primitus
3657 2583 3785 2636 cuncta

2287 2691 2708 2760 intelligerentur,
2759 2699 2849 2742 nec
2889 2689 3092 2742 omnino
3133 2687 3406 2759 desperans
3434 2683 3573 2736 etiam
3601 2679 3661 2731 sic
3692 2685 3789 2744 posse

2287 2781 2516 2851 intelligi,
2547 2779 2766 2849 iiiipsum
2790 2781 2844 2833 in
2865 2781 3030 2850 prima
3058 2789 3203 2850 parte
3225 2771 3560 2834 secundi‘libri
3577 2773 3639 2822 ita
3658 2763 3784 2836 posui:

2291 2872 2450 2939 Sane,
2480 2873 2704 2942 inquam,
2735 2872 2957 2944 quisquis
2980 2873 3214 2940 voluerit,
3243 2870 3411 2925 omnia
3438 2879 3542 2938 quae
3561 2861 3674 2914 dicta
3693 2861 3784 2911 sunt.
3859 2861 3883 2944 I1

2288 2965 2560 3019 secundum
2590 2964 2806 3017 litteram
2836 2943 3080 3035 accipere,
3111 2964 3167 3016 id
3196 2967 3288 3027 est,
3318 2976 3417 3015 non
3435 2957 3572 3010 aliter
3583 2943 3789 3014 intelbgm

2288 3071 2439 3126 quam
2482 3055 2649 3109 littera
2689 3064 2871 3120 sonat,
2921 3063 2966 3107 et
3005 3063 3161 3125 pOtest
3191 3053 3373 3108 evitare
3413 3038 3736 3126 blasphemus,
3761 3039 3791 3083 ει

2293 3148 2462 3202 omnia
2492 3147 2816 3216 congruentia
2831 3146 2950 3215 ﬁdei
2967 3145 3231 3200 catholij
3259 3141 3554 3216 prwdicare;
3578 3147 3663 3186 non
3678 3124 3790 3216 solun!

2289 3241 2334 3294 ei
2359 3255 2458 3293 non
2485 3249 2553 3293 est
2578 3215 2919 3305 invidendum,
2951 3239 3037 3293 sed
3059 3215 3345 3308 praecipuus
3361 3230 3644 3297 multumque

2291 3330 2403 3383 bilis
2429 3329 2707 3382 intellector
2722 3301 2978 3382 habendus
3101 3301 3644 3396 (Debenest‘ad’LitL,
3672 3307 3737 3364 lib-
3755 3301 3790 3368 ει

2289 3438 2344 3476 n.
2377 3423 2454 3492 5).
2508 3419 2645 3476 Suos
2692 3420 2884 3477 deinde
2926 3421 3208 3477 duodecim
3252 3421 3412 3476 libros
3455 3413 3516 3472 d'e
3561 3396 3793 3492 Genesi

2289 3488 2546 3568 Litteram
2585 3513 2760 3583 (quod
2790 3527 2896 3567 non
2938 3513 3108 3568 luerat
3143 3529 3305 3568 ausus
3352 3508 3582 3580 primitus
3613 3488 3792 3588 θεετεῗέἱ)
3863 3488 3877 3588 Ι

2289 3604 2400 3659 Deo
2431 3577 2602 3658 fretus
2619 3577 2785 3659 edidit
2807 3645 2821 3671 ,
2850 3613 3200 3675 posteaquam
3230 3577 3380 3658 sacra
3405 3600 3536 3654 illius
3561 3588 3692 3646 verba
3713 3577 3794 3678 dili-

2291 3696 2501 3764 gentius
2528 3693 2974 3749 fuissetintuitus.
3024 3693 3220 3749 Verum
3248 3695 3315 3748 ab
3349 3693 3461 3762 ipso
3484 3681 3792 3744 limine‘opens
3863 3681 3883 3764 I.

2288 3785 2429 3840 illius
2459 3785 2511 3839 in
2532 3785 2779 3840 Genesim
2807 3786 3002 3855 primi,
3030 3786 3175 3857 quod
3206 3794 3289 3842 est
3314 3791 3492 3839 contra
3521 3763 3791 3857 Mammeos,

2289 3878 2484 3931 mirum
2506 3878 2661 3933 nobis
2686 3877 3022 3932 demissionis
3047 3855 3320 3948 specimen
3337 3876 3387 3930 in
3415 3887 3471 3927 se
3492 3871 3597 3940 ipso
3617 3855 3792 3917 exhibet-

2289 3970 2484 4026 Scribit
2509 3973 2648 4025 enim
2679 3970 2994 4036 nonnullos,
3045 3971 3134 4040 qui
3180 3967 3484 4025 liberalibus
3522 3955 3684 4015 litteris
3713 3957 3795 4040 cum

2291 4070 2471 4117 essent
2499 4061 2727 4126 eruditi,
2760 4061 2853 4115 sed
2881 4076 3004 4114 vere
3033 4061 3309 4115 christiani
3335 4102 3349 4126 ,
3383 4059 3659 4128 primasque
3679 4037 3795 4128 ipsius

2290 4163 2473 4208 contra
2500 4153 2715 4208 eosdem
2747 4152 3026 4207 haereticos
3052 4126 3446 4208 lucubrationes
3465 4143 3710 4214 legissem.
3731 4126 3796 4181 01*

2291 4259 2532 4301 servasse
2560 4245 2678 4300 illas
2717 4245 2784 4298 ab
2824 4244 3242 4314 imperitioribus
3279 4252 3370 4298 aut
3408 4241 3489 4295 vix
3529 4240 3612 4288 aut
3639 4217 3796 4283 difﬁcile

2290 4337 2534 4406 intelligi.
2576 4335 2645 4389 Et
2675 4351 2780 4400 me,
2825 4335 3026 4405 inquit,
3069 4333 3515 4391 benevolentissime
3540 4317 3792 4380 monuerunt.

2289 4437 2344 4481 ut
2369 4443 2682 4481 communem
2716 4428 2952 4496 loquendi
2995 4428 3404 4482 consuetudinea:
3444 4437 3538 4476 non
3565 4415 3793 4501 άεδαετθπξι

2289 4519 2335 4572 si
2362 4535 2551 4572 errores
2589 4518 2704 4571 illos
2735 4530 2836 4570 tam
2864 4519 3166 4590 perniciosos
3193 4521 3255 4573 ab
3282 4515 3460 4572 animis
3484 4511 3621 4565 etiam
3641 4504 3795 4590 imptﬂ'

2292 4617 2456 4660 torum
2480 4608 2728 4677 expellere
2753 4610 3039 4679 cogitarem.
3071 4607 3221 4662 Hunc
3249 4609 3381 4662 enim
3408 4609 3662 4658 sermonem

2292 4709 2461 4752 tumet
2490 4699 2765 4768 simplicem
2785 4701 2932 4752 etiam
2957 4699 3090 4752 docti
3110 4699 3410 4770 intelligunt,
3433 4693 3572 4747 illum

2292 4791 2424 4845 docti
2466 4807 2567 4846 non
2587 4763 2888 4862 intelligunt
2913 4790 3025 4864 (De
3055 4792 3181 4847 Gen.
3209 4763 3384 4847 contra
3411 4782 3716 4843 Manio/neos,
3735 4763 3794 4822 ίίθο

2293 4884 2345 4950 1,
2375 4901 2429 4938 n.
2462 4885 2486 4938 1
2511 4887 2549 4953 ).
2579 4883 2756 4954 {Equo
2785 4900 2842 4939 se
2868 4886 3045 4938 animo
3078 4885 3284 4941 moneri
3315 4895 3496 4955 passus
3521 4884 3598 4933 est
3618 4870 3696 4924 Vir
3712 4874 3796 4955 san-

2290 4985 2426 5042 ctus,
2458 4985 2511 5030 et
2540 4976 2591 5029 id
2617 4953 2822 5030 consilii
2849 4977 3055 5031 reduxit
3080 4953 3374 5048 ad'praxim
3399 4974 3505 5044 jam
3535 4964 3645 5023 inde
3661 4953 3797 5011 abhoc
3873 4957 3878 4992 τ

2291 5083 2473 5138 opere,
2503 5067 2554 5121 in
2580 5082 2684 5138 quo
2714 5083 2770 5120 se
2802 5067 3209 5122 Manichaeorum
3237 5068 3518 5122 vanitatem
3541 5069 3635 5113 non
3658 5048 3797 5101 ornalo

2289 5159 2560 5229 politoque
2585 5174 2852 5225 sermone,
2881 5158 2975 5213 sed
3005 5160 3163 5214 rebus
3185 5154 3479 5214 manifestis
3500 5140 3796 5206 convicturunl

2289 5267 2410 5307 esse
2431 5252 2721 5323 proﬁtetur.
3705 5320 3713 5324 Α
3772 5313 3780 5324 ν

2356 5344 2412 5398 2.
2432 5320 2656 5398 Ῥεῖ-Μ’
2681 5342 2841 5397 breve
2871 5346 3124 5413 temporis
3154 5346 3402 5416 spatium,
3430 5351 3532 5410 quo
3554 5320 3794 5416 Μεάίοιθᾨξξ

2287 5442 2643 5490 commoratus
2685 5441 2782 5488 est'
2810 5433 3133 5504 Baptismum
3175 5403 3534 5507 percepturus,
3559 5403 3796 5507 scribendis

2286 5523 2684 5593 disciplinarum
2714 5497 2969 5589 libris,-ut
2993 5497 3236 5590 vidimus,
3265 5497 3475 5595 Operam
3499 5511 3695 5597 dederat

2285 5615 2546 5685 gustinus.
2579 5613 2720 5668 Inter
2747 5614 2877 5669 alias
2907 5593 3514 5683 lucubrationesvaliquid
3548 5604 3610 5660 de
3642 5593 3794 5685 Mum}

2287 5675 2459 5765 iuerat
2485 5721 2952 5767 exorsus:verum
2979 5723 3254 5780 regressus
3293 5711 3348 5767 in
3384 5675 3604 5764 Africam
3642 5699 3722 5753 εει
3746 5675 3796 5738 ⁸

3547 6359 3570 6364 _
3653 6181 3884 6351 Α
