3948 6412
596 304 702 365 167

595 436 832 493 cernitur
847 430 1198 498 consuetudo,
1218 445 1325 488 non
1347 426 1446 486 alia
1470 428 1571 487 nisi
1593 431 1875 487 vicinitatis
1896 432 2175 488 occasione

594 526 778 582 oborta
822 541 942 581 esse
981 526 1206 581 videtur.
1258 525 1501 578 Madatzra
1550 523 1745 592 quippe
1786 534 1896 578 erat
1935 523 2170 593 Tagasttc

594 617 817 672 ﬁnitima
840 617 1094 687 (Confess.
1124 616 1212 670 lib.
1229 615 1285 680 2,
1309 633 1421 685 cap.
1439 616 1495 679 5,
1521 632 1572 668 η.
1598 613 1675 684 5).
1703 612 1900 668 Deinde
1924 629 2043 667 cun.
2065 615 2175 667 ttul-

590 708 699 763 lum
727 718 819 762 aut
842 709 1178 777 episcOpatus
1219 718 1308 761 aut
1345 708 1735 777 presbyteratus
1762 706 1874 773 ejus
1904 716 2072 760 exstet
2117 705 2169 759 iu

588 813 651 854 ea
683 800 993 870 vestigimn;
1024 810 1182 868 atque
1223 799 1379 852 etiam
1431 798 1689 852 idolorum
1728 797 1926 863 cultus,
1955 796 2043 866 qui
2072 796 2172 851 sub

590 892 796 945 initimn
820 893 942 946 anni
970 892 1327 947 trecentesimi
1356 891 1682 959 nonagesimi
1708 891 1857 960 primi
1883 890 2171 959 Imperato-

587 999 705 1038 rttm
740 984 854 1053 lege
884 986 1077 1039 vetitus
1102 985 1216 1049 fuit,
1248 983 1422 1038 adhuc
1453 984 1694 1053 publicus
1718 983 1871 1049 foret,
1895 993 1949 1037 ut
1973 984 2167 1053 passim

588 1072 660 1127 ibi
687 1073 1038 1141 signiﬁcatur;
1065 1074 1184 1128 inde
1213 1073 1333 1127 licet
1361 1072 1577 1137 inferre,
1602 1073 1852 1143 scriptam
1873 1072 2036 1127 fuisse
2056 1074 2171 1142 epi-

586 1163 776 1215 stolam
805 1177 946 1217 anno
967 1163 1341 1217 trecentesimo
1369 1164 1733 1233 nonagesimo.
1766 1164 2044 1229 Maximus,
2075 1166 2167 1233 qui

583 1254 960 1323 grammaticus
996 1265 1349 1323 nuncupatur,
1381 1256 1549 1324 palam
1594 1257 1938 1325 proﬁtebatur
1972 1271 2163 1327 super-

582 1345 849 1399 stitionem
909 1345 1208 1409 ethnicam,
1260 1347 1344 1399 cui
1396 1346 1767 1401 Madaurenses
1805 1347 2000 1412 adimc,
2054 1348 2163 1403 imo

581 1438 739 1494 etiam
786 1439 968 1493 multis
1015 1451 1131 1508 post
1178 1440 1353 1504 anuis,
1400 1449 1555 1494 erant
1602 1456 1920 1510 tttagnttpt're
1976 1441 2159 1508 dediti,

580 1530 823 1599 quamvis
853 1530 1248 1584 tiatholicorum
1277 1532 1500 1585 ecclesia
1529 1532 1638 1597 jam
1681 1542 1788 1585 tum
1823 1543 1961 1587 esset
1988 1532 2079 1586 illo
2108 1536 2160 1588 iu

578 1622 774 1690 oppido
798 1623 1101 1676 constituta.
1135 1622 1482 1677 Ethnicorum
1526 1622 1611 1677 ille
1645 1638 1828 1677 errore
1852 1632 2157 1693 occupatus,

578 1712 630 1768 in
658 1730 751 1768 sua
773 1713 838 1769 ad
872 1716 1222 1786 Augustinum
1255 1714 1477 1783 epistola
1510 1730 1670 1767 unum
1702 1714 1863 1767 Demn
1894 1728 2157 1768 summum

576 1803 694 1857 sine
734 1804 902 1866 initio,
926 1805 1077 1873 cujus
1115 1803 1340 1857 diversa:
1380 1804 1601 1857 virtutes
1640 1812 1691 1857 et
1730 1803 1969 1872 qmedam
2000 1804 2158 1858 veluti

576 1892 815 1946 metttbra
842 1896 1019 1947 cteteri
1052 1894 1122 1947 dii
1167 1894 1295 1957 sint,
1326 1894 1581 1963 agnoscit.
1610 1893 1725 1947 Mox
1765 1894 1901 1962 jocis
1944 1895 2159 1949 insulsis

576 1994 631 2038 et
672 1984 872 2054 frigidis
899 1984 1248 2055 quorumdam
1293 1997 1580 2055 martyrum
1612 1984 2031 2039 Madaurensium
2063 2002 2157 2038 no-

575 2075 722 2129 mina
752 2076 1071 2130 insectatur:
1098 2076 1287 2144 quibus
1334 2085 1507 2129 tamen
1552 2074 1735 2129 Jovem
1781 2090 1933 2129 suum
1981 2074 2159 2128 fulmi-

574 2175 824 2230 nantem,
875 2165 1203 2235 aliornmque
1251 2164 1472 2220 deorum
1529 2166 1904 2219 immortalium
1948 2168 2155 2220 turbam

571 2256 839 2325 postponi,
862 2257 944 2311 vel
986 2257 1183 2311 invitus
1228 2258 1437 2311 fatetur.
1474 2256 1585 2311 Sub
1613 2260 1723 2311 lucc
1764 2258 1903 2312 velut
1930 2258 2153 2312 deorum

569 2360 786 2401 suorum
812 2348 1091 2402 veritatem
1112 2356 1417 2402 assertnrus
1443 2347 1608 2408 addit,
1633 2361 1730 2401 eos
1756 2356 1809 2401 ct
1835 2347 2003 2415 palam
2028 2347 2151 2414 coli,

567 2445 626 2493 et
664 2439 904 2492 victimas
948 2440 999 2492 itt
1043 2438 1213 2492 oculis
1255 2438 1493 2490 omnium
1543 2436 1644 2489 illis
1692 2437 1991 2495 immolari:
2031 2453 2153 2493 cum

566 2528 853 2581 Christiani
887 2529 1050 2582 Deum
1080 2542 1234 2581 suum
1262 2528 1313 2581 in
1339 2527 1357 2581 l
1382 2527 1471 2580 tcis
1492 2527 1686 2581 abditis
1713 2536 2025 2596 praesentem
2042 2546 2070 2581 a
2094 2544 2154 2584 se

572 2623 719 2675 cerni
747 2628 1072 2675 assererem.
1098 2619 1348 2673 Hortatur
1375 2619 1548 2689 itaque
1569 2620 1939 2689 Augustinum,
1958 2631 2012 2674 ttt
2032 2630 2153 2691 post

572 2710 741 2781 posita
758 2710 1029 2778 paululum
1047 2707 1289 2763 facundia
1304 2724 1415 2771 sua,
1427 2724 1584 2778 quam
1599 2710 1833 2762 omnium
1850 2712 2148 2765 mortalium

568 2799 705 2853 fama
736 2799 1074 2862 celebrabat;
1102 2799 1316 2853 omissis
1340 2800 1521 2861 etiam,
1549 2799 1741 2869 quibus
1772 2815 2006 2870 pugnare
2022 2815 2151 2856 con-

563 2902 828 2957 sueverat,
856 2892 1027 2947 acutis
1047 2900 1102 2946 et
1133 2892 1330 2962 pressis
1360 2888 1645 2961 Chrysippi
1672 2892 2035 2961 argumentis;
2065 2907 2149 2947 re-

467 3020 488 3033 .
561 2992 703 3039 mota
743 2982 973 3052 denique
1000 2983 1299 3049 dialectica,
1328 2998 1447 3051 qurt:
1472 2983 1650 3036 omnia
1680 2982 1845 3036 efﬁcit
1870 2984 2149 3053 aequaliter

560 3072 891 3143 probabilia,
938 3074 1180 3141 quisnam
1233 3073 1301 3125 sit
1343 3071 1762 3126 Christianorum
1822 3073 1993 3135 Deus,
2046 3075 2146 3129 sibi

560 3178 750 3232 reapse
778 3163 1107 3216 demonstret
1136 3162 1326 3232 (Epist.
1362 3162 1473 3231 16).
1502 3161 1590 3216 Sic
1620 3164 1691 3215 illi
1723 3164 2009 3233 respondet
2033 3170 2145 3219 Au-

558 3256 821 3326 gustinus,
855 3264 1015 3308 totam
1046 3262 1101 3307 ut
1125 3254 1240 3321 ejus
1263 3253 1561 3321 epistolam,
1594 3254 1737 3308 velut
1774 3255 2144 3322 joculatoriam

560 3346 817 3414 accipiat;
851 3343 1000 3414 quasi
1030 3344 1463 3412 superstitionem
1493 3342 1758 3397 ethnicam
1780 3346 2007 3399 voluerit
2033 3347 2144 3416 ipse

559 3435 814 3489 cavillari.
841 3434 1034 3488 Verum
1074 3432 1458 3503 amplissimmu
1500 3434 1688 3488 saltem
1725 3434 2052 3491 demonstrat
2077 3438 2144 3491 ab

558 3542 625 3581 eo
654 3527 750 3581 sibi
785 3529 956 3581 locum
987 3525 1248 3595 pateﬁeri,
1277 3533 1334 3579 ut
1362 3524 1607 3579 ostendat
1643 3534 1839 3595 quanta
1869 3526 1918 3580 in
1950 3526 2142 3581 Ethni-

558 3633 742 3673 eorum
786 3619 1042 3689 religione
1086 3617 1302 3672 ridenda
1343 3616 1703 3673 sintzcaveat
1748 3627 1924 3674 tamen
1968 3636 2035 3675 ne
2074 3620 2142 3676 de

558 3709 670 3763 Deo
694 3710 876 3779 jocose
905 3710 1188 3780 loquendo.
1217 3709 1267 3763 in
1298 3709 1642 3779 blasphemas
1668 3725 1829 3765 voces
1857 3721 2136 3783 erumpat:

556 3810 804 3855 cteterttm
835 3816 944 3854 rem
970 3814 1089 3855 esse
1119 3801 1255 3855 seria
1284 3800 1615 3855 discussione
1658 3800 1905 3872 dignam;
1934 3818 1993 3858 se
2019 3817 2140 3858 cum

555 3906 674 3947 eam
708 3892 796 3946 ille
820 3892 962 3947 serio
988 3891 1175 3963 egerit,
1198 3906 1455 3963 responso
1481 3907 1583 3945 non
1610 3892 1916 3948 defuturum
1940 3912 1952 3947 :
1971 3894 2139 3964 jocari

553 3984 653 4037 sibi
700 3984 856 4038 modo
898 3999 992 4055 per
1035 3985 1199 4037 otium
1245 3999 1348 4038 non
1382 3983 1571 4047 licere;
1600 3983 1742 4038 aliud
1773 3985 1913 4039 enim
1939 3987 2139 4042 amicos

554 4089 710 4143 posse
731 4074 852 4143 jure
878 4075 1091 4145 exigere
1117 4074 1179 4127 de
1200 4084 1392 4141 nostra,
1412 4074 1505 4136 ait,
1529 4076 1804 4147 preposito.
1831 4075 2021 4148 (Epist.
2046 4079 2133 4143 i7,

556 4182 608 4217 τι.
640 4165 718 4236 5).
746 4166 949 4231 Quibus
976 4165 1150 4220 verbis
1178 4168 1471 4220 monastica
1505 4165 1762 4237 professio
1782 4167 2135 4240 histetnpori-

552 4254 651 4308 bus
679 4254 941 4324 des:gnari
972 4254 1197 4308 solebat.

621 4345 674 4399 6.
715 4342 1002 4399 Ctelestino
1031 4344 1201 4398 amico
1239 4358 1338 4397 suo
1372 4344 1482 4413 jam
1523 4359 1649 4399 suas
1686 4344 1940 4401 adversus
1966 4347 2133 4404 Mani-

548 4434 726 4490 chaeos
755 4436 1151 4490 lucubrationes
1176 4434 1424 4505 legendas
1446 4435 1679 4489 miserat.
1716 4435 1864 4491 llunc
1892 4453 1972 4507 pet
1988 4438 2132 4495 brevi

549 4526 769 4595 epistola
800 4526 867 4579 ah
898 4527 1012 4595 ipso
1040 4525 1175 4580 forte
1199 4535 1324 4580 ante
1347 4525 1802 4597 presbyteratum,
1832 4528 1984 4599 cujus
2008 4531 2130 4585 nul-

550 4617 657 4670 lum
685 4618 736 4669 in
761 4632 822 4673 ea
852 4618 1121 4683 indicium,
1150 4618 1268 4671 data
1291 4660 1305 4684 ,
1335 4630 1484 4689 rogat
1511 4620 1856 4690 Augustinus,
1889 4638 1956 4677 ne
1979 4622 2130 4677 diﬁ‘e-

548 4716 632 4760 rat
668 4722 761 4760 eas
807 4708 1106 4772 remittere;
1139 4710 1497 4779 rescribatque
1526 4712 1648 4777 quid
1679 4711 1748 4766 de
1778 4712 1878 4767 illis
1913 4715 2126 4779 sentiat,

547 4797 743 4865 quidve
773 4797 823 4850 in
851 4797 913 4851 iis
942 4798 1006 4851 ad
1038 4798 1319 4853 ha'reticos
1357 4804 1484 4855 istos
1516 4808 1726 4871 penitus
1750 4806 2129 4874 expugnandos

546 4887 837 4941 desiderari
876 4890 1186 4957 Comperiat.
1228 4887 1424 4958 Optare
1464 4905 1524 4945 se
1564 4894 1720 4956 dicit,
1765 4896 1879 4964 ejus
1909 4896 2128 4952 auribus

545 4976 814 5046 quidpiam
842 4978 1055 5032 assidue
1079 4978 1321 5047 ingerere
1338 5018 1351 5041 ,
1383 4988 1440 5032 ut
1464 4996 1521 5033 se
1543 4982 1787 5036 nimirum
1813 5001 2125 5054 supervaca-

546 5068 660 5119 neis
679 5067 823 5121 euris
840 5079 1056 5121 exueret
1074 5110 1090 5134 ,
1117 5084 1179 5121 ac
1206 5069 1419 5122 utilibus
1442 5078 1497 5124 et
1521 5074 1832 5128 necessariis
1860 5075 2121 5134 indueret.

544 5158 731 5213 Omnia
760 5158 1032 5213 christiani
1065 5160 1295 5214 hominis
1324 5160 1496 5215 ofticia
1529 5177 1634 5215 uno
1674 5163 1743 5216 ibi
1785 5164 1947 5218 verbo
1974 5182 2124 5222 com-

546 5250 793 5319 plectitur
817 5268 831 5305 :
857 5249 1093 5305 intimum
1121 5250 1320 5305 scilicet
1344 5251 1538 5306 bonutn
1561 5268 1665 5307 nou
1684 5252 1925 5324 diligere,
1951 5259 2000 5310 in
2022 5274 2126 5314 me-

543 5343 633 5397 dio
662 5356 756 5395 seu
784 5341 835 5395 in
864 5357 961 5396 suo
989 5343 1127 5397 [nmo
1157 5359 1261 5397 tton
1291 5343 1609 5399 insolescere
1629 5386 1644 5409 ,
1676 5359 1739 5400 ac
1763 5346 1843 5401 sic
1867 5348 1932 5400 ad
1962 5348 2124 5403 inlue-

544 5434 765 5491 reudum
786 5449 994 5488 summo
1019 5434 1159 5489 bono
1181 5434 1427 5490 idonemn
1454 5450 1513 5492 se
1542 5438 1775 5506 pra-bris
1802 5438 1989 5512 (Epist.
2015 5442 2119 5514 l8).

611 5527 664 5583 7.
705 5526 819 5583 Non
861 5526 1069 5582 videtur
1111 5527 1161 5581 iu
1203 5527 1342 5581 aliud
1372 5537 1580 5598 tempus
1608 5532 1881 5587 referenda
1910 5532 2026 5603 ejus
2051 5535 2121 5591 ad

541 5617 726 5675 Gaium
758 5619 998 5690 epistola.
1033 5620 1126 5673 llic
1156 5619 1383 5675 forta~se
1411 5620 1728 5678 Maniclnrus
1753 5632 1869 5678 erat
1894 5637 1982 5680 aut
2014 5628 2118 5681 Do-

543 5712 765 5777 natista;
796 5728 938 5772 certe
964 5730 994 5768 a
1024 5711 1287 5769 catholico
1312 5712 1508 5772 Christi
1544 5729 1704 5790 grege
1740 5717 1949 5775 alienus
1975 5731 1998 5776 ε
2019 5718 2117 5781 sed

1728 312 1885 370 VITA
1923 308 1983 371 S.
2026 312 2389 375 AUGUSTINI
2426 317 2745 381 EPISCOPI.
3701 353 3777 422 ,ω
3874 352 3875 377 ι

2283 434 2329 489 is
2353 446 2529 493 tamen
2550 482 2565 502 ,
2597 441 2679 494 cui
2713 442 3106 501 misericordem
3136 447 3226 506 Dei
3262 452 3612 523 providentiam
3635 471 3774 545 Augs-

2281 530 2451 633 stinus
2473 542 2708 633 speraret.
2723 536 3037 592 adfuturam.
3062 539 3116 594 ι..
3137 543 3276 600 brevi
3294 548 3533 618 siquidem
3548 530 3772 633 colloquia,

2281 621 2420 690 quod
2450 636 2569 677 cum
2595 640 2660 678 eo
2683 625 2972 696 habuerat,
3002 634 3284 692 maximum
3310 641 3441 697 illius
3466 644 3513 699 in
3533 621 3773 725 vistigands

2280 713 2500 819 veritate
2537 716 2779 772 ardorem
2817 721 3289 789 animadvertunt:
3330 733 3590 800 plurimam
3612 713 3775 819 quoque

2278 803 2483 904 roboris
2520 820 2584 860 ac
2618 810 2891 877 sapientim
2921 814 2972 867 iu
3006 817 3253 879 veritate.
3285 838 3436 892 quam
3472 803 3774 908 sentel'agtio:

2277 904 2470 995 vtssct,
2500 913 2766 967 nunquam
2793 904 3105 961 deserenda.
3134 908 3431 979 Recolimus.
3455 918 3619 991 inquit.
3641 904 3776 986 ardore

2274 990 2610 1088 inquisitionis
2635 1002 2761 1088 tum,
2800 1011 2914 1048 eum
2954 1008 3077 1051 esset
3106 1002 3378 1073 mirabilis,
3408 1025 3501 1064 non
3537 1016 3670 1083 fuisse
3690 1036 3774 1088 per-

2275 1079 2523 1134 turbatam
2544 1086 2837 1140 moa'estiam
2863 1087 3156 1159 disputandi
3182 1110 3203 1148 :
3229 1112 3342 1149 nam
3372 1116 3521 1171 neque
3536 1079 3774 1173 ﬂagrantius

2274 1181 2679 1270 periclitantem,
2708 1192 2864 1270 neque
2890 1182 3207 1250 tranquillius
3241 1188 3512 1245 audientem
3542 1210 3774 1270 quanq'um

2271 1257 2423 1325 farile
2436 1260 2725 1358 invenerim.
2754 1266 2865 1321 Non
2886 1278 3094 1339 potemt
3112 1276 3431 1345 Augustinus
3451 1257 3565 1339 tunc
3580 1257 3773 1358 temporis

2269 1360 2389 1449 cum
2420 1364 2485 1403 eo
2514 1350 2819 1449 frequenter
2846 1358 3072 1428 colloqui
3103 1380 3115 1413 :
3149 1367 3287 1433 quod
3318 1377 3373 1421 nt
3400 1374 3642 1441 suppleret
3659 1350 3774 1449 ..θρῖα

2268 1439 2477 1533 Stolam,
2506 1457 2608 1511 qua
2636 1443 2701 1498 de
2721 1448 2944 1515 agimus,
2973 1451 3038 1504 ad
3064 1468 3185 1507 eum
3214 1457 3382 1521 misit,
3408 1439 3646 1533 simulque
3661 1439 3771 1527 ituri

2267 1528 2505 1633 epistolm
2536 1532 2689 1633 latori
2718 1538 3031 1633 tuandatum
3047 1541 3220 1611 dedit,
3248 1563 3353 1616 quo
3378 1550 3425 1604 ei
3456 1528 3648 1623 legenda
3666 1574 3771 1633 pne-

2266 1617 2416 1673 beri-t
2441 1623 2640 1690 omnia,
2669 1642 2788 1695 qum
2809 1641 2995 1685 contra
3022 1632 3290 1705 haeresim,
3316 1656 3469 1710 quam
3494 1617 3574 1697 ille
3593 1617 3771 1705 seciaba-

2268 1718 2353 1763 tur
2371 1751 2385 1771 ,
2408 1715 2814 1785 conscripserat.
2850 1719 2903 1773 lu
2924 1738 3081 1793 qttam
3111 1742 3222 1781 rem
3249 1728 3317 1783 ita
3346 1734 3521 1787 scribit
3546 1754 3558 1788 :
3587 1734 3767 1793 Nauali-

2263 1801 2385 1902 guid
2407 1819 2571 1856 meum
2591 1806 2857 1863 inculcabit
2878 1812 3068 1878 invito;
3094 1820 3207 1871 novi
3233 1821 3361 1873 enim
3384 1824 3503 1892 quid
3525 1825 3770 1898 benignitatis

2262 1896 2315 1944 in
2345 1909 2434 1946 nos
2466 1896 2638 1950 animo
2662 1914 2808 1967 geras
2836 1918 2854 1954 :
2880 1919 2997 1967 qme
3022 1915 3188 1961 tamen
3213 1910 3260 1963 si
3292 1910 3415 1965 lecta
3452 1896 3718 1979 probaveris.
3738 1930 3769 1974 et

2261 1997 2377 2034 vera
2404 1986 2676 2053 pervideris
2695 2031 2709 2055 ,
2756 2002 2926 2046 nostra
2957 2012 3064 2049 esse
3097 2014 3197 2053 non
3234 2012 3375 2070 putes
3395 2045 3409 2068 ,
3445 2007 3538 2060 nisi
3566 2010 3665 2078 quia
3686 2011 3769 2063 data

2260 2082 2377 2126 sunt
2396 2115 2412 2138 ,
2443 2092 2596 2167 eoque
2622 2088 2671 2131 te
2700 2092 2958 2137 convertas
2986 2086 3130 2155 licet,
3160 2092 3294 2144 unde
3319 2094 3402 2146 tibi
3438 2112 3615 2167 quoque
3631 2109 3709 2165 est,
3730 2111 3769 2153 st

2260 2178 2319 2262 ea
2348 2166 2611 2262 probares,
2646 2168 2843 2226 datum.
2878 2173 3043 2230 Nemo
3083 2181 3215 2233 enim
3252 2187 3384 2253 quod
3420 2188 3554 2258 legit,
3584 2190 3629 2243 in
3647 2191 3769 2245 codice

2258 2256 2370 2320 ipso
2394 2256 2548 2309 cernit
2570 2272 2740 2313 verum
2760 2277 2895 2328 esse,
2924 2276 3010 2318 aut
3033 2268 3086 2321 in
3105 2285 3164 2323 eo
3185 2273 3275 2340 qui
3298 2256 3542 2344 scripserit
3556 2295 3575 2343 ;
3594 2281 3668 2332 sed
3682 2281 3769 2333 inte

2259 2344 2425 2441 potius
2440 2387 2454 2408 ,
2487 2348 2532 2399 si
2550 2350 2660 2418 ejus
2681 2354 2833 2407 ntenti
2856 2358 3111 2423 quoddam
3134 2379 3235 2417 non
3258 2366 3520 2437 uulgariter
3538 2372 3766 2441 candidum,

2256 2436 2345 2487 sed
2371 2453 2404 2488 a
2432 2442 2553 2503 faece
2591 2446 2818 2511 corporis
2859 2451 3247 2508 remotissimum
3287 2436 3450 2513 lumen
3489 2464 3676 2516 veritatis
3699 2465 3767 2516 int-

2256 2543 2481 2594 pressunt
2520 2541 2616 2622 est.
2665 2532 2812 2598 Quod
2856 2538 2903 2591 si
2940 2539 3076 2608 falsa
3114 2544 3289 2614 aliqua
3329 2558 3476 2618 atque
3506 2552 3769 2622 improbanda

2254 2621 2553 2685 compereris
2571 2663 2587 2684 ,
2617 2623 2681 2677 de
2703 2626 2924 2683 humano
2951 2631 3122 2686 nubilo
3145 2635 3366 2693 irrorato
3390 2642 3513 2695 scias
3528 2682 3544 2707 ,
3624 2658 3673 2697 ea
3692 2658 3770 2697 stre

2254 2718 2426 2759 nostra
2454 2725 2558 2765 esse
2581 2711 2791 2780 deputes
2819 2715 3008 2787 (Epist.
3042 2722 3152 2791 l9).

2323 2795 2536 2891 8._Cum
2559 2802 2625 2856 ab
2646 2804 2913 2861 Antonino
2933 2809 3032 2864 sub
3055 2811 3192 2867 idem
3217 2814 3349 2872 illud
3370 2827 3582 2891 tempus,
3602 2835 3653 2875 ac
3670 2820 3766 2876 forte

2252 2887 2487 2982 nondum
2520 2894 2799 2964 presbyter
2821 2898 3130 2965 ordinatus,
3161 2903 3367 2963 litteras
3394 2887 3659 2982 accepisset
3679 2911 3766 2966 olli-

2250 2980 2315 3032 cii
2342 2990 2397 3072 et
2420 2983 2670 3038 amicitia:
2701 2987 2884 3055 plenas
2905 3032 2921 3056 ,
2952 2994 3229 3064 rescripsit
3272 3000 3345 3054 illi
3377 2980 3562 3072 gratias
3586 3013 3765 3069 acturus,

2250 3070 2389 3164 quod
2425 3072 2492 3164 ah
2533 3089 2598 3127 eo
2636 3076 2804 3132 fidelis
2833 3078 2922 3133 Dei
2963 3098 3150 3139 servus
3179 3070 3492 3159 ltabereiur,
3525 3108 3670 3164 eoque
3696 3106 3766 3148 tto-

2251 3161 2395 3214 miuc
2424 3161 2705 3229 plurimum
2736 3168 3060 3238 diligeretur.
3099 3173 3154 3228 In
3186 3193 3348 3246 quam
3377 3198 3482 3237 rem
3511 3161 3624 3237 dicit
3647 3183 3765 3237 multa

2252 3251 2405 3321 longe
2432 3254 2810 3322 pulcherrima.
2842 3261 3009 3329 llujus
3035 3267 3294 3326 Antonini
3320 3274 3504 3343 conjux
3534 3275 3767 3330 Donatista-

2250 3358 2365 3397 rum
2395 3346 2665 3403 Schismati
2696 3351 3004 3411 adhaerebat
3032 3375 3045 3409 :
3079 3358 3220 3415 illius
3254 3364 3429 3434 itaque
3456 3368 3608 3421 virum
3635 3373 3767 3420 monet

2250 3435 2573 3505 Augustinus
2593 3480 2609 3505 ,
2646 3440 2735 3495 Dei
2769 3444 3012 3501 timorem
3039 3450 3120 3503 vel
3151 3456 3334 3509 uxoris
3359 3471 3466 3512 sate
3493 3456 3637 3512 tuenti
3660 3455 3764 3510 ine-

2247 3538 2351 3593 rat,
2382 3530 2462 3583 vel
2488 3548 2610 3586 eum
2637 3534 2801 3590 divini
2831 3539 2976 3594 verbi
3005 3540 3267 3613 lecﬁoue,
3294 3550 3541 3619 gravique
3560 3547 3766 3617 mlloqnio

2248 3623 2465 3676 nutriat.
2490 3623 2766 3682 Neminem
2788 3631 2954 3689 enim.
2981 3635 3070 3702 qui
3092 3635 3161 3690 de
3181 3648 3323 3693 statu
3348 3642 3530 3696 animae
3547 3638 3765 3697 sumrsolli-

2245 3713 2400 3779 citus,
2431 3725 2589 3787 atque
2616 3719 2684 3773 ob
2710 3718 2812 3775 hoc
2840 3722 3049 3781 sincere
3077 3743 3140 3783 ac
3174 3730 3294 3787 sine
3330 3735 3598 3805 pertinacia
3633 3731 3763 3801 inqui-

2245 3805 2427 3860 renda:
2471 3807 2724 3864 voluntati
2754 3813 2945 3869 divinat!
2975 3816 3210 3875 intentus
3236 3825 3337 3887 sit,
3371 3841 3471 3882 non
3495 3826 3763 3896 dignoscvre.

2244 3896 2287 3949 si
2314 3897 2473 3952 modo
2498 3898 2638 3955 bono
2662 3901 3089 3964 demonstratum
3120 3922 3325 3980 utatur,
3358 3918 3481 3987 quid
3503 3916 3597 3973 sibi
3621 3916 3688 3969 vel
3706 3910 3766 3966 [ιιι

2242 3987 2494 4056 giendutn
2526 3991 2629 4057 sit,
2661 3994 2742 4048 vel
2772 3998 3097 4066 sequemlum
3132 4000 3328 4073 (Epist.
3354 4007 3468 4079 20).

2833 4085 3063 4144 CAPUT
3102 4091 3189 4146 IV.

2244 4167 2269 4220 1
2321 4166 2589 4240 Presbyter
2617 4171 2957 4245 Hipponensis
2985 4196 3120 4236 anno
3148 4182 3337 4241 Christi
3362 4188 3673 4243 trecentesimo
3695 4199 3763 4238 tto-

2317 4262 2577 4353 nagcsinto
2618 4267 2781 4337 printo
2821 4270 3103 4327 ordinatur.
3165 4274 3202 4330 2
3236 4278 3315 4335 De
3356 4280 3612 4353 Hippone-
3629 4278 3762 4350 Regio.

2313 4350 2347 4404 3
2372 4349 2451 4405 De
2483 4350 2681 4409 Valerio
2709 4358 2848 4413 illius
2870 4360 3006 4417 urbis
3027 4365 3285 4436 episcopo.
3334 4372 3368 4426 4
3514 4389 3568 4426 eo
3589 4368 3763 4437 postulat

2314 4442 2624 4511 Augustinus
2656 4448 2864 4519 aliquod
2899 4462 3120 4524 tempus,
3158 4474 3258 4525 quo
3291 4478 3397 4517 sese
3430 4464 3483 4517 in
3520 4476 3688 4518 secessu
3713 4453 3764 4509 ad
3854 4450 3859 4461 '

2310 4534 2603 4605 presbyterii
2636 4541 2807 4594 munia
2832 4545 3060 4612 precibus
3083 4560 3128 4601 et
3153 4565 3415 4607 sacrarum
3440 4553 3762 4623 Scripth

2307 4624 2475 4678 studio
2511 4641 2783 4698 comparet.
2828 4634 2862 4689 5
2892 4633 3043 4699 Quod
3070 4655 3357 4698 concessum
3388 4647 3572 4699 videtur
3594 4663 3623 4698 a
3650 4641 3763 4695 Vale-

2305 4714 2403 4769 rio.
2453 4715 2487 4771 6
2525 4716 2652 4787 Ejus
2676 4722 2827 4792 jussu
2858 4725 3165 4796 Augustinus
3205 4734 3459 4805 presbyter
3490 4736 3669 4791 verbum
3691 4727 3762 4783 Dei

2305 4814 2485 4859 tractat
2514 4808 2582 4861 ad
2610 4810 2831 4880 plebem,
2862 4815 3012 4869 etiam
3037 4832 3280 4889 pra'sente
3304 4825 3413 4895 ipso
3434 4826 3669 4895 episcopo.

2306 4895 2357 4949 1.
2400 4896 2706 4954 Triennium
2739 4905 2901 4959 ferme
2921 4906 3031 4977 jam
3058 4910 3369 4980 efﬂuxerat,
3401 4932 3464 4971 ex
3497 4934 3595 4987 quo
3618 4916 3759 4981 Αυ8υ⁴

2231 4986 2403 5041 stinus
2430 5003 2578 5045 more
2614 5008 2675 5047 ac
2706 4994 2946 5052 instituo
2975 5005 3354 5060 monachorum
3396 4986 3523 5062 cum
3554 5005 3692 5062 sociis
3722 5001 3760 5055 ia

2232 5078 2538 5150 Tagastensi
2570 5098 2785 5141 secessu
2818 5089 3061 5159 vivebat,
3109 5109 3229 5151 cum
3271 5098 3559 5169 Hipponem
3587 5093 3762 5168 prolici-

2230 5174 2411 5228 scendi
2440 5177 2678 5245 qumdam
2705 5184 2754 5234 ei
2779 5181 2844 5234 ad
2865 5182 3088 5240 salutem
3116 5190 3269 5246 amici
3300 5190 3662 5260 procurandaut
3687 5198 3761 5239 nco

2229 5267 2450 5320 cessitas
2480 5268 2721 5339 imposita
2751 5282 2834 5327 est
2863 5274 3054 5345 (Serm.
3088 5280 3225 5346 355,
3264 5299 3317 5336 η.
3348 5282 3427 5355 2).
3471 5283 3631 5352 Usque
3656 5275 3762 5330 adeo

2230 5360 2496 5415 metuebat
2538 5362 2602 5416 ad
2644 5362 3005 5436 episcopatum
3048 5374 3297 5440 provehi,
3343 5385 3397 5427 ut
3423 5390 3539 5429 cum
3569 5365 3763 5427 nominis

2230 5449 2395 5520 ipsius
2422 5451 2557 5508 fama
2588 5455 2725 5510 inter
2756 5456 2845 5512 Dei
2875 5475 3057 5515 servos
3082 5464 3191 5532 jam
3218 5466 3439 5522 dilfundi
3468 5477 3517 5522 et
3543 5454 3760 5521 celebrari

2226 5542 2497 5611 cwpisscl,
2522 5544 2588 5599 ad
2610 5564 2669 5599 ea
2693 5546 2805 5602 loca
2824 5550 3017 5619 quibus
3035 5552 3247 5611 deeSsct
3265 5558 3555 5628 cpiscopus.
3580 5550 3762 5607 cavcrt‘"

2226 5634 2501 5690 accedere.
2539 5637 2643 5690 Pro
2674 5640 2809 5693 virili
2847 5654 2994 5711 parte
3024 5648 3248 5717 agebat,
3295 5660 3350 5703 ttt
3393 5651 3442 5702 itt
3471 5646 3639 5702 btttttili
3664 5643 3758 5694 lc"!

2226 5726 2548 5795 saivaretur,
2575 5739 2631 5784 et
2655 5730 2935 5791 eminentis
2957 5737 3153 5799 gradus
3182 5740 3410 5813 pericula
3434 5740 3659 5799 evitant.
3682 5726 3756 5787 Ni-
