3948 6400
107 430 197 486 189
1407 419 1600 481 LIBER
1641 420 1954 483 TERTIUS.

109 542 173 595 hil
193 554 300 596 esse
321 540 368 595 iu
387 538 476 594 hac
497 539 629 608 vita,
652 546 709 595 et
723 538 937 595 maxime
957 538 1044 593 illo
1063 547 1322 609 tempore,
1344 539 1551 595 facilius
1568 549 1623 594 et

112 634 269 688 lietius
289 645 337 689 et
360 631 644 696 hominibus
667 631 1025 701 acceptabilius
1050 631 1333 696 cernebat,
1366 631 1620 702 episcopi,

113 735 198 778 aut
224 723 497 794 presbyteri,
521 732 618 776 aut
640 721 840 778 diaconi
864 722 1033 778 ofﬁcio
1053 764 1069 789 ,
1095 723 1141 778 si
1169 723 1524 792 perfunctorie
1542 731 1622 778 at-

114 830 214 884 que
235 813 483 868 adulatorie
509 827 599 868 res
626 822 836 884 agatur;
874 812 966 869 sed
1001 813 1133 868 nihil
1159 813 1296 884 apud
1326 814 1493 870 Deum
1517 815 1619 869 mi-

115 905 275 958 serius
298 915 340 958 et
364 903 543 958 tristius
567 913 625 958 et
645 902 1008 959 damnabilius.
1038 902 1170 960 Item
1198 904 1328 959 nihil
1365 919 1486 960 esse
1520 903 1621 960 du-

115 996 256 1052 cebat
273 997 317 1051 in
338 996 420 1052 hac
439 996 535 1049 vita
552 1037 568 1061 ,
602 1004 656 1050 et
676 996 901 1052 maxime
923 996 1015 1052 illo
1038 1006 1276 1069 tempore
1295 1039 1309 1064 ,
1332 997 1620 1064 difﬁcilius,

118 1089 416 1152 laboriosius,
435 1088 773 1159 periculosius
795 1089 1044 1160 episcopi,
1074 1099 1167 1146 aut
1189 1090 1504 1163 presbyteri,
1532 1100 1624 1146 aut

117 1180 295 1236 diaconi
320 1179 495 1247 cilicio;
527 1180 626 1236 sed
658 1181 796 1252 apud
832 1181 998 1238 Deum
1036 1182 1167 1239 nihil
1207 1182 1414 1240 beatius
1432 1225 1448 1251 ,
1477 1183 1522 1239 si
1554 1199 1622 1239 eo

115 1274 250 1328 modo
267 1274 519 1339 militetur,
549 1288 654 1345 quo
673 1282 854 1330 noster
873 1274 1164 1344 Imperator
1180 1275 1353 1346 jubet.
1375 1275 1505 1343 Quis
1523 1291 1623 1330 au-

109 1376 193 1422 tem
217 1367 276 1422 sit
295 1367 384 1423 iste
403 1365 596 1422 modus
613 1406 632 1434 ,
657 1367 739 1422 vix
766 1367 972 1423 discere
997 1368 1281 1438 incipiebat
1310 1367 1502 1439 (Epist.
1529 1367 1619 1434 2t,

103 1476 143 1509 n.
173 1456 230 1527 l).
258 1457 337 1513 Sic
367 1465 476 1513 erat
505 1458 684 1514 animo
710 1467 1074 1529 comparatus,
1109 1473 1229 1514 cum
1268 1457 1337 1513 ad
1380 1458 1622 1513 ministe-

99 1552 228 1617 rium,
248 1551 378 1623 quod
403 1560 675 1622 tantopere
697 1551 1038 1618 formidabat,
1071 1552 1324 1608 divinitus
1357 1561 1440 1608 est
1467 1566 1624 1607 voca—

96 1651 185 1706 tus;
208 1641 268 1696 ad
299 1642 432 1714 quod
458 1657 564 1698 non
590 1643 858 1707 ascendit,
891 1643 990 1698 nisi
1028 1643 1151 1714 quia
1188 1644 1413 1699 Domino
1438 1658 1624 1699 servus

93 1732 408 1789 mnu-adicere
430 1749 533 1790 non
561 1734 738 1792 debet.
777 1733 937 1802 Veni,
971 1736 1046 1790 ait
1066 1736 1179 1806 ipse
1197 1776 1212 1801 ,
1237 1736 1305 1789 ad
1325 1737 1472 1790 istam
1500 1737 1623 1790 civi-

93 1837 214 1878 tatem
237 1839 427 1897 propter
449 1827 716 1882 ridendum
741 1828 978 1896 anticum,
1008 1844 1156 1899 quem
1185 1828 1422 1899 putabam
1444 1845 1523 1882 me
1545 1830 1626 1882 lu-

89 1920 197 1973 crari
217 1935 347 1990 posse
369 1919 498 1986 Deo,
527 1931 585 1974 ut
610 1921 866 1976 nobiscum
892 1929 1015 1976 esset
1039 1921 1094 1975 in
1122 1921 1457 1988 monasterio;
1481 1921 1628 1993 quasi

85 2027 266 2063 securus
283 2052 297 2075 ,
336 2011 444 2081 quia
479 2011 622 2066 locus
660 2011 869 2065 habebat
901 2012 1212 2082 episcopum.
1247 2012 1624 2082 Appreltensus,

87 2101 316 2172 presbyter
341 2107 489 2172 factus
509 2119 654 2164 sunt,
700 2111 746 2156 et
790 2119 879 2172 per
920 2102 1054 2157 hunc
1090 2103 1304 2173 gradum
1334 2103 1531 2173 perveni
1559 2102 1626 2156 ad

85 2192 397 2260 episcopatum
422 2192 599 2264 (Serm.
628 2194 758 2260 355,
787 2210 841 2247 η.
864 2191 942 2266 2).
974 2194 1106 2248 Rem
1135 2194 1288 2264 paulo
1314 2192 1480 2249 iusius
1507 2209 1629 2249 nar-

87 2295 155 2337 rat
178 2283 424 2340 Possidius
450 2303 465 2340 :
491 2285 712 2358 Contigit
753 2289 883 2357 forte
918 2287 1090 2341 eodem
1129 2298 1378 2357 tempore,
1424 2288 1530 2352 ait,
1573 2295 1628 2341 ut

87 2377 261 2443 quidam
281 2395 338 2431 es
360 2379 417 2432 iis
433 2420 449 2445 ,
474 2395 600 2446 quos
627 2378 802 2432 dicunt
827 2379 1041 2449 Agentes
1066 2380 1119 2432 in
1143 2379 1312 2446 rebus,
1334 2380 1474 2449 apud
1497 2377 1628 2450 Hip-

90 2467 456 2538 ponem-Regium
489 2470 794 2524 constitutus
812 2509 826 2536 ,
871 2470 991 2523 bene
1031 2469 1335 2524 christianus
1373 2468 1630 2538 Deumque

90 2560 256 2626 (iniens,
280 2571 516 2629 comperta
539 2561 655 2631 ejus
682 2560 810 2613 bona
834 2564 973 2631 fama
992 2571 1140 2631 atque
1157 2560 1406 2627 doctrina,
1434 2560 1629 2615 deside—

87 2658 195 2701 raret
209 2659 340 2717 atque
355 2662 545 2722 optaret
571 2669 693 2706 eum
714 2651 898 2719 videre,
928 2651 1223 2721 promittens
1244 2669 1298 2706 se
1321 2668 1466 2724 posse
1483 2668 1628 2705 mun-

87 2742 129 2793 di
152 2743 286 2812 hujus
310 2761 466 2799 omnes
495 2755 818 2798 contemnere
843 2744 1142 2814 cupiditates
1170 2752 1318 2815 atque
1348 2743 1625 2810 illecebras,

82 2835 118 2886 si
141 2834 383 2901 aliquando
417 2853 473 2890 es
507 2839 624 2908 ejus
657 2852 746 2891 ore
772 2834 867 2890 Dei
894 2834 1097 2890 uerbum
1133 2835 1309 2890 audire
1350 2836 1625 2889 meruisset.

86 2925 217 2990 Quod
237 2943 337 2980 cum
357 2929 418 2982 ad
438 2945 488 2984 se
506 2929 658 2998 ﬁdeli
687 2929 861 3000 fuisset
883 2929 1128 2982 relatione
1150 2928 1393 2995 delatum,
1418 2929 1631 2983 liberare

85 3017 272 3070 nimam
288 3019 475 3088 cupiens
493 3019 556 3074 ab
571 3020 740 3091 hujus
757 3020 869 3074 oitre
889 3019 1126 3089 periculis
1145 3028 1400 3089 morteque
1417 3029 1626 3086 aeterna,

88 3109 141 3161 ad
159 3121 444 3166 moratam
471 3114 612 3167 ultro
641 3122 796 3182 atque
819 3112 1082 3182 confestim
1116 3112 1248 3168 venit
1275 3113 1523 3168 ciuitatem
1541 3154 1557 3179 ,
1584 3122 1631 3168 et

91 3197 292 3254 hostium
319 3203 470 3256 risum
507 3204 774 3257 allocutus
802 3202 1112 3276 frequentius
1152 3211 1300 3273 atque
1339 3203 1632 3258 exhortatus

92 3301 163 3356 est,
183 3304 392 3358 quantum
411 3293 549 3351 Deus
573 3293 828 3360 donabat,
857 3304 914 3348 ut
937 3294 1072 3366 quod
1097 3293 1203 3350 Deo
1226 3304 1424 3351 uouerat
1448 3295 1629 3352 redde-

89 3393 162 3435 ret.
186 3385 246 3439 Ac
263 3403 309 3440 se
326 3387 407 3442 ille
431 3389 494 3442 de
516 3389 603 3444 die
629 3389 693 3443 in
717 3388 850 3443 diem
877 3392 1132 3462 {acturum
1156 3388 1506 3461 pollicebatur,
1542 3407 1632 3445 nec

90 3480 220 3530 tanta
244 3476 292 3532 iu
322 3479 423 3550 ejus
451 3488 573 3535 tunc
610 3481 717 3534 hoc
746 3479 970 3550 implevit
1000 3483 1267 3552 prasentia
1295 3496 1314 3537 :
1342 3482 1432 3537 sed
1455 3497 1633 3536 uacare

89 3567 231 3632 utique
250 3579 290 3622 et
307 3571 443 3626 inane
465 3589 577 3628 esse
607 3588 722 3628 non
746 3573 942 3643 potuit,
967 3573 1104 3643 quod
1129 3590 1218 3644 per
1244 3573 1344 3630 tale
1370 3590 1456 3630 vas
1482 3591 1631 3629 mun-

90 3656 187 3709 dum
205 3668 246 3712 et
265 3659 308 3716 in
325 3661 521 3730 honore,
549 3664 691 3718 utile
707 3663 948 3730 Domino,
975 3672 1023 3718 et
1047 3663 1115 3717 ad
1138 3681 1285 3719 omne
1304 3681 1431 3737 opus
1449 3664 1634 3720 bonum

91 3759 302 3819 malum,
321 3756 370 3808 in
387 3757 522 3811 omni
544 3757 672 3810 loco
691 3754 865 3810 divina
885 3755 1083 3827 gerebat
1104 3756 1414 3824 providentia
1433 3756 1603 3826 (Pass.
1615 3795 1633 3824 ,

91 3836 130 3890 in
158 3838 254 3897 Vita
270 3845 469 3918 August.
494 3890 512 3916 ,
543 3865 595 3902 ε.
623 3846 724 3918 '5).
759 3847 910 3902 Haud
937 3847 1136 3903 scimus
1162 3863 1229 3902 an
1257 3847 1528 3904 Possidius
1553 3848 1634 3904 his

93 3937 231 3991 verbis
245 3950 414 3997 notare
433 3941 733 4008 studuerit,
759 3941 1018 4012 Agentem
1041 3941 1200 3997 istum
1219 3941 1495 4012 Augustini
1517 3958 1638 3998 con-

95 4027 188 4083 silio
209 4034 342 4101 mulo
363 4044 482 4107 post
504 4037 956 4105 obtemperasse;
985 4050 1052 4090 an
1079 4033 1358 4106 designare
1395 4050 1635 4091 commo-

95 4119 191 4174 dum
208 4125 338 4194 velit,
363 4128 502 4198 quod
521 4144 592 4184 ex
617 4128 733 4183 hoc
758 4127 952 4182 itinere
973 4126 1252 4198 Augustini
1276 4127 1342 4182 ad
1365 4127 1636 4199 presbyte-

95 4209 201 4266 rium
224 4227 386 4285 postea
417 4219 662 4290 promoti
691 4219 931 4288 percepit
957 4218 1214 4274 Ecclesia.
1249 4219 1478 4274 Securus
1512 4231 1640 4288 ergo

93 4298 340 4372 Hipponem
361 4319 605 4377 venerat,
640 4309 787 4379 quod
815 4309 939 4364 urbs
965 4309 1052 4364 illa
1077 4310 1406 4380 episcopum,
1439 4309 1642 4365 scilicet

94 4404 292 4452 sanctam
326 4413 504 4458 senem
545 4401 828 4457 Valerium
851 4441 867 4466 ,
916 4400 1153 4456 haberet.
1193 4401 1301 4458 Sed
1341 4413 1468 4458 tunc
1506 4400 1640 4456 forte

95 4481 399 4554 Hipponensis
417 4492 668 4549 Ecclesia
694 4492 1007 4564 presbytero
1026 4491 1315 4563 indigebat,
1344 4492 1484 4563 quod
1505 4493 1639 4547 late-

94 4573 168 4628 bat
188 4577 525 4649 Aognstinuni.
557 4583 902 4656 Congregato
936 4585 1113 4655 itaque
1149 4585 1364 4655 populo,
1394 4583 1525 4639 nihil
1550 4585 1640 4639 illc

95 4666 249 4723 simile
272 4672 544 4742 suspicatus
569 4677 626 4732 in
663 4675 923 4745 templum
947 4676 1129 4741 venit,
1169 4683 1225 4732 et
1263 4675 1400 4746 plebi
1439 4690 1500 4730 se
1537 4675 1639 4729 im-

96 4757 300 4828 miscuit,
320 4777 431 4834 qaa
446 4767 699 4826 virtutem
726 4767 845 4838 ejus
863 4767 1265 4838 doctrinamque
1287 4767 1512 4824 habebat
1528 4782 1643 4838 per-

101 4862 330 4924 δρθωως
363 4872 583 4931 eumque
622 4859 773 4931 quod
810 4861 995 4916 relicto
1036 4860 1356 4932 patrimonio
1386 4868 1553 4915 totum
1585 4875 1644 4916 se

103 4936 190 4996 Deo
211 4944 513 5019 addixisset,
534 4951 830 5008 admodum
859 4951 1110 5023 diligebat
1137 4951 1332 5024 (Epist.
1351 4951 1474 5019 126,
1493 4969 1547 5006 n.
1565 4949 1640 5024 7).

106 5025 208 5087 Clu
221 5045 382 5094 autem
401 5040 652 5098 Valerius
676 5041 838 5098 verba
866 5041 1063 5098 faceret
1084 5042 1150 5098 ad
1170 5043 1446 5114 populum,
1473 5041 1645 5114 deque

109 5121 337 5183 οτάῆηωὶ
384 5131 691 5204 presbyteri
739 5132 1057 5189 necessitate
1103 5133 1422 5199 dissereret,
1469 5133 1646 5190 subito

111 5216 249 5282 ημΙῆ
265 5219 610 5294 Augustinum
639 5225 866 5297 populus
895 5223 1152 5298 (Possid.,
1181 5225 1234 5280 in
1267 5224 1384 5280 Vita
1407 5225 1640 5298 August.,

112 5316 149 5354 τι
181 5303 383 5383 ηεςιιὶ
417 5315 677 5373 nimirum
715 5317 769 5373 id
809 5317 933 5387 jure
975 5325 1217 5390 poterat,
1249 5331 1370 5373 cum
1412 5317 1645 5373 Ecclesia

113 5389 400 5467 TW
423 5409 781 5481 Augustinum
807 5389 1040 5465 clericali
1070 5409 1272 5465 militiae
1300 5424 1406 5464 non
1445 5408 1646 5465 adscri-

117 5484 270 5575 Ιξείαι
285 5489 465 5569 (Epist.
488 5499 621 5567 126,
644 5517 697 5554 rt.
720 5499 799 5575 7).
829 5500 966 5556 Eum
987 5501 1162 5572 itaque
1183 5501 1377 5556 laicum
1399 5500 1650 5571 episcopo

118 5572 628 5648 demittenda-unt
649 5572 1024 5662 ordinandum,
1050 5593 1299 5649 omnibus
1325 5592 1376 5648 id
1399 5606 1505 5647 uno
1523 5607 1648 5646 con-

119 5677 312 5732 ίωιει
329 5677 594 5738 desiderio
619 5683 730 5738 ﬁeri
754 5683 1042 5756 perﬁcique
1068 5685 1368 5755 petentibus
1390 5726 1406 5753 ,
1434 5697 1650 5755 magno-

393 5777 450 5826 et
469 5770 708 5828 clamore
731 5772 1109 5844 ﬂagitantibus.
1139 5773 1233 5830 ille
1258 5789 1386 5829 vero
1411 5780 1650 5829 sanctum

40 5867 46 5937 ᾖ
125 5847 236 5905 Ν
611 5863 1114 5932 periculosissimum
1137 5865 1379 5937 judicans
1394 5906 1409 5936 ,
1433 5863 1650 5937 jamque

126 5895 236 5905 ντ-
251 5895 588 5916 mm...
613 5895 1056 5932 ναιυυιυοιωιιιω

40 5895 120 6299 ἱ
432 5951 663 6017 Sacr.
700 5957 978 6020 Aueosr.
1004 5957 1056 6019 Ι.

3213 437 3316 495 1ῗο

1731 539 1911 594 animo
1937 540 2267 610 prospiciens
2291 552 2420 614 quot
2445 545 2687 604 ﬂuctibus
2707 558 2760 604 et
2781 551 3026 621 procellis
3049 550 3103 607 in
3127 551 3315 610 Eccle-

1730 631 1825 686 sia:
1849 632 2106 702 regimine
2129 632 2267 690 foret
2285 651 2408 692 mox
2435 638 2765 708 objiciendus
2783 684 2798 709 ,
2828 645 2932 698 vim
2955 645 3310 716 lacrymarum

1731 723 1999 793 profundit
2023 725 2211 797 (Epist.
2239 727 2338 794 2|,
2368 745 2420 783 η.
2448 729 2526 801 2).
2557 733 3060 791 Animadvertuntur
3086 737 3202 807 ejus
3227 739 3313 792 la-

1729 829 1947 886 crymze,
1974 831 2074 873 nec
2093 817 2283 874 desunt
2304 821 2394 890 qui
2417 835 2538 876 cum
2557 822 2757 877 doloris
2784 825 2922 881 illius
2946 842 3132 882 causas
3156 829 3310 899 igno-

1729 918 1868 977 rent,
1885 909 2150 966 medelam
2170 911 2334 982 ipsius
2354 913 2558 969 vulneri
2579 915 2878 971 nullatenus
2896 929 3310 975 consentaneam

1728 998 1982 1056 adbibere
2008 1001 2274 1057 studeant.
2305 1002 2435 1058 Nam
2461 1020 2582 1060 cum
2612 1005 2729 1075 ejus
2760 1006 3020 1078 lacrymas
3045 1024 3108 1063 ex
3137 1009 3308 1065 inanis

1729 1089 1912 1160 gloriae
1939 1092 2227 1162 cupiditate
2254 1109 2566 1163 promanare
2595 1097 2962 1167 suspicentur,
2989 1099 3132 1169 quod
3158 1102 3315 1154 nimi-

1729 1195 1849 1236 rum
1889 1183 1956 1238 ad
1985 1185 2348 1255 episcopatum
2387 1203 2492 1242 non
2519 1188 2772 1243 continuo
2800 1189 3152 1259 provehatur,
3185 1207 3315 1262 sug-

1729 1285 1922 1344 gerunt
1939 1277 2325 1349 presbyterium
2351 1279 2564 1350 quidem
2587 1279 2724 1335 infra
2743 1281 2882 1336 illius
2899 1281 3146 1337 meritum
3167 1298 3309 1351 esse,
3355 1313 3366 1323 -

1733 1367 1978 1434 proxime
2005 1377 2183 1424 tamen
2209 1369 2275 1425 ad
2305 1370 2665 1441 episcopatum
2693 1373 2966 1428 accedere.

1800 1456 1854 1511 2.
1895 1459 2187 1530 Augustino
2210 1461 2387 1531 itaque
2412 1461 2606 1517 frustra
2630 1471 2962 1534 repugnante
2984 1464 3163 1534 populi
3186 1473 3314 1520 voto

1730 1549 1925 1605 factum
1945 1560 2030 1608 est
2046 1553 2174 1606 satis
2195 1551 2448 1623 (Possid.,
2470 1549 2524 1608 in
2546 1553 2660 1608 Vita
2679 1555 2912 1627 August.,
2935 1572 2980 1610 c.
3003 1554 3088 1627 4).
3114 1555 3316 1627 Hippo-

1733 1643 1914 1697 nensis
1935 1643 2190 1700 Ecclesiae
2212 1646 2487 1717 presbyter
2505 1654 2736 1716 creatus,
2764 1647 2901 1704 hanc
2919 1665 3025 1704 non
3047 1663 3177 1703 auro
3196 1649 3316 1719 qui-

1731 1730 1852 1786 dem
1883 1742 1937 1788 et
1963 1743 2185 1805 argento
2211 1735 2580 1806 locupletavit,
2611 1753 2732 1792 cum
2757 1748 2952 1810 praeter
2978 1739 3314 1807 vestimenta,

1733 1824 1927 1894 quibus
1950 1825 2286 1895 induebatur,
2315 1828 2457 1883 aliud
2484 1828 2614 1883 nihil
2638 1829 2704 1884 ad
2730 1845 2848 1887 eam
2867 1831 3102 1886 attulerit
3121 1829 3314 1897 (Serm.

1733 1913 1858 1981 355,
1889 1932 1941 1969 η.
1970 1915 2064 1986 2);
2095 1932 2279 1972 verum
2312 1927 2417 1972 tam
2445 1919 2636 1974 illustri
2663 1919 2903 1976 doctrina
2929 1929 2980 1976 et
3007 1922 3230 1991 pietate,
3261 1931 3319 1977 ut.

1733 2002 2151 2076 Hippo-Regius,
2186 2022 2370 2076 parum
2403 2009 2616 2065 aliunde
2644 2010 2902 2078 celebris,
2934 2012 3069 2067 inter
3096 2013 3316 2068 nobilis-

1733 2097 1897 2151 simas
1938 2099 2084 2154 orbis
2115 2098 2390 2155 christiani
2420 2101 2660 2157 civitates
2702 2103 2772 2158 ob
2805 2104 3081 2174 Augustini
3120 2103 3317 2159 famam

1734 2198 2062 2244 numeretur.
2092 2189 2230 2246 Urbs
2260 2191 2375 2259 illa,
2406 2192 2695 2247 secundum
2718 2195 3079 2265 geographos,
3110 2197 3161 2251 in
3193 2212 3311 2251 ma—

1733 2281 1911 2338 ritima
1949 2283 2208 2341 Numidia:
2245 2301 2338 2341 ora
2373 2287 2472 2342 sita
2501 2296 2644 2354 erat,
2689 2299 2874 2344 natura
2918 2305 3048 2346 sane
3093 2306 3154 2346 ac
3197 2292 3319 2347 loco

1733 2374 1938 2430 munita
1957 2416 1973 2442 ,
2019 2391 2141 2430 cum
2171 2376 2528 2433 Vandalorum
2557 2378 2884 2435 obsidionem
2914 2381 3313 2451 quatuordecim

1734 2469 2005 2524 mensibus
2033 2470 2343 2526 sustinuerit
2368 2457 2622 2542 (Possim,
2648 2472 2700 2525 in
2729 2470 2845 2526 Vita
2860 2472 3100 2545 August.,
3129 2491 3172 2527 ο.
3198 2474 3316 2547 28).

1735 2560 1778 2614 A
1799 2559 2119 2633 Carthagine
2138 2570 2363 2633 quatuor
2383 2572 2436 2618 et
2459 2564 2723 2635 octoginta
2748 2563 2958 2621 circiter
2978 2567 3165 2633 leucis,
3197 2577 3320 2624 octo

1733 2661 1786 2707 et
1812 2653 2024 2724 triginta
2050 2669 2079 2708 a
2099 2654 2244 2709 Cirta
2267 2653 2528 2709 Numidia:
2553 2656 2829 2727 metropoli
2852 2655 3101 2712 distabat.
3127 2657 3323 2714 Obser-

1735 2753 1864 2800 vant
1888 2745 2174 2817 geographi
2201 2746 2337 2802 hanc
2365 2749 2577 2813 urbem,
2611 2764 2729 2819 qua:
2758 2749 2914 2805 hodie
2937 2750 3082 2806 Bona
3107 2751 3320 2818 dicitur,

1737 2836 1837 2891 sub
1856 2835 2202 2892 Constantina
2224 2838 2277 2892 in
2299 2853 2462 2908 regno
2481 2839 2777 2909 Algeriensi
2794 2879 2810 2906 ,
2833 2841 3121 2896 etiamnum
3141 2843 3323 2912 magni

1734 2941 1852 2983 esse
1888 2928 2136 2983 nominis.
2178 2928 2394 2984 Colonia
2431 2937 2580 2995 erat,
2622 2937 2679 2984 et
2715 2929 2980 3000 regionis,
3011 2931 3096 2986 cui
3124 2947 3321 2988 nomen

1735 3020 1925 3086 dabat,
1968 3021 2177 3077 videtur
2204 3022 2368 3077 fuisse
2398 3023 2740 3093 metropolis;
2770 3037 2890 3078 cum
2919 3023 2970 3078 in
2999 3022 3324 3094 Hipponensi

1736 3113 1950 3184 regione
1977 3114 2278 3184 complures
2309 3114 2544 3185 episcopi
2582 3123 2942 3170 numerentur.
2975 3115 3052 3171 Ea
3077 3116 3263 3173 civitas
3291 3133 3325 3173 a

1737 3203 1868 3260 Silio
1889 3205 2070 3260 Italico
2095 3205 2160 3260 iis
2187 3205 2359 3262 verbis
2379 3206 2676 3262 celebratur
2703 3224 2718 3263 :
2745 3207 2976 3278 Antiquis
2999 3208 3209 3263 dilectus
3235 3223 3323 3263 re-

1736 3297 1880 3367 gibus
1905 3296 2300 3372 Hippo(Puuic.
2331 3297 2417 3352 lib.
2440 3299 2495 3366 5,
2512 3315 2638 3354 vers.
2656 3297 2803 3371 259).
2821 3301 2864 3353 A
2897 3299 3098 3356 Latinis
3120 3299 3324 3372 Hippo-

1738 3387 1934 3459 Regius
1958 3388 2117 3459 vulgo
2143 3397 2499 3459 nuncupatur,
2526 3391 2593 3444 ad
2620 3390 2878 3460 Hipponis
2902 3390 3118 3446 alterius
3141 3391 3324 3446 discri-

1737 3493 1882 3545 men,
1904 3479 1995 3549 qui
2012 3478 2250 3536 Zarritus
2272 3481 2384 3536 sive
2405 3481 2702 3537 Diarrbitus
2717 3481 2928 3550 dicitur,
2950 3481 3004 3537 in
3024 3482 3210 3538 eadem
3229 3497 3326 3539 ora

1738 3567 2139 3626 Proconsularis
2173 3569 2481 3641 provinciae.
2525 3571 2580 3626 ln
2616 3571 2855 3628 Concilio
2897 3572 3326 3644 Carthaginensi,

1739 3663 1879 3734 quod
1900 3664 2000 3720 sub
2022 3664 2272 3736 episcopo
2292 3664 2556 3736 Cypriano
2575 3666 2898 3722 celebratum
2921 3674 3024 3735 est,
3046 3667 3246 3723 mentio
3268 3666 3330 3724 fit

1738 3753 2015 3825 cujusdam
2040 3755 2339 3826 Theogenis
2372 3757 2744 3827 Hipponensis,
2773 3757 2861 3828 qui
2891 3758 3144 3829 martyrio
3168 3771 3326 3813 coro-

1741 3855 1896 3901 nutus
1939 3845 2101 3902 fuisse
2140 3847 2350 3902 dicitur.
2400 3847 2474 3902 De
2509 3847 2760 3903 Memoria
2799 3849 2967 3904 sancti
3005 3847 3325 3920 Theogenis,

1741 3945 1988 4007 tanquam
2024 3937 2091 3992 de
2120 3938 2240 3993 loco
2273 3938 2363 3993 ubi
2395 3938 2712 3994 sacrificium
2741 3938 2919 3994 oll'erri
2952 3949 3325 4007 consueverat,

1743 4025 1974 4098 loquitur
1991 4028 2317 4098 Augustinus
2345 4027 2534 4098 (Serm.
2560 4027 2685 4094 275,
2715 4045 2768 4082 η.
2791 4026 2847 4101 7)
2874 4045 2885 4081 :
2916 4028 3099 4084 scribit
3116 4042 3330 4098 quoque

1743 4117 1811 4174 de
1838 4119 2092 4175 memoria
2125 4119 2304 4191 viginti
2335 4129 2626 4192 martyrum
2663 4121 2804 4190 apud
2844 4120 3140 4190 Hipponem
3178 4121 3325 4176 cele-

1741 4207 1972 4264 berrima
1992 4208 2094 4282 (De
2113 4208 2258 4265 Citrit.
2273 4209 2390 4278 Dei,
2413 4210 2500 4264 lib.
2517 4209 2609 4279 22,
2630 4227 2744 4283 cap.
2764 4211 2815 4278 8,
2841 4228 2894 4266 η.
2913 4209 2989 4284 9).
3015 4211 3329 4284 Quanquam

1742 4317 1872 4358 vero
1898 4303 2232 4360 celeberrimi
2258 4312 2412 4360 erant
2440 4304 2775 4375 episcopatus
2803 4305 2856 4360 in
2887 4303 3062 4360 Africa
3083 4347 3097 4371 ,
3126 4305 3328 4375 Hippo-

1744 4395 1926 4450 nensis
1956 4405 2131 4451 tamen
2172 4395 2277 4451 late
2317 4395 2562 4468 patebat;
2593 4410 2713 4451 cum
2745 4397 2914 4465 ipsum
2943 4395 3102 4450 etiam
3131 4394 3328 4450 Fussa-

1744 4487 1895 4544 lcnse
1913 4489 2237 4544 territorium
2253 4530 2269 4556 ,
2293 4488 2563 4544 sexdecim
2588 4488 2754 4543 leucis
2780 4485 3094 4556 sejunctum,
3121 4484 3188 4540 ad
3210 4483 3332 4554 Hip-

1746 4597 2036 4651 ponensem
2062 4581 2356 4636 Ecclesium
2387 4581 2676 4650 pertineret
2708 4578 2900 4651 (Epist.
2929 4577 3034 4633 209
3052 4619 3068 4645 ,
3096 4594 3148 4632 n.
3173 4577 3254 4648 2).

1817 4676 1868 4730 5.
1910 4673 2150 4729 Valerius
2182 4672 2307 4728 huic
2351 4680 2473 4726 tunc
2514 4671 2764 4726 Ecclesia:
2806 4678 3062 4741 praeerat,
3108 4669 3330 4726 natione

1747 4765 1984 4833 Graecus,
2013 4765 2128 4835 pius
2152 4779 2216 4821 ac
2235 4765 2428 4819 timens
2458 4763 2661 4818 Deum:
2686 4761 2780 4819 sed
2803 4777 2923 4817 cum
2948 4761 3098 4817 latini
3123 4777 3330 4818 sermo-

1747 4857 1831 4911 nis
1855 4871 1982 4912 usus
2003 4855 2278 4925 expeditus
2298 4854 2373 4908 illi
2399 4869 2507 4909 non
2537 4861 2700 4922 esset,
2727 4862 2884 4926 atque
2909 4853 2979 4909 ob
3004 4853 3058 4910 id
3077 4854 3253 4909 minus
3271 4869 3334 4910 se

1748 4947 1929 5002 utilem
1969 4945 2224 5001 Ecclesia:
2265 4944 2620 5016 intelligeret;
2651 4945 2852 5001 crebris
2879 4962 2910 5000 a
2939 4945 3050 5001 Deo
3081 4945 3334 5016 precibus

1749 5035 2066 5108 exposcebat
2085 5079 2099 5104 ,
2128 5045 2184 5092 ut
2213 5037 2482 5094 hominem
2527 5038 2825 5094 commissae
2851 5037 2951 5094 sibi
2980 5037 3120 5109 plebi
3148 5039 3331 5109 provio

1750 5129 1899 5185 deret
1927 5129 2197 5197 idoneum,
2226 5129 2316 5201 qui
2346 5145 2465 5186 eam
2502 5129 2666 5185 verbo
2694 5137 2750 5185 et
2769 5128 3010 5185 doctrina
3039 5137 3218 5200 posset
3243 5130 3330 5186 in-

1752 5221 1976 5276 formare
2005 5219 2304 5294 (Possidius
2323 5263 2338 5287 ,
2369 5222 2421 5276 in
2453 5220 2569 5275 Vita
2591 5220 2889 5291 Augustini,
2912 5236 2958 5274 c.
2990 5220 3065 5291 5).
3090 5219 3191 5277 Ubi
3218 5221 3332 5277 Au-

1751 5313 2016 5383 gustinum
2041 5311 2288 5369 ordinare
2311 5312 2411 5367 sibi
2435 5311 2619 5367 datum
2647 5319 2748 5378 est,
2773 5325 2962 5382 preces
2990 5326 3114 5367 suas
3141 5311 3338 5367 divini-

1752 5411 1837 5460 tus
1886 5403 2158 5460 exauditas
2203 5403 2468 5471 credidit,
2511 5419 2573 5459 ac
2621 5403 2728 5458 voti
2773 5417 2993 5473 compos
3037 5401 3375 5474 gaudioque.‘
3487 5445 3489 5447 .

1753 5497 2086 5568 triumphans
2106 5497 2303 5568 gratias
2322 5497 2428 5551 Deo
2449 5497 2702 5567 plurimas
2725 5495 2832 5566 egit
2853 5495 3044 5570 (Epist.
3060 5493 3149 5558 29,
3175 5509 3230 5547 n.
3250 5491 3332 5560 7).
3363 5548 3378 5572 δ

1753 5589 2063 5646 Tenerrimo
2086 5588 2262 5644 cordis
2276 5587 2467 5644 affectu
2486 5587 2938 5658 complectebatur
2955 5582 3329 5654 Augustinum,
3372 5581 3377 5588 “

1752 5691 1808 5739 et
1831 5681 2071 5752 quamvis
2104 5682 2321 5738 minime
2344 5697 2465 5737 eum
2501 5683 2722 5747 lateret,
2751 5695 2912 5751 quam
2955 5689 3199 5746 magnam
3229 5673 3333 5731 sibi

1754 5781 1967 5828 sanctus
1994 5773 2271 5844 presbyter
2297 5773 2520 5843 gloriam
2550 5779 2903 5840 compararet,
2934 5767 3077 5822 nulla
3099 5780 3333 5840 unquam

1756 5861 1966 5921 liventis
1986 5861 2196 5919 invidia:
2222 5863 2457 5921 labccula
2484 5861 2819 5932 purissimam
2841 5858 2984 5914 beati
3012 5859 3156 5915 senis
3180 5871 3350 5942 men-_

2833 5950 3010 6030 (δέω.
3020 5953 3050 6036 ;
