3868 6388
116 378 199 452 ,π
1349 372 1551 434 LIBER
1587 372 1898 436 manus.

110 500 491 561 meum
507 495 709 563 aJettu,
732 495 929 567 quijunt
948 494 1283 549 mim'urarﬂes
1301 492 1473 559 altari,
1495 509 1591 563 quo

114 592 318 653 creaturi
339 591 463 658 satis,
498 589 791 653 desistimus,
823 601 909 641 nec
936 586 1211 641 ntim’stcrio
1239 586 1480 642 aerumnis
1506 601 1592 641 uos

116 682 532 761 psalmicines:
558 678 746 751 (Serm.
783 676 912 742 iii,
951 694 1005 732 η.
1050 678 1126 749 1).
1168 675 1356 733 Paucis
1381 689 1592 748 quoque

118 779 225 838 inde
246 774 577 851 claptittfrebos
600 773 969 842 Compctentes
988 780 1107 842 post
1129 771 1482 826 exorcismum
1514 770 1595 824 in-

120 874 303 928 sument
318 868 379 925 sic
395 865 691 936 aiioquitur:
724 861 1028 917 Rudimcnta
1050 862 1316 917 ministerii
1339 862 1517 929 nostri,
1547 870 1594 916 et

125 962 244 1019 mni
261 967 471 1031 «raptu
487 954 675 1028 (Serm.
705 954 830 1023 216,
856 972 909 1008 n.
942 952 1020 1025 1).
1047 953 1305 1022 Quoniam
1324 967 1454 1009 vero
1473 961 1595 1023 post

122 1062 360 1123 susceptum
393 1046 794 1121 presbyteratom
841 1043 1057 1117 aliquod
1113 1057 1180 1099 eo
1231 1044 1284 1099 in
1337 1056 1590 1109 munere,

122 1147 302 1202 maxime
320 1150 460 1198 nisa!
482 1139 534 1195 in
560 1138 717 1194 divini
737 1138 880 1193 verbi
907 1137 1295 1208 praedicatione,
1320 1137 1430 1207 jam
1454 1136 1594 1207 peri-

119 1237 256 1293 urium
275 1234 436 1291 isonat
454 1245 660 1287 suarum
683 1231 876 1285 virium
894 1269 910 1295 ,
941 1229 1153 1301 quando
1175 1243 1268 1284 eas
1298 1214 1455 1283 tanto
1470 1241 1593 1282 mu-

112 1328 201 1383 neri
221 1326 403 1397 impares
423 1329 668 1393 expertus
683 1362 699 1388 ,
734 1321 1030 1377 facultatem
1057 1318 1124 1375 ad
1148 1317 1313 1375 breve
1352 1327 1589 1388 tempus,

106 1418 249 1472 saltent
266 1414 321 1470 ad
342 1414 526 1469 Pascha
552 1426 735 1483 usque,
767 1409 1050 1466 secedendi
1076 1410 1334 1481 poposcit,
1371 1424 1478 1479 quo
1502 1424 1591 1463 sa-

101 1509 179 1563 cris
200 1508 379 1563 Litteris
396 1518 600 1576 operam
624 1510 876 1569 novaret;
911 1502 1068 1559 facile
1088 1504 1424 1573 intelligitur,
1467 1516 1592 1557 eum

100 1598 337 1653 montium
359 1596 421 1650 ab
445 1596 651 1650 income
677 1592 1089 1663 Quadragesima
1112 1631 1126 1659 ,
1171 1602 1228 1647 ut
1250 1592 1362 1647 vult
1386 1591 1589 1658 Rivius,

95 1688 316 1743 sedetism
338 1687 589 1757 aliquanto
624 1694 751 1741 ante
793 1693 1031 1754 tempore
1072 1683 1237 1740 fuisse
1271 1683 1590 1741 ordinatum.

92 1782 362 1849 Quapropter
382 1777 487 1831 htec
510 1776 651 1831 illius
673 1772 955 1831 ministerii
985 1775 1273 1845 primordia
1300 1776 1507 1831 nonnisi
1524 1774 1592 1830 ad

91 1868 189 1921 illud
210 1876 390 1938 tempus
406 1909 420 1931 ,
455 1881 559 1935 quo
582 1882 647 1922 ea
674 1868 935 1936 permisso
958 1866 1056 1922 sibi
1085 1879 1298 1921 secessu
1326 1880 1589 1936 egressus,

89 1960 187 2015 huic
208 1960 386 2015 muneri
404 1973 459 2015 se
488 1964 654 2015 totum
694 1959 917 2024 addixit,
949 1968 1170 2029 possunt
1199 1959 1481 2014 commode
1504 1974 1594 2014 re-

90 2052 270 2111 vocari:
302 2053 369 2106 sic
387 2066 562 2121 nempe
590 2060 652 2106 ut
677 2050 996 2122 intelligatur
1021 2052 1133 2120 ipse
1153 2051 1313 2107 missa
1334 2049 1508 2107 facere
1530 2065 1595 2106 ea

86 2141 262 2208 munia,
284 2154 386 2212 qua
406 2150 513 2198 ante
534 2142 680 2197 hunc
711 2155 979 2196 secessum
1005 2142 1232 2197 obierat.
1268 2141 1384 2208 Quo
1416 2155 1594 2196 seces-

87 2236 213 2300 serit,
238 2234 495 2305 ignoratur;
523 2242 676 2290 certe
697 2234 915 2304 quidem
955 2248 1063 2288 non
1093 2234 1276 2304 procul
1322 2232 1591 2303 Hippone:

86 2339 183 2381 Mil!
214 2325 543 2397 Hipponem
581 2327 691 2383 hoe
731 2326 907 2398 primo
948 2341 1041 2381 seu
1074 2326 1315 2397 proxime
1354 2325 1596 2395 sequenti

85 2429 275 2489 tempore
294 2420 613 2492 longinquam
637 2420 915 2490 Augustini
940 2420 1232 2474 absentiam
1253 2418 1600 2473 vehementer

84 2510 298 2582 nim'nque
312 2511 635 2578 metuebant,
661 2518 717 2566 et
744 2510 821 2564 illi
845 2509 945 2564 hac
970 2509 1022 2565 in
1051 2523 1112 2563 re
1134 2523 1465 2578 nequaquam
1496 2523 1593 2564 vo-

84 2599 225 2653 lebant
243 2600 438 2656 credere
463 2599 667 2671 (Epist.
687 2598 779 2666 Β,
809 2616 862 2653 n.
891 2599 968 2670 9).
1000 2598 1076 2653 Ex
1101 2599 1184 2653 bis
1208 2614 1325 2669 quas
1344 2598 1594 2665 diximus,

80 2690 407 2747 ordimtionem
435 2692 723 2764 Augustini
752 2692 939 2747 saltem
969 2693 1020 2745 in
1051 2691 1166 2760 ipso
1190 2691 1313 2747 anni
1342 2692 1601 2762 principio

79 2799 343 2854 reponamus
362 2800 572 2842 necesse
597 2793 705 2841 est.
735 2784 815 2840 Ad
838 2798 1036 2839 annum
1055 2784 1481 2839 trecentesimum
1504 2798 1601 2837 no-

80 2876 360 2946 nagesimum
380 2879 601 2948 primum
633 2878 793 2948 vulgo
820 2876 1064 2945 refertur,
1083 2877 1231 2947 juxta
1248 2892 1308 2931 ea
1334 2891 1451 2947 quae
1471 2875 1602 2932 Pos-

78 2966 216 3023 sidius
239 2970 423 3033 scribit,
448 2970 605 3025 illum
638 2967 884 3023 videlicet
906 2982 970 3022 ex
995 2967 1143 3022 italia
1176 2968 1231 3021 in
1254 2966 1485 3022 Africam
1511 2982 1599 3022 re-

79 3071 271 3127 gressum
296 3060 447 3114 tribus
465 3061 635 3115 annis
662 3059 903 3130 Tagastae
926 3058 1139 3122 vixisse,
1170 3058 1220 3112 in
1242 3057 1494 3113 clericatu
1508 3072 1602 3112 au-

82 3149 243 3221 tem(id
264 3161 352 3219 est,
380 3150 784 3225 presbyterum)
806 3151 888 3206 vel
918 3151 1242 3220 episcopatu,
1267 3150 1421 3204 annis
1438 3149 1603 3204 ferme

82 3239 359 3312 Muginta
398 3258 567 3313 usque
606 3242 685 3297 ad
731 3239 1261 3311 quintum‘kalendas
1288 3238 1603 3309 septembris

82 3329 177 3385 anni
190 3332 678 3404 quadringentesimi
699 3332 959 3404 trigesimi
987 3329 1244 3403 (Possid.,
1278 3330 1333 3383 in
1358 3328 1471 3382 Vita
1492 3328 1601 3381 Au-

81 3406 256 3490 ρκιηο.
275 3425 309 3480 5
334 3434 379 3479 et
404 3440 450 3479 ε.
474 3423 591 3496 Si).
632 3423 801 3479 Porro
818 3438 957 3477 anno
975 3421 1349 3477 trecentesimo
1368 3432 1602 3490 nonage-

80 3512 188 3568 simo
209 3515 354 3586 pruna
382 3517 586 3573 Pascha
626 3515 682 3571 in
716 3523 925 3572 sextum
949 3514 1131 3585 apriiis
1151 3513 1435 3567 incidebat.
1468 3512 1603 3567 Tum

80 3617 186 3658 vero
203 3605 358 3676 agebat
388 3608 731 3679 Augustinus
760 3619 957 3661 annum
982 3604 1157 3660 :etatis
1182 3618 1291 3658 sum
1314 3602 1606 3673 quadrage-

132 3787 175 3842 6.
196 3787 310 3846 Erat
332 3799 451 3849 tunc
476 3793 531 3847 in
557 3805 724 3847 more
742 3791 1087 3860 institutoque
1102 3789 1330 3859 positum
1355 3787 1605 3844 Ecclesia:

80 3876 318 3950 Africana,
364 3891 420 3938 ut
470 3883 783 3956 presbyteri
821 3882 1042 3938 verbum
1080 3882 1175 3937 Dei
1214 3890 1303 3936 aut
1336 3895 1601 3951 nunquam

83 3968 368 4035 Malunt
388 4016 404 4039 ,
434 3986 494 4029 ut
519 3973 803 4030 nonnullis
820 3988 887 4028 ex
912 3973 1105 4043 Optato
1127 3972 1196 4028 de
1219 3971 1605 4041 praedicationis

81 4066 417 4121 moue‘velut
439 4066 510 4123 de
536 4065 729 4122 cilicio
761 4063 1051 4136 episcopali
1090 4064 1338 4133 loquente
1377 4062 1601 4134 (0pm.,

82 4153 145 4205 Β.
167 4154 236 4225 Ξ),
255 4158 417 4229 colligi
455 4172 631 4230 posse
657 4156 896 4223 videtur;
929 4164 1022 4211 aut
1057 4157 1243 4211 saltem
1284 4170 1463 4211 eorum
1490 4156 1605 4225 apio

82 4244 357 4315 ωηὶιῆἰεκι
378 4250 429 4305 in
453 4250 693 4306 ecclesia
719 4264 827 4303 non
852 4255 1155 4304 tractarent.
1204 4247 1441 4303 leminit
1480 4247 1605 4303 Hie-

78 4342 711 4404 mconmctndinis
736 4340 913 4411 huius,
943 4355 1067 4411 (μη
1087 4340 1143 4394 in
1164 4340 1474 4411 quibusdam
1504 4340 1605 4394 Ee-

77 4422 221 4482 ἀθεῐῆ
240 4429 450 4501 ruebat,
479 4443 535 4488 ut
558 4432 862 4504 presbyteri
891 4440 1147 4498 Iacerent,
1171 4445 1233 4486 ac
1255 4432 1604 4502 praesentibus
1644 4450 1661 4475 ι

319 4532 421 4577 Ion
442 4524 803 4595 loquerentur
826 4543 838 4578 :
869 4538 1026 4593 quam
1058 4524 1173 4593 ipse
1195 4524 1482 4592 pessimam
1507 4538 1605 4578 vo-

76 4614 166 4671 αι,
184 4614 235 4662 ει
249 4622 357 4680 «ιω
369 4616 709 4672 occasionem
738 4616 973 4685 prtebcat
999 4615 1301 4685 auspicandi
1324 4616 1604 4686 episcopos

76 4701 152 4747 ³³⁸
178 4699 571 4771 Mutunus
598 4720 826 4761 suorum
849 4707 1033 4777 gloriae
1076 4705 1312 4761 invidere
1329 4749 1343 4772 ,
1394 4714 1484 4762 aut
1513 4721 1606 4763 eo-

78 4795 177 4839 ηιν
198 4798 447 4849 tam
482 4795 731 4851 fastidire
767 4794 1115 4867 (Πὶεγοπῃηιη
1155 4796 1315 4868 Epist.
1341 4797 1377 4851 2
1401 4795 1472 4850 ad
1497 4796 1603 4852 Ne-

80 4874 279 4951 μέας).
309 4879 541 4940 νεανία
557 4886 639 4940 ab
658 4886 807 4941 hisee
829 4888 1005 4956 pravis
1031 4887 1393 4944 aﬂeetionibus
1415 4889 1607 4944 irnmu-

83 4960 164 5031 *ν
180 4980 293 5026 ει.
309 4970 365 5027 ia
381 4972 749 5034 Orientalibus
784 4979 1037 5034 Ecclcsiis
1067 4980 1403 5051 presbyteros
1423 4995 1604 5037 coram

85 5056 379 5132 Ma
400 5080 505 5123 Ill
526 5077 752 5140 recepto
770 5070 1025 5142 populum
1047 5071 1241 5127 docere
1259 5085 1369 5128 non
1396 5075 1607 5144 ignora-

86 5150 165 5210 Μ.
184 5148 467 5212 lib-In
485 5159 643 5216 illum
665 5174 875 5216 morem
901 5161 1110 5218 scivere
1139 5178 1249 5218 non
1271 5170 1354 5220 est
1382 5166 1600 5220 veritus.

88 5234 319 5337 [ist
340 5250 689 5310 tilitatem
712 5253 863 5309 latini
890 5256 1153 5312 sermonis
1184 5270 1343 5312 usum
1382 5258 1450 5313 ad
1490 5260 1603 5329 ple-

92 5322 559 5401 ΝΜ
577 5358 691 5403 ω
714 5357 999 5419 suppetere
1021 5351 1292 5419 cernebat,
1319 5351 1465 5408 vices
1482 5368 1604 5411 suas

93 5418 668 5511 ww,
712 5418 1155 5511 διάκεισθον-ιω
1189 5455 1253 5498 se
1280 5418 1344 5497 in
1381 5445 1605 5501 ecclesia

1031 5537 1257 5587 tractare
1280 5532 1600 5605 (Possidius,

510 5638 562 5676 ι·
595 5594 694 5691 8)..
710 5621 774 5678 id
794 5622 1033 5680 nonnulli
1061 5594 1375 5696 carpserunt
1394 5594 1602 5700 epist-0:

752 5730 815 5771 ac
852 5719 1102 5786 providus
1141 5686 1302 5776 series
1346 5686 1605 5779 minorem

97 5782 561 5861 ι-ωιιω..
594 5818 713 5861 esse
748 5782 1153 5866 animum
1181 5813 1479 5885 linguarum
1515 5828 1602 5869 ra-

38 6100 395 6285 LL...

65 6369 112 6376 ..-

3170 377 3273 434 174

1700 492 1918 556 tionem,
1941 504 2097 560 quam
2128 488 2293 557 ipsius
2321 488 2557 545 utilitatis
2582 498 2637 545 et
2657 488 2878 556 fructus,
2906 506 3062 563 quem
3089 492 3274 549 Eccle-
3320 488 3336 523 δ’

1699 584 1792 638 size
1830 597 1940 637 sua:
1978 596 2075 652 per
2105 580 2456 636 ministerium
2496 580 2788 652 presbyteri
2829 596 2945 638 eam
2984 583 3274 642 erudientls
3294 635 3303 682 ί

1700 672 1918 745 (quippe
1944 688 2066 729 cum
2092 688 2187 743 per
2211 688 2271 729 se
2290 672 2465 727 minus
2491 672 2545 727 id
2576 673 2780 745 posset)
2812 676 3144 743 procumbat.
3178 676 3269 734 Sic

1698 767 2042 837 Augustinus,
2071 774 2127 820 ut
2152 765 2367 822 lucerna
2395 764 2593 821 ardens
2620 772 2676 820 et
2697 764 2881 821 lucens
2905 781 3062 837 super
3090 767 3277 824 Eccle-
3300 760 3311 801 '~

1699 857 1793 914 sita
1832 858 2209 915 candelabrum
2249 859 2419 929 posita
2441 900 2457 924 ,
2496 857 2748 914 omnibus
2784 858 2873 928 qui
2902 858 2954 913 in
2993 859 3152 916 domo
3179 861 3274 918 Dei

1699 956 1870 1013 erant,
1894 948 2154 1004 doctrina:
2178 964 2291 1005 suae
2310 948 2472 1004 radiis
2493 946 2756 1004 illucebat.
2777 946 2913 1004 Cum
2936 957 3113 1005 autem
3135 949 3275 1006 fama

1700 1055 1972 1097 sacrarum
1998 1042 2312 1097 concionum
2330 1082 2346 1105 ,
2376 1056 2509 1112 quas
2535 1040 2603 1096 ad
2630 1040 2998 1112 Hipponenses
3025 1042 3275 1111 habebat,

1699 1132 1857 1204 longe
1883 1132 2095 1203 bisque
2122 1131 2507 1188 ditlunderetur
2525 1174 2540 1199 ,
2583 1131 2853 1189 nonnullae
2884 1131 3139 1188 Ecclesia:
3177 1133 3276 1189 bo-

1699 1239 1828 1280 num
1854 1224 2153 1294 exemplum
2181 1233 2378 1280 secutae
2397 1232 2542 1292 sunt,
2560 1232 2619 1279 ut
2641 1223 2695 1279 in
2721 1224 2787 1280 iis
2806 1223 3120 1295 presbyteri,
3142 1223 3282 1283 facta

1699 1316 1800 1371 sibi
1829 1317 1897 1372 ab
1920 1318 2172 1387 episcopo
2196 1331 2297 1372 suo
2328 1324 2621 1387 potestate,
2649 1331 2829 1371 coram
2853 1330 2921 1372 eo
2942 1316 3164 1372 verbum
3193 1331 3281 1373 sa-

1700 1406 1823 1462 lutis
1843 1414 2072 1463 tractare
2099 1406 2413 1477 inciperent.
2441 1406 2628 1463 Exstat
2646 1405 2909 1476 hodieque
2933 1406 3210 1477 Augustini
3224 1415 3283 1463 et

1698 1499 1873 1571 Alypii
1891 1500 2001 1571 jam
2028 1500 2401 1571 episcoporum
2428 1499 2653 1570 epistola
2676 1498 2742 1554 ad
2764 1498 3037 1555 Aurelium
3062 1497 3286 1555 Cartha-

1698 1591 1992 1662 ginensem',
2017 1593 2104 1648 cui
2134 1592 2204 1647 ob
2232 1591 2370 1647 hanc
2396 1592 2663 1662 praecipue
2688 1605 2905 1647 causam
2926 1591 3278 1663 gratulantur,

1699 1683 1841 1754 quod
1868 1684 2189 1756 presbyteris
2216 1698 2277 1741 se
2300 1692 2567 1755 prasente
2594 1698 2899 1740 sermonem
2932 1684 3002 1739 ad
3030 1685 3282 1755 populum

1701 1772 2021 1844 baberejam
2040 1776 2271 1846 primum
2287 1776 2619 1846 permitteret
2635 1773 2830 1848 (Epist.
2852 1776 2942 1842 il,
2971 1793 3023 1829 η.
3053 1774 3127 1846 1).
3157 1775 3285 1830 Hace

1700 1867 1923 1937 cpistola
1943 1909 1957 1932 ,
2003 1877 2063 1923 ut
2090 1868 2314 1932 videtur,
2349 1869 2615 1939 prioribus
2640 1870 2793 1925 annis
2815 1870 3152 1940 episcopatus
3172 1871 3285 1925 Au-

1705 1959 1899 2029 gustini
1930 1961 2229 2030 conscripta
2253 1969 2354 2016 est.
2381 1960 2708 2032 Augustinus
2739 1960 2852 2030 ipse
2876 1971 2996 2032 post
3018 1960 3175 2015 tinem
3203 1960 3287 2015 sui

1700 2052 1984 2122 aliquando
2008 2053 2294 2119 sermonis,
2322 2052 2579 2129 pupulum
2606 2052 2913 2107 cohortatus
2939 2060 3020 2107 est
3037 2092 3052 2119 ,
3079 2061 3132 2106 ut
3163 2067 3287 2122 pre-

1701 2144 1943 2215 sbyteros
1970 2153 2090 2213 post
2124 2158 2181 2200 se
2210 2144 2369 2201 verba
2407 2145 2506 2201 Dei
2533 2143 2925 2202 ministratores
2960 2144 3142 2201 audire
3179 2158 3284 2201 non

1702 2238 1902 2306 pigeret
1928 2234 2117 2307 (Serm.
2143 2235 2232 2303 20,
2264 2251 2317 2290 η.
2342 2236 2419 2307 5).

2328 2346 2558 2405 CAPUT
2588 2346 2653 2404 V.

1706 2440 1731 2494 1
1768 2439 2130 2495 Monasterium
2153 2438 2390 2514 Hippone
2409 2442 2682 2497 constituit.
2708 2438 2745 2496 Ξ
2771 2436 2849 2497 De
2873 2443 2981 2514 ejus
3002 2440 3282 2513 discipulis.

1776 2532 1810 2589 5
1840 2531 1923 2587 Ea:
1959 2534 2022 2587 iis
2065 2532 2236 2605 plures
2277 2534 2347 2588 ad
2377 2534 2720 2606 episcopatum
2744 2535 3006 2604 assumpti.
3039 2536 3073 2590 4
3105 2532 3288 2588 Mona-

1774 2625 1899 2677 stica
1927 2625 2027 2678 vita
2056 2623 2327 2695 Augustini
2352 2625 2518 2680 studio
2572 2641 2662 2696 per
2707 2624 2933 2695 Africam
2988 2633 3285 2697 propagata.

1778 2715 1811 2770 5
1838 2713 2207 2770 Monac/torum
2229 2716 2562 2787 quorumdam
2587 2732 2649 2771 ea:
2668 2732 2875 2771 suorum
2896 2734 3098 2771 numero
3119 2718 3292 2788 lapsus

1776 2823 1926 2878 quant
1954 2806 2169 2877 graviter
2197 2804 2333 2860 tulit.
2367 2806 2401 2861 6
2428 2805 2751 2862 Demonstrat
2776 2806 2899 2877 efﬁci
2920 2822 3022 2861 non
3058 2824 3202 2878 posse
3237 2816 3295 2861 ut

1778 2898 2053 2951 monastica
2081 2897 2328 2969 professio
2354 2895 2521 2951 nullos
2542 2898 2681 2951 bonis
2703 2895 2863 2951 malos
2885 2898 3065 2951 mixtos
3089 2896 3289 2951 habeat.

1778 2988 1811 3042 7
1836 2985 2039 3056 Inﬁma:
2068 2989 2215 3042 sortis
2242 2987 2466 3043 homines
2496 2988 2565 3041 ad
2586 3002 2697 3043 eam
2723 2988 2920 3043 admitti
2937 2989 3101 3061 jubet,
3128 3002 3287 3060 neque

1778 3077 2012 3133 divitibus
2046 3079 2247 3133 admitti
2288 3080 2601 3150 cupientibus
2638 3079 2811 3135 haberi
2836 3081 3052 3136 minores
3079 3082 3290 3153 gratias,

1779 3185 1893 3223 cum
1916 3169 2119 3225 ubilibet
2143 3172 2328 3242 egenis,
2360 3187 2512 3241 quam
2540 3186 2656 3225 cum
2682 3171 2982 3226 monasterio
3002 3187 3119 3227 suas
3144 3173 3293 3228 dede-

1778 3261 1881 3314 rint
1910 3262 2191 3332 facultates.
2224 3260 2257 3316 8
2285 3259 2362 3315 De
2387 3263 2853 3317 sanctimoniatibus
2879 3260 3288 3335 Hipponensibus

1781 3355 2061 3408 communis
2086 3355 2198 3408 vita:
2220 3354 2503 3410 institutum
2532 3356 2585 3410 in
2614 3356 2911 3411 monasterio
2933 3373 3022 3429 per
3048 3374 3159 3412 eum
3180 3371 3290 3413 ere—

1779 3455 1858 3500 cto
1885 3447 2140 3517 professis.

1781 3536 1833 3590 1.
1858 3535 1969 3591 Etsi
1992 3534 2195 3591 fatistus
2221 3536 2307 3592 ille
2329 3535 2442 3594 dies
2461 3534 2807 3593 ordinationis
2827 3540 2940 3607 ejus
2955 3539 3116 3594 vitam
3133 3535 3289 3596 aliam

1708 3624 1920 3694 atl‘erre,
1942 3636 2100 3698 atque
2124 3627 2256 3683 alios
2288 3643 2466 3685 mores
2493 3630 2790 3703 presbyteri
2809 3629 3004 3701 gradus
3022 3630 3290 3702 postulare

1708 3717 1953 3774 videatur
1979 3718 2140 3789 (quod
2172 3718 2457 3775 Martianus
2481 3720 2653 3777 amico
2677 3734 2774 3777 suo
2799 3736 2861 3777 ea
2888 3721 3107 3778 forsitan
3134 3737 3289 3779 occa-

1710 3807 1882 3874 sione,
1913 3807 1964 3862 id
1990 3816 2090 3874 est,
2116 3806 2396 3881 Tagastam
2430 3809 2568 3867 forte
2606 3825 2822 3868 reverso
2850 3820 2971 3883 post
3002 3813 3293 3869 ordinatio-

1710 3912 1863 3963 nem,
1918 3908 2078 3970 atque
2128 3898 2248 3956 inde
2291 3898 2586 3972 Hipponem
2630 3901 2935 3973 profecturo
2976 3902 3293 3975 suggerebat

1711 3989 1900 4063 [Ερὶςτ.
1936 3990 2064 4057 258,
2092 4008 2143 4045 η.
2161 3989 2214 4064 5]
2238 3992 2291 4062 );
2322 3991 2390 4048 de
2415 3993 2737 4047 monasterio
2759 3990 3103 4049 nihilominus
3128 4008 3286 4065 quam

1708 4082 1936 4151 primum
1959 4082 2329 4139 constituendo
2354 4083 2549 4155 cogitat
2574 4083 2667 4139 Vir
2684 4093 2919 4151 sanctus,
2945 4085 3033 4140 ubi
3055 4099 3173 4142 cum
3195 4086 3293 4144 Dei

1709 4174 1882 4230 servis
1921 4183 2231 4229 constanter
2269 4173 2469 4231 humile
2495 4186 2546 4231 et
2574 4175 2838 4247 abiectum
2868 4174 3081 4233 vivendi
3121 4191 3290 4249 genus

1712 4272 1890 4321 tenere
1915 4273 2118 4335 pergat.
2144 4262 2260 4334 Quo
2286 4266 2499 4336 quidem
2528 4276 2802 4337 comperto
2821 4265 3062 4323 Valerius
3084 4268 3292 4338 episco-

1709 4370 1807 4426 pus
1836 4358 1975 4411 votis
1995 4356 2139 4413 illius
2156 4359 2544 4424 obsecundans,
2568 4359 2782 4415 hortum
2811 4359 2908 4430 ipsi
2939 4360 3072 4414 hanc
3100 4360 3150 4414 in
3174 4375 3287 4415 rem

1709 4447 1992 4502 concessit.
2019 4443 2078 4502 id
2106 4447 2157 4502 in
2190 4449 2395 4518 publica
2420 4449 2675 4505 concione
2702 4448 2840 4519 plebi
2870 4458 2979 4503 sua:
3009 4458 3187 4504 narrat
3206 4448 3289 4504 di-

1709 4538 1863 4593 cendi
1888 4536 2048 4592 modo
2086 4552 2337 4608 perquam
2374 4538 2639 4606 familiari,
2670 4554 2731 4594 ac
2754 4538 2941 4595 ordine
2961 4554 3139 4595 rerum
3169 4549 3287 4596 tan-

1710 4630 1879 4699 tisper
1895 4629 2135 4700 neglecto
2150 4646 2167 4694 ;
2195 4626 2333 4684 unde
2345 4622 2612 4685 nonnullis
2631 4629 2752 4685 data
2771 4632 2979 4687 occasio
2993 4633 3285 4704 asserendi,

1709 4734 1831 4775 eum
1857 4728 2139 4790 postquam
2169 4716 2296 4774 illud
2325 4719 2447 4775 vita:
2472 4732 2638 4790 genus
2661 4721 2801 4792 apud
2824 4721 3102 4794 Tagastam
3125 4741 3288 4782 exco-

1709 4809 1900 4876 luerat,
1924 4824 2045 4864 sese
2069 4811 2377 4864 monasterii
2396 4810 2633 4881 erigendi
2656 4813 2820 4884 gratia
2844 4812 3136 4885 liipponcm
3162 4832 3289 4873 con-

1711 4899 1916 4967 tulisse,
1939 4901 2061 4971 quia
2086 4899 2319 4956 nondum
2347 4900 2563 4973 aliquod
2587 4905 2653 4960 ab
2677 4920 2742 4961 co
2764 4906 3077 4963 instructum
3104 4907 3292 4967 fuisset

1710 4997 2089 5050 monasterium
2117 4994 2410 5070 (Baronius,
2442 4996 2511 5051 ad
2527 5016 2648 5055 ann.
2692 4998 2815 5068 391,
2847 5018 2897 5055 n.
2926 4999 3037 5074 2i).
3069 5003 3139 5058 At
3175 5002 3291 5060 veri

1709 5102 1815 5143 non
1843 5087 2049 5144 videtur
2072 5088 2264 5158 simile,
2298 5099 2353 5148 et
2376 5107 2498 5148 eum
2527 5092 2736 5148 circiter
2762 5101 2870 5151 tres
2912 5111 3078 5151 annos
3116 5096 3172 5151 in
3201 5112 3290 5154 se-

1710 5193 1865 5235 cessu
1888 5181 2196 5237 monasticae
2221 5182 2341 5237 vitae
2360 5183 2630 5238 exercitiis
2649 5200 2770 5241 cum
2795 5186 2965 5241 servis
2987 5186 3078 5242 Dei
3100 5204 3292 5244 vacan-

1710 5280 1816 5329 tem
1837 5275 2073 5332 caruisse
2091 5278 2432 5346 monasterio,
2458 5285 2512 5334 et
2536 5278 2666 5334 illud
2686 5280 3006 5353 Tagastense
3025 5293 3293 5341 monaste—

1710 5365 1845 5420 rium
1872 5408 1887 5433 ,
1933 5366 2084 5437 cujus
2122 5366 2309 5423 incolis
2346 5383 2487 5424 anno
2527 5372 2903 5429 trecentesimo
2945 5375 3290 5445 nonagesimo

1712 5462 1900 5525 quarto
1937 5457 2162 5513 salutem
2206 5467 2447 5528 precatus
2475 5468 2556 5515 est
2584 5458 2835 5519 Paulinus
2864 5461 3026 5535 (apud
3051 5464 3289 5534 August.,

1712 5544 1878 5618 Epist.
1917 5544 2023 5614 24,
2066 5563 2117 5601 η.
2149 5544 2228 5621 6),
2257 5548 2449 5621 quovis
2478 5550 2582 5605 alio
2610 5551 2784 5622 potius
2812 5567 2966 5623 quam
2998 5550 3292 5621 Augustino

1714 5633 1992 5690 fundatore
2018 5646 2274 5692 erectum.
2306 5638 2395 5694 Sic
2417 5654 2546 5711 ergo
2573 5639 2826 5711 legendus
2856 5640 3199 5710 Augustinus,
3234 5646 3292 5694 ut

1714 5724 1859 5796 quod
1877 5726 1950 5781 ait
1975 5744 1985 5779 :
2018 5725 2130 5800 Ego
2150 5744 2298 5796 quem
2322 5729 2431 5784 Deo
2456 5730 2674 5799 prapitio
2699 5730 2872 5784 videtis
2897 5729 3184 5799 episcopum
3208 5746 3294 5785 oc-

1718 5826 1896 5884 strum,
1926 5819 2124 5888 juvenis
2147 5820 2257 5874 veni
2276 5821 2345 5873 ad
2368 5821 2514 5873 istam
2540 5819 2804 5887 civitatem,
2833 5828 2886 5872 ut
2905 5819 3050 5874 multi
3074 5829 3291 5877 oestrum
