3868 6408
586 376 688 438 ΠΒ

581 501 838 550 noverunt.
872 490 1167 556 Quaerebam
1200 487 1283 542 ubi
1306 486 1648 541 constituerent
1676 484 2064 546 monasterium,
2106 491 2153 534 et

577 588 787 642 viverem
803 599 917 638 cum
937 582 1176 652 fratribus
1196 581 1352 644 meis;
1376 588 1492 648 post
1510 576 1815 646 prmdictum
1837 573 1983 640 illud,
2005 573 2150 639 Qua:-

576 677 766 740 rebam,
793 675 972 729 animo
999 671 1266 741 suppleas,
1293 685 1409 723 cum
1433 669 1555 722 mihi
1569 669 1681 737 jam
1709 665 1990 735 presbytero
2022 663 2150 734 Hip-

578 769 784 839 ponensi
813 769 867 820 in
895 766 989 819 hac
1026 764 1221 817 civitate
1260 763 1560 815 manendunt
1603 768 1768 812 esset:
1795 771 2022 827 moxque
2071 754 2152 809 his

575 875 696 930 quae
724 858 962 928 proxime
987 862 1277 925 sequuntur
1299 867 1392 922 per
1413 849 1766 921 parenthesim
1791 847 2063 914 sejunctis,
2084 846 2150 900 ad

577 951 850 1022 superiora
867 957 1118 1003 anneetas
1145 963 1158 998 :
1188 944 1253 998 Et
1278 944 1397 1014 quia
1419 943 1510 996 hoc
1529 939 1872 1010 disponebam,
1895 939 1948 992 in
1972 954 2150 992 mona-

577 1042 728 1096 sterio
756 1056 861 1094 esse
886 1055 1000 1092 cum
1033 1037 1276 1106 fratribus
1296 1076 1310 1098 ,
1341 1033 1540 1104 cognito
1564 1032 1787 1086 instituto
1815 1039 1861 1085 et
1901 1030 2151 1083 voluntate

575 1151 707 1199 mea,
736 1133 893 1186 beata:
910 1130 1163 1184 memoria:
1186 1143 1337 1182 senex
1372 1125 1602 1180 Valerius
1639 1123 1773 1177 dedit
1800 1120 1922 1175 mihi
1933 1120 2150 1194 Jortum

574 1223 742 1290 illum,
767 1223 818 1276 in
842 1237 943 1292 quo
967 1235 1101 1274 nunc
1125 1227 1196 1273 est
1214 1215 1587 1271 monasterium.
1609 1211 1749 1284 Coepi
1773 1212 1886 1266 boni
1907 1210 2150 1280 propositi

573 1317 755 1382 fratres
781 1313 1034 1383 colligere,
1067 1325 1324 1378 compares
1361 1323 1496 1361 meos
1517 1347 1533 1372 ,
1562 1305 1689 1358 nihil
1719 1303 1955 1357 habentes
1974 1341 1989 1367 ,
2020 1300 2150 1354 sicut

572 1408 700 1460 nihil
722 1404 982 1469 habebam,
1014 1411 1060 1456 et
1086 1402 1336 1455 imitantes
1359 1413 1470 1453 me:
1493 1407 1547 1451 ut
1570 1395 1822 1469 quomodo
1842 1411 1931 1465 ego
1953 1403 2151 1448 tenuem

584 1495 993 1568 paupertatulam
1019 1509 1180 1546 meam
1200 1490 1418 1551 vendidi,
1447 1499 1494 1543 et
1519 1487 1822 1559 pauperibus
1842 1483 2062 1555 erogavi,
2080 1483 2150 1536 sic

571 1591 792 1659 facerent
811 1595 858 1640 et
877 1585 954 1639 illi
967 1584 1053 1654 qui
1078 1599 1271 1638 mecum
1292 1598 1396 1637 esse
1417 1580 1707 1645 voluissent,
1733 1586 1786 1631 ut
1812 1576 1874 1630 de
1897 1573 2150 1629 communi

569 1679 881 1740 viveremus;
909 1691 1168 1729 commune
1187 1684 1353 1728 autem
1375 1672 1516 1726 nobis
1530 1679 1654 1725 esset
1680 1684 1919 1740 magnum
1937 1675 1983 1720 et
2004 1665 2150 1718 uber-

568 1770 755 1822 rimum
784 1768 1028 1838 praedium
1054 1768 1161 1838 ipse
1185 1766 1324 1821 Deus
1353 1765 1543 1836 (Serm.
1571 1763 1704 1826 555,
1745 1780 1798 1818 n.
1824 1759 1902 1831 ‘2).
1931 1758 2020 1814 Sic
2047 1773 2149 1812 una

568 1875 690 1914 cum
712 1859 879 1914 servis
909 1858 1022 1924 Dei,
1045 1873 1180 1928 quos
1208 1862 1640 1925 congregaverat,
1675 1852 1813 1907 idem
1837 1852 1955 1905 vita:
1983 1863 2149 1919 genus

567 1949 889 2020 sequebatur
907 1989 922 2013 ,
952 1947 1093 2017 quod
1118 1945 1466 2016 Jerosolymis
1493 1943 1866 2013 Apostolorum
1896 1940 2149 2009 tempori-

567 2039 670 2094 bus
700 2039 855 2109 primi
893 2037 1338 2092 consectabantur
1376 2034 1692 2098 Christiani;
1737 2034 1888 2102 quale
1914 2031 2065 2086 nobis
2096 2031 2147 2084 in

566 2128 715 2184 Actis
738 2129 1110 2198 Apostolorum
1141 2127 1438 2191 exhibetur,
1463 2123 1676 2195 etquod
1708 2125 1819 2193 ipse
1849 2123 2021 2177 adhuc
2048 2123 2146 2176 lai-

565 2235 660 2274 cus
685 2219 865 2274 colere
883 2218 999 2289 jam
1025 2227 1278 2287 coeperat.
1308 2216 1664 2287 Hipponensis
1685 2215 1825 2268 illius
1843 2213 2147 2268 monasterii

563 2311 890 2366 erectionem
931 2319 1080 2364 notat
1126 2308 1398 2364 Possidius
1441 2309 1521 2362 his
1567 2307 1779 2362 verbis:
1816 2303 2006 2357 Factus
2031 2319 2147 2373 ergo

568 2403 825 2475 presbyter
853 2403 1211 2456 monasterium
1233 2401 1369 2454 intra
1399 2399 1658 2453 ecclesiam
1685 2413 1802 2451 mos:
1823 2396 2032 2449 instituit
2054 2411 2073 2458 ;
2102 2404 2149 2448 et

564 2510 678 2546 cum
705 2492 798 2546 Dei
818 2493 971 2546 servis
996 2493 1154 2546 vivere
1178 2491 1323 2560 erepit
1349 2487 1622 2543 secundum
1644 2487 1847 2540 modum
1863 2495 1906 2539 et
1924 2486 2148 2555 regulam

566 2583 656 2638 sub
676 2585 862 2638 sanctis
879 2583 1130 2654 Apostolis
1156 2581 1475 2635 constitutam
1501 2595 1519 2633 :
1538 2581 1753 2633 maxime
1775 2587 1825 2631 ut
1845 2594 1987 2631 nemo
2002 2576 2151 2647 quid-

565 2690 720 2742 quam
750 2673 1008 2744 proprinnt
1033 2673 1084 2726 in
1114 2672 1205 2726 illa
1231 2672 1464 2726 societate
1493 2669 1720 2734 haberet,
1766 2668 1853 2723 sed
1882 2669 1950 2721 eis
1988 2677 2146 2722 essent

565 2766 735 2822 omnia
771 2765 1077 2832 communia,
1105 2774 1152 2818 et
1180 2764 1554 2818 distribueretur
1579 2763 1845 2830 unicuique
1869 2763 1997 2814 sicut
2020 2777 2147 2828 opus

563 2865 709 2924 erat;
735 2856 873 2929 quod
889 2857 1004 2926 jam
1030 2856 1140 2927 ipse
1166 2855 1304 2925 prior
1332 2859 1538 2926 fecerat,
1570 2855 1691 2907 dum
1713 2853 1775 2906 de
1798 2852 2147 2906 transmarinis

569 2947 639 3002 ad
663 2965 757 3003 sua
780 2957 1044 3004 remeasset
1089 2947 1108 3019 (
1131 2946 1393 3002 Possidius
1416 2988 1430 3013 ,
1453 2947 1505 2999 in
1537 2944 1652 2999 Vita
1682 2946 1966 3016 Augustini,
1993 2961 2035 2997 c.
2053 2945 2085 3000 5
2102 2942 2144 3013 ).

564 3040 882 3097 ϐωιιοιιίιιιη
921 3040 1062 3096 istud
1103 3041 1240 3094 intra
1268 3040 1545 3094 ecclesiam
1574 3038 1734 3092 fuisse
1760 3038 1944 3092 scribit
1968 3037 2144 3092 Possi-

565 3127 708 3195 dius,
736 3129 807 3184 ob
831 3144 950 3183 eam
978 3129 1219 3183 fortassis
1246 3143 1482 3194 causam,
1512 3127 1651 3196 quod
1679 3127 1865 3183 hortus
1886 3129 1914 3180 ἐξ
1936 3127 2146 3182 Valerio

565 3219 647 3275 illi
679 3233 966 3274 concessus
1003 3219 1071 3274 ad
1111 3219 1390 3274 ecclesiam
1419 3219 1808 3288 llipponenscrn
1838 3220 2142 3288 pertineret,

566 3316 624 3364 et
651 3308 773 3365 huic
791 3309 953 3365 etiam
985 3307 1122 3363 foret
1143 3308 1433 3378 proximus.
1463 3307 1593 3362 Nam
1621 3309 1760 3377 quod
1789 3309 1838 3362 in
1861 3309 2144 3379 cpisc0pali

567 3399 729 3455 domo
747 3400 922 3456 erexit
940 3400 1339 3467 monasterium,
1367 3399 1508 3454 aliud
1535 3410 1647 3455 erat
1669 3417 1696 3455 a
1719 3401 1976 3471 superiori
2001 3418 2015 3465 ;
2049 3417 2146 3458 nec

569 3489 711 3544 istud
734 3490 833 3546 nisi
850 3490 959 3560 jam
985 3490 1265 3560 episcopus
1286 3501 1497 3547 creatus
1522 3493 1682 3563 coepit
1707 3503 1998 3548 exstruere.
2018 3493 2147 3548 Pos-

567 3580 761 3636 sidium
791 3581 904 3636 haec
941 3580 1048 3637 duo
1075 3582 1316 3638 ccenobia
1341 3582 1644 3639 confudisse
1681 3585 1862 3640 scribit
1890 3585 2145 3639 Batonius

568 3669 842 3740 (Baronius
859 3714 875 3740 ,
901 3672 970 3726 ad
994 3689 1182 3727 annum
1210 3673 1344 3740 591,
1375 3691 1428 3728 n.
1459 3674 1584 3745 25),
1613 3675 1752 3744 quod
1777 3684 1950 3732 tamen
1971 3672 2144 3732 credi-

567 3765 676 3822 bile
702 3782 808 3821 non
835 3767 1184 3834 videtur;nec
1214 3776 1296 3823 est
1318 3767 1458 3838 quod
1489 3784 1589 3824 nos
1617 3779 1770 3840 cogat
1799 3768 1850 3824 id
1881 3785 2141 3826 asserere.

568 3857 786 3914 Aurelio
831 3857 1324 3932 Carthaginensium
1354 3862 1605 3933 episcopo
1629 3863 1951 3933 Augustinus
1975 3865 2145 3921 adhuc

565 3951 846 4024 presbyter
881 3955 1078 4024 gratias
1104 3955 1244 4025 agit,
1283 3954 1424 4026 quod
1453 3955 1570 4025 ejus
1595 3964 1648 4011 et
1677 3957 1819 4012 euris
1846 3965 1899 4012 et
1927 3958 2144 4012 munifi-

571 4043 744 4098 centia
773 4044 1027 4114 praedium
1060 4045 1274 4116 aliquod
1298 4045 1479 4102 datum
1504 4057 1648 4103 esset
1682 4048 1928 4104 fratribus
1949 4047 2141 4121 (Epist.

563 4131 656 4198 22,
685 4150 738 4186 η.
766 4131 857 4205 9):
885 4150 990 4205 quo
1029 4137 1246 4192 nomine
1290 4137 1660 4208 intelligendus
1690 4140 1832 4194 venit
1856 4139 1941 4195 vel
1975 4139 2144 4210 Taga-

566 4224 762 4278 stensis
787 4234 976 4290 cretus,
1003 4227 1086 4281 vel
1112 4227 1463 4298 Hipponensis
1487 4247 1502 4296 ;
1532 4245 1655 4284 nam
1681 4245 1802 4285 cum
1827 4240 2048 4302 uterque
2075 4232 2145 4288 ab

564 4315 865 4386 Augustino
900 4326 1249 4388 congregatus
1277 4329 1440 4386 esset,
1467 4320 1535 4374 ad
1563 4320 1678 4390 ejus
1712 4336 1923 4392 quoque
1960 4337 2142 4378 curam

567 4414 792 4477 uterque
828 4406 1224 4478 quodammodo
1253 4410 1568 4480 pertinebat.
1617 4409 1769 4467 Illum
1792 4427 1918 4483 ergo
1947 4421 2144 4469 emtum

562 4495 784 4552 fratrum
811 4513 1149 4570 summopere
1170 4499 1471 4557 devinctum
1499 4515 1619 4558 esse
1651 4502 1779 4558 dicit
1815 4503 2016 4559 Aurelii
2050 4503 2144 4560 be-

564 4587 785 4651 nelicio,
827 4588 918 4658 qui
963 4590 1072 4646 suis
1107 4591 1309 4648 scilicet
1331 4607 1453 4664 erga
1491 4609 1616 4649 eum
1644 4593 1786 4649 curis
1815 4593 2140 4662 ostenderet,

570 4687 826 4746 quantum
856 4679 930 4734 illi
957 4683 1146 4752 spiritu
1171 4685 1600 4756 conjungeretur,
1625 4700 1656 4742 a
1684 4700 1790 4757 quo
1813 4687 1974 4742 tantis
1998 4686 2142 4742 loco-

563 4783 684 4822 rum
708 4767 1001 4838 disjunctus
1023 4783 1166 4828 esset
1194 4775 1500 4833 intervallis.

632 4856 688 4911 2.
718 4857 902 4914 Nullus
928 4860 982 4914 in
1008 4860 1223 4918 dubium
1253 4875 1434 4931 vocat,
1472 4867 1603 4937 quin
1624 4867 1846 4940 Alypius
1867 4909 1880 4935 ,
1912 4867 2140 4925 Severus

563 4958 618 5004 et
641 4948 873 5003 Evodius
897 4950 1191 5021 Augustino
1220 4954 1392 5011 adhuc
1419 4957 1552 5012 laico
1578 4968 1684 5013 tam
1713 4969 1872 5016 arcta:
1906 4960 2140 5016 necessi-

563 5039 762 5096 tudinis
791 5043 999 5099 vinculo
1025 5047 1263 5112 astricti,
1295 5047 1418 5104 huic
1457 5058 1654 5105 sanctae
1680 5052 1917 5107 societati
1942 5069 2138 5110 nomen

565 5131 828 5189 dederint.
855 5133 973 5206 Ipse
997 5137 1244 5193 Aurelius
1270 5139 1700 5211 Carthaginensis
1727 5143 2017 5212 Augustino
2044 5160 2140 5215 per

562 5222 768 5280 litteras
793 5227 1156 5296 gratulabatur
1179 5271 1196 5296 ,
1240 5231 1381 5302 quod
1420 5232 1474 5287 in
1502 5232 1619 5302 ejus
1661 5233 2034 5304 conjunctione
2075 5252 2140 5292 ac

565 5315 823 5372 societate
860 5320 1141 5376 mansisset
1165 5322 1418 5394 Alypius,
1451 5332 1509 5378 ut
1539 5325 1785 5394 exemplo
1808 5335 1951 5382 esset
1985 5341 2138 5384 curas

558 5405 747 5462 surculi
807 5409 974 5464 vitare
1017 5410 1346 5480 cupientibus
1383 5410 1592 5485 (Ibid.,
1651 5431 1702 5468 η.
1750 5412 1841 5487 1).
1891 5416 2140 5487 Augusti-

562 5509 665 5552 nus
689 5496 740 5552 in
767 5497 976 5555 duobus
1003 5502 1380 5570 posterioribus
1402 5505 1552 5561 libris
1571 5504 1638 5562 de
1665 5504 1858 5562 Libero
1882 5508 2136 5576 Arbitrio,

561 5601 700 5659 quos
724 5589 882 5662 paulo
905 5600 1030 5648 ante
1053 5592 1412 5666 episcopatum
1441 5613 1594 5652 suum
1622 5599 1964 5668 conscripsit,
1994 5601 2137 5656 Evo-

1709 367 1867 424 Vl'l‘A
1907 368 1965 424 S.
2004 359 2371 423 AUGUSTINI
2409 357 2728 420 EPISCOPI.
3663 370 3733 426 nt:

2258 477 2516 533 Evodium
2533 479 2586 532 in
2605 472 2929 531 monasterio
2945 470 3150 543 degisse
3164 468 3348 544 (Epist.
3368 475 3479 542 l58,
3497 493 3542 530 η.
3561 479 3649 551 ll),
3665 498 3732 540 nec

2259 569 2524 624 habitasse
2553 567 2736 638 procul
2755 565 2994 636 Hippone
3016 581 3030 616 :
3055 563 3292 620 videlicet
3309 579 3422 621 casu
3441 567 3633 637 quodam
3647 587 3730 629 cum

2255 660 2598 716 Proculeiano
2629 657 2932 714 Donatianaz
2959 655 3123 727 partis
3149 655 3389 726 episcopo
3408 656 3676 728 Hipponensi
3695 665 3729 720 in

2256 769 2412 808 unam
2460 753 2676 808 domum
2705 750 3062 814 conveniens,
3113 749 3496 806 collocationem
3533 768 3631 808 cum
3653 756 3730 826 ipso

2255 845 2467 911 habuit,
2499 843 2920 914 sententiamque
2963 841 3127 912 ipsius
3169 849 3225 896 et
3261 850 3477 897 mentem
3513 844 3731 915 Augustino

2255 938 2478 994 subinde
2508 936 2761 992 indicavit
2801 933 3010 1007 (Epist.
3039 934 3128 1000 55,
3179 949 3230 988 n.
3262 934 3352 1004 2).
3389 934 3621 992 Possidius
3652 955 3731 1009 per-

2254 1031 2472 1086 illustris
2511 1030 2789 1100 episcopus
2833 1026 3157 1084 Calamensis
3178 1067 3196 1090 .
3225 1025 3315 1097 qui
3358 1027 3600 1098 Augustini
3634 1043 3731 1101 gesta

2254 1125 2526 1179 memoriae
2556 1122 2821 1194 prodidit,
2851 1122 2904 1176 in
2931 1119 3115 1192 primis
3150 1118 3287 1175 haud
3309 1118 3458 1182 dubie
3478 1119 3526 1174 in
3547 1121 3638 1190 ejus
3657 1139 3730 1178 mo-

2254 1216 2541 1271 nasterium
2580 1229 2638 1270 se
2683 1213 2916 1285 recepit;
2961 1227 3083 1268 cum
3129 1211 3243 1281 ejus
3277 1226 3336 1266 se
3377 1210 3593 1266 charitati
3623 1229 3729 1283 quam

2253 1306 2493 1377 plurimis
2529 1305 2681 1360 annis
2710 1304 3017 1369 inbazsisse,
3049 1311 3207 1374 atque
3234 1302 3286 1357 in
3313 1301 3445 1358 illius
3481 1303 3731 1360 societateet

2253 1397 2480 1453 amicitia
2505 1397 2739 1466 jucunde
2771 1411 2833 1450 ac
2859 1394 3214 1460 familiariter,
3250 1393 3376 1448 citra
3395 1392 3538 1447 ullam
3567 1407 3730 1448 amaram

2255 1488 2640 1543 dissensionem
2664 1529 2679 1553 ,
2708 1486 2863 1543 annis
2892 1485 3059 1541 ferme
3093 1483 3425 1556 quadraginta
3451 1484 3614 1541 vixisse
3630 1499 3730 1540 com-

2253 1586 2510 1634 memoret
2530 1577 2781 1650 (Possid.,
2806 1578 2860 1631 in
2883 1575 2994 1631 Vita
3011 1576 3166 1646 Aug.,
3186 1573 3467 1642 Prrefat.,et
3483 1573 3626 1645 c.3l).
3639 1575 3732 1644 Ipse

2251 1677 2363 1725 met
2387 1669 2711 1740 Augustinus
2739 1669 2922 1724 scribit
2947 1683 3069 1724 eum
3106 1683 3203 1722 suo
3247 1667 3518 1723 ministerio
3551 1667 3729 1722 nutritum

2251 1760 2443 1827 fuisse,
2467 1778 2571 1816 non
2594 1761 2780 1816 litteris
2791 1759 3003 1831 quidem
3030 1759 3154 1825 illis,
3173 1772 3302 1829 quas
3316 1757 3565 1812 libidinum
3583 1771 3730 1811 suarum

2251 1853 2391 1909 servi
2420 1852 2666 1908 liberales
2712 1857 3041 1921 nuncupant,
3075 1849 3171 1904 sed
3201 1847 3462 1904 Dominico
3504 1862 3614 1916 parte
3633 1847 3731 1901 cibo—

2251 1960 2354 2015 que
2383 1944 2586 2000 cmlesti
2604 1985 2619 2012 ,
2649 1952 2894 2013 quantus,
2921 1942 3109 2012 inquit,
3141 1942 3189 1995 ei
3216 1940 3371 2011 potuit
3400 1955 3481 2009 per
3504 1947 3658 1993 nostras
3675 1953 3731 1989 an-

2250 2037 2440 2107 gustias
2491 2036 2771 2106 dispensari
2803 2034 3004 2108 (Epist.
3040 2033 3165 2099 101,
3198 2049 3251 2087 n.
3286 2031 3372 2103 1).
3401 2031 3616 2086 Testatur
3643 2028 3732 2083 idem

2251 2127 2332 2180 vir
2357 2127 2448 2181 Dei
2471 2168 2486 2193 ,
2516 2125 2777 2196 profuisse
2812 2141 2872 2181 se
2908 2125 3188 2181 conatibus
3232 2122 3342 2178 suis
3368 2121 3502 2177 fratri
3524 2117 3730 2176 Profuturo
3811 2117 3827 2196 In

2252 2219 2270 2289 (
2301 2218 2465 2288 Epist.
2493 2218 2585 2285 28,
2612 2235 2666 2272 ιι.
2699 2218 2776 2288 1),
2802 2217 2891 2288 qui
2911 2215 2978 2271 ad
2999 2216 3295 2271 Cirtensem
3315 2213 3630 2284 episcOpaturn
3643 2222 3734 2262 anno
3807 2213 3827 2289 In

2251 2310 2437 2364 Saltem
2481 2309 2858 2365 trecentesimo
2882 2307 3226 2378 nonagesimo
3253 2307 3431 2378 quinto
3471 2312 3647 2360 evectus
3665 2309 3732 2355 est.

2252 2401 2482 2457 Evodius
2508 2410 2685 2456 autem
2715 2401 2899 2456 scribit
2925 2400 2991 2456 ad
3032 2399 3382 2470 Augustinum
3416 2397 3478 2452 de
3499 2393 3732 2455 Profuturo,

2253 2494 2466 2549 Privato
2485 2502 2538 2549 et
2557 2493 2806 2560 Servilio,
2829 2493 2919 2562 qui
2939 2495 3107 2548 sancti
3132 2493 3234 2548 viri
3261 2491 3326 2547 de
3351 2486 3632 2546 monasterio
3649 2498 3735 2555 pne-

2251 2594 2560 2648 cesserant,
2586 2593 2641 2640 et
2667 2599 2800 2654 quos
2827 2583 2926 2638 sibi
2959 2593 3077 2654 post
3096 2584 3298 2653 obitum
3326 2583 3516 2638 locutos
3537 2577 3662 2634 fuisse
3680 2588 3735 2628 as-

2251 2684 2460 2730 severat
2489 2673 2507 2744 (
2535 2673 2702 2746 Epist.
2743 2673 2845 2730 158
2867 2713 2884 2740 ,
2921 2691 2973 2727 n.
3008 2672 3100 2745 9).
3123 2673 3362 2730 Meminit
3387 2669 3659 2741 Augustinus
3675 2679 3737 2717 cu-
3803 2669 3827 2746 1

2248 2766 2461 2836 jusdam
2494 2765 2689 2821 Privati
2720 2765 2999 2831 monachi,
3031 2766 3119 2836 qui
3149 2764 3383 2821 moriens
3407 2761 3585 2831 aliquot
3605 2753 3738 2812 solidos
3803 2768 3806 2836 ,j

2253 2871 2346 2925 per
2371 2855 2709 2911 donationem
2737 2856 2787 2911 in
2813 2855 3114 2925 quempiam
3135 2871 3244 2910 non
3274 2851 3584 2908 transtulerat
3607 2843 3735 2917 (Epist.

2250 2951 2349 3018 85,
2379 2967 2432 3005 n.
2466 2951 2500 3005 4
2520 2953 2558 3021 ).
2588 2949 2831 3006 Urbanus
2850 2990 2866 3016 ,
2899 2956 3080 3018 postea
3107 2946 3374 3004 Siccensis
3392 2943 3652 3015 episcopus,
3673 2933 3739 2988 lue

2250 3051 2333 3098 rat
2377 3041 2650 3112 presbyter
2698 3039 3051 3109 Hipponensis
3093 3037 3427 3107 (Sermonum
3473 3031 3736 3100 Fragmenta.
3807 3027 3814 3104 ξ

2251 3148 2303 3187 n.
2329 3134 2351 3186 1
2385 3133 2533 3202 primi
2565 3127 2809 3202 fragm).
2840 3128 3140 3185 Verisimile
3158 3143 3370 3200 quoque
3391 3132 3468 3181 est
3485 3117 3739 3190 Peregrinum

2249 3224 2555 3293 episcopum
2575 3263 2591 3289 ,
2632 3222 2784 3276 illum
2811 3222 2982 3292 ipsum
3012 3236 3132 3276 esse
3156 3222 3251 3292 qui
3276 3215 3536 3289 Augustini
3559 3212 3742 3268 diaconus
3807 3231 3827 3270 -_

2249 3324 2372 3370 ante
2410 3313 2584 3369 fuerat
2609 3312 2818 3384 (Epist.
2845 3313 2967 3378 171,
2991 3321 3036 3366 et
3061 3311 3235 3383 Epist.
3265 3311 3386 3378 159,
3414 3326 3464 3362 ιι.
3485 3304 3561 3377 4).
3587 3301 3740 3356 Tantam
3811 3345 3814 3354 .

2251 3404 2583 3474 Augustinus
2627 3403 2729 3458 sibi
2772 3418 2892 3459 cum
2937 3403 3210 3458 Bonifacio
3246 3395 3542 3471 Cataquensi
3566 3391 3742 3461 episcopo

2249 3495 2700 3552 necessitudinem
2729 3494 2894 3551 fuisse
2919 3494 3114 3564 ubique
3139 3490 3547 3563 testatur(Epist.
3566 3483 3639 3546 96,
3653 3497 3690 3533 rt.
3705 3474 3740 3564 2,

2248 3599 2295 3642 et
2312 3587 2473 3658 Epist.
2500 3586 2588 3653 97,
2616 3604 2669 3640 η.
2697 3587 2786 3658 5),
2802 3594 2860 3641 ut
2879 3563 3224 3657 certecolligi
3238 3584 3422 3657 possit,
3435 3594 3544 3636 eum
3559 3590 3612 3630 ex
3628 3563 3743 3658 sancti

2251 3657 2363 3735 Viri
2413 3680 2573 3735 luisse
2612 3657 2904 3748 discipulis.
2960 3679 3102 3734 Idem
3151 3678 3223 3735 de
3273 3676 3543 3732 Fortunato
3579 3657 3744 3722 Cirtensi

2249 3772 2500 3842 episcopo
2515 3771 2860 3826 asscrendum
2876 3770 3079 3826 videtur
3091 3769 3284 3842 (Epist.
3305 3768 3422 3834 115,
3433 3776 3478 3821 et
3493 3761 3631 3831 Epist.
3644 3751 3740 3816 lli)-

3803 3485 3817 3562 ἰ

3809 3565 3819 3706 ξ

3809 3709 3818 3760 r

2320 3864 2373 3918 5.
2414 3863 2520 3918 Sed
2555 3877 2716 3918 nemo
2750 3879 2814 3918 ex
2846 3862 3000 3917 nobis
3022 3861 3294 3932 requirat,
3329 3868 3386 3914 ut
3410 3852 3741 3913 recensentur.
3811 3893 3814 3896 .

2247 3954 2338 4024 qui
2361 3969 2426 4009 ex
2448 3953 2726 4024 Augustini
2753 3953 2935 4008 schola
2954 3952 3206 4023 prodiere
3231 3965 3421 4022 magno
3441 3955 3632 4002 numero
3652 3948 3744 4005 μω·

2249 4053 2452 4099 stantes
2481 4044 2577 4099 viri
2601 4061 2618 4110 ;
2657 4043 2871 4114 quando
2896 4042 3167 4098 Possidius
3185 4085 3202 4112 ,
3227 4043 3318 4114 qui
3343 4054 3433 4097 eos
3468 4034 3608 4108 probe
3629 4036 3742 4082 nove-

2248 4143 2362 4203 rat,
2383 4149 2600 4190 curasse
2621 4133 2878 4199 videatur,
2906 4141 2963 4188 ut
2990 4133 3204 4189 illorum
3231 4149 3330 4189 nos
3348 4133 3556 4186 laterent
3573 4115 3741 4177 nomint.
3811 4119 3818 4188 ζ

2247 4243 2472 4298 quorum
2499 4229 2711 4300 egregia
2737 4229 2790 4283 irt
2821 4227 3114 4285 Eoclesiam
3146 4229 3334 4286 merita
3354 4219 3636 4298 publicabal.
3662 4207 3744 4264 Ρτσ·
3813 4217 3819 4296 ᾗ

2250 4319 2448 4380 ﬁdente
2474 4335 2656 4390 porro,
2704 4319 2903 4390 inquit,
2937 4319 3166 4373 doctrina
3211 4319 3383 4374 divina
3419 4313 3505 4371 sub
3546 4311 3684 4366 tando
3715 4305 3744 4348 ιι

2215 4449 2220 4456 .
2247 4425 2362 4464 cum
2396 4419 2570 4466 sancto
2598 4410 2910 4482 Augustino,
2946 4411 3001 4464 in
3040 4411 3342 4466 monasterio
3379 4407 3484 4463 Deo
3517 4399 3742 4482 servientes,

2247 4497 2490 4556 Ecclesia
2519 4479 2836 4572 Hipponensi
2861 4501 3029 4555 clerici
3059 4501 3284 4556 ordinari
3315 4501 3572 4570 coeperunt.
3605 4486 3662 4542 At:
3819 4553 3827 4558 η

2244 4589 2364 4644 inde
2389 4569 2723 4646 innotescente
2751 4601 2796 4646 et
2829 4592 3129 4647 clarescente
3169 4591 3234 4646 tle
3277 4591 3362 4647 die
3390 4569 3451 4643 in
3485 4586 3600 4640 diem
3621 4569 3747 4630 Eccl:-

2232 4683 2336 4737 ἐὔιε
2355 4682 2614 4737 catholica:
2633 4683 3005 4753 praedicationis
3029 4683 3234 4737 veritate
3257 4685 3615 4744 sanctorumtu
3627 4674 3747 4753 κηῗθ·
3821 4667 3824 4672 ’

2245 4790 2360 4829 rum
2383 4771 2481 4827 Dei
2507 4749 2785 4845 proposito,
2817 4774 3121 4829 continentia
3158 4782 3203 4828 et
3227 4777 3516 4845 paupertate
3533 4749 3744 4835 profunda,
3821 4777 3824 4780 ~

2242 4883 2308 4923 ea:
2348 4868 2652 4922 monasterio
2676 4866 2811 4936 quod
2840 4884 2927 4938 per
2969 4866 3115 4921 illum
3155 4862 3518 4921 memorabilem
3555 4854 3685 4908 virum
3717 4846 3747 4892 et

2244 4976 2349 5015 esse
2371 4968 2417 5014 et
2439 4975 2659 5014 crescere
2681 4968 2894 5029 cmperat
2913 5001 2928 5026 ,
2956 4975 3138 5030 magno
3175 4956 3421 5014 desiderio
3444 4960 3624 5025 poscere
3642 4945 3748 5030 alii“

2242 5052 2470 5122 accipere
2496 5053 2755 5123 episcopos
2775 5061 2822 5106 et
2845 5029 3052 5107 clericos
3077 5067 3181 5124 pax
3209 5050 3455 5105 Ecclesia:
3472 5053 3605 5115 atque
3627 5029 3747 5124 sititet

2241 5151 2289 5196 et
2307 5116 2453 5213 erepit
2475 5116 2637 5213 primo
2651 5116 2676 5208 ,ἰ
2705 5151 2752 5197 et
2781 5151 2953 5215 postea
2977 5116 3240 5198 consecuta
3262 5149 3352 5196 est.
3381 5137 3516 5192 Nam
3539 5136 3669 5203 fcrrnc
3688 5116 3748 5170 ἀει

2241 5251 2350 5289 cem
2367 5275 2383 5302 ,
2410 5252 2534 5306 quos
2557 5236 2664 5306 ipse
2689 5237 2802 5290 novi
2816 5278 2832 5303 ,
2865 5244 3064 5291 sanctos
3088 5253 3148 5291 ac
3169 5233 3474 5291 venerabiles
3492 5227 3607 5281 viros
3625 5259 3638 5285 ι
3663 5225 3749 5306 σξη·

2243 5301 2450 5381 tinenles
2473 5335 2520 5380 et
2555 5301 2868 5383 doctissimos
2886 5368 2901 5395 ,
2938 5327 3108 5383 beatus
3133 5325 3442 5399 Augustinus
3472 5310 3657 5400 diuertit

2242 5415 2404 5471 clesiis
2427 5459 2444 5485 ,
2473 5418 2728 5473 nonnullis
2747 5392 2941 5490 quoque
2965 5392 3399 5482 eminentioribus,
3423 5417 3609 5481 rogatus
3629 5392 3748 5453 ded“.

2243 5506 2588 5580 Similiterque
2609 5519 2658 5564 et
2681 5509 2778 5579 ipsi
2803 5526 2868 5564 ea:
2895 5507 3098 5564 illorum
3124 5516 3412 5564 sanctorum
3439 5491 3666 5573 proposito
3688 5494 3746 5584 οξ·

2240 5601 2430 5657 nientes
2451 5644 2467 5670 ,
2519 5601 2727 5657 Domini
2768 5602 3009 5658 Ecclesiis
3055 5601 3374 5675 prapagatis,
3413 5605 3458 5653 et
3501 5585 3749 5675 MM

563 5676 708 5734 dium
741 5695 922 5738 secum
975 5683 1274 5755 loquentem
1326 5686 1558 5754 inducit,
1601 5666 2045 5760 quemadmodum
2081 5693 2135 5749 in
2237 5666 2596 5760 instituerunt,
2625 5707 2675 5751 et
2701 5697 2866 5752 studio
2893 5666 3138 5752 crescente
3149 5666 3502 5761 ⁷ιιιᾶἱνῐιςιιιὶοηὶε
3525 5678 3642 5739 verbi
3660 5666 3746 5730 Da}

563 5769 738 5841 priore
757 5813 771 5838 ,
800 5789 957 5847 quem
984 5777 1166 5836 Roma:
1184 5790 1571 5853 composuerat.
1616 5782 1900 5840 Enimvero
1921 5793 2129 5843 constat

2239 5788 2430 5844 cteteris
2468 5788 2703 5846 Ecclesiis
2732 5798 2985 5862 promotos
3009 5789 3190 5860 fratres
3215 5785 3284 5843 ad
3316 5775 3662 5855 suscipide
3684 5775 3747 5820 ³⁸·
