3868 6388
108 387 194 449 ,π
1353 371 1556 428 LIBER
1593 371 1903 432 manus.

105 502 332 562 cerdotiut
367 495 708 568 prestiterunt.
751 488 890 548 Unde
913 505 1001 562 per
1026 487 1209 543 multos
1234 495 1284 544 et
1316 488 1372 542 in
1418 489 1592 544 multis

109 592 286 653 salubris
307 587 407 661 ﬁdei
422 628 436 654 ,
475 585 580 655 spei
619 593 667 638 et
700 580 948 636 charitatis
977 578 1218 636 Ecclesia.-
1258 581 1594 635 innotescente

112 685 330 745 doctrina,
363 695 445 732 non
486 675 650 731 solum
673 691 760 746 per
782 688 948 728 omnes
983 671 1171 742 Africae
1198 680 1367 742 partes
1384 713 1401 738 ,
1427 687 1598 726 verum

115 779 242 835 etiam
270 775 312 830 is
335 767 653 826 transmarinis
673 809 688 832 ,
716 774 762 820 et
805 781 892 836 per
936 763 1090 819 libros
1130 763 1329 831 editos,
1371 764 1598 835 atquein

117 884 296 941 gnra.
327 875 571 920 mortem
609 857 870 911 translatos
888 894 904 923 ,
932 856 996 909 ab
1038 853 1131 908 illo
1154 870 1256 908 uno
1289 853 1489 908 homine
1507 894 1524 920 ,
1551 864 1599 908 et

122 978 196 1032 per
214 959 324 1013 illm
355 953 499 1009 mltis
519 994 533 1015 ,
569 951 764 1021 fauente
808 947 914 1003 Deo
931 988 949 1015 ,
974 948 1134 1002 multa
1156 948 1462 1001 innotescere
1487 962 1595 1001 me-

122 1061 284 1106 ησω
310 1044 562 1119 (Possidius
594 1043 646 1097 in
677 1040 791 1096 Vita
815 1039 1080 1110 Augustini
1103 1081 1118 1107 ,
1153 1055 1201 1093 c.
1226 1039 1286 1094 Η
1309 1038 1353 1110 ).
1398 1039 1474 1093 Ex
1517 1037 1598 1093 his

123 1143 269 1198 decem
305 1135 558 1207 episcopis,
599 1133 684 1204 qui
726 1132 794 1187 ab
838 1130 1117 1202 Augustini
1161 1128 1484 1185 monasterio
1530 1129 1598 1184 ad

119 1234 398 1302 episcopatum
422 1223 672 1286 arcessiti,
699 1221 993 1278 sanctitatis
1016 1221 1465 1276 existimationem
1487 1221 1598 1276 suis

112 1323 188 1377 sibi
205 1319 364 1374 meritis
380 1316 716 1372 conciliarunt
733 1355 748 1380 ,
776 1322 898 1368 octo
919 1313 1032 1384 jam
1055 1328 1087 1368 a
1111 1312 1265 1368 nobis
1292 1327 1451 1383 supra
1479 1311 1598 1367 lau-

106 1414 186 1467 thti
205 1413 247 1466 in
279 1409 493 1465 notitiam
527 1415 760 1462 nostram
781 1413 1078 1470 venerunt;
1107 1402 1356 1460 videlicet
1381 1401 1600 1474 Alypius

101 1503 400 1573 Tagastensis,
424 1498 649 1555 Evodius
675 1495 973 1564 Uzalensis,
1002 1494 1318 1551 Profuturus
1342 1493 1600 1550 Cirtensis

99 1595 302 1651 Numidia:
320 1591 760 1663 metropolitanus,
787 1589 1111 1645 Fortunatus
1125 1587 1364 1658 ejusdem
1384 1602 1598 1643 succes-

97 1701 192 1750 sor,
215 1684 415 1740 Severus
431 1682 752 1737 Milevitanus
776 1723 794 1748 ,
819 1679 1092 1736 Possidius
1116 1679 1442 1736 Calamensis
1458 1720 1474 1746 ,
1507 1679 1600 1735 Ur-

95 1778 224 1832 banus
255 1774 526 1841 Siccensis,
563 1781 618 1828 et
657 1772 998 1843 Peregrinus.
1051 1770 1403 1826 Ecclesiarum
1444 1770 1601 1842 longe

92 1869 330 1941 positarum
357 1867 751 1923 necessitatibus
775 1865 1120 1921 cbarissimos
1137 1865 1422 1935 discipulos
1449 1879 1596 1931 suos,

91 1977 198 2033 quos
218 1969 269 2016 ut
287 1961 501 2016 alumnos
525 1958 861 2014 strictissima
881 1956 1297 2026 dulcissimaque
1325 1955 1598 2009 familiari-

93 2064 184 2108 tate
203 2055 290 2107 sibi
310 2053 590 2122 coniunctos
617 2051 892 2121 diligebat,
922 2049 1216 2105 concedere
1237 2063 1341 2104 non
1369 2055 1596 2118 poterat,

87 2146 195 2215 quin
232 2159 290 2199 ex
317 2159 472 2199 eorum
493 2141 762 2198 desiderio
787 2141 1083 2206 laboraret,
1125 2154 1188 2194 ac
1216 2139 1417 2194 doloris
1437 2137 1600 2193 veluti

86 2236 278 2290 stimulis
314 2234 568 2290 loderetur.
603 2233 851 2290 Publicas
891 2241 1067 2288 tamen
1112 2232 1472 2287 Ecclesiarum
1501 2247 1598 2286 ne-

88 2327 314 2383 cessitates
351 2326 558 2397 privatis
601 2323 904 2381 commodis
944 2324 1330 2395 anteponebat,
1378 2338 1600 2393 sperans

87 2418 200 2482 lore,
225 2427 273 2471 ut
302 2417 581 2483 cum-illis,
617 2430 756 2487 quos
797 2415 850 2469 in
879 2414 1036 2469 terris
1074 2423 1294 2485 propter
1329 2412 1598 2468 Christum

88 2508 140 2562 ab
169 2523 218 2564 se
248 2506 400 2564 divelli
429 2515 732 2578 intuetur,
771 2507 825 2560 in
853 2505 1003 2561 caelis
1030 2520 1126 2575 per
1147 2503 1416 2560 Christum
1458 2513 1601 2558 esset

84 2606 287 2652 sternunt
309 2597 640 2652 convicturus
663 2595 855 2667 (Epist.
874 2595 962 2663 84,
983 2613 1036 2649 n.
1062 2596 1139 2667 l).
1161 2595 1278 2665 Ipse
1301 2609 1429 2650 vero
1451 2609 1602 2650 crea-

83 2700 149 2743 tus
168 2690 425 2761 episcopus,
447 2705 511 2745 ex
540 2689 636 2744 his
653 2688 742 2758 qui
767 2688 934 2743 sancti
960 2687 1212 2757 propositi
1244 2695 1460 2740 tenaces
1481 2701 1602 2756 per-

80 2783 366 2838 manebantin
382 2781 712 2838 monasterio
729 2823 744 2848 ,
775 2779 987 2835 nonnisi
1015 2779 1264 2835 meliores
1288 2787 1450 2850 atque
1476 2793 1598 2848 pro-

80 2873 274 2929 batiores
295 2875 341 2929 in
363 2875 547 2930 clerum
577 2888 742 2930 suum
771 2872 976 2928 solebat
999 2871 1280 2926 asciscere.
1308 2869 1482 2926 Nihilo
1521 2879 1600 2925 ta-

81 2978 179 3016 men
198 2965 340 3019 minus
354 2965 726 3034 experiebatur
745 2961 1048 3033 aliquando,
1071 2977 1136 3017 ex
1179 2962 1319 3016 bono
1336 2961 1598 3016 monacho

81 3053 146 3106 vix
168 3053 330 3109 bonum
355 3056 601 3110 clericum
635 3053 750 3108 ﬁeri
772 3095 787 3120 ,
820 3053 865 3108 si
892 3053 1029 3108 adsit
1055 3053 1102 3108 ei
1132 3053 1399 3108 subiciens
1423 3051 1596 3108 conti-

83 3147 216 3198 nentia
233 3157 280 3201 et
301 3156 461 3203 tamen
483 3147 634 3203 desit
663 3145 940 3200 instructio
968 3145 1267 3200 necessaria
1289 3187 1304 3212 ,
1344 3153 1434 3199 aut
1472 3159 1596 3216 per-

84 3251 190 3292 sona
211 3238 434 3309 regularis
458 3239 744 3309 integritas
767 3228 960 3310 (Epist.
991 3236 1081 3303 60,
1111 3253 1165 3290 n.
1197 3235 1272 3307 1).

133 3329 172 3382 ι.
194 3328 289 3384 Non
319 3331 478 3386 solum
503 3338 694 3385 autem
717 3328 973 3398 praesules
999 3327 1068 3382 ab
1087 3327 1365 3398 Augustini
1407 3341 1598 3381 mona-

83 3419 203 3472 sterio
222 3422 462 3488 arcessiti,
494 3423 604 3476 alia
635 3419 874 3476 conubia
905 3419 956 3474 in
995 3433 1088 3473 sua
1126 3419 1348 3489 quisque
1377 3417 1596 3476 ditecesi

80 3511 423 3578 constituerunt;
451 3526 652 3568 verum
681 3511 839 3565 etiam
879 3510 1182 3566 existimare
1225 3510 1380 3575 licet,
1428 3513 1598 3566 Aure-

78 3597 180 3652 lium
203 3610 247 3654 et
264 3604 536 3674 complures
567 3602 713 3657 alios
738 3602 898 3657 etiam
928 3612 1052 3655 ante
1080 3601 1359 3671 Augustini
1385 3600 1593 3671 episco-

81 3698 221 3758 patum
239 3692 354 3748 idem
375 3694 668 3749 factitasse.
701 3692 830 3747 Nam
847 3707 966 3747 cum
987 3692 1347 3762 episcopatum
1373 3691 1595 3761 adeptus

79 3789 162 3843 est,
194 3782 285 3850 jam
306 3800 463 3840 annus
501 3794 630 3840 erat
654 3792 711 3840 et
735 3783 958 3853 amplius
993 3797 1059 3838 ex
1082 3798 1188 3853 quo
1207 3783 1460 3837 Paulinus
1488 3797 1593 3836 non

81 3871 288 3944 modoper
301 3875 529 3947 Alypium
541 3893 611 3932 se
627 3875 868 3946 precibus
876 3883 1179 3930 sanctorum
1196 3873 1598 3929 commendave-

81 3967 368 4035 τιμώμενα,
386 3971 576 4042 inquit,
611 3970 664 4023 in
689 3969 822 4023 clero
851 3968 1146 4024 Sanctitatis
1176 3977 1276 4022 tua:
1293 3968 1518 4034 comites,
1546 3974 1595 4020 et

79 4053 116 4105 in
133 4061 390 4116 monasteriis
402 4061 516 4130 ﬁdei
533 4078 600 4114 ac
618 4060 817 4114 uirtutis
839 4069 937 4114 tute
955 4058 1306 4123 aemulatores;
1323 4057 1415 4112 sed
1432 4059 1591 4112 etiam

82 4145 119 4198 in
142 4158 336 4206 extrema
377 4162 521 4222 parte
559 4151 809 4222 epistolae
843 4149 1035 4205 fratres
1070 4157 1179 4204 tum
1214 4149 1590 4214 Ecclesiarum,

81 4243 160 4290 tum
181 4243 587 4299 monasteriorum
617 4241 976 4312 Carthaginis,
1010 4239 1249 4310 Tagastae
1271 4281 1284 4304 ,
1309 4238 1592 4308 Hipponis-

79 4326 195 4397 Regii
215 4332 510 4406 aliorumque
539 4333 741 4390 Africa:
778 4334 1014 4387 locorum
1043 4333 1236 4387 salutat
1259 4334 1276 4400 (
1301 4330 1464 4400 Epist.
1491 4329 1590 4398 24,

76 4435 113 4469 n.
130 4418 193 4490 Ξ).
218 4421 268 4477 Ei
293 4440 488 4496 quoque
516 4426 852 4496 Augustinus
879 4423 1054 4478 verbis
1095 4424 1309 4494 fratrum
1329 4464 1343 4488 ,
1380 4438 1480 4475 non
1504 4438 1588 4475 so-

76 4509 156 4561 lum
177 4513 250 4579 qui
279 4518 544 4583 nobiscum,
577 4515 780 4585 inquit,
809 4514 1066 4578 habitant,
1103 4521 1148 4566 et
1168 4513 1253 4582 qui
1275 4512 1476 4566 ubilibet
1496 4512 1590 4565 ha-

76 4601 251 4659 bituntes
275 4605 364 4662 Deo
390 4613 571 4680 pariter
600 4611 822 4665 seruiunt
841 4652 855 4676 ,
895 4609 1119 4664 salutem
1152 4609 1356 4663 nuntiat
1381 4609 1400 4679 (
1425 4608 1588 4680 Epist.

74 4687 157 4756 Ξῖ,
184 4709 228 4746 n.
255 4693 323 4764 6).
358 4697 472 4768 Ipsa:
495 4702 662 4756 etiam
689 4700 834 4755 cedri
860 4697 1078 4765 Libani,
1108 4697 1211 4752 hoc
1239 4706 1358 4765 est,
1390 4694 1594 4753 nobiles

80 4793 118 4831 et
136 4781 304 4840 divites
329 4785 466 4858 hujus
490 4791 676 4846 surculi
699 4833 715 4858 ,
747 4791 1000 4860 praeclare
1027 4804 1206 4844 secum
1238 4798 1411 4844 actum
1441 4798 1592 4860 puta-

83 4867 205 4939 lnnt,
246 4877 285 4930 si
323 4879 414 4934 sub
437 4883 625 4936 umbra
666 4895 933 4935 ramorum
980 4894 1196 4935 suorum
1256 4879 1594 4934 nidilicantes

85 4961 329 5034 Misereat
353 4986 590 5040 passeres
605 4981 658 5028 et
683 4986 965 5044 pauperes,
986 4973 1074 5042 qui
1093 4979 1307 5042 propter
1325 4970 1594 5027 Christum

87 5061 418 5132 tiollattltunisque
440 5066 568 5120 vita:
610 5063 995 5135 professionem
1037 5063 1212 5118 omnia
1242 5064 1590 5133 reliquerant;

91 5151 206 5207 atros
226 5145 317 5204 illis
336 5163 385 5207 et
414 5154 600 5210 hortos
623 5155 1023 5222 concedebant,
1051 5154 1304 5210 ecclesias
1332 5163 1386 5209 et
1406 5169 1592 5210 mona-

95 5233 216 5290 Sietia
245 5248 603 5301 construebant
631 5248 650 5317 (
676 5246 863 5301 Enarr.
908 5247 961 5300 in
1003 5245 1144 5300 Psal.
1177 5246 1310 5310 105,
1339 5262 1485 5299 serm.
1529 5247 1590 5312 3,

96 5334 164 5375 ³³·
193 5327 260 5394 κν
283 5333 386 5406 1⁵1).
416 5336 568 5394 Unde
591 5338 841 5409 contigit,
880 5339 930 5391 in
959 5352 1061 5392 una
1086 5346 1141 5392 et
1177 5337 1361 5392 eadem
1386 5338 1595 5394 civitate

96 5415 306 5498 wn
320 5425 592 5497 aliquando
609 5429 853 5485 cmnobia
873 5429 1116 5498 reperiri.
1146 5427 1276 5482 Nam
1309 5439 1500 5498 praeter
1526 5429 1593 5484 il-

99 5495 196 5594 {fit
213 5513 330 5579 φαι
352 5495 667 5590 Augustinus
691 5537 722 5576 a
760 5537 854 5577 sua
882 5495 1058 5576 statim
1101 5495 1432 5578 ordinatione
1456 5523 1594 5594 apud

102 5584 334 5684 Ιΐινιιε-
353 5584 614 5679 condidit,
639 5612 864 5668 alterum
894 5627 924 5666 a
954 5613 1181 5683 Leporio
1210 5584 1518 5684 presbytero
1543 5615 1595 5670 in

255 5695 400 5765 urbe;
411 5703 619 5790 tertium
641 5704 838 5758 ibidem
851 5704 918 5758 ab
939 5681 1191 5760 Eleusino
1210 5681 1417 5760 videtur
1439 5704 1597 5764 fuisse

106 5779 378 5844 mnum
400 5789 600 5864 (Serui.
625 5795 750 5864 356,
785 5812 870 5850 nn.
901 5795 985 5862 10,
1013 5796 1079 5852 15
1099 5795 1140 5867 ).
1168 5797 1301 5852 ilinc
1329 5797 1597 5856 Possidius

3177 380 3282 440 178

1702 490 1905 558 scribit,
1932 490 2281 563 Augustinum
2309 507 2374 549 ex
2398 491 2498 550 hac
2518 495 2625 550 vita
2647 486 2960 566 migrantem
2983 495 3144 552 multa
3171 495 3281 552 Ec-

1702 581 1882 637 clesia:
1910 598 2020 638 suae
2047 585 2372 640 monasteria
2401 585 2634 640 virorum
2672 601 2735 642 ac
2770 585 3083 642 feminarum
3111 589 3283 643 conti-

1702 675 1938 730 nentium
1962 675 2110 746 plena
2140 675 2404 732 dimisisse
2425 675 2711 747 (Possidius
2728 720 2742 744 ,
2764 679 2817 732 in
2851 676 2966 732 Vita
2986 679 3277 751 Augustini,

1702 782 1748 820 c.
1775 765 1836 823 5i
1849 767 1897 836 );
1916 782 2034 836 quae
2055 766 2106 822 in
2125 767 2255 823 urbe
2275 769 2557 823 constituta
2578 768 2739 824 fuisse
2756 778 2982 840 Oportet;
2999 769 3227 844 alioquin
3249 786 3280 825 a

1706 855 1972 926 Vandalis,
1991 857 2114 928 quia
2140 858 2321 913 multis
2345 873 2461 913 eam
2482 859 2754 914 mensibus
2783 859 3124 924 obsidebant,
3152 860 3284 915 luis.-

1703 956 1823 1004 sent
1844 949 2133 1004 devastata.
2170 948 2236 1003 Hi
2276 958 2400 1004 sunt
2418 949 2670 1004 uberrimi
2699 949 2928 1015 fructus,
2962 950 3051 1020 qui
3077 950 3142 1005 ab
3167 954 3281 1006 Au-

1703 1042 1900 1113 gustini
1941 1041 2136 1112 pietate
2161 1043 2306 1098 velut
2337 1057 2368 1096 a
2395 1041 2575 1098 radice
2616 1041 2946 1112 prodierunt.
2975 1042 3149 1109 Quare
3174 1058 3282 1098 non

1703 1132 1968 1193 immerito
2009 1142 2064 1188 et
2098 1131 2481 1187 monachorum
2508 1142 2562 1188 et
2591 1132 3032 1188 monasteriorum
3073 1132 3284 1188 institu-

1705 1231 1791 1276 tor
1809 1222 2133 1291 habebatur;
2158 1239 2278 1279 cum
2305 1225 2478 1294 reipsa
2503 1224 2782 1279 monastici
2803 1224 3017 1280 Ordinis
3032 1225 3084 1279 in
3104 1223 3283 1280 Africa

1704 1313 2035 1369 fundatorem
2064 1330 2184 1370 eum
2203 1313 2365 1370 fuisse
2381 1313 2674 1370 videamus.
2697 1314 2894 1370 Verum
2915 1314 3165 1370 Ecclesia:
3189 1314 3286 1369 ad-

1703 1406 1920 1460 versarii
1939 1448 1952 1471 ,
1980 1407 2068 1476 qui
2099 1407 2200 1462 hoc
2226 1406 2520 1477 Augustino
2541 1407 2594 1460 in
2629 1407 2833 1477 magnis
2853 1405 3158 1461 criminibus
3185 1407 3282 1460 ob-

1701 1497 1902 1566 jectare
1939 1513 2042 1552 non
2072 1499 2390 1554 verebantur
2408 1541 2422 1562 ,
2451 1498 2581 1553 illud
2601 1499 2724 1553 vitae
2751 1513 2916 1569 genus
2945 1499 3188 1568 ignorare
3223 1512 3285 1552 se

1704 1590 2165 1654 demonstrabant,
2206 1592 2289 1646 vel
2323 1593 2498 1660 potius
2527 1600 2638 1646 toto
2664 1591 2794 1646 orbe
2828 1591 3162 1646 notissimum
3187 1607 3284 1645 ne-

1703 1680 1839 1735 scire
1866 1695 1924 1735 se
1947 1681 2266 1736 simulabant
2291 1679 2518 1753 (Contra
2556 1679 2773 1735 Litteras
2815 1681 3072 1746 Petiliani,
3103 1681 3192 1736 lib.
3213 1681 3248 1736 5
3266 1720 3282 1745 ,

1705 1787 1756 1824 τι.
1790 1771 1901 1840 48).
1930 1771 2095 1839 Quid,
2127 1773 2266 1842 quod
2293 1773 2430 1828 adeo
2459 1773 2715 1843 pudorem
2745 1788 2958 1828 omnem
2983 1773 3280 1839 exuebant,

1706 1873 1762 1919 ut
1787 1865 2177 1920 sanctissimum
2208 1866 2503 1920 institutum
2532 1881 2653 1920 cum
2679 1867 2790 1920 suis
2829 1866 3285 1921 Circumcellioni-

1706 1957 1803 2011 bus
1827 1956 2086 2013 auderent
2111 1959 2459 2027 comparare?
2502 1958 2614 2025 Qua
2655 1959 2724 2014 de
2761 1974 2819 2014 re
2853 1959 2932 2015 sic
2958 1959 3283 2029 Augustinus

1706 2046 1771 2100 ad
1801 2046 2138 2102 Catholicos:
2174 2047 2233 2102 Si
2254 2048 2581 2118 comparandi
2602 2058 2752 2114 sunt,
2780 2064 2866 2103 vos
2889 2048 3078 2112 uidete;
3103 2049 3147 2101 si
3173 2063 3284 2102 uer-

1706 2139 1779 2193 bis
1805 2139 1978 2193 uestris
1998 2154 2125 2209 apus
2149 2147 2218 2192 est
2237 2179 2251 2202 ,
2271 2141 2385 2209 jam
2411 2137 2669 2192 laboratis.
2704 2137 2826 2192 Non
2851 2155 2978 2208 opus
3005 2148 3076 2193 est
3103 2140 3202 2192 nisi
3227 2149 3283 2192 ut

1705 2231 2012 2284 admonentis
2037 2246 2436 2300 unumquemque
2466 2239 2518 2283 ut
2555 2230 2816 2292 attendat;
2864 2230 3027 2282 solum
3051 2227 3280 2282 attendat

1705 2331 1751 2376 et
1776 2330 2046 2392 consparet.
2078 2321 2211 2387 Quid
2232 2337 2360 2391 opus
2389 2330 2458 2375 est
2487 2320 2646 2374 verbis
2672 2319 2889 2372 uestris?
2917 2317 3284 2388 Comparentur

1705 2420 1883 2474 ebriosi
1902 2436 2016 2473 cum
2039 2419 2217 2473 sobriis
2233 2461 2246 2485 ,
2279 2418 2556 2489 praecipites
2581 2432 2693 2469 cum
2718 2414 3047 2468 consideratis
3065 2455 3080 2480 ,
3109 2416 3287 2485 furen-

1705 2520 1776 2564 tes
1795 2525 1907 2563 cum
1931 2509 2260 2579 simplicibus,
2291 2515 2525 2577 uagantes
2550 2521 2664 2559 cum
2691 2504 3022 2575 congregatis.
3071 2500 3284 2556 Verum-

1705 2615 1903 2668 tamen,
1935 2603 2249 2667 charissimi,
2279 2611 2394 2654 sunt
2437 2609 2483 2653 et
2510 2600 2594 2669 qui
2630 2597 2862 2651 monachi
2909 2593 3026 2668 falsi
3053 2604 3200 2659 sunt;
3236 2604 3286 2650 et

1704 2711 1796 2750 nos
1825 2695 2050 2749 novimus
2075 2693 2196 2747 tales
2225 2708 2243 2745 :
2270 2692 2356 2746 sed
2385 2707 2487 2744 non
2525 2690 2668 2758 periit
2704 2687 2994 2759 fraternitas
3021 2687 3134 2756 pia,
3166 2701 3287 2754 pro-

1704 2795 1816 2857 pter
1844 2802 1925 2839 eos
1953 2785 2041 2856 qui
2066 2784 2362 2854 proﬁtentur
2389 2782 2523 2852 quod
2545 2797 2642 2834 non
2672 2787 2787 2832 sunt
2811 2777 3024 2847 (Enarr.
3055 2777 3106 2829 in
3136 2774 3282 2829 Psal.

1703 2877 1828 2944 152,
1860 2894 1948 2930 nn.
1979 2875 2031 2940 5,
2063 2875 2137 2944 4).

1775 2969 1826 3023 5.
1859 2967 2015 3022 Tales
2045 2965 2184 3019 inter
2210 2976 2336 3017 suos
2361 2975 2480 3016 cum
2523 2959 2706 3014 dolore
2745 2957 2862 3012 tulit
2906 2970 3010 3010 non
3040 2958 3278 3025 ignotos,

1702 3075 1803 3115 nec
1827 3057 2114 3113 levioribus
2135 3051 2502 3110 tantummodo
2539 3049 2852 3106 criminibus
2878 3047 3182 3102 obstrictos.
3215 3045 3282 3100 Ut

1701 3151 1842 3206 enim
1868 3151 1984 3220 ipse
2012 3148 2151 3218 plebi
2179 3162 2288 3202 suae
2308 3143 2595 3200 identidem
2619 3142 2839 3212 repetit,
2868 3156 2972 3195 non
3003 3148 3084 3195 est
3111 3147 3283 3193 status

1702 3242 1837 3299 adeo
1859 3239 2126 3312 perfectus
2142 3281 2156 3303 ,
2179 3239 2230 3292 in
2258 3254 2363 3309 quo
2390 3251 2495 3291 non
2516 3235 2621 3290 sint
2636 3234 2838 3289 debiles
2856 3274 2872 3300 ,
2896 3233 3004 3288 imo
3030 3241 3084 3286 ct
3109 3228 3284 3300 prodi.

1701 3340 1878 3396 tores;
1903 3345 2073 3400 neque
2092 3329 2319 3385 societas
2338 3327 2473 3381 adeo
2501 3333 2684 3380 sancta
2709 3332 2792 3379 est
2807 3365 2824 3391 ,
2850 3323 2904 3377 in
2924 3337 3028 3392 qua
3057 3320 3282 3378 scanda~

1701 3424 1808 3479 lum
1835 3421 2097 3478 interdum
2124 3437 2228 3476 non
2243 3420 2556 3490 reperiatur.
2587 3417 2740 3485 Nam,
2772 3416 2861 3471 ubi
2889 3414 3142 3470 Dominus
3160 3428 3281 3468 om-

1701 3531 1797 3571 nes
1825 3514 1991 3569 tribus
2010 3512 2292 3582 generibus
2313 3511 2584 3566 hominum
2613 3507 3014 3579 comprehendit
3037 3549 3053 3575 ,
3079 3506 3284 3562 scilicet

1698 3608 2037 3664 existentium
2059 3615 2148 3660 aut
2164 3607 2214 3660 in
2239 3620 2384 3676 agro,
2404 3604 2564 3658 autin
2587 3602 2915 3671 molendino,
2931 3610 3024 3656 aut
3042 3601 3095 3656 in
3120 3602 3280 3667 lecto;

1700 3698 1767 3754 In
1796 3699 1922 3756 lecto
1947 3707 2115 3752 autem
2142 3714 2254 3760 eos,
2288 3696 2455 3766 inquit
2483 3695 2832 3765 Augustinus,
2863 3693 3077 3764 intelligi
3101 3693 3275 3758 voluit,

1698 3791 1785 3862 qui
1812 3798 2103 3844 amaverunt
2127 3789 2373 3859 quietem;
2399 3803 2485 3857 per
2514 3787 2694 3840 lectum
2726 3786 2858 3839 enim
2887 3786 3099 3856 quietem
3123 3784 3283 3838 uoluit

1697 3883 1947 3954 intelligi;
1973 3898 2070 3935 non
2091 3898 2144 3935 se
2174 3883 2432 3934 miscentes
2460 3879 2646 3944 turbis,
2695 3895 2794 3932 non
2824 3877 3059 3931 tumultui
3085 3877 3280 3947 generis

1699 3974 1941 4038 humani,
1963 3974 2016 4026 in
2041 3974 2141 4026 otio
2163 3971 2427 4026 seruientes
2456 3969 2561 4023 Deo
2590 3985 2606 4022 :
2635 3980 2680 4022 et
2704 3970 2822 4023 inde
2849 3978 3013 4022 tamen
3039 3983 3172 4020 unus
3191 3983 3276 4020 as-

1698 4075 1917 4120 sumetur
1935 4107 1950 4131 ,
1982 4075 2028 4118 et
2053 4080 2182 4117 unus
2209 4062 2532 4132 relinquetur.
2560 4061 2692 4116 Sunt
2713 4062 2782 4114 ibi
2808 4061 2974 4132 probi,
3001 4069 3047 4113 et
3067 4069 3184 4114 sunt
3208 4059 3279 4113 ibi

1697 4157 1896 4226 reprobi
1921 4155 2110 4224 (Ibid,
2134 4173 2187 4208 η.
2214 4154 2290 4226 4).
2319 4152 2469 4208 Unde
2495 4154 2572 4208 sic
2599 4153 2789 4208 alicubi
2816 4152 3075 4223 loquitur:
3095 4150 3278 4217 Quan-

1699 4248 1921 4302 tumlibet
1959 4247 2130 4318 uigilet
2170 4247 2439 4316 disciplina
2464 4246 2642 4300 domus
2677 4261 2834 4313 nicas,
2875 4244 3023 4299 homo
3055 4260 3165 4298 sum
3188 4285 3202 4309 ,
3233 4252 3281 4296 et

1697 4343 1826 4394 inter
1848 4340 2074 4394 homines
2101 4341 2248 4404 uiuo;
2274 4356 2362 4393 nec
2399 4339 2524 4392 mihi
2545 4354 2782 4410 arrogare
2803 4337 2995 4402 audeo,
3023 4345 3076 4390 ut
3095 4336 3276 4388 domus

1698 4451 1809 4488 mea
1830 4433 2007 4486 melior
2024 4434 2087 4487 sit
2109 4448 2259 4502 quam
2287 4447 2406 4485 arca
2429 4430 2542 4485 Noe
2561 4474 2573 4495 ,
2606 4430 2688 4484 ubi
2713 4440 2876 4483 tamen
2900 4429 3030 4480 inter
3048 4435 3158 4480 octo
3183 4425 3278 4479 ho—

1699 4526 1856 4578 mines
1880 4525 2120 4593 reprobus
2145 4539 2275 4576 unus
2297 4524 2521 4575 inuentus
2541 4529 2634 4587 est,
2659 4530 2753 4575 etc.
2781 4527 2904 4572 :aut
2927 4517 3104 4572 melior
3123 4531 3274 4587 quam

1697 4616 2002 4671 cohabitatio
2029 4616 2186 4684 ipsius
2210 4612 2416 4666 Domini
2441 4611 2658 4675 Christi,
2683 4611 2736 4663 in
2762 4625 2858 4680 qua
2887 4608 3122 4662 undecim
3158 4607 3277 4662 boni

1700 4705 1953 4776 perfidum
1993 4713 2040 4757 et
2067 4705 2230 4774 furem
2263 4701 2454 4754 Iudam
2483 4699 2820 4754 toleraverunt
2845 4713 2863 4752 :
2887 4707 2974 4752 aut
3011 4697 3189 4752 melior
3210 4699 3279 4752 sit

1702 4805 1949 4867 postremo
1967 4809 2119 4864 quam
2139 4791 2354 4856 coelum;
2383 4791 2517 4845 unde
2543 4790 2722 4862 Angeli
2746 4790 3047 4844 ceciderunt.
3072 4789 3280 4859 Simpli-

1698 4887 1818 4940 citer
1837 4894 2001 4938 autem
2029 4885 2188 4956 fateor
2210 4880 2457 4937 Char-itali
2479 4891 2679 4945 vestrae,
2719 4897 2889 4935 coram
2911 4879 3128 4934 Domino
3166 4879 3279 4933 Deo

1699 4986 1889 5042 nostro,
1909 4975 1994 5045 qui
2016 4974 2152 5028 testis
2169 4983 2240 5028 est
2261 4989 2413 5043 super
2426 4974 2647 5026 animam
2665 4989 2845 5037 meum,
2870 4987 2932 5026 ea:
2944 4988 3042 5038 quo
3059 4969 3165 5025 Deo
3179 4987 3281 5025 ser-

1698 5072 1802 5123 uire
1821 5069 1947 5138 capi
1970 5083 1988 5121 :
2015 5067 2263 5137 quomodo
2283 5066 2482 5138 difﬁcile
2501 5083 2611 5120 sum
2631 5074 2860 5137 expertus
2879 5063 3106 5119 meliores
3125 5081 3277 5135 want

1697 5161 1782 5232 qui
1807 5160 1860 5214 in
1907 5158 2224 5213 monasteriis
2253 5161 2603 5231 profecerunt;
2651 5159 2723 5210 ita
2752 5173 2851 5210 non
2897 5173 3006 5210 sum
3042 5165 3278 5227 expertus

1701 5255 1926 5325 pejores,
1953 5269 2104 5324 quam
2129 5253 2212 5323 qui
2229 5254 2281 5306 in
2301 5253 2614 5306 monasteriis
2639 5251 2922 5305 ceciderunt
2944 5268 2962 5316 ;
2983 5252 3054 5304 ita
3077 5260 3132 5304 ut
3159 5251 3277 5305 hinc

1701 5346 1912 5399 arbitrer
1935 5346 1989 5398 in
2011 5344 2316 5415 Apocalypsi
2329 5345 2588 5412 scriptum,
2610 5361 2630 5394 t
2652 5342 2834 5397 Justus
2857 5341 3050 5412 justior
3079 5341 3190 5407 liat,
3222 5351 3280 5394 et

1701 5436 1947 5492 sordidus
1967 5435 2422 5490 sordescatadhuc
2443 5434 2651 5504 s(Apoc.
2668 5447 2800 5498 nu,
2822 5433 2879 5486 Η
2894 5432 2933 5502 ).
2959 5431 3276 5500 Quapropter

1702 5529 1791 5583 etsi
1820 5528 2174 5582 contristamur
2201 5526 2265 5580 de
2290 5525 2538 5597 aliquibus
2558 5525 2899 5595 purgamentis
2920 5562 2934 5584 ,
2961 5518 3276 5573 consolamur
3305 5561 3314 5596 ξ

1704 5629 1868 5672 tamen
1890 5619 2040 5671 etiam
2059 5616 2122 5670 de
2145 5617 2369 5687 pluribus
2388 5615 2709 5669 ornamentis.
2741 5612 2912 5665 Nolite
2933 5624 3050 5677 ergo
3069 5613 3274 5675 prapter

1703 5724 1980 5775 amurcam,
2010 5724 2112 5780 qua
2140 5707 2270 5760 oculi
2297 5707 2444 5760 uestri
2469 5705 2822 5771 o/Tenduntur,
2867 5695 3136 5750 toreularia
3179 5695 3271 5749 de-

1707 5800 1907 5867 testari,
1936 5797 2069 5853 unde
2093 5798 2347 5869 apotheca:
2368 5795 2642 5849 Dominicte
2667 5797 2833 5862 fructu
2858 5787 2954 5841 olei
2974 5785 3272 5844 luminosio-
