3868 6458
1070 239 1128 250 ›,.-

537 273 645 334 I83

533 389 606 448 de
654 403 762 462 quo
804 387 952 460 prius
987 384 1330 453 dicebamus,
1374 380 1620 439 ctenobio
1673 377 2120 436 tumultuantibus

463 497 472 507 '
530 481 820 555 plurimum
850 475 1366 544 sanctimonialibus,
1386 481 1447 530 ut
1465 473 1567 529 sibi
1585 479 1881 528 mutaretur
1907 484 2118 541 prtepo-

528 573 658 640 sita,
679 573 750 630 ob
777 571 935 644 idque
977 569 1257 642 Augustini
1291 574 1634 638 conspectum
1671 577 1996 636 magnopere
2022 577 2118 618 ex-

532 665 858 738 petentibus,
892 672 976 720 sat
1013 662 1199 718 habuit
1221 668 1438 718 sanctus
1475 657 1772 730 Episcopus
1807 655 2117 727 obiurgato-

527 759 666 817 rlam
692 760 761 816 ad
787 759 903 815 illas
928 757 1208 829 epistolam
1234 756 1385 823 dare,
1420 754 1474 810 in
1499 767 1604 825 qua
1620 753 1969 808 vehementer
1999 748 2120 820 qui-

531 852 675 918 dem,
708 851 804 908 sed
833 860 1010 906 tamen
1033 857 1275 905 amanter
1305 848 1360 903 in
1382 861 1565 903 earum
1588 845 1800 916 culpam
1826 843 2112 900 invehitur.

529 942 762 1000 Easdem
778 942 1106 1008 cohortatur,
1123 949 1183 996 ut
1202 941 1255 996 in
1274 939 1417 996 bono
1439 937 1711 1010 proposito
1736 942 2114 1008 perseverent;

530 1035 675 1106 quod
704 1035 747 1089 si
779 1034 991 1102 faciant,
1022 1033 1090 1090 de
1109 1032 1359 1088 mutanda
1375 1031 1678 1102 praeposita,
1708 1043 1815 1085 non
1837 1029 1974 1084 ultra
1997 1041 2118 1083 esse

532 1128 821 1183 locuturas.
840 1124 1154 1199 Tranquillet
1172 1124 1322 1190 Deus,
1354 1121 1544 1194 inquit,
1565 1131 1614 1176 et
1634 1128 1901 1191 componat
1920 1120 2117 1173 animos

531 1230 750 1285 vestros;
774 1235 874 1274 non
913 1219 964 1272 in
995 1218 1130 1273 vobis
1165 1215 1434 1288 praevaleat
1474 1230 1602 1285 opus
1643 1213 1852 1278 diaboli,
1881 1211 1971 1266 sed
2016 1227 2118 1279 paa:

532 1311 720 1367 Christi
745 1312 908 1365 vincat
932 1311 983 1365 in
1011 1308 1242 1365 cordibus
1268 1307 1443 1364 vestris
1473 1322 1492 1361 :
1517 1323 1606 1361 nec
1621 1304 1796 1360 dolore
1823 1304 1981 1358 animi
1999 1304 2118 1373 quia

532 1419 634 1457 non
659 1404 714 1473 [it
744 1404 880 1474 quod
915 1403 1082 1467 vultis,
1111 1401 1188 1457 vel
1215 1401 1334 1472 quia
1375 1399 1527 1470 pudet
1568 1397 1783 1452 voluisse
1823 1395 1957 1466 quod
1992 1395 2119 1449 velle

531 1509 633 1547 non
665 1493 923 1560 debuistis,
954 1492 1288 1547 erubescendo
1313 1491 1528 1544 curratis
1547 1489 1601 1543 in
1639 1498 1880 1553 mortem;
1905 1487 1993 1543 sed
2022 1503 2117 1556 po-

531 1584 629 1638 tius
658 1584 942 1654 paenitendo
977 1583 1241 1637 resumatis
1272 1582 1522 1644 virtutem,
1564 1596 1654 1634 nec
1701 1578 1924 1632 habeatis
1950 1577 2120 1648 paeni.-

531 1676 738 1730 teutiam
757 1674 914 1730 Iuda:
961 1675 1240 1741 traditoris,
1269 1673 1358 1729 sed
1385 1674 1554 1744 potius
1584 1672 1838 1742 lacrymas
1867 1669 2010 1724 Petri
2034 1687 2120 1740 pa-

530 1766 679 1821 storis
705 1764 896 1838 (Epist.
924 1764 1052 1832 2ll,
1097 1783 1149 1819 η.
1173 1766 1250 1836 4).
1291 1763 1402 1821 Sub
1449 1763 1636 1819 isthme
1661 1761 1825 1818 verba
1865 1761 2119 1816 continuo

534 1857 722 1928 incipit
752 1857 952 1930 Regula
994 1857 1488 1914 sanctimonialibus
1511 1855 1821 1927 prmscripta
1845 1854 1912 1910 ab
1936 1855 2117 1926 Augu-

531 1950 694 2016 stino,
718 1965 888 2022 eoque
913 1959 1133 2006 auctore
1159 1964 1374 2021 prorsus
1390 1947 1570 2018 digna.

1161 2042 1384 2098 CAPUT
1422 2041 1512 2097 Vl.

531 2136 558 2192 l
594 2136 828 2190 Aurelius
847 2146 1045 2190 creatur
1081 2137 1345 2206 episcopus
1369 2131 1796 2205 Carthaginensis,
1826 2147 1890 2193 ea:
1915 2145 2016 2203 quo
2041 2129 2122 2184 in—

539 2280 542 2281 .
600 2239 770 2302 gentes
810 2231 863 2284 in
902 2229 1157 2285 Ecclesias
1202 2227 1472 2299 Africanas
1519 2225 1806 2282 redundant
1850 2223 2114 2278 utilitates.

598 2321 637 2376 2
657 2322 737 2375 Ad
755 2338 866 2376 eum
893 2320 1062 2376 scribit
1092 2319 1420 2392 Augustinus,
1451 2335 1550 2389 quo
1576 2317 1640 2371 ab
1668 2315 1893 2370 ecclesiis
1922 2330 2116 2368 comes-

600 2417 820 2472 sationes
849 2424 895 2470 et
921 2414 1052 2468 alias
1081 2413 1330 2486 faditates
1347 2415 1569 2482 auferat.
1593 2410 1628 2464 5
1656 2407 1809 2462 Dolet
1835 2406 2120 2460 contentio-

601 2524 716 2563 nem
743 2518 790 2561 et
814 2521 958 2562 vente
985 2505 1151 2560 laudis
1170 2503 1450 2573 appetituut
1476 2502 1530 2554 in
1547 2500 1673 2570 ipsis
1695 2514 1892 2570 quoque
1927 2497 2122 2552 clericis

599 2597 833 2653 inveniri.
1700 2608 1702 2610 '

603 2688 657 2743 1.
681 2686 814 2745 Cum
851 2685 1181 2757 Augustinus
1214 2698 1281 2739 ex
1312 2682 1459 2738 Italia
1500 2680 1659 2738 rediit
1703 2686 1934 2736 exeunte
1977 2692 2120 2734 anno

529 2783 906 2840 trecentesimo
957 2779 1282 2852 octogesimo
1328 2785 1552 2843 octavo,
1594 2774 1842 2831 Aurelius
1897 2780 2014 2828 erat
2055 2786 2122 2826 eo

528 2885 774 2948 tempore
793 2875 1049 2931 diaconus
1064 2869 1500 2943 Carthaginiensis
1515 2867 1616 2941 (De
1631 2868 1736 2924 Civ.
1764 2865 1879 2934 Dei,
1909 2864 1996 2920 lib.
2027 2864 2119 2932 22,

527 2986 643 3041 cap.
675 2967 730 3035 8,
763 2985 815 3022 η.
863 2966 942 3040 5).
982 2966 1078 3021 llic
1116 2965 1171 3020 in
1189 2980 1256 3021 eo
1283 2963 1459 3020 adhuc
1481 2962 1800 3018 constitutus
1823 2958 2012 3031 gradu,
2045 2960 2123 3013 vi-

527 3062 693 3117 tiosas
719 3058 1002 3129 quasdam,
1033 3072 1151 3127 quae
1181 3071 1276 3125 per
1309 3053 1544 3110 Africam
1564 3052 1782 3122 impune
1805 3049 2118 3120 regnabant,

528 3149 944 3207 consuetudines
974 3147 1322 3203 intoleranter
1335 3145 1569 3210 dolebat,
1589 3145 1698 3199 imo
1714 3143 2116 3198 exsecrabatur.

531 3241 686 3298 Unde
710 3256 830 3296 cum
857 3240 923 3295 ad
965 3237 1438 3308 Carthaginensem
1479 3234 1789 3291 cathedram
1838 3242 2121 3303 provectus

530 3339 634 3396 est,
664 3330 842 3386 nullus
868 3329 1157 3400 eodignior
1179 3328 1347 3392 visus,
1377 3327 1469 3397 qui
1497 3341 1608 3381 suae
1632 3325 1777 3381 sedis
1805 3325 2121 3382 auctoritate

531 3422 644 3479 illis
660 3420 986 3478 mederetur.
1011 3419 1113 3488 Qui
1131 3419 1426 3475 Ecclesiam
1449 3433 1516 3473 ex
1530 3417 1710 3472 animo
1724 3416 2033 3488 diligebant,
2063 3425 2122 3472 ut

531 3516 884 3586 Augustinus,
924 3521 980 3568 et
1006 3521 1163 3569 antea
1185 3510 1472 3582 desperare
1498 3509 1814 3565 videbantur
1839 3510 2012 3581 turpia
2039 3509 2120 3566 vi-

535 3608 630 3673 tia,
657 3622 778 3678 quae
828 3607 1080 3677 pleraque
1118 3606 1260 3662 illius
1310 3604 1550 3661 membra
1591 3602 1980 3670 deformabant,
2011 3612 2119 3660 eta

531 3698 720 3770 paucis
751 3698 870 3752 aliis
896 3699 1126 3768 gemitus
1162 3697 1463 3763 eliciebant,
1495 3711 1559 3752 ex
1607 3711 1671 3752 ea
1701 3711 1932 3766 unquam
1962 3711 2119 3766 posse

531 3790 822 3862 proscribi;
854 3790 946 3846 ubi
982 3791 1355 3846 auctoritatem
1399 3789 1652 3844 divinitus
1688 3788 1907 3844 Aurelio
1937 3788 2118 3845 videre

532 3885 809 3950 tributam,
845 3886 956 3956 jam
985 3901 1088 3940 non
1118 3885 1402 3955 desperare
1439 3891 1738 3954 cmperuut.
1780 3881 1917 3949 Quin
1958 3883 2117 3937 etiam

531 3994 656 4035 cum
682 3993 803 4034 eum
831 3977 951 4049 plus
982 3977 1204 4032 interius
1239 3991 1336 4046 per
1370 3975 1641 4042 virtutem,
1665 3989 1823 4046 quam
1863 3973 1993 4028 foris
2023 3988 2119 4043 per

531 4073 840 4144 dignitatem
865 4071 1102 4128 eminere
1139 4069 1443 4137 crederent,
1483 4069 1536 4123 in
1570 4083 1724 4140 spem
1763 4066 2116 4123 certissimam

531 4166 744 4220 adducti
769 4173 914 4230 sunt,
945 4163 1060 4219 fore
1083 4172 1140 4218 ut
1166 4162 1323 4218 foeda:
1365 4161 1470 4217 illa:
1509 4159 1923 4216 consuetudines
1943 4167 1997 4213 et
2020 4157 2119 4212 hu-

526 4258 616 4330 jus
643 4255 876 4327 episcopi
899 4256 1198 4325 prudentia,
1227 4264 1281 4310 et
1294 4254 1640 4310 conciliorum
1665 4269 1784 4324 quae
1799 4261 2120 4308 convocatu-

529 4365 623 4406 rus
651 4358 766 4404 erat
785 4347 1104 4403 auctoritate
1128 4345 1458 4401 tollerentur.
1487 4344 1596 4399 Nec
1611 4358 1738 4399 vero
1767 4359 1892 4413 spes
1920 4356 2014 4397 eos
2044 4341 2122 4397 fe-

529 4440 687 4499 fellit.
705 4442 952 4498 Aurelius
975 4440 1116 4496 enim
1133 4446 1562 4511 quantocumque
1583 4447 1822 4509 tempore
1846 4436 2122 4508 Carthagi-

529 4550 754 4594 ncnsem
778 4536 916 4592 rexit
941 4535 1256 4602 Ecclesiam,
1278 4548 1494 4604 semper
1517 4547 1578 4589 se
1605 4532 1975 4604 dignissimum
2005 4531 2119 4604 Cy-

531 4628 707 4697 priani
736 4643 1101 4683 successorem
1132 4627 1376 4698 praebuit.
1410 4624 1560 4681 Haud
1589 4625 1722 4680 alias
1749 4625 1938 4696 magis,
1955 4639 2117 4694 quam

530 4734 598 4774 eo
622 4720 870 4789 prtesule,
892 4719 1069 4774 ﬂoruit
1090 4719 1341 4776 Africana
1370 4719 1632 4775 Ecclesia.
1671 4717 1824 4774 Nulla
1855 4732 1978 4788 pars
2006 4717 2119 4772 Ec-

533 4808 715 4865 clesia:
740 4809 1013 4865 catholicae
1040 4811 1162 4880 plus
1183 4810 1368 4882 gratiae
1412 4819 1467 4865 et
1497 4810 1706 4881 pietatis
1742 4825 1854 4880 prae
1893 4823 1952 4864 se
1980 4807 2121 4865 fere-

533 4902 629 4958 bat
658 4910 750 4957 :et
773 4901 903 4956 citra
932 4902 1246 4956 temeritatis
1284 4911 1462 4957 notam
1499 4902 1707 4958 videtur
1726 4904 1892 4958 asseri
1939 4916 2115 4972 posse,

533 4993 824 5049 secundum
844 4993 1134 5063 apostolica
1165 5003 1402 5064 tempora
1417 5009 1673 5065 nusquam
1691 4995 1963 5066 religionis
1979 4993 2120 5050 chri-

533 5086 722 5148 stiana
737 5085 1065 5157 dignitatem,
1084 5086 1458 5142 ecclesiasticae
1476 5086 1731 5142 doctrinm
1743 5087 2116 5153 eruditionem,

532 5184 593 5233 et
619 5175 934 5248 episcopalis
958 5176 1231 5248 regimiuis
1258 5176 1482 5231 formam
1522 5185 1665 5230 tanta
1689 5191 1810 5231 cum
1842 5176 1996 5231 laude
2022 5177 2122 5232 cla-

531 5266 727 5334 ruisse,
754 5273 950 5337 quanta
994 5267 1158 5322 eluxit
1195 5268 1246 5322 iu
1282 5265 1531 5322 Africana
1560 5265 1801 5322 Ecclesia
1843 5265 2122 5321 fortunatis

531 5356 640 5415 illis
690 5356 1038 5429 temporibus,
1063 5359 1256 5430 quibus
1284 5365 1443 5428 caput
1475 5357 1658 5413 habuit
1685 5357 1978 5424 Aurelium,
2004 5358 2122 5412 ani-

529 5465 677 5508 mam
704 5449 1077 5522 Augustinum.
1100 5450 1167 5506 lli
1186 5450 1436 5506 nimirum
1481 5451 1588 5506 duo
1627 5449 1807 5505 eximii
1843 5447 2121 5520 praesules,

528 5545 602 5599 ad
625 5543 851 5599 fratrum
888 5555 1106 5598 suorum
1143 5541 1436 5599 subsidium
1477 5550 1619 5598 tanta
1653 5556 1866 5613 semper
1889 5539 2122 5597 necessi-

534 5633 718 5690 tudine
749 5631 968 5690 fuerunt
1010 5635 1236 5690 invicem
1273 5634 1566 5706 conjuncti,
1606 5643 1788 5690 utnec
1812 5631 1955 5690 sedis
1980 5631 2122 5690 illius

531 5727 860 5796 praestantia,
891 5741 989 5784 nec
1017 5727 1238 5786 illustris
1258 5737 1309 5784 et
1335 5735 1624 5800 pervagata
1652 5726 1804 5783 istius
1834 5725 1991 5794 fama,
2038 5741 2122 5782 eo-

1632 263 1795 321 Vl'l‘A
1830 262 1886 321 s.
1927 257 2651 334 AUGUSTINI‘EPISCOPI.
3305 229 3341 268 ”
3370 229 3400 267 λ
3674 289 3745 350 εει

2425 180 2464 188 ..-

2228 394 2342 434 rum
2380 382 2666 438 amicitiam
2714 384 2821 442 ullo
2848 401 3083 459 unquam
3127 392 3476 454 aemulationis
3507 409 3558 457 et
3581 402 3742 464 invidie

2225 481 2372 528 motu
2392 473 2504 529 visa
2521 476 2592 531 sit
2613 476 2845 536 elevare.

2294 565 2349 620 2.
2377 566 2616 622 Primum
2641 578 2837 626 mutuae
2863 572 3076 628 illorum
3117 575 3370 635 amicitiae
3393 583 3659 654 symbolum
3675 607 3744 646 no.

2223 655 2305 712 bis
2351 659 2602 752 occurrit,
2647 660 2869 731 epistola
2903 678 3064 735 quam
3095 665 3352 724 Aurelius
3397 670 3503 741 jam
3529 673 3744 752 Carthagi-

2224 748 2406 804 neusis
2451 751 2736 822 episcopus
2776 754 2990 825 scripsit
3038 756 3371 828 Augustino;
3401 764 3488 832 qui
3522 748 3744 838 respondet

2223 840 2299 896 illi
2331 841 2556 912 epistola
2583 842 2833 914 vigesima
2861 847 3118 915 secunda,
3161 864 3322 919 quam
3354 851 3464 922 ipse
3489 857 3625 924 paulo
3658 873 3742 930 post

2222 933 2607 991 ordinationem
2632 951 2781 991 suam
2804 935 3014 993 videtur
3039 939 3446 1010 conscripsisse,
3469 946 3740 1015 quandomo.

2223 1027 2514 1083 nasterium
2556 1042 2710 1083 suum
2749 1029 3093 1101 Hipponense
3141 1032 3352 1104 erigere
3400 1035 3675 1107 incipiebat,
3701 1054 3738 1099 et

2223 1119 2340 1189 ipso
2374 1119 2709 1190 episcopatus
2734 1121 2936 1178 Aurelii
2963 1122 3222 1190 exordio;
3265 1126 3464 1198 quippe
3501 1143 3608 1186 cum
3645 1137 3740 1206 spei,

2221 1226 2379 1282 quam
2407 1226 2594 1270 omnes
2617 1213 2742 1270 boni
2766 1214 2834 1270 de
2851 1215 2942 1270 illo
2968 1227 3357 1288 conceperant,
3391 1221 3444 1276 in
3480 1237 3538 1278 ea
3573 1229 3744 1283 mentio-

2223 1319 2345 1358 nem
2373 1303 2548 1360 faciat.
2570 1305 2905 1378 Quapropter
2917 1305 3194 1364 afﬁrmare
3221 1309 3369 1378 licet,
3393 1312 3638 1371 Aurelium
3658 1329 3742 1376 ante

2221 1410 2418 1450 annum
2446 1398 2879 1454 trecentesimum
2898 1401 3312 1472 nonagesimum
3342 1416 3446 1458 non
3474 1402 3619 1462 fuisse
3636 1423 3744 1464 crea-

2225 1496 2334 1542 tum
2353 1489 2680 1560 episcopum.
2713 1489 2780 1545 Et
2794 1506 2852 1547 re
2876 1492 2990 1563 ipsa
3010 1501 3416 1550 antecessorem
3439 1495 3550 1567 ejus
3567 1498 3742 1556 Genetii-

2224 1578 2354 1633 lium
2385 1579 2438 1633 in
2459 1579 2930 1638 secundocoucilio
2943 1581 3380 1656 Carthaginensi,
3403 1585 3596 1643 decimo
3610 1602 3745 1661 quarto

2224 1669 2481 1727 kalendas
2503 1673 2661 1743 junii,
2687 1689 2828 1730 anno
2855 1677 3238 1734 trecentesimo
3267 1681 3596 1750 nonagesimo
3614 1684 3745 1753 prasi-

2224 1764 2353 1820 dere
2407 1767 2782 1837 conspicimus.
2829 1769 3078 1826 Aurelius
3121 1779 3307 1828 autem
3349 1773 3742 1846 Carthaginensem

2224 1855 2408 1913 sedem
2435 1857 2650 1914 tenebat
2666 1873 2808 1914 anno
2834 1862 3220 1918 trecentesimo
3245 1866 3580 1938 nonagesimo
3607 1869 3740 1931 tertio;

2223 1963 2345 2004 cum
2374 1949 2716 2021 Hipponense
2735 1953 3018 2008 concilium
3040 1963 3240 2011 octavo
3279 1955 3369 2012 dic
3405 1957 3618 2014 octobris
3646 1959 3741 2014 illius

2225 2044 2350 2098 anni
2372 2043 2705 2114 inscriptum,
2735 2060 2803 2101 ex
2835 2060 3021 2101 eorum
3053 2047 3126 2103 sit
3166 2063 3418 2114 numero,
3453 2065 3561 2120 quae
3589 2050 3666 2105 sub
3685 2050 3743 2104 illo

2225 2143 2352 2190 sunt
2371 2134 2568 2191 habita.
2599 2135 2716 2192 Non
2745 2147 2955 2193 exstant
2975 2138 3168 2194 littera:
3195 2154 3332 2211 quas
3360 2140 3445 2196 ille
3465 2141 3649 2211 scripsit
3666 2140 3741 2196 Au-

2225 2226 2473 2297 gustino:
2506 2226 2559 2282 id
2581 2228 2753 2284 solum
2777 2229 3028 2301 colligere
3057 2245 3372 2302 possumus,
3402 2247 3519 2287 eum
3538 2247 3590 2287 se
3623 2232 3742 2302 preci-

2224 2319 2328 2374 bus
2358 2320 2631 2391 Augustini
2657 2322 3094 2391 commendasse;
3123 2324 3446 2396 gratulatum
3465 2323 3616 2380 eidem
3630 2323 3742 2378 fuisse

2224 2413 2368 2483 quod
2399 2413 2620 2486 Alypius
2662 2415 2738 2470 illi
2781 2417 3122 2483 conviveret;
3171 2427 3228 2473 et
3247 2419 3363 2488 agri
3407 2418 3492 2489 qui
3532 2417 3743 2488 Augustini

2226 2505 2553 2560 monasterio
2601 2505 2756 2562 datus
2809 2506 2999 2575 fuerat,
3038 2507 3096 2564 in
3137 2509 3206 2565 iis
3260 2509 3448 2566 litteris
3486 2509 3740 2566 meminisse.

2226 2595 2479 2652 Sanctum
2507 2597 2647 2654 hunc
2657 2599 2938 2668 praesulem
2953 2601 3067 2670 jam
3087 2609 3216 2657 ante
3235 2601 3444 2657 colebat
3462 2601 3744 2670 diligebatque

2225 2689 2580 2760 Augustinus;
2631 2700 2688 2747 et
2712 2691 2852 2747 illius
2875 2693 3089 2758 litteris,
3117 2695 3176 2750 in
3205 2695 3398 2766 quibus
3434 2695 3656 2765 impressa
3671 2692 3742 2745 εἰη·

2225 2781 2338 2836 ceri
2367 2781 2565 2836 amoris
2595 2781 2785 2838 indicia
2825 2783 2972 2855 legit,
3012 2785 3150 2841 adeo
3195 2796 3386 2858 captus
3408 2797 3506 2852 est,
3536 2794 3586 2838 ut
3608 2782 3742 2854 quibus
3815 2829 3818 2846 ,

2227 2871 2277 2927 ei
2306 2873 2486 2929 verbis
2515 2873 2882 2944 responderet,
2911 2875 2999 2930 diu
3013 2876 3214 2933 dubius
3240 2878 3473 2933 haeserit.
3497 2874 3687 2929 Tandem
3705 2887 3742 2925 se
3813 2867 3821 2944 ἢ

2227 2965 2338 3021 Deo
2357 2966 2643 3031 commisit,
2685 2975 2742 3022 ut
2770 2969 2885 3038 ipse
2925 2983 3248 3038 responsum
3296 2976 3600 3041 suggereret,
3638 2962 3736 3035 quod

2225 3057 2502 3128 utriusque
2529 3073 2655 3129 erga
2693 3059 2947 3116 Ecclesia:
2993 3061 3194 3118 bonum
3226 3063 3401 3118 studio
3437 3061 3630 3130 zeloque
3648 3072 3738 3112 con-
3819 3107 3821 3116 .

2225 3157 2459 3218 grueret.
2481 3147 2756 3205 Fiduciam
2781 3151 2831 3207 ei
2864 3150 3130 3208 dederunt
3143 3154 3346 3210 Aurelii
3374 3153 3568 3213 litterze,
3589 3156 3635 3204 ut
3654 3159 3738 3202 cum

2227 3238 2320 3292 illo
2347 3248 2594 3310 tanquam
2619 3255 2800 3296 secum
2830 3241 3051 3298 auderet
3067 3245 3321 3315 colloqui.
3339 3244 3600 3313 Postquam
3618 3240 3743 3307 itaque
3815 3269 3818 3272 ~

2225 3331 2508 3388 certiorem
2531 3333 2678 3388 illum
2701 3335 2824 3390 fecit
2842 3336 3167 3404 orationum,
3195 3353 3329 3408 quas
3356 3338 3466 3407 ipse
3485 3348 3590 3389 cum
3615 3329 3740 3386 fratri-

2225 3422 2328 3478 bus
2357 3425 2464 3479 Deo
2490 3425 2758 3493 fundebat,
2790 3435 2852 3482 ut
2894 3429 3009 3498 spei
3048 3428 3118 3484 de
3167 3430 3314 3484 illius
3355 3428 3630 3498 episcopatu
3650 3435 3739 3475 con-

2225 3523 2395 3584 ceptse
2425 3516 2773 3584 responderet
2807 3526 3061 3586 eventus,
3103 3534 3230 3574 eum
3271 3517 3569 3574 adhortatur
3604 3520 3650 3567 ut
3677 3523 3740 3563 co-

2225 3606 2597 3674 messationes,
2623 3608 2817 3679 quibus
2855 3610 2973 3666 Afri
3000 3611 3162 3666 etiam
3201 3611 3430 3666 obducta
3459 3605 3743 3679 pietatissPe'

2225 3699 2309 3754 cie
2326 3699 2378 3755 in
2409 3700 2652 3756 ecclesiis
2671 3701 2953 3771 vacabant,
2994 3705 3317 3774 proscribat.
3348 3702 3610 3759 Pollicetur
3631 3693 3744 3750 etiam

2225 3791 2332 3857 illi,
2363 3791 2520 3848 modo
2558 3792 2706 3863 prior
2747 3796 2894 3864 operi
2944 3811 3159 3851 manum
3208 3797 3507 3858 admoveat,
3535 3785 3741 3844 Valerium

2225 3883 2622 3954 Hipponensem
2645 3899 2751 3940 non
2767 3884 3091 3941 defuturum.
3111 3886 3216 3944 Ubi
3235 3887 3396 3943 multa
3414 3883 3562 3938 habet
3585 3880 3626 3934 in
3648 3876 3743 3929 hanc

2225 3992 2338 4032 rem
2377 3977 2610 4050 egregia,
2641 3987 2698 4034 et
2736 3988 2822 4035 est
2864 3979 3012 4036 locus
3039 3980 3106 4036 de
3144 3979 3502 4038 oblationibus
3524 3987 3608 4046 pro
3641 3979 3744 4024 mor-

2225 4070 2332 4124 tuis
2355 4069 2727 4126 observatione
2747 4070 3092 4142 dignissimus
3119 4072 3319 4146 (Epist.
3337 4070 3423 4137 22,
3451 4086 3502 4123 n.
3523 4062 3644 4133 1-6).
3663 4059 3742 4113 Λα·

2226 4161 2388 4216 relius
2417 4160 2558 4218 haud
2586 4163 2742 4218 dubie
2761 4177 2860 4219 suo
2885 4179 3010 4235 erga
3037 4165 3332 4221 Ecclesiam
3350 4161 3518 4219 ofﬁcio
3540 4157 3623 4212 hac
3645 4151 3685 4206 in
3702 4160 3743 4202 re

2225 4254 2534 4324 perfunctus
2559 4264 2659 4311 est.
2695 4255 2948 4312 Testatur
2972 4257 3297 4327 Augustinus
3341 4257 3393 4310 iu
3421 4249 3624 4324 quadam
3649 4253 3741 4297 con-

2225 4345 2380 4401 cione
2405 4345 2469 4400 ad
2494 4346 2743 4416 populum
2775 4346 2974 4414 habita,
3005 4361 3084 4415 se,
3111 4362 3234 4403 cum
3262 4347 3536 4403 ebrietates
3558 4337 3614 4393 de
3637 4328 3739 4388 basi-

2227 4436 2326 4491 lica
2367 4437 2419 4491 in
2461 4452 2562 4507 qua
2592 4437 3028 4505 conciouabatur,
3079 4438 3242 4494 vellet
3287 4434 3541 4508 expellere
3567 4428 3741 4497 ((ιιιίετθ

2226 4529 2338 4600 ipsa
2361 4529 2654 4585 carnalium
2698 4531 2971 4586 hominum
3015 4528 3277 4586 seditione
3315 4523 3638 4598 nequidquam
3675 4508 3740 4564 0b-

2224 4631 2401 4678 staute
2430 4622 2651 4677 sublata:
2700 4623 2865 4694 sunt),
2917 4621 3123 4694 grande
3166 4621 3453 4694 periculum
3495 4605 3736 4694 incurrisse

2226 4713 2450 4769 Videtur
2490 4713 2542 4769 id
2578 4690 2835 4770 accidisse
2870 4690 3210 4784 Carthagine,
3253 4726 3371 4769 cum
3398 4708 3463 4765 de
3487 4690 3740 4776 spectaculis

2225 4805 2279 4860 in
2300 4819 2366 4860 eo
2382 4819 2628 4860 sermone
2643 4805 2866 4860 multum
2883 4805 3130 4873 disserat,
3155 4813 3209 4860 et
3223 4807 3569 4874 argumentum
3594 4787 3735 4845 tractet

2225 4896 2295 4951 ab
2312 4896 2430 4952 aliis
2457 4896 2557 4951 sibi
2585 4897 2914 4968 propositum
2939 4896 3136 4968 (Serm.
3162 4895 3288 4962 252,
3319 4911 3370 4948 n.
3397 4891 3471 4955 ι).

2296 4991 2350 5046 5.
2378 4989 2481 5046 Sed
2506 5001 2561 5046 ut
2586 4991 2702 5062 ejus
2721 4991 2789 5046 ad
2814 4990 3087 5046 Aurelium
3108 4988 3381 5061 epistolam
3401 4980 3628 5050 reliquam
3648 4977 3737 5039 Pe"

2227 5085 2537 5151 lustremus,
2564 5061 2631 5139 de
2653 5083 2793 5139 inani
2819 5098 3029 5154 quoque
3055 5082 3221 5154 gloria
3250 5089 3303 5137 et
3325 5075 3487 5135 laudis
3511 5061 3738 5159 cupidilflle

2226 5174 2420 5230 ibidem
2452 5174 2704 5245 praeclara
2728 5173 2878 5242 dicit,
2909 5173 3191 5245 subditque
3228 5188 3288 5229 se
3313 5172 3407 5226 ista
3449 5178 3544 5220 non
3571 5168 3654 5245 tam
3677 5162 3734 5245 ¹¹¹ς
3820 5162 3821 5238 1

2227 5232 2481 5322 struendo
2507 5267 2722 5322 Aurelio
2742 5232 2999 5337 proferre,
3024 5232 3183 5337 quam
3209 5264 3417 5321 sibimet
3434 5243 3672 5314 excitando
3686 5232 3734 5291 ad
3820 5235 3821 5260 ³

2228 5366 2444 5414 strenue
2471 5373 2592 5413 cum
2620 5358 2773 5413 hoste
2808 5355 3209 5422 decertandum,
3241 5355 3389 5425 cujus
3423 5347 3554 5403 vires
3575 5338 3612 5392 is
3637 5337 3736 5425 illius

2229 5450 2408 5516 sentit,
2438 5449 2530 5521 qui
2554 5450 2603 5504 ei
2631 5449 2825 5505 bellum
2848 5447 3115 5504 indixerit.
3157 5422 3734 5521 γειιειὶιεηιενοαηιαάνενέ
3820 5433 3821 5442 ‘

2228 5544 2363 5598 sario
2391 5520 2656 5612 dimicans,
2689 5542 2876 5614 inquit,
2917 5557 3052 5614 saepe
3079 5541 3140 5596 ab
3166 5557 3223 5596 eo
3259 5537 3458 5595 uulnera
3481 5522 3625 5596 capio,
3648 5520 3732 5567 cum

2231 5635 2604 5690 delectationem
2648 5635 2831 5690 oblatte
2857 5633 3023 5690 laudis
3063 5635 3188 5688 mihi
3214 5631 3404 5703 auferre
3441 5635 3530 5678 non
3555 5614 3731 5703 Ρ⁰³⁸¹⁸¹⁸ξ

2235 5725 2361 5781 Haec
2380 5736 2642 5799 propterea
2666 5725 2864 5797 scripsi,
2878 5735 2932 5781 ut
2956 5726 3000 5782 si
3023 5735 3121 5782 tua:
3150 5691 3412 5782 Sanetitoti
3425 5716 3529 5788 jam
3549 5717 3636 5761 ηοη
3650 5691 3738 5751 3"“

3643 6173 3822 6344 Α
