3868 6392
159 293 246 355 ηδ
1429 270 1638 330 LIBER
1668 267 1988 330 mrms.

157 409 419 475 smnia,
443 405 542 462 sire
560 400 692 471 quod
715 397 860 470 plura
880 391 1165 468 lmiusmodi
1183 392 1293 462 ipse
1318 390 1503 463 cogites
1526 398 1677 461 atque

135 503 456 569 .utilicra,sire
481 495 612 566 quod
633 504 732 549 tua:
753 487 1011 547 Sanctitati
1029 487 1275 542 medicina
1296 487 1395 539 ista
1422 500 1525 539 non
1549 500 1677 556 opus

160 600 233 661 sit,
258 596 375 650 uiola
409 602 569 644 tamen
601 602 711 640 mea
737 592 852 639 nota
878 581 977 636 sint
1018 579 1126 646 tibi,
1170 579 1398 648 sciasque
1421 576 1558 632 unde
1587 592 1678 646 pro

169 706 268 745 nica
295 683 553 756 inﬁmitate
571 679 732 734 Deum
757 691 934 748 rogare
958 672 1177 745 digneris
1203 687 1224 726 :
1241 671 1377 742 quod
1403 679 1457 724 ut
1479 670 1679 742 impen-

175 782 338 839 sissch
353 777 512 848 facias,
541 771 736 827 obsecro
760 784 847 839 per
883 765 1244 820 humanitatem
1274 763 1413 817 illius
1435 759 1519 828 qui
1545 775 1680 832 pm.

180 884 340 945 eeptnt
353 869 484 934 dedit,
514 875 565 921 ut
584 864 791 918 invicem
811 875 962 916 onera
977 866 1149 913 nostra
1168 863 1422 928 portemus
1440 853 1564 927 (Ep.
1587 852 1680 921 9.2,

183 983 256 1024 In.
278 964 319 1030 8,
340 959 414 1033 9).
441 957 587 1014 Addit
623 953 788 1010 multa
813 963 1108 1023 superesse,
1141 962 1261 1018 qua:
1287 945 1354 1002 de
1377 945 1484 999 vita
1510 959 1602 1000 sua
1629 951 1685 998 et

185 1057 512 1116 copulatione
533 1048 819 1106 deﬂeturus
848 1053 1010 1111 esset,
1038 1043 1084 1098 si
1111 1056 1233 1097 cum
1262 1055 1328 1096 eo
1372 1053 1552 1094 coram
1591 1051 1685 1107 po-

185 1153 270 1210 tius
303 1164 425 1221 quam
457 1161 550 1218 per
584 1145 790 1199 litteras
819 1139 1050 1210 colloqui
1091 1136 1191 1192 sibi
1219 1135 1287 1192 de
1313 1135 1416 1190 illis
1457 1133 1680 1188 liceret:

181 1245 482 1313 flippoumses
522 1250 671 1307 porro
699 1233 800 1304 ipsi
843 1247 951 1286 non
979 1228 1222 1296 credere,
1252 1227 1486 1297 dumque
1509 1224 1686 1280 deseri

174 1341 384 1398 metuunt,
412 1328 734 1400 longinquam
763 1338 916 1380 suam
944 1322 1117 1393 ipsius
1145 1318 1440 1376 absentiam
1459 1316 1688 1372 tolerare

167 1444 252 1484 non
269 1440 421 1498 posse.
436 1425 594 1493 Rogat
607 1429 784 1475 tamen
801 1415 1073 1472 Aurelium
1084 1421 1144 1470 ut
1162 1411 1508 1476 aSaturnino,
1528 1424 1687 1478 quem

165 1531 348 1591 uterque
369 1518 559 1572 sincere
584 1513 862 1584 diligebat,
893 1523 1075 1566 secum
1097 1507 1256 1564 enixe
1281 1504 1528 1575 postulet,
1547 1510 1604 1557 ut
1621 1499 1689 1556 ad

161 1630 209 1670 se
231 1613 390 1668 venire
407 1625 467 1665 ne
480 1617 750 1680 gravetur;
785 1611 1065 1675 propterea
1089 1599 1230 1671 quod
1247 1613 1365 1654 cum
1387 1596 1532 1652 senis
1549 1594 1689 1649 illius

160 1709 218 1763 sit
251 1703 736 1767 observantissimus,
766 1707 825 1755 et
849 1697 966 1768 ejus
1007 1696 1061 1750 in
1106 1691 1380 1749 Aurelium
1425 1687 1692 1758 singulare

161 1799 355 1853 studium
384 1809 606 1866 praesens
645 1794 760 1862 ipse
784 1786 1137 1860 perSpexerit,
1167 1785 1252 1839 vix
1276 1780 1473 1852 aliquid
1498 1777 1690 1834 discri-

157 1890 292 1945 minis
323 1891 446 1944 inter
470 1886 808 1956 colloquium,
838 1881 981 1954 quod
1011 1880 1096 1934 vel
1120 1893 1240 1934 cum
1265 1876 1574 1940 Saturnino,
1607 1875 1689 1929 vel

160 1998 262 2038 cum
295 1985 395 2053 ipso
423 1980 628 2037 Aurelio
655 1987 801 2035 esset
841 1975 1137 2038 habiturus,
1177 1978 1510 2043 agnosceret.
1541 1967 1693 2023 Haud

164 2074 335 2128 scimus
361 2089 419 2127 an
456 2073 553 2127 iste
585 2070 923 2133 Saturninus,
955 2081 1114 2137 quem
1137 2063 1445 2134 episcopum
1472 2069 1526 2116 et
1552 2059 1692 2114 anti-

165 2180 306 2235 quum
332 2172 380 2220 et
401 2163 644 2218 celebrem
675 2161 860 2226 fuisse,
891 2157 1137 2213 dubitare
1161 2169 1267 2210 non
1293 2165 1598 2224 possumus,
1626 2150 1695 2205 sit

161 2256 241 2311 ille
255 2256 421 2326 prasnI
436 2255 701 2311 Uzalensis
719 2253 890 2308 beatae
905 2249 1178 2305 memoria:
1200 2246 1516 2302 Saturninus
1535 2257 1693 2314 quem

158 2349 434 2419 Augustinus
457 2345 778 2416 Carthagine
806 2343 1013 2398 viderat
1041 2354 1144 2394 una
1187 2353 1307 2393 cum
1338 2334 1555 2391 Aurelio
1581 2331 1697 2406 (De

160 2439 246 2493 Gr.
265 2438 362 2506 Dei,
380 2440 460 2494 lib.
481 2439 701 2508 22,4:ap.
719 2435 796 2507 8),
819 2448 961 2489 anno
984 2429 1356 2488 trecentesimo
1371 2425 1696 2495 octogesimo

160 2541 329 2586 octavo.

709 2617 940 2675 CAPUT
980 2615 1092 2669 VII.

159 2716 180 2770 l
204 2713 376 2770 Librum
390 2715 447 2770 de
473 2713 706 2770 Utilitate
730 2709 964 2766 credendi
985 2707 1052 2761 ad
1069 2705 1384 2760 Honoratum
1401 2701 1452 2756 Μ
1459 2701 1698 2755 anichteis

221 2809 432 2863 addictum
453 2807 646 2862 scribit.
676 2805 714 2859 2
745 2803 873 2858 Tum
898 2801 1080 2857 librum
1109 2799 1172 2852 de
1189 2797 1398 2851 Duabus
1424 2793 1698 2848 Animabus

220 2901 416 2956 aduersu
447 2900 653 2954 eosdem
693 2895 1024 2950 Manicha’os.
1066 2893 1100 2947 5
1141 2890 1478 2945 Fortunatum
1523 2887 1695 2940 Mani-

217 2993 379 3046 cheum
403 2992 746 3062 presbyterum
771 2987 1020 3041 convincit
1042 2985 1095 3039 in
1121 2983 1321 3056 publica
1338 2979 1694 3051 disputatione.

213 3085 238 3139 l
263 3085 568 3138 Adimantum
601 3080 872 3135 Manichtei
901 3076 1204 3149 discipulum
1232 3073 1436 3146 refellit.

214 3177 257 3232 l.
279 3175 409 3230 Licet
435 3173 766 3244 Augustinus
794 3168 988 3225 Valerii
1025 3168 1175 3239 jussu
1203 3166 1454 3236 populum
1498 3163 1697 3232 Hippo-

161 3283 340 3324 uensem
357 3269 522 3324 verbo
543 3267 864 3331 institueret,
891 3262 1114 3332 aliisque
1138 3257 1453 3331 presbyterii
1471 3257 1551 3310 sui
1577 3271 1699 3310 muv

159 3362 332 3415 aeribus
349 3359 534 3416 sedulo
553 3361 892 3428 fungeretur;
921 3352 1062 3408 haud
1085 3361 1261 3407 tamen
1287 3350 1400 3404 haec
1445 3347 1700 3402 obstitere

160 3453 393 3520 quominus
428 3451 738 3505 universam
771 3445 1060 3501 Ecclesium
1092 3441 1320 3514 publicis
1375 3439 1700 3494 lucubratio-

163 3543 288 3596 nibus
308 3545 402 3598 suis
425 3541 689 3600 erudiret.
736 3539 942 3593 Primas
963 3535 1184 3590 contulit
1212 3533 1276 3586 ad
1310 3529 1700 3602 impugnandos

165 3633 446 3702 Mauichaaos,
495 3636 586 3706 qui
617 3631 755 3703 apud
782 3627 1338 3700 Hipponem-Regium
1398 3623 1701 3694 frequentes

161 3737 298 3790 erant,
323 3727 384 3782 ob
410 3727 784 3798 presbyterum
827 3719 1112 3792 quemdam
1138 3716 1482 3772 Manichazum
1531 3715 1549 3786 (
1567 3711 1700 3768 For-

163 3826 308 3874 tunato
328 3835 513 3875 nomen
539 3816 696 3890 fuit),
728 3815 819 3886 qui
847 3813 1140 3884 permultos
1169 3810 1240 3865 ibi
1284 3810 1426 3864 cives
1456 3817 1508 3861 et
1537 3805 1698 3860 adve-

161 3925 237 3964 nas
267 3927 425 3982 pravae
451 3928 565 3968 sua:
613 3908 871 3965 doctrinae
898 3903 1108 3961 veneni)
1150 3901 1408 3957 infecerat
1435 3899 1453 3970 (
1481 3899 1698 3953 Retract.

165 4001 230 4053 lib.
265 4005 308 4066 l,
332 4021 438 4074 cap.
466 4004 589 4076 14).
639 4001 878 4056 Primum
905 4011 1038 4067 opus
1058 4009 1212 4050 suum
1239 3992 1506 4061 inscripsit
1531 3990 1703 4044 amico

166 4106 241 4147 suo
261 4094 529 4159 “onerato,
557 4091 973 4148 Manichaeorum
1003 4086 1207 4142 irrctito
1238 4083 1459 4153 laqueis,
1489 4081 1541 4134 in
1569 4094 1704 4149 quos

165 4197 260 4238 eum
280 4187 487 4255 ipsemet
514 4185 836 4257 Augustinus
864 4181 990 4235 olim
1017 4177 1323 4248 coniecerat
1347 4172 1450 4245 (De
1478 4171 1706 4227 Utilitate

168 4277 375 4342 credendi,
406 4297 456 4333 n.
486 4277 580 4349 2).
613 4278 747 4331 Cum
793 4283 935 4328 esset
977 4271 1278 4327 Honoratus
1306 4267 1413 4322 aeri
1453 4265 1652 4335 judicio
1683 4305 1700 4330 ,

168 4379 294 4432 quam
326 4369 555 4424 invalida:
598 4368 770 4423 forent
797 4365 1067 4420 nonnulla:
1114 4361 1522 4416 Maniclueorum
1561 4357 1707 4412 solu-

169 4454 328 4524 tiones,
368 4461 488 4515 satis
528 4459 851 4530 agnoscebat
879 4467 931 4511 ct
960 4455 1158 4510 eisdem
1196 4467 1330 4522 pene
1368 4465 1613 4505 curarum
1642 4463 1707 4505 ac

171 4546 526 4606 sollicitudinum
555 4551 827 4617 fluctibus,
851 4549 1042 4619 quibus
1085 4547 1214 4600 alias
1257 4543 1534 4614 Augustini
1574 4556 1704 4597 nec-

175 4635 281 4691 dum
317 4645 529 4698 conversi
573 4643 807 4705 animus,
853 4639 1169 4709 iactabatur.
1216 4636 1411 4690 Verum
1451 4634 1706 4705 deceptus

177 4725 322 4784 fuerat
343 4735 571 4800 speciosis
619 4735 730 4788 illis
771 4731 1180 4787 Manichaeorum
1215 4727 1702 4798 pollicitationibus,

173 4817 331 4884 quibus
353 4836 403 4876 se
422 4824 537 4879 nihil
567 4824 669 4878 nisi
711 4821 854 4893 quod
891 4821 1114 4882 clarum,
1144 4817 1361 4873 evidens
1387 4824 1441 4870 et
1464 4825 1704 4885 apertum

177 4906 300 4974 foret,
344 4925 623 4971 asserturos
668 4911 1067 4984 promittebant.
1111 4908 1371 4964 lrridebat
1416 4906 1612 4976 pariter
1653 4907 1706 4962 in

177 5000 407 5060 tautolic'e
445 5007 563 5063 fidei
602 5006 904 5076 disciplina,
934 5003 1074 5074 quod
1119 5002 1250 5057 ﬁdes
1279 4999 1577 5055 hominibus
1608 4999 1709 5054 im-

179 5104 424 5164 peraretur,
462 5114 558 5154 nec
585 5113 776 5153 verum
823 5096 927 5151 illis
974 5095 1178 5150 ratione
1221 5093 1702 5148 demonstraretur.

178 5181 282 5238 Cum
307 5186 446 5258 igitur
472 5192 600 5245 falsa
635 5189 875 5244 veritatis
903 5187 1079 5258 specie
1115 5186 1386 5256 deceptus,
1429 5199 1533 5238 non
1574 5192 1708 5238 tem-

185 5278 338 5340 Nullis
376 5281 632 5338 commodi
657 5280 824 5351 gratia
863 5279 1138 5349 pellectus,
1166 5277 1464 5332 adbmrcrct
1503 5277 1704 5343 errori,

184 5361 326 5434 lioque
350 5374 500 5443 magis
523 5374 746 5429 delusus
791 5372 858 5427 ab
905 5365 1190 5438 bieretieis,
1234 5385 1390 5440 quam
1433 5369 1709 5425 haereticus

187 5465 327 5526 alet;
347 5465 555 5520 credidit
581 5465 905 5534 Augustinus
933 5463 1044 5519 fore
1072 5472 1132 5519 ut
1161 5463 1308 5517 illum
1337 5462 1404 5517 ad
1428 5463 1536 5516 veri
1567 5462 1706 5518 noti-

188 5542 286 5601 “Im
304 5552 464 5609 eadem
486 5557 573 5611 via
595 5570 700 5626 qua
726 5554 838 5624 ipse
859 5563 1190 5625 pervenerat,
1221 5562 1398 5624 posset
1420 5551 1704 5608 adducere.

190 5631 235 5690 ιι
254 5637 373 5698 hunc
393 5645 538 5704 linem
584 5647 655 5702 ad
684 5662 804 5702 eum
830 5648 1041 5718 scripsit
1076 5647 1334 5717 insignem
1380 5645 1592 5710 librum,
1623 5647 1709 5701 cui

189 5723 362 5789 Mum
382 5733 490 5792 fecit
509 5781 524 5807 ,
547 5738 622 5796 0e
641 5737 870 5795 Utilitate
895 5739 1161 5806 credendi,
1195 5746 1250 5793 ut
1275 5735 1581 5793 ostenderet
1604 5738 1712 5794 Ma-

3259 270 3364 336 £80

1780 386 2020 444 nichzeos
2043 393 2247 446 temere
2264 401 2328 445 ac
2354 383 2692 462 sacrilege’in
2725 403 2819 447 eos
2841 387 3039 461 invehi,
3069 391 3158 464 qui
3183 392 3368 449 catho-

1781 480 1896 536 licae
1935 479 2059 536 fidei
2103 481 2471 537 auctoritatem
2518 491 2828 554 sequentes,
2883 482 2948 538 ad
2993 485 3366 556 mysteriorum

1782 571 2180 644 intelligentiam
2222 588 2283 630 se
2327 585 2657 645 comparant,
2702 576 2826 632 dum
2867 591 2929 632 ea
2960 577 3200 645 credunt,
3246 595 3365 650 qua:

1783 663 2018 719 nondum
2047 665 2256 720 valeant
2284 668 2462 720 animo
2503 667 2799 736 percipere,
2844 677 3184 738 mentemque
3209 683 3361 724 suam

1784 756 1848 811 ad
1877 756 2052 811 radios
2095 757 2256 812 divini
2299 757 2513 814 luminis
2555 759 2895 829 excipiendos
2924 761 3362 820 emundant.'De

1786 846 1887 902 hoc
1912 862 2018 903 uno
2042 857 2358 918 argumento
2383 849 2488 920 agit
2518 849 2570 904 iu
2602 848 2704 904 hoc
2727 864 2909 921 opere.
2939 849 3367 909 Confutationem

1786 938 1927 992 enim
1969 936 2265 993 fabularum
2295 953 2430 1008 quas
2475 938 2747 995 Manichaei
2788 941 3370 1013 comminiscebantur,

1786 1036 1840 1083 et
1867 1027 2170 1085 uberiorem
2195 1028 2263 1086 de
2288 1029 2550 1085 catholica
2571 1029 2811 1086 doctrina
2840 1046 3163 1096 sermonem.
3195 1034 3240 1088 si
3263 1034 3370 1090 Ho-

1788 1129 1978 1176 norato
2005 1119 2073 1176 ad
2100 1121 2325 1177 salutem
2357 1121 2613 1192 prodesse
2641 1121 2927 1192 judicaret,
2954 1121 3022 1177 ad
3060 1123 3164 1178 alia
3192 1137 3372 1178 reser-

1789 1223 1878 1271 vat
1896 1229 2083 1285 opera,
2098 1215 2314 1285 jamque
2343 1215 2394 1270 id
2417 1215 2470 1270 in
2497 1214 2618 1270 aliis
2640 1214 3000 1270 voluminibus
3023 1214 3183 1271 editis
3205 1215 3376 1272 fuerat

1788 1316 2092 1365 exsecutus.
2125 1309 2214 1364 Ait
2239 1323 2299 1365 se
2345 1323 2466 1364 cum
2489 1324 2578 1376 eo,
2623 1309 2770 1366 velut
2817 1325 2940 1366 cum
2979 1309 3227 1367 familiari
3254 1327 3372 1380 suo,

1790 1401 2018 1472 simplici
2059 1402 2184 1458 stilo
2210 1417 2392 1473 agere,
2430 1402 2484 1458 id
2531 1411 2634 1471 est,
2683 1404 2821 1460 sicut
2862 1405 2980 1475 ipse
3005 1413 3130 1463 tunc
3155 1417 3372 1479 posset,

1790 1493 1988 1547 omissa
2029 1493 2264 1549 scientiae
2304 1493 2596 1560 altitudine,
2637 1509 2796 1565 quam
2849 1495 2902 1551 in
2961 1497 3080 1553 aliis
3132 1497 3380 1556 doctissi-

1793 1586 1894 1641 mis
1953 1586 2082 1640 viris
2141 1585 2334 1642 fuisset
2381 1587 2672 1643 admiratus
2717 1587 2924 1660 (Ibid.,
2956 1590 3167 1662 n.10).
3191 1593 3375 1664 Addit,

1793 1694 1853 1734 se
1903 1680 2074 1735 sacris
2138 1680 2212 1740 in.
2233 1679 2449 1736 Litteris
2499 1681 2726 1737 necdum
2771 1696 2892 1738 esse
2939 1684 3069 1739 satis
3119 1675 3380 1744 exercita-

1796 1780 1928 1827 tum.
1955 1773 2121 1828 Deum
2147 1783 2426 1844 rogaverat
2449 1782 2508 1830 ut
2545 1775 2687 1830 istud
2721 1789 2857 1846 Opus
2876 1777 3004 1834 utile
3029 1777 3167 1835 foret
3195 1779 3378 1837 Hono-

1795 1872 1931 1931 rato,
1971 1865 2194 1935 aliisque
2222 1880 2448 1936 quorum
2480 1866 2533 1920 in
2570 1881 2761 1923 manus
2786 1867 3080 1926 deveniret.
3135 1869 3204 1925 Et
3230 1888 3379 1943 spero

1795 1958 1866 2011 ita
1909 1959 2038 2028 fore,
2094 1959 2283 2030 inquit,
2322 1960 2367 2014 si
2394 1959 2518 2014 bene
2562 1960 2685 2014 mihi
2723 1961 2951 2016 conscius
2977 1978 3112 2029 sum,
3142 1963 3278 2035 quod
3312 1964 3381 2019 ad

1797 2049 1928 2104 hunc
1974 2049 2146 2104 stilum
2185 2053 2268 2121 pio
2316 2060 2365 2106 et
2401 2053 2618 2124 ofﬁcioso
2645 2054 2838 2120 animo,
2879 2071 2980 2110 non
3008 2057 3122 2110 vani
3165 2059 3382 2112 nominis

1796 2144 2102 2214 appetitione
2125 2159 2186 2196 ac
2208 2145 2488 2215 nugatoria:
2523 2147 2887 2212 ostentationis,
2916 2148 3121 2202 accessi.
3149 2147 3259 2204 Scit
3283 2165 3382 2202 au-

1798 2246 1897 2291 tem
1936 2235 2094 2303 Deus,
2125 2238 2205 2291 cui
2232 2247 2352 2291 nota
2376 2246 2492 2292 sunt
2522 2255 2710 2292 arcana
2745 2241 3062 2295 conscientia
3085 2257 3226 2309 mete,
3255 2242 3385 2296 nihil

1799 2345 1879 2382 me
1904 2329 1956 2382 in
1979 2329 2074 2382 hoc
2098 2345 2327 2384 sermone
2355 2331 2605 2386 malitiose
2629 2347 2814 2402 agere;
2835 2333 2926 2386 sed
2952 2341 3008 2387 ut
3033 2334 3263 2389 existimo
3291 2352 3383 2390 ac-

1797 2419 2082 2489 cipiendum
2103 2437 2227 2489 esse,
2257 2422 2359 2476 veri
2386 2422 2632 2494 probandi
2669 2440 2824 2478 causa
2853 2440 2872 2478 :
2900 2425 2984 2479 cui
3007 2426 3096 2480 uni
3123 2426 3197 2481 rei
3221 2427 3383 2482 vivere

1789 2511 1994 2580 jamdiu
2033 2513 2318 2578 statuimus,
2349 2523 2397 2567 et
2432 2513 2712 2569 incredibili
2751 2515 3123 2582 sollicitudine;
3159 2534 3222 2571 ne
3261 2517 3387 2573 mihi

1800 2619 1973 2658 errare
1997 2605 2253 2659 vobiscum
2292 2605 2598 2676 facillimum
2643 2607 2812 2675 fuerit,
2854 2608 2948 2663 iter
2990 2618 3156 2664 autem
3199 2619 3388 2664 rectum

1801 2706 1965 2751 tenere
1995 2697 2246 2752 uobiscum
2265 2699 2350 2764 sit,
2380 2716 2443 2754 ne
2461 2699 2638 2753 durius
2664 2698 2862 2768 loquar,
2887 2701 3255 2772 diﬁcillimum.
3279 2701 3388 2760 Sed

1800 2806 2050 2861 pnesumo
2069 2791 2205 2861 quod
2228 2800 2274 2845 et
2295 2792 2346 2846 in
2370 2791 2465 2846 hac
2483 2808 2590 2863 spe,
2617 2808 2719 2861 qua
2741 2808 2888 2864 spero
2913 2809 2999 2846 vos
3021 2793 3153 2847 viam
3179 2795 3385 2864 sapien-

1799 2883 1884 2936 tiae
1907 2899 2102 2936 mecum
2141 2883 2447 2949 obtenturus,
2481 2900 2582 2938 non
2608 2900 2686 2938 me
2708 2884 2899 2938 deseret
2936 2884 3024 2938 ille
3046 2885 3130 2938 cui
3158 2895 3389 2939 sacratus

1799 2991 1910 3028 sum
1943 2991 1961 3028 :
1983 2991 2130 3046 quem
2169 2975 2275 3030 dies
2319 2983 2583 3046 noctesque
2623 2974 2808 3028 intueri
2849 2990 3022 3040 conor,
3066 2985 3113 3029 et
3153 2977 3389 3047 quoniam

1802 3075 2006 3137 propter
2043 3075 2248 3138 peccata
2286 3083 2416 3130 utea,
2459 3074 2758 3138 propterque
2780 3065 3186 3122 consuetudinem
3223 3068 3390 3138 plagis

1801 3169 2171 3214 veternosarum
2187 3159 2478 3231 opinionum
2494 3159 2774 3213 sauciatam
2783 3158 2986 3212 oculum
3000 3159 3184 3214 animle
3191 3175 3388 3230 gerens,

1801 3253 2080 3308 invalidum
2111 3269 2190 3306 me
2215 3269 2322 3307 esse
2359 3267 2624 3322 cognosco,
2664 3266 2799 3321 saepe
2826 3266 2948 3321 rogo
2975 3266 3091 3304 cum
3130 3249 3388 3322 lacrymis.

1803 3345 1871 3398 Et
1916 3345 2335 3416 quemadmodum
2376 3352 2486 3415 post
2515 3342 2717 3414 longam
2768 3342 3040 3397 caecitatem
3067 3357 3128 3396 ac
3163 3342 3388 3397 tenebras

1803 3439 2072 3493 luminibus
2099 3439 2182 3492 via:
2208 3436 2413 3508 apertis,
2446 3445 2494 3490 et
2535 3435 2702 3490 adhuc
2735 3434 2896 3489 lucem
2929 3433 3226 3506 palpitando
3247 3441 3394 3502 atque

1804 3530 2103 3590 aversanda,
2145 3546 2296 3598 quam
2331 3538 2500 3583 tamen
2523 3528 2834 3594 desiderant,
2871 3526 3234 3593 recusantibus,
3265 3541 3396 3598 prd:-

1802 3621 1973 3674 sertim
1997 3621 2039 3674 si
2075 3619 2147 3674 eis
2185 3620 2341 3673 solem
2378 3619 2530 3674 istum
2571 3617 2823 3690 quispiam
2850 3626 3054 3672 conetur
3091 3617 3348 3672 ostendere
3373 3632 3392 3671 :

1803 3714 1875 3766 ita
1898 3713 2021 3766 mihi
2043 3728 2177 3766 nunc
2203 3713 2381 3776 evenit,
2407 3728 2510 3765 non
2530 3711 2739 3781 neganti
2757 3725 2863 3764 esse
2883 3708 3137 3776 ineffabile
3153 3709 3396 3776 quiddam

1806 3813 1851 3856 et
1875 3803 2131 3871 singulare
2169 3804 2357 3856 anima:
2389 3801 2574 3855 bonum
2599 3801 2734 3872 quod
2759 3809 2921 3854 mente
2949 3798 3217 3863 uideatur;
3245 3808 3291 3853 et
3319 3815 3397 3853 me

1805 3896 1872 3948 ad
1901 3895 2343 3965 contemplandum
2384 3893 2606 3948 nondum
2637 3909 2742 3948 esse
2777 3893 3013 3946 idoneum
3056 3907 3168 3945 cum
3197 3892 3318 3960 ﬂetu
3349 3899 3396 3944 et

1812 3989 2000 4059 gemitu
2036 3988 2316 4056 conﬁtenti.
2347 3986 2468 4041 Non
2507 4003 2587 4040 me
2608 4002 2726 4057 ergo
2750 3986 2960 4050 deseret,
2991 3985 3034 4037 si
3067 3983 3194 4037 nihil
3225 3983 3393 4054 fingo,

1805 4080 1851 4133 si
1872 4080 2032 4150 ofﬁcio
2067 4079 2243 4141 ducor.
2271 4079 2312 4132 si
2338 4079 2596 4132 veritatem
2624 4093 2759 4141 amo,
2781 4076 2827 4130 si
2851 4074 3125 4128 amicitiam
3153 4074 3327 4145 diligo,
3353 4075 3396 4128 si

1807 4172 2019 4224 multum
2039 4179 2204 4224 metuo
2233 4187 2296 4224 ne
2315 4169 2514 4240 fallaris
2531 4166 2716 4241 (Ibid.,
2739 4184 2828 4221 nu.
2845 4167 2898 4234 1,
2918 4167 2996 4238 4).
3019 4165 3295 4236 Augustini
3322 4165 3398 4220 la-

1810 4261 2027 4317 boribus
2041 4270 2256 4332 optatus
2281 4275 2406 4330 erga
2435 4259 2762 4315 Honoratum
2788 4257 3060 4329 respondit
3080 4267 3322 4324 eventus,
3351 4257 3396 4311 si

1809 4353 1969 4409 modo
1994 4354 2038 4409 is
2062 4363 2162 4418 est,
2179 4363 2236 4409 ut
2255 4362 2460 4424 putant,
2483 4352 2571 4423 qui
2589 4352 2883 4423 Augustino
2896 4352 3035 4406 circa
3057 4363 3252 4405 annum
3277 4363 3398 4418 qua-

1809 4447 2289 4518 dringentesimum
2333 4446 2709 4501 duodecimum
2736 4443 2909 4498 varias
2931 4441 3249 4513 qumstiones
3276 4455 3399 4495 euo-

1809 4540 2010 4596 dandas
2028 4541 2094 4594 ab
2110 4540 2240 4595 urbe
2254 4538 2576 4609 Carthagine
2607 4535 2849 4592 mittebat
2865 4535 3053 4606 (Epist.
3070 4533 3190 4599 MO,
3207 4551 3259 4588 n.
3279 4533 3395 4606 85).

1879 4631 1935 4686 2.
1967 4633 2094 4686 Post
2118 4631 2309 4686 librum
2338 4629 2406 4685 de
2433 4629 2666 4685 Utilitate
2683 4625 2954 4691 credendi,
2982 4625 3196 4696 scripsit
3220 4625 3400 4698 Augu-

1809 4723 1982 4779 stinus
2008 4721 2076 4777 de
2100 4721 2314 4776 Duabus
2339 4719 2632 4774 Animabus
2651 4716 2902 4792 (Retract.
2932 4717 3020 4772 lib.
3054 4718 3108 4784 1,
3136 4734 3253 4787 cap.
3283 4716 3397 4790 15),

1810 4830 1944 4886 quas
1982 4814 2158 4870 inesse
2205 4811 2407 4867 homini
2447 4810 2632 4866 dicunt
2658 4809 2954 4876 Manicluei,
2991 4825 3212 4880 quarum
3241 4823 3400 4865 unam

1813 4909 2027 4973 bonum,
2058 4907 2279 4961 alteram
2306 4905 2484 4961 carnis
2509 4905 2777 4976 propriam
2802 4914 2859 4960 et
2883 4903 2950 4960 de
2967 4912 3128 4976 gente
3151 4902 3402 4958 tenebra-

1811 5015 1947 5065 rum,
1979 5013 2137 5069 quam
2179 4998 2288 5053 Deo
2327 5006 2646 5069 opponunt:
2678 4995 2856 5052 omnia
2909 4995 3121 5065 quidem
3170 4993 3400 5050 hominis

1813 5091 1951 5147 bona
1997 5091 2070 5147 illi
2119 5090 2272 5146 bona:
2315 5092 2526 5156 animae,
2549 5090 2727 5145 omnia
2760 5103 2889 5145 vero
2939 5088 3077 5144 mala
3129 5086 3205 5142 illi
3247 5086 3401 5142 mala:

1814 5185 2006 5239 animae
2036 5185 2350 5240 tribuentes.
2385 5183 2534 5239 Hane
2574 5183 2894 5239 sententiam
2933 5181 3051 5236 falsi
3086 5180 3354 5237 convincit
3385 5195 3399 5232 :

1813 5277 2155 5347 rationesque
2197 5291 2329 5347 quas
2357 5275 2593 5340 adhibet,
2621 5289 2687 5330 eo
2711 5274 2830 5346 plus
2866 5273 2932 5329 ad
2975 5257 3402 5343 persuadendum

1814 5380 1867 5427 et
1892 5369 2213 5426 movendum
2233 5367 2483 5440 ponderis
2507 5382 2568 5422 ac
2592 5366 2848 5422 momenti
2873 5365 3134 5431 obtinent,
3150 5361 3289 5434 quod
3311 5376 3403 5416 eas

1816 5477 1921 5518 non
1947 5460 2266 5531 disputando
2292 5458 2528 5530 exponit,
2579 5458 2672 5513 sed
2699 5457 2872 5512 solum
2913 5453 3160 5517 dolendo,
3202 5466 3261 5506 se
3296 5451 3361 5504 iis
3383 5491 3399 5518 ,

1815 5553 1942 5631 dum
1973 5570 2002 5608 a
2048 5550 2356 5608 Manicbmis
2399 5548 2547 5605 illudi
2585 5548 2686 5604 sibi
2731 5561 2918 5618 passus
2959 5553 3064 5609 est,
3095 5556 3246 5597 usum
3293 5555 3402 5596 non

1817 5646 1999 5711 fuisse,
2028 5645 2166 5699 sicut
2189 5659 2248 5699 se
2281 5643 2355 5698 uti
2395 5641 2631 5713 potuisse
2669 5639 3028 5700 demonstrat;
3055 5648 3176 5687 cum
3201 5646 3266 5686 ex
3294 5647 3390 5686 na-

1820 5747 1951 5791 turae
1976 5737 2163 5807 ipsius,
2186 5734 2560 5803 communique
2588 5730 2853 5786 hominum
2882 5739 3044 5780 sensu
3067 5722 3401 5796 deprompta
