3868 6400
539 279 644 339 187

535 399 642 455 sint
657 399 758 472 (De
773 397 978 454 Duabus
1001 397 1296 463 Animabus,
1324 413 1376 452 η.
1408 394 1535 468 22).
1567 385 1772 451 Asserit
1789 409 1847 451 se
1889 409 1919 450 a
1941 407 2121 450 rerum

535 496 644 545 tam
667 490 989 547 evidentium
1009 483 1434 545 consideratione
1458 484 1710 559 peccandi
1731 481 2121 543 consuetudine

538 582 700 639 fuisse
729 599 995 649 aversnm,
1029 593 1195 652 seque
1221 581 1420 637 sentire
1449 578 1662 635 nuncin
1695 577 2120 633 familiarissimo-

540 692 656 732 rum
687 686 902 732 suorum
929 674 1144 740 damno,
1175 673 1315 744 quod
1337 679 1462 727 tunc
1487 672 1538 727 in
1568 683 1664 726 suo
1695 671 1859 741 ipsius
1885 667 2118 740 periculo

530 767 748 824 minime
773 767 1050 825 sentiebat.
1093 765 1424 837 Quapropter
1452 763 1599 836 operi
1642 762 1803 818 linem
1848 761 2112 833 imponit,

533 857 700 914 Deum
738 875 898 916 orans
936 866 1093 929 atque
1117 855 1425 923 obSecrans,
1454 861 1513 910 ut
1549 851 1784 924 ejusdem
1809 849 1991 923 gratiae
2015 863 2116 920 cpe

528 967 684 1025 quam
720 952 832 1021 ipse
862 959 1109 1020 expertus
1137 953 1238 1016 est,
1270 941 1392 1002 illos
1421 945 1488 1002 ab
1513 959 1696 1001 errore
1735 951 1945 999 revocet
1971 960 1984 996 :
2007 941 2111 997 sic-

528 1058 634 1113 que
661 1057 819 1097 orans
859 1041 1116 1112 agnoscit,
1160 1054 1266 1094 non
1310 1038 1480 1092 solum
1510 1049 1801 1092 conversos
1844 1030 1909 1088 ad
1949 1027 2111 1088 Deum

527 1134 694 1205 gratia
743 1132 859 1204 ejus
899 1130 1153 1203 adjuvari,
1181 1139 1237 1186 ut
1282 1125 1594 1201 proficiant;
1640 1141 1823 1182 verum
1866 1125 2025 1181 etiam
2057 1130 2114 1177 ut

528 1231 924 1290 convertantur,
951 1222 1018 1279 ad
1040 1224 1205 1294 ipsam
1225 1219 1316 1277 Dei
1336 1220 1559 1293 gratiam
1579 1218 1842 1289 pertinere
1865 1213 2108 1288 (Retract.

529 1315 616 1372 lib.
642 1319 693 1384 l,
723 1334 837 1388 cap.
873 1316 958 1382 15,
992 1332 1042 1370 η.
1077 1312 1166 1385 8).
1197 1309 1356 1385 Spem
1383 1308 1507 1367 facit
1522 1311 1572 1365 in
1595 1309 1887 1381 hocopere,
1907 1321 1966 1362 se
1993 1305 2111 1361 aliis

529 1411 585 1467 in
612 1405 1066 1468 lucubrationibus
1092 1413 1451 1470 ostensurum,
1483 1415 1711 1474 quonam
1740 1405 1896 1471 parto
1923 1396 2107 1454 catho-

526 1497 641 1558 lic:e
686 1501 972 1571 Scriptura:
1022 1514 1051 1554 a
1097 1496 1505 1553 Manicliaiorum
1566 1489 2019 1550 criminatiOnlbus
2057 1497 2111 1545 et

526 1594 804 1651 calumniis
850 1594 1053 1664 possint
1095 1587 1350 1647 Vindieari
1393 1605 1407 1644 :
1451 1581 1591 1660 quod
1629 1593 1812 1642 contra
1857 1580 2106 1637 Faustum

525 1686 755 1742 maxime
797 1683 1035 1740 scribens
1075 1677 1334 1753 praestitit.
1372 1675 1516 1734 Varii
1555 1685 1677 1731 sunt
1709 1675 1760 1730 in
1793 1675 1894 1729 hoc
1920 1672 2105 1728 eodem

525 1795 686 1852 opere
715 1779 813 1834 loci
843 1791 977 1849 quos
1006 1774 1270 1847 Pelagiani
1299 1773 1493 1843 aliique
1518 1769 1700 1842 gratiae
1729 1765 2016 1823 adversarii
2039 1764 2105 1819 ad

529 1887 771 1928 errorum
820 1885 1036 1926 suorum
1091 1867 1436 1940 patrocinium
1478 1859 1796 1935 detorquere
1839 1862 2102 1932 poterant.

523 1960 762 2018 Julianus
804 1959 1136 2027 nominatim,
1167 1959 1219 2013 in
1250 1955 1596 2028 Augustinum
1624 1953 1880 2015 scribens.
1907 1950 2104 2021 produ-

523 2063 610 2110 cto
637 2053 862 2125 quodam
892 2049 1085 2109 exinde
1114 2051 1228 2108 loco
1254 2040 1595 2121 gratulandus
1619 2046 1877 2102 exclamat
1908 2061 1920 2096 :
1957 2043 2002 2096 0
2027 2044 2108 2097 lu-

523 2161 640 2200 cens
664 2161 841 2198 aurum
867 2144 918 2197 in
943 2140 1191 2198 stercore!
1222 2135 1345 2213 quid
1367 2139 1548 2203 verius,
1577 2136 1700 2207 quid
1729 2136 1926 2206 plenius
1947 2135 2048 2188 dici
2073 2150 2105 2186 a

523 2254 771 2309 quoquam
797 2236 875 2291 vel
895 2231 1173 2290 orthodoxa
1195 2231 1430 2305 potuisset
1450 2229 1475 2286 Ρ
1497 2229 1602 2287 Sed
1629 2229 1727 2284 hos
1752 2229 1898 2282 locos
1922 2227 2102 2296 Augu-

521 2328 691 2383 stinus
734 2327 846 2398 ipse
877 2327 1174 2382 nullatenus
1203 2325 1281 2379 eis
1311 2320 1588 2392 suffragari
1627 2319 1857 2373 ostendit
1883 2317 2106 2389 (Operls

522 2413 728 2491 imperf.
752 2415 837 2472 lib.
867 2419 918 2484 1,
949 2433 1061 2487 cap.
1098 2412 1184 2478 Μ,
1209 2413 1326 2485 43).
1352 2412 1494 2466 Libri
1515 2411 1580 2465 de
1600 2409 1835 2465 Utilitate
1854 2407 2104 2463 credendi

522 2520 578 2566 et
602 2511 668 2565 de
698 2502 910 2564 Duabus
928 2508 1217 2563 Animabus
1241 2504 1307 2559 ad
1333 2513 1528 2557 annum
1551 2501 1981 2556 trecentesimum
2011 2513 2104 2552 no.

522 2601 850 2671 nagesimum
877 2599 1124 2672 primum,
1143 2595 1224 2652 vel
1249 2594 1680 2650 trecentesimum
1708 2590 2102 2661 nonagesimum

522 2684 811 2749 secundum
855 2687 1116 2747 referendi
1149 2699 1306 2754 sunt;
1337 2697 1457 2742 cum
1495 2699 1590 2741 eos
1618 2684 1940 2755 Augustinus
1967 2693 2104 2752 prae-

521 2785 696 2841 mittat
715 2777 1076 2855 disputationi,
1101 2793 1256 2852 quam
1275 2787 1394 2834 cum
1417 2777 1702 2832 Fortunato
1720 2773 1901 2828 habuit
1917 2775 2104 2844 quinto

521 2870 776 2932 kalendas
815 2872 1150 2948 septembris,
1183 2887 1323 2928 anno
1353 2869 1729 2926 trecentesimo
1759 2867 2102 2937 nonagesimo
2145 2912 2147 2914 .

521 2971 774 3028 secundo.

591 3055 644 3118 3.
671 3058 787 3116 Iam
811 3057 1037 3116 diximus
1065 3057 1204 3112 hunc
1226 3055 1572 3111 Fortunatam
1599 3053 1762 3108 fuisse
1783 3050 2101 3106 Manichaeo-

518 3167 637 3206 rum
669 3151 1056 3220 presbyterum,
1086 3148 1173 3218 qui
1202 3145 1345 3216 apud
1395 3142 1948 3214 Hipponem-Regium
1977 3154 2098 3195 cum

517 3243 625 3313 jam
667 3239 868 3310 pridem
901 3237 1181 3308 plurimum
1211 3236 1462 3305 tem-poris
1490 3235 1727 3298 vixisset,
1760 3232 1831 3286 ibi
1870 3231 2098 3286 seduxe-

520 3341 604 3389 rat
628 3333 697 3386 ita
729 3327 939 3396 multos,
970 3337 1026 3383 ut
1069 3336 1281 3398 prapter
1320 3327 1438 3380 illos
1463 3332 1666 3380 amaret
1685 3325 1738 3376 in
1763 3338 1822 3377 ea
1850 3323 1980 3378 urbe
2000 3320 2098 3375 ha-

520 3424 688 3479 bitare
710 3417 966 3497 (Retract.
999 3417 1084 3474 lib".
1135 3420 1186 3484 l,
1217 3431 1330 3488 cap.
1368 3417 1432 3472 l6
1458 3417 1496 3486 ).
1547 3415 1780 3469 Tandem
1812 3422 1989 3468 tamen
2015 3412 2096 3468 ci-

520 3516 695 3570 vitatis
726 3511 864 3569 illius
892 3509 1150 3568 Catholici
1177 3519 1383 3576 omnes,
1416 3518 1469 3564 et
1492 3509 1583 3579 qui
1613 3518 1734 3562 tunc
1761 3508 1812 3561 in
1838 3521 1898 3561 ea
1919 3521 2098 3560 mora-

524 3605 716 3661 bantur
744 3603 1023 3676 peregrini,
1051 3615 1112 3656 ac
1134 3602 1230 3672 ipsi
1259 3613 1469 3671 quoque
1502 3601 1806 3665 Donatistae,
1855 3597 2098 3654 adierunt

520 3696 888 3769 Augustinum,
916 3705 1270 3765 rogaruntque
1302 3703 1355 3748 ut
1379 3702 1500 3747 eam
1531 3691 1846 3754 Fortunato,
1873 3690 1961 3759 qui
2003 3690 2098 3744 do-

523 3798 638 3844 ctus
661 3787 726 3844 ab
760 3787 836 3843 eis
868 3786 1180 3853 habebatur,
1222 3785 1290 3839 de
1322 3785 1458 3854 Lege
1475 3790 1743 3838 tractaret.
1771 3781 2095 3852 Augustinus

519 3889 731 3954 paratus
777 3893 990 3950 semper
1031 3879 1096 3933 ad
1145 3877 1466 3933 reddendam
1512 3875 1634 3930 ﬁdei
1661 3888 1770 3930 suae
1811 3874 2090 3938 rationem,

516 3974 735 4046 speique
777 3987 840 4027 ae
889 3970 1095 4026 ﬁducia:
1122 3983 1281 4040 quam
1314 3971 1362 4023 in
1393 3970 1502 4023 Deo
1527 3968 1832 4026 collocarat,
1863 3972 1916 4018 et
1965 3979 2092 4018 sane

463 4059 466 4062 ⁴
516 4074 703 4137 potens
749 4063 1016 4118 exhortari
1064 4062 1114 4115 in
1145 4061 1380 4116 doctrina
1411 4073 1560 4126 sana,
1591 4065 1645 4113 et
1671 4055 2093 4112 contradicentes

515 4171 756 4227 arguere,
785 4171 892 4210 non
916 4155 1223 4209 detrectavit
1247 4151 1566 4223 colloquium
1590 4170 1601 4205 :
1623 4149 1717 4204 sed
1738 4156 1915 4204 utrum
1930 4147 2090 4202 etiam

514 4246 833 4302 Fortunatus
861 4243 911 4298 id
931 4249 1219 4313 expeteret,
1249 4241 1544 4297 sciscitatus
1563 4249 1662 4294 est.
1690 4237 1844 4305 Quod
1862 4237 1938 4292 illi
1961 4252 2088 4292 con-

512 4334 683 4390 festim
716 4333 780 4388 ad
818 4331 1164 4387 Fortunatam
1203 4331 1523 4394 detulerunt,
1559 4336 1795 4398 petentes
1821 4335 1873 4382 et
1901 4326 2091 4381 cohor-

511 4435 678 4482 tantes
707 4441 768 4481 ac
794 4424 1089 4496 ﬂagitantes
1119 4437 1185 4477 ne
1205 4432 1547 4492 congressum
1569 4426 1861 4473 recusaret.
1888 4417 1982 4472 ille
1999 4418 2088 4487 qni

511 4507 898 4573 formidandum
929 4517 1066 4572 hunc
1093 4514 1473 4578 adversarium,
1519 4511 1649 4566 dum
1674 4511 2085 4566 Manichaeorum

510 4620 687 4682 partes
713 4619 1038 4680 sequeretur,
1067 4608 1388 4680 Carthagine
1407 4613 1646 4670 noverat,
1665 4603 1754 4659 diu
1783 4605 1935 4674 inops
1954 4618 2084 4658 con-

509 4700 609 4753 silii
652 4697 938 4752 liuetuavit.
964 4699 1162 4754 Verum
1185 4699 1389 4768 magnis
1433 4697 1690 4766 ipsorum,
1717 4695 1948 4750 maxime
1981 4694 2088 4750 Ma-

454 4800 458 4805 ’
507 4790 854 4855 uicinorum,
881 4791 1125 4859 precibus
1150 4791 1396 4845 reluctari
1418 4805 1524 4843 non
1555 4789 1759 4858 potuit;
1793 4803 1860 4842 ne
1898 4785 2084 4856 diapu-

517 4882 731 4938 tationis
773 4889 1039 4936 certamen
1069 4881 1429 4940 detrectando.
1454 4894 1630 4934 causa:
1669 4895 1781 4934 sua:
1807 4877 2084 4934 inﬁrmita-

450 4987 454 4991 '
511 4983 615 5030 tem
635 4974 792 5028 tacite
811 4973 1074 5042 proderet.
1090 4971 1273 5041 Itaque
1289 4983 1350 5026 se
1372 4971 1426 5025 in
1443 4983 1658 5025 arenam
1675 4971 2080 5036 descensurum,

508 5073 563 5121 et
597 5073 774 5136 partes
803 5079 925 5119 snas
957 5073 1411 5134 propugnatorum
1436 5071 1516 5117 est
1547 5061 2034 5132 pollicitns(Possid
2063 5103 2078 5127 ,

509 5159 562 5211 in
594 5155 704 5209 Vita
729 5156 964 5226 August,
989 5171 1034 5208 c.
1061 5154 1152 5226 6).
1178 5155 1488 5224 Designatus
1514 5153 1609 5207 fuit
1633 5151 1747 5206 dies
1763 5163 1817 5207 et
1836 5153 2002 5219 locus,
2030 5162 2083 5208 et

505 5249 846 5306 constitutum
888 5256 944 5303 ut
986 5247 1194 5302 ratione
1213 5246 1586 5304 discuteretur,
1617 5259 1682 5297 an
1728 5253 1941 5312 possent
1965 5258 2082 5298 esse

503 5343 730 5418 geminas
781 5351 1000 5405 natum,
1041 5348 1320 5395 coaeternus
1347 5347 1400 5394 et
1427 5337 1727 5400 contraria,
1760 5344 1914 5404 prout
1955 5350 2082 5390 cen~

510 5433 797 5489 tendebant
826 5431 1118 5487 Manichaei.
1147 5428 1281 5486 Cum
1308 5431 1454 5487 enim
1479 5429 1554 5484 illi
1579 5428 1810 5485 διενειὶεί
1837 5425 2080 5496 Scriptu-

504 5541 684 5580 rartnn
710 5527 889 5596 plures
936 5535 1034 5597 pro
1059 5524 1206 5579 libitu
1233 5533 1413 5593 partes
1453 5523 1754 5590 reﬁcerent,
1798 5534 2080 5590 operosum

501 5627 615 5675 erat
643 5633 734 5675 eos
755 5619 1069 5674 auctoritate
1114 5617 1446 5672 convincere.
1482 5613 1637 5684 Apud
1662 5614 1952 5683 Hipponem
1978 5612 2079 5682 igi-

505 5721 589 5766 tur
615 5723 975 5771 convcncrunt
1000 5714 1051 5769 in
1079 5711 1300 5767 Balneas
1322 5709 1485 5769 Sossii
1513 5710 1698 5779 quinto
1719 5707 1972 5764 kalendas
1991 5720 2078 5763 se-

1731 277 1882 333 vm
1921 267 1982 332 s.
2023 257 2385 333 AUGUSTINI
2425 261 2740 332 EPISCOPI.
3627 291 3702 351 ηε

2236 389 2517 464 ptembris,
2567 399 2708 448 anno
2751 384 3122 452 trecentesimo
3165 396 3481 469 animum
3500 407 3698 474 secum,
3740 413 3752 424 ·
3819 443 3822 456 ε

2227 484 2614 541 confluentibus
2642 485 2752 542 Illic
2775 487 3194 559 quamplurimas
3217 489 3338 546 viris
3375 494 3582 562 eruditis,
3603 498 3704 557 allis-

2226 583 2329 650 que
2341 577 2452 635 sive
2471 578 2709 636 discendi
2722 555 2913 648 studio,
2941 555 3056 636 sive
3073 583 3363 640 curiositate
3379 585 3532 642 cuuis
3545 555 3724 660 (om

2226 669 2520 740 Fortunat,
2548 673 2736 744 dispar.
2761 675 2812 738 l,
2833 683 2887 728 tt.
2913 675 2937 729 1
2961 673 3002 747 ).
3030 675 3144 730 Sub
3170 677 3405 733 Ασιοτωιι
3429 678 3568 735 linem
3581 682 3703 753 tigni-

2222 760 2369 817 iicari
2396 762 2582 819 credas
2606 764 2749 820 solus
2775 763 2958 820 fideles
2978 765 3266 836 baptizatos
3283 767 3496 824 adfuisse
3512 769 3700 842 disputa-

2222 853 2352 910 tioni
2401 855 2846 927 secundm(lbid.,
2879 857 3066 927 dispar.
3105 858 3159 922 Ω,
3187 872 3238 912 u.
3262 859 3364 931 Si)
3391 877 3402 912 :
3425 859 3702 920 nihilominus

2220 941 2384 1018 liquet
2410 961 2475 1002 ex
2505 947 2759 1012 Possidio,
2808 948 3122 1004 Manichasos
3162 950 3315 1005 etiam
3355 951 3533 1021 plures,
3555 956 3703 1010 cumis

2220 1047 2280 1092 ea
2331 1036 2650 1094 Fortunatus
2687 1039 2970 1107 obmutuit,
3001 1045 3281 1112 prmities
3306 1041 3460 1098 fuisse
3483 1042 3704 1116 (Pota-,in

2229 1125 2343 1182 Vita
2374 1127 2607 1201 August,
2641 1145 2682 1185 c.
2717 1126 2752 1187 6
2772 1129 2826 1203 );
2858 1132 3049 1203 vixque
3077 1147 3140 1188 ac
3165 1149 3232 1188 ne
3270 1134 3352 1188 vix
3385 1135 3571 1206 quidem
3598 1137 3702 1194 credi

2217 1227 2390 1290 potest
2417 1231 2528 1276 rem
2553 1233 2612 1278 se
2639 1223 2791 1278 aliter
2809 1222 3070 1280 habuisse.
3122 1223 3385 1296 Utrimque
3408 1225 3534 1281 dicta
3563 1230 3702 1285 notaui

2215 1310 2356 1365 Velut
2385 1312 2436 1366 in
2467 1312 2600 1368 actis
2624 1309 2844 1384 publicis
2863 1316 3208 1386 excipiebant.
3229 1317 3547 1374 Fortunatum
3559 1322 3700 1389 pressit

2215 1402 2538 1472 Augustinus
2559 1404 2679 1472 hoc,-
2706 1405 2847 1477 quod
2867 1420 2896 1460 a
2921 1405 3172 1462 Nebridio
3185 1417 3464 1476 accepant,
3484 1423 3702 1478 argumen-

2216 1499 2271 1548 to
2303 1509 2317 1548 2
2345 1493 2401 1549 Si
2427 1490 2568 1550 Delus
2586 1510 2617 1552 a
2643 1505 2801 1566 gente
2818 1497 3172 1565 tenebrarum,
3197 1509 3349 1569 quam
3363 1499 3702 1556 comminiscun-

2213 1593 2298 1640 tur
2321 1585 2612 1656 Manichael,
2643 1589 2775 1645 nihil
2805 1590 2909 1660 pati
2934 1592 3125 1660 potuit,
3169 1591 3288 1662 quia
3324 1592 3605 1648 inviolabilis
3627 1602 3696 1660 est,

2213 1687 2318 1732 non
2347 1676 2527 1733 debuit
2553 1679 2778 1748 animus,
2805 1681 2905 1738 hoc
2927 1690 3030 1749 est,
3052 1683 3202 1753 juxta
3218 1697 3396 1739 eorum
3419 1684 3693 1750 sententiam.

2212 1775 2416 1839 partem
2445 1784 2554 1824 sum
2573 1770 2900 1836 substantias,
2931 1771 3038 1827 huc
3059 1774 3286 1839 mittere,
3311 1783 3366 1829 ut
3389 1787 3694 1844 aerumnam-

2214 1868 2477 1926 terentur;
2507 1861 2589 1916 sin
2618 1871 2797 1917 autem
2824 1877 2853 1915 a
2885 1863 3222 1919 tenebrarum
3247 1873 3396 1935 gente
3416 1863 3588 1935 aliquid
3616 1864 3694 1936 pati

2211 1949 2402 2019 potuit,
2432 1950 2750 2008 inviolabilis
2769 1967 2874 2007 non
2898 1961 3000 2008 est.
3025 1953 3106 2009 Ex
3140 1953 3330 2024 quibus
3366 1952 3542 2010 inferre
3564 1953 3699 2020 voluit,

2212 2042 2408 2096 malum
2453 2057 2519 2098 ex
2561 2043 2729 2099 libero
2774 2044 3056 2100 voluntatis
3102 2046 3320 2101 arbitrio
3347 2060 3596 2110 emanare;
3619 2059 3702 2100 cum

2210 2131 2533 2190 Fortunatus
2554 2143 2795 2190 naturam
2820 2136 2944 2191 mali
2973 2151 3034 2190 ac
3063 2138 3394 2193 tenebrarum
3425 2138 3523 2193 Deo
3544 2137 3622 2208 ipsi
3641 2151 3705 2190 co-

2210 2232 2461 2280 :etcrnam
2491 2227 2812 2295 persuadere
2831 2227 3128 2284 moliretur.
3156 2229 3406 2285 Producta
3429 2237 3504 2285 est
3520 2229 3701 2298 disputa-

2211 2314 2285 2370 tio
2305 2317 2598 2387 usquedum
2619 2319 2936 2376 Fortunatus
2971 2323 3023 2377 in
3053 2321 3190 2379 hanc
3218 2323 3556 2394 blasphemam
3574 2336 3705 2376 vocem

2211 2407 2416 2478 erupit:
2445 2408 2758 2466 Sermonem
2783 2412 2874 2466 Dei
2901 2413 3116 2482 ligatum
3137 2429 3255 2470 esse
3276 2415 3326 2470 in
3353 2423 3498 2485 gente
3521 2411 3706 2470 tenebra-

2211 2513 2349 2552 rum.
2373 2499 2523 2567 Quod
2545 2516 2663 2554 cum
2685 2502 3088 2558 exhorruissent
3107 2506 3194 2574 qni
3225 2505 3456 2571 aderant,
3478 2505 3704 2559 discessum

2210 2598 2309 2644 est.
2335 2590 2440 2645 Sed
2479 2591 2731 2660 postridie
2761 2593 3176 2663 redintegratum
3205 2604 3286 2650 est
3310 2595 3374 2650 de
3396 2594 3562 2650 eodem
3586 2607 3700 2660 argu-

2212 2688 2395 2736 mento
2438 2683 2780 2753 colloquium,
2815 2684 2865 2738 in
2901 2699 3008 2753 quo
3051 2684 3368 2741 Fortunatus
3400 2688 3449 2739 in
3473 2699 3553 2740 eas
3594 2697 3710 2751 angu-

2209 2773 2340 2827 tias
2357 2772 2425 2828 ab
2438 2774 2731 2845 Augustino
2750 2775 3056 2844 compulsus
3075 2784 3182 2840 est,
3203 2785 3260 2831 ut
3283 2775 3348 2831 ab
3368 2776 3493 2846 ipso,
3515 2772 3704 2845 quidnam
3813 2772 3819 2848 j

2208 2863 2444 2919 dicturus
2489 2875 2651 2926 esset,
2697 2865 2925 2933 petierit,
2969 2865 3247 2922 confessus
3293 2865 3494 2921 nihilse
3532 2861 3712 2919 invenire

2207 2957 2349 3027 quod
2391 2957 2608 3013 diceret.
2637 2957 2771 3013 Tum
2799 2958 3124 3028 Augustinus
3150 2960 3287 3014 ultro
3319 2959 3364 3014 ei
3387 2957 3617 3029 pollicitus
3637 2961 3709 3015 est,

2209 3064 2266 3104 se
2292 3049 2606 3104 catholicam
2655 3049 2832 3116 iidem,
2859 3050 2904 3104 si
2937 3049 3095 3106 modo
3119 3051 3382 3106 auditores
3408 3048 3705 3120 permitterent
3815 3045 3818 3104 ί

2206 3149 2261 3195 et
2285 3141 2497 3207 vellent,
2523 3141 2910 3210 expositurum.
2942 3141 3238 3212 Respondit
3267 3141 3578 3204 Fortunatus,
3608 3134 3712 3191 sede

2207 3230 2483 3299 Augustini
2503 3240 2814 3298 argumento
2838 3230 2904 3286 ad
2926 3232 3273 3301 peritissimos
3299 3241 3453 3287 seetse
3491 3242 3584 3285 sua:
3611 3224 3712 3279 rela-

2207 3329 2417 3374 turum:
2439 3321 2526 3388 qui
2555 3321 2598 3374 si
2617 3320 2790 3376 minus
2815 3322 3215 3392 interrogationi
3233 3339 3340 3378 suae
3370 3322 3580 3377 facerent
3599 3315 3708 3373 satis.

2204 3423 2283 3478 se,
2310 3410 2558 3479 quoniam
2583 3413 2770 3467 animai
2795 3429 2904 3466 sua:
2933 3413 3216 3469 consulere
3244 3414 3418 3477 vellet,
3445 3411 3505 3466 ad
3524 3407 3622 3463 ﬁdei
3643 3419 3708 3458 ca-

2205 3503 2418 3560 tholicae
2461 3505 2874 3575 inquisitionem,
2925 3521 3081 3576 quam
3125 3507 3444 3579 Augustinus
3494 3499 3709 3558 oli‘erehat.

2203 3611 2322 3652 esse
2342 3606 2635 3655 venturum.
2665 3599 2795 3654 Cum
2821 3601 2864 3670 is
2892 3599 3074 3655 fuisset
3099 3599 3255 3671 hujus
3276 3597 3612 3671 disputationis
3647 3607 3712 3648 cx-

2204 3689 2339 3754 itus;
2372 3690 2460 3760 qui
2484 3690 2759 3746 Fortunati
2784 3690 3134 3746 eruditionem
3158 3699 3319 3763 atque
3344 3690 3610 3746 doctrinam
3633 3683 3715 3753 plu-

2202 3783 2320 3837 rimi
2352 3781 2603 3849 l‘ecerant,
2632 3782 2758 3836 nihil
2779 3797 2901 3838 eum
2933 3783 2987 3837 in
3023 3797 3209 3839 errore
3251 3796 3348 3837 suo
3393 3771 3712 3853 propugnando

2201 3873 2429 3927 valuisse
2461 3873 2784 3942 judicarunt.
2828 3872 2920 3928 llle
2945 3887 3073 3927 vero
3101 3888 3227 3928 cum
3265 3872 3417 3928 ﬁdem
3462 3865 3716 3926 catholicam

2200 3965 2442 4034 amplecti
2464 3965 2751 4031 debuisset,
2778 3965 2848 4020 ob
2871 3965 3139 4035 publicam
3155 3964 3421 4021 infamiam
3440 3976 3581 4034 quam
3617 3969 3714 4012 con-

2197 4070 2426 4125 coquere
2452 4073 2558 4111 non
2576 4065 2800 4126 poterat,
2831 4058 3096 4128 aliquanto
3118 4067 3238 4128 post
3258 4073 3321 4112 ex
3363 4057 3487 4113 urbe
3521 4044 3716 4109 discessit

2198 4151 2394 4207 rubore
2417 4151 2668 4216 suﬂ‘usus,
2699 4167 2799 4208 nec
2822 4153 2888 4208 ad
2910 4167 3029 4209 eam
3058 4155 3287 4224 amplius
3318 4148 3573 4208 remeavit.
3603 4141 3712 4196 lianc

2196 4241 2602 4312 disputationem
2631 4244 2682 4298 in
2720 4244 2908 4298 librum
2936 4245 3210 4299 memoriae
3235 4240 3572 4299 mandandum
3609 4245 3707 4286 con-

2196 4331 2340 4388 ferre
2365 4334 2566 4389 curavit
2588 4335 2936 4405 Augustinus,
2966 4335 3182 4405 Deoque
3209 4335 3310 4408 piis
3340 4334 3476 4388 illius
3502 4321 3716 4384 laboribus

2197 4425 2427 4493 favente,
2461 4436 2718 4496 quotquot
2744 4427 2867 4482 huic
2913 4427 3203 4484 interfuere
3233 4426 3509 4498 colloquio,
3537 4419 3608 4476 vel
3630 4415 3716 4485 eius

2198 4519 2327 4573 Acta
2357 4519 2715 4589 perlegerunt,
2749 4521 2957 4588 ejurato
2987 4536 3195 4588 errore,
3218 4523 3476 4577 sinceram
3501 4525 3549 4573 et
3571 4508 3715 4568 ortho-

2193 4608 2384 4665 doxam
2414 4610 2660 4665 Ecclesia:
2675 4612 2948 4667 catholicae
2971 4611 3131 4667 ﬁdem
3150 4613 3374 4684 amplexi
3397 4617 3513 4666 sunt
3539 4597 3714 4677 (Ibid-)-

2193 4701 2467 4757 Manichasi
2497 4703 2720 4759 subinde
2764 4703 3060 4774 Hipponem
3108 4706 3368 4760 miserunt
3414 4703 3562 4759 alium
3594 4700 3716 4751 secti:

2192 4808 2302 4847 suae
2323 4794 2709 4865 presbyterum,
2733 4796 2886 4864 cujus
2928 4810 3119 4850 nomen
3147 4797 3420 4851 reticetur.
3449 4789 3716 4860 Coniectum

2193 4892 2366 4938 tamen
2404 4899 2507 4938 non
2537 4885 2707 4948 deest,
2740 4901 2858 4941 eum
2907 4900 3025 4941 esse
3065 4885 3298 4942 Felicem
3348 4886 3510 4948 illum,
3538 4881 3599 4934 de
3636 4884 3716 4942 (1υο

2190 4989 2374 5029 sumus
2401 4975 2568 5030 acturi
2621 4990 2759 5030 anno
2813 4976 3336 5048 quadringentesimo
3363 4984 3560 5047 quarto.
3604 4961 3717 5022 Scri-

2193 5067 2294 5136 psit
2327 5066 2399 5120 illi
2426 5067 2766 5136 Augustinus,
2813 5066 3054 5138 idemque
3104 5075 3488 5138 argumentum,
3537 5072 3629 5131 quo
3671 5066 3714 5107 εθ

2189 5157 2512 5213 Fortunatus
2555 5157 2804 5227 expedire
2875 5159 3221 5228 nequiverat,
3271 5155 3563 5228 proposuit;
3589 5142 3714 5205 simul

2192 5248 2264 5302 illi
2307 5248 2655 5315 denuntians,
2707 5258 2763 5304 ut
2800 5258 2890 5305 aut
2932 5252 3278 5322 quaestionem
3347 5249 3597 5309 solveret,
3647 5244 3717 5292 aut

2188 5338 2486 5396 discederet
2501 5342 2519 5412 (
2535 5340 2701 5412 Epist.
2746 5341 2812 5398 79
2833 5340 2873 5412 ).
2913 5369 2917 5372 -
3484 5381 3500 5391 ι

2259 5432 2310 5486 4.
2340 5431 2415 5487 Ne
2438 5441 2614 5488 autem
2635 5447 2721 5498 ea,
2750 5447 2868 5502 quas
2887 5442 3072 5490 contra
3095 5433 3414 5490 Manichaee
3431 5425 3716 5501 Augustinus

2188 5524 2360 5582 adhuc
2385 5527 2658 5598 presbyter
2700 5529 2928 5597 scripsit,
2958 5529 3340 5600 disjungamus,
3370 5524 3614 5598 agendum
3641 5529 3716 5571 no-

2190 5616 2269 5672 bis
2295 5618 2498 5674 esthoc
2523 5619 2640 5673 loco
2667 5619 2733 5674 de
2777 5619 3011 5689 ejusdem
3040 5621 3174 5677 libro
3218 5619 3470 5676 adversus
3497 5612 3715 5672 Adiman-

2188 5708 2574 5780 tum(Retract.
2605 5709 2689 5764 tib.
2725 5711 2784 5777 ’1,
2816 5727 2926 5781 cap.
2959 5709 3086 5784 22),
3116 5711 3240 5767 licet
3291 5712 3334 5766 is
3364 5710 3463 5765 alia
3504 5699 3710 5778 quaedam

3809 1971 3826 2604 ἐ
