3868 6454
463 361 563 422 191

462 496 597 557 pore
621 483 675 540 in
688 480 933 554 praesenti
958 493 1098 535 anno
1114 477 1526 535 recensebimus.
1554 476 1735 532 Primo
1783 475 1900 545 ipse
1925 474 2045 528 loco

464 576 656 631 librum
684 573 750 629 de
768 571 959 630 Genesi
984 572 1051 627 ad
1092 571 1347 627 Litteram
1388 568 1753 639 imperfectum
1798 566 2043 623 collocat.

464 663 703 721 Primum
728 664 886 720 etiam
908 672 991 718 est
1016 663 1167 718 istius
1194 662 1405 732 generis
1431 674 1563 730 opus
1582 658 1721 730 quod
1751 659 1802 712 in
1841 672 2044 714 sacram

462 759 788 829 Scripturam
813 757 1163 826 conscripsit:
1190 754 1296 810 duo
1321 752 1579 824 siquidem
1619 752 1761 817 libri,
1803 767 1936 822 quos
1976 750 2045 806 de

464 850 658 907 Genesi
683 859 869 907 contra
898 848 1211 905 Manichacus
1233 848 1538 918 scripserat,
1568 845 1903 915 allegoricam
1930 854 2047 900 tan-

465 940 740 997 tummodo
788 924 1174 1011 expositionem
1227 938 1588 995 continebant.
1661 937 1812 993 ﬂunc
1885 936 2045 1007 igitur

463 1030 764 1102 composuit
786 1031 1189 1101 exploraturus,
1212 1046 1338 1085 num
1373 1029 1438 1084 ad
1463 1027 1828 1099 perspicienda
1862 1042 2042 1083 rerum

473 1124 790 1180 naturalium
819 1138 1033 1192 arcana,
1062 1139 1229 1195 eaque
1252 1123 1318 1179 ad
1341 1125 1594 1189 litteram,
1624 1122 1725 1177 hoc
1750 1132 1828 1176 est
1855 1137 2043 1177 secun-

466 1213 593 1268 dum
625 1212 932 1270 historicum
965 1215 1339 1284 proprietatem
1366 1214 1529 1286 (quod
1557 1230 1690 1283 opus
1719 1213 2041 1284 negotiosis-

460 1305 652 1360 simum
670 1314 841 1371 vocat,
853 1320 915 1360 ac
931 1304 1341 1378 difﬁcillimum),
1358 1306 1667 1377 exponenda
1684 1307 1811 1361 satis
1826 1306 2038 1359 valeret.

460 1396 652 1452 Subdit
678 1413 738 1454 se
761 1399 1067 1454 etiamtunc
1094 1399 1347 1470 temporis
1380 1400 1520 1453 vires
1553 1413 1675 1453 suas
1725 1398 1846 1452 huic
1869 1398 2036 1455 labori

459 1486 595 1541 adeo
619 1488 850 1557 impares
875 1488 1221 1558 comperisse,
1255 1497 1487 1543 uttantae
1516 1487 1643 1543 moli
1667 1487 2039 1554 succumbens,

467 1580 779 1649 opusculum
806 1581 1172 1651 imperfectum
1199 1582 1491 1652 reliquerit,
1520 1596 1620 1637 nec
1660 1582 1711 1635 in
1737 1581 1908 1637 lucem
1925 1581 2040 1635 edi-

462 1671 619 1727 derit.
646 1673 785 1742 Quin
800 1675 957 1730 etiam
982 1692 1101 1732 cum
1130 1676 1292 1731 libros
1308 1689 1433 1732 suos
1454 1686 1881 1747 recognosceret,
1904 1676 2042 1731 hunc

460 1764 676 1821 abolere
700 1765 1028 1833 decreverat,
1057 1768 1127 1823 ob
1146 1783 1263 1823 eam
1284 1767 1618 1839 potissimum
1642 1782 1876 1832 causam,
1900 1767 2041 1837 quod

460 1869 594 1925 opus
620 1858 787 1927 magis
832 1859 1064 1929 amplum
1104 1868 1159 1914 et
1185 1859 1487 1915 absolutum
1537 1858 1604 1914 de
1646 1858 1833 1914 eodem
1881 1873 2040 1929 argu-

460 1938 643 2001 mento
668 1948 1004 2005 confecisset.
1044 1949 1400 2005 Nihilominus
1428 1951 1738 2020 opusculum
1763 1949 1901 2005 istud
1932 1966 2037 2004 non

460 2037 698 2094 inutilem
735 2038 848 2095 fore
892 2040 1314 2097 rudimentorum
1364 2057 1582 2097 suorum
1615 2043 1666 2096 in
1694 2041 2037 2098 enucleandis

455 2136 615 2197 atque
643 2130 939 2186 scrutandis
974 2132 1165 2188 divinis
1190 2133 1413 2203 eloquiis
1436 2133 1660 2189 indicem
1702 2142 1847 2188 ratus
1867 2176 1882 2201 ,
1921 2149 2037 2189 ser-

459 2233 585 2274 vare
627 2223 919 2277 constituit.
954 2224 1233 2280 Dimidiam
1261 2226 1418 2279 etiam
1448 2226 1660 2281 circiter
1688 2226 1933 2296 paginam
1971 2225 2039 2279 ad

456 2311 658 2366 calcem
708 2312 825 2367 libri
870 2313 1092 2383 adjecit,
1142 2330 1312 2385 neque
1362 2324 1539 2371 tamen
1592 2316 1837 2372 absolvit.
1894 2316 2036 2384 Qua-

456 2411 673 2474 propter
708 2405 848 2462 hunc
890 2406 969 2461 De
1010 2407 1190 2463 Genesi
1214 2409 1281 2462 ad
1307 2408 1546 2463 Litteram
1572 2411 1912 2480 imperfectum
1953 2410 2036 2464 in-

462 2494 695 2563 scripsit.

529 2586 581 2640 4.
623 2585 726 2642 Per
747 2588 886 2643 idem
908 2596 1116 2659 tempus
1157 2589 1226 2646 de
1254 2591 1511 2647 Sermone
1537 2591 1742 2647 Domini
1781 2593 1831 2647 in
1858 2602 2037 2648 monte

455 2674 749 2731 secundum
778 2677 1081 2734 Matthazum
1109 2679 1244 2735 duos
1270 2680 1435 2735 libros
1466 2680 1587 2737 fecit
1608 2682 1851 2753 (Relracl.
1868 2684 1955 2737 lib.
1981 2685 2032 2750 l,

456 2781 571 2836 cap.
603 2764 726 2838 i9);
778 2768 832 2823 in
877 2770 1067 2840 quibus
1093 2786 1296 2827 morem
1337 2773 1571 2843 quotidie
1612 2775 2036 2829 communicandi

455 2873 626 2914 aenae
654 2860 965 2931 Dominicze,
996 2879 1152 2935 quem
1176 2865 1289 2935 ipse
1313 2880 1432 2921 cum
1456 2866 1664 2921 exeteris
1692 2866 1883 2922 Africa:
1909 2867 2037 2922 ﬁde-

459 2948 598 3006 libus
623 2953 963 3021 sequebatur,
995 2955 1273 3021 observat;
1320 2956 1443 3012 licet
1472 2957 1561 3012 illa
1604 2958 1931 3013 consuetudo
1985 2960 2035 3013 in

454 3041 697 3097 orientali
730 3042 968 3100 Ecclesia
999 3061 1106 3101 non
1156 3046 1479 3119 vigeret(De
1522 3048 1691 3103 Serm.
1742 3047 1949 3103 Domini
1983 3052 2037 3104 in

455 3145 642 3204 monte,
683 3136 769 3191 lib.
818 3138 874 3205 2,
905 3156 957 3193 n.
993 3139 1107 3211 26).
1140 3141 1345 3197 Refert
1397 3141 1590 3196 ibidem
1619 3183 1632 3207 ,
1671 3156 1729 3197 se
1758 3158 1784 3195 a
1807 3143 2035 3213 quodam

459 3226 686 3284 lieme
719 3231 1012 3299 qumsiisse,
1045 3232 1171 3303 quid
1207 3233 1307 3287 sibi
1349 3234 1511 3288 vellet
1538 3234 1850 3288 vocabulum
1882 3235 2033 3303 illud,

457 3319 659 3385 Racha,
690 3330 744 3375 et
763 3330 1031 3389 acceptam
1056 3324 1125 3379 ab
1150 3339 1215 3379 eo
1238 3324 1722 3394 interpretationem
1746 3327 1861 3381 aliis
1886 3337 2036 3384 ante-

459 3410 610 3480 ponit
638 3407 824 3480 (Ibid.,
845 3411 932 3467 lib.
959 3412 1079 3479 l,n.
1106 3410 1219 3483 2'5).
1239 3412 1460 3481 Quidam
1479 3413 1768 3470 Pollentius
1798 3417 2037 3485 plurimis

461 3508 580 3571 post
604 3501 761 3555 annis
785 3499 887 3556 hoc
915 3516 1049 3572 opus
1072 3504 1347 3570 evolvens,
1369 3504 1571 3574 aliquot
1598 3505 1932 3562 difﬁcultates
1969 3508 2038 3564 de

460 3592 719 3648 uxoribus
744 3593 1037 3664 repudiatis
1062 3595 1312 3661 offendit,
1355 3610 1550 3668 easque
1602 3608 1786 3654 sancto
1826 3600 2036 3656 Ductori

460 3686 755 3756 proposuit,
783 3702 915 3757 quas
946 3688 1031 3744 ille
1063 3689 1239 3759 priore
1284 3689 1418 3745 libro
1441 3688 1510 3746 de
1546 3691 1873 3747 Adulterinis
1900 3694 2037 3749 Con-

458 3775 621 3845 jugiis
650 3776 914 3832 enodavit.

533 3866 586 3920 5.
628 3866 817 3923 Adhuc
846 3868 1124 3940 presbyter
1164 3868 1539 3941 Carthaginem
1570 3885 1629 3926 se
1657 3872 1914 3937 contulit,
1948 3873 2035 3928 ubi

458 3972 578 4011 cum
611 3960 747 4013 inter
784 3958 973 4015 fratres
1015 3961 1244 4031 Epistula
1268 3961 1412 4017 Pauli
1450 3962 1515 4017 ad
1541 3962 1806 4019 Romanos
1835 3966 2036 4036 legere-

462 4056 567 4115 tur,
595 4051 873 4105 occasione
898 4051 1071 4106 oblata
1100 4053 1259 4107 varia:
1279 4054 1599 4124 quaestiones
1629 4070 1790 4125 super
1810 4056 2038 4128 implica-

460 4139 677 4194 tissimis
706 4140 863 4211 hujus
895 4142 1142 4211 Epistulae
1167 4143 1298 4199 locis
1332 4143 1543 4199 fuerunt
1571 4144 1621 4201 ei
1648 4146 1954 4216 propositm,
1985 4156 2039 4203 et

460 4245 490 4284 a
524 4230 792 4300 fratribus,
838 4233 1149 4304 quibuscum
1180 4236 1250 4291 ibi
1279 4237 1621 4301 versabatur,
1658 4238 1902 4292 inductus
1933 4249 2034 4302 est,

461 4329 517 4376 ut
547 4323 921 4392 responsiones
949 4338 1070 4378 suas
1096 4325 1306 4394 scriptis
1328 4326 1497 4396 excipi
1528 4335 1812 4396 pateretur.
1848 4327 2038 4398 Sicque

460 4413 819 4482 superioribus
847 4413 1116 4484 opusculis
1144 4414 1280 4470 liber
1307 4430 1443 4470 unus
1467 4416 1710 4477 accessit,
1742 4417 1828 4487 qui
1860 4418 2037 4487 Expo-

464 4503 584 4559 sitio
602 4504 953 4574 quarumdam
979 4506 1396 4576 propositionum
1428 4522 1490 4562 ex
1519 4507 1752 4578 Epistula
1800 4509 1945 4564 Pauli
1971 4510 2037 4564 ad

466 4593 755 4662 Romanos,
785 4596 1109 4651 inscribitur.
1136 4596 1351 4653 Fatetur
1376 4598 1427 4652 in
1451 4598 1561 4652 suis
1590 4598 2038 4655 Retractationum

468 4684 635 4749 libris,
665 4686 899 4741 nondum
942 4703 1036 4758 per
1074 4689 1124 4743 id
1163 4698 1369 4760 tempus
1411 4690 1539 4744 satis
1576 4689 1857 4759 diligenter
1894 4707 2039 4761 quae-

470 4777 623 4832 siisse
650 4792 728 4843 se,
757 4779 927 4848 qualis
952 4789 1094 4835 esset
1120 4782 1306 4837 electio
1334 4784 1534 4852 gratiae.
1582 4783 1733 4839 Unde
1759 4786 1835 4839 sic
1857 4786 1925 4839 ibi
1956 4786 2037 4839 lo-

464 4867 663 4935 quitur,
694 4869 844 4937 quasi
872 4884 975 4923 non
1016 4886 1045 4923 a
1076 4872 1266 4940 gratia,
1289 4873 1381 4927 sed
1417 4890 1445 4926 a
1475 4874 1625 4929 nobis
1665 4877 2035 4932 essetinitium

409 5026 417 5033 _
466 4954 588 5011 ﬁdei
609 4956 854 5027 (Retract.
886 4958 972 5011 lib.
1002 4960 1054 5025 l,
1077 4975 1189 5026 cap.
1222 4962 1314 5028 25,
1349 4979 1402 5015 η.
1432 4963 1511 5032 2).
1544 4964 1719 5030 Quare
1745 4966 2037 5037 Semipela-

464 5049 608 5117 giani
631 5048 822 5104 librum
869 5049 1009 5106 hunc
1038 5060 1285 5121 tanquam
1316 5053 1415 5108 sibi
1443 5054 1817 5125 suffragantem
1849 5061 2040 5129 proba-

465 5139 613 5204 bant,
645 5147 700 5193 et
737 5141 788 5193 in
818 5142 1094 5196 sententiae
1141 5156 1249 5197 sua:
1288 5144 1637 5213 patrocinium
1665 5147 1995 5204 adducebant
2023 5170 2034 5205 :

465 5243 566 5285 nec
592 5229 778 5298 injuria
810 5245 957 5296 sane,
992 5240 1044 5285 ut
1071 5232 1183 5301 ipse
1203 5232 1396 5287 fatetur
1419 5233 1762 5303 Augustinus,
1796 5239 1883 5307 qui
1912 5239 2039 5293 sub-

467 5323 546 5378 dit
572 5338 666 5378 eos
690 5331 745 5378 et
769 5322 939 5394 ipsum
964 5324 1189 5395 legendo
1205 5341 1386 5381 secum
1419 5328 1699 5399 proﬁcere,
1730 5339 1784 5385 et
1803 5346 2039 5389 errorem

465 5415 550 5470 sui
576 5416 819 5486 exemplo
851 5416 1118 5488 deponere
1155 5416 1402 5475 debuisse
1431 5418 1533 5491 (De
1572 5418 1819 5477 Prwdest.
1853 5434 2035 5489 sanct.,

468 5526 554 5563 nn.
576 5508 630 5577 6,
659 5509 737 5580 7).

405 5610 421 5625 ‘
536 5603 589 5657 6.
618 5602 729 5658 Sub
756 5601 872 5658 haec
894 5600 1131 5673 ejusdem
1147 5603 1372 5674 apostoli
1397 5598 1685 5675 Epistulam
1706 5605 1772 5661 ad
1802 5605 2040 5675 Galatas,

467 5709 575 5749 non
596 5697 836 5766 carptim,
884 5703 941 5751 ut
987 5694 1275 5766 Epistulam
1303 5694 1370 5751 ad
1408 5696 1697 5762 Romanos,
1749 5698 1845 5753 sed
1872 5700 2044 5754 conti-

470 5794 656 5841 nenter
683 5794 735 5843 et
760 5795 918 5843 totam
949 5785 1221 5859 exposuit;
1254 5801 1416 5859 quam
1452 5796 1628 5844 tamen
1656 5788 2039 5861 expositionem

1590 357 1747 412 \‘lTA
1785 356 1840 413 S.
1883 350 2245 413 AUGUSTINI
2284 353 2613 411 EPISCOPI.
3616 372 3702 431 .92

2158 486 2262 526 uno
2287 470 2557 527 volumine
2580 474 2887 545 complexus
2915 476 3265 549 (δαφοιναί.
3291 478 3379 534 lib.
3408 480 3457 547 l,
3480 499 3585 554 cap.
3612 489 3700 562 li).

2152 562 2459 635 Hieronymi
2500 565 2552 620 in
2605 564 2743 622 hanc
2783 567 3069 638 Epistulam
3120 570 3573 631 Commentarium
3615 582 3703 650 jam

2150 660 2262 709 tum
2279 654 2476 712 vidisse
2502 666 2728 727 poterat.
2769 660 2904 715 Eum
2946 670 3094 717 certe
3122 662 3335 734 legerat
3361 666 3586 723 nondum
3617 674 3705 741 epi-

2149 759 2342 817 scopus
2358 745 2547 818 (Epist.
2568 748 2659 815 28,
2679 766 2731 804 η.
2750 748 2825 821 5).
2846 750 3370 824 Ερίειοιεωζίιυοᾳυε
3385 754 3454 810 ad
3475 755 3704 819 Romanus

2150 835 2341 891 eodem
2388 837 2548 893 modo
2575 839 3034 895 commentandam
3062 852 3412 913 susceperat;
3442 848 3573 916 quod
3598 864 3704 920 opus

2148 928 2315 983 libros
2341 930 2605 986 attulisset
2634 931 2907 1001 plurimos.
2958 932 3163 989 Verum
3218 936 3390 1006 ipsius
3422 940 3589 1009 operis
3611 959 3703 999 ma-

2146 1020 2422 1087 gnitudine
2468 1036 2531 1076 ac
2578 1021 2764 1078 labore
2812 1022 3129 1092 delenitus,
3164 1027 3220 1082 in
3246 1027 3351 1082 alia
3382 1028 3607 1087 faciliora
3630 1035 3701 1091 de-

2148 1108 2295 1165 ﬁexit
2320 1108 2567 1184 (Retract.
2601 1113 2687 1167 lib.
2712 1115 2764 1179 l,
2802 1131 2917 1186 cap.
2944 1116 3056 1186 25).
3099 1116 3195 1173 Sic
3243 1122 3475 1187 primum
3504 1131 3699 1180 tantum-

2149 1202 2310 1257 modo
2329 1202 2522 1259 librum
2553 1205 2607 1260 in
2636 1208 2749 1262 sola
2780 1208 2943 1277 ipsius
2971 1210 3316 1266 salutationis
3344 1214 3568 1270 acvelut
3595 1218 3699 1274 tituli

2149 1294 2399 1364 Epistulae
2428 1298 2758 1368 expositione
2806 1301 3056 1367 confecit,
3088 1318 3217 1358 cum
3262 1304 3357 1359 diu
3384 1306 3440 1360 in
3485 1308 3698 1364 solvenda

2150 1386 2414 1443 incidente
2453 1392 2687 1445 sermoni
2716 1406 2813 1447 suo
2841 1395 3137 1462 quaestione
3162 1394 3234 1449 de
3273 1406 3494 1465 peccato
3533 1400 3579 1454 in
3603 1399 3696 1471 Spi-

2148 1480 2306 1535 ritum
2336 1492 2573 1537 sanctum
2600 1494 2814 1542 coactus
2838 1486 3024 1543 fuisset
3051 1489 3361 1545 immorari.

2218 1573 2270 1626 7.
2306 1573 2613 1630 Postremus
2652 1577 2823 1645 liber,
2852 1594 3008 1649 quem
3053 1581 3397 1651 Augustinus
3441 1593 3623 1641 notata
3652 1602 3697 1644 se

2151 1661 2465 1733 presbytero
2516 1668 2864 1736 compositum
2895 1711 2910 1735 ,
2971 1670 3047 1725 De
3101 1671 3390 1728 Mendacio
3440 1674 3698 1733 inscribitur

2148 1750 2331 1825 (Ibid.,
2359 1772 2472 1826 cap.
2499 1756 2591 1827 27)
2616 1776 2629 1822 ;
2669 1776 2857 1829 quem,
2891 1770 2953 1815 ut
2979 1762 3226 1817 illicitum
3260 1779 3383 1820 esse
3409 1766 3694 1824 mendacium

2145 1845 2472 1913 ostenderet,
2504 1849 2812 1906 elaboravit.
2853 1852 2956 1907 Sed
2985 1853 3146 1924 hujus
3174 1870 3371 1926 magna
3397 1872 3514 1926 pars
3541 1860 3586 1912 in
3609 1858 3694 1928 ipsa

2144 1935 2435 2003 quaestione
2465 1939 2608 1993 ultro
2633 1941 2873 2010 citroque
2902 1943 3262 2009 discutienda,
3288 1955 3343 2001 et
3374 1946 3691 2019 investiganda

2144 2027 2367 2083 veritate
2390 2039 2648 2085 versatur.
2676 2032 2891 2088 Fatetur
2918 2035 3030 2105 ipse
3051 2036 3253 2091 librum
3283 2038 3695 2108 huucobscurum,

2142 2116 2468 2174 anfractibus
2518 2120 2882 2192 implicatum,
2937 2134 2990 2179 et
3040 2128 3270 2182 omnino
3312 2128 3583 2184 molestum
3616 2130 3693 2186 sibi

2144 2208 2308 2263 videri
2343 2229 2356 2264 :
2406 2211 2630 2282 ideoque
2656 2229 2755 2269 nec
2810 2231 2929 2270 eum
2962 2217 3241 2284 ediderat;
3292 2219 3422 2289 quin
3467 2220 3610 2276 etiam
3645 2236 3694 2276 ex

2144 2314 2363 2369 operum
2395 2318 2610 2358 suorum
2661 2321 2881 2360 numero
2905 2347 2918 2369 ,
2951 2310 3188 2364 maxime
3217 2324 3344 2365 cum
3378 2319 3555 2367 contra
3577 2311 3691 2366 Men-

2143 2395 2349 2450 dacium
2416 2407 2597 2466 postea
2646 2400 2949 2470 scripsisset
2978 2443 2991 2465 ,
3050 2418 3367 2474 expungere
3409 2404 3691 2471 decreverat.

2146 2484 2340 2539 Verum
2366 2501 2486 2541 cum
2516 2490 2764 2557 opuscula
2793 2505 2885 2545 sua
2920 2493 3300 2559 recogniturus
3321 2535 3338 2561 ,
3368 2494 3504 2550 hunc
3537 2495 3692 2551 librum

2145 2576 2460 2633 incolumem
2512 2581 2899 2651 comperisset,
2951 2583 3115 2638 etiam
3176 2585 3354 2654 ipsum
3396 2593 3692 2641 retractatum

2142 2683 2360 2725 manere
2394 2671 2663 2740 permisit;
2701 2674 2842 2743 quod
2888 2675 2939 2729 in
2986 2690 3052 2730 eo
3096 2678 3359 2732 nonnulla
3384 2678 3694 2748 reperirentur

2143 2764 2461 2830 necessaria,
2504 2780 2623 2835 qua:
2651 2766 2703 2820 iu
2730 2766 2898 2822 altero
2925 2768 3231 2839 posteriore
3267 2770 3545 2837 deessent,
3572 2777 3689 2824 ratus

2143 2853 2390 2908 nimirum
2418 2855 2558 2911 hunc
2583 2856 2795 2923 librum,
2817 2859 3059 2929 quamvis
3084 2876 3320 2931 operose
3338 2861 3690 2932 intelligeretur,

2144 2960 2251 2999 non
2283 2946 2523 3002 inutilem
2565 2957 2739 3004 tamen
2768 2950 3036 3027 etingenii
3068 2960 3123 3005 et
3171 2953 3370 3007 mentis
3397 2951 3688 3008 exercitatio-

2144 3053 2264 3093 nem
2292 3038 2611 3105 habiturum,
2641 3056 2809 3111 eoque
2836 3043 3002 3112 magis
3032 3043 3098 3098 ad
3132 3045 3553 3116 ingenerandum
3580 3041 3689 3097 veri-

2143 3130 2266 3183 tatis
2290 3144 2524 3185 amorem
2575 3129 2690 3186 fore
2730 3131 3001 3187 idoneum.
3043 3133 3156 3190 Nec
3208 3135 3354 3191 enim
3402 3136 3453 3189 in
3504 3147 3564 3190 eo
3605 3130 3690 3186 vult

2145 3221 2308 3289 quaeri
2336 3221 2715 3291 eloquentiam,
2732 3238 2850 3276 cum
2867 3223 2916 3277 in
2937 3224 3048 3279 sola
3076 3239 3135 3279 re
3154 3224 3507 3290 discutienda,
3522 3232 3573 3278 ut
3584 3234 3688 3291 opus

2143 3312 2484 3367 moderandas
2513 3315 2633 3369 vita:
2664 3318 3120 3385 pernecessarium
3150 3319 3405 3375 celeriter
3431 3316 3687 3373 absolvere-

2146 3414 2230 3459 tur
2250 3447 2266 3472 ,
2317 3406 2553 3476 neglecta
2583 3408 2866 3463 verborum
2892 3423 3049 3474 cura,
3081 3410 3421 3467 desudasset.
3470 3409 3523 3465 In
3548 3405 3689 3477 operis

2149 3498 2382 3552 clausula
2417 3514 2511 3553 eos
2564 3500 2757 3555 acriter
2807 3501 3128 3569 insectatur,
3190 3505 3281 3575 qui
3326 3503 3615 3574 Apostolum
3646 3498 3687 3551 ln

2142 3589 2376 3659 Epistula
2420 3588 2486 3643 ad
2511 3589 2722 3646 Galatas
2749 3591 3039 3647 ofﬁciosum
3082 3594 3369 3651 admisisse
3400 3589 3688 3649 mendacium

2141 3681 2531 3736 contendebant
2556 3700 2569 3729 :
2598 3682 2738 3752 quod
2784 3698 2888 3738 non
2928 3684 3087 3739 dubie
3129 3685 3444 3758 Hieronymi
3489 3684 3538 3738 in
3585 3680 3690 3735 hanc

2143 3772 2434 3843 Epistulam
2484 3773 2936 3831 Commentarium
2979 3778 3217 3847 respicit.
3252 3779 3321 3833 Et
3369 3774 3592 3832 fortassis
3619 3772 3690 3827 illo

2143 3865 2258 3934 ipso
2301 3874 2538 3934 tempore
2576 3881 2709 3935 opus
2743 3867 2879 3921 istud
2910 3868 3234 3937 elaboravit,
3265 3886 3372 3941 quo
3424 3867 3687 3938 vigesimam

2141 3966 2380 4011 octavam
2395 3956 2673 4027 epistolam
2691 3958 2755 4012 ad
2772 3959 3013 4014 eumdem
3038 3959 3105 4015 de
3130 3960 3236 4017 hoc
3256 3968 3557 4033 argumento
3576 3954 3687 4011 scri-

2146 4047 2267 4116 psit.
2299 4046 2355 4100 ln
2404 4046 2630 4116 quodam
2660 4063 2821 4117 upere
2864 4050 3076 4105 circiter
3115 4066 3317 4107 annum
3357 4050 3542 4106 Christi
3581 4058 3685 4116 qua-

2145 4137 2615 4208 dringentesimum
2663 4138 2926 4195 decimum
2971 4156 3171 4197 nonum
3198 4143 3489 4213 composito
3512 4181 3525 4204 ,
3551 4136 3685 4207 signiv

2144 4229 2302 4285 ficare
2346 4230 2553 4284 videtur
2600 4245 2657 4284 se
2700 4230 2933 4287 nondum
2978 4232 3267 4303 Scriptura
3310 4229 3591 4289 testimonia
3631 4224 3687 4279 de

2142 4322 2416 4379 mendacio
2442 4322 2783 4388 discussisse;
2809 4340 2926 4378 cum
2946 4342 3136 4396 nempe
3165 4326 3311 4382 hunc
3338 4326 3542 4389 librum,
3559 4330 3687 4389 quem

2143 4412 2397 4483 Supprimi
2442 4414 2691 4483 jusserat,
2729 4414 2870 4469 nullo
2911 4416 3026 4470 loco
3055 4425 3382 4473 numeraret.
3412 4414 3680 4469 Sermonem

2142 4505 2485 4559 centesimum
2514 4504 2565 4557 in
2593 4504 2753 4559 verba
2780 4506 3007 4572 Domini,
3040 4507 3196 4563 Luca:
3225 4506 3397 4578 capite
3418 4516 3567 4565 nono,
3592 4496 3677 4551 foro

2145 4595 2301 4650 tussis
2329 4594 2500 4649 adhuc
2526 4595 2801 4665 presbyter
2828 4596 3010 4652 habuit
3035 4617 3048 4653 :
3072 4613 3192 4652 cum
3222 4599 3278 4653 in
3307 4612 3373 4653 eo
3394 4595 3529 4651 dicat
3550 4590 3684 4645 Deum

2142 4686 2425 4755 Apostolus
2462 4695 2516 4741 et
2558 4686 2847 4741 secundum
2873 4689 3093 4759 gratiam
3132 4704 3284 4744 suam
3306 4729 3322 4754 ,
3350 4694 3404 4743 et
3428 4677 3680 4741 secundum

2144 4776 2353 4831 illorum
2366 4777 2625 4847 justitiam
2648 4778 2891 4849 elegisse,
2917 4794 3052 4849 quos
3070 4796 3265 4852 nempe
3283 4794 3388 4836 non
3404 4778 3469 4832 de
3490 4789 3545 4831 se
3564 4768 3684 4840 ipsis,

2145 4870 2237 4925 sed
2294 4870 2359 4924 de
2410 4870 2573 4939 ipsius
2613 4878 2815 4926 tantum
2868 4874 3035 4943 gratia
3080 4881 3461 4943 praesumentes
3503 4859 3684 4920 videbat

2146 4961 2337 5031 (Serm.
2363 4963 2487 5031 100,
2518 4983 2568 5019 η.
2595 4964 2670 5037 5).

2772 5058 2997 5116 CAPUT
3036 5059 3106 5114 IX
3118 5100 3135 5115 .

2145 5146 2169 5199 1
2220 5145 2459 5203 Historia:
2478 5148 2866 5204 Donatistarum
2890 5153 3123 5222 epitome.
3154 5152 3190 5207 2
3221 5151 3470 5218 Quantum
3490 5143 3524 5197 ii
3544 5135 3684 5194 ntuli-

2215 5241 2386 5294 tudine
2410 5241 2660 5312 pollebant
2679 5243 2729 5296 in
2753 5243 2947 5315 Africa,
2978 5261 3090 5299 cum
3108 5245 3176 5298 ad
3195 5242 3565 5316 presbyteratnm
3585 5242 3677 5299 prr-

2214 5334 2345 5385 venit
2376 5336 2705 5405 Augustinus,
2732 5345 2777 5390 et
2802 5337 2887 5406 qui
2914 5353 2998 5391 eos
3022 5336 3110 5391 ille
3138 5337 3373 5391 continuo
3395 5329 3583 5384 adortus
3606 5324 3679 5406 al-

2214 5425 2249 5480 5
2285 5423 2772 5497 Congredicumillo
2816 5405 2915 5481 non
2960 5428 3148 5482 audent
3177 5425 3460 5481 Donatistae.
3497 5416 3527 5469 4
3557 5405 3679 5464 Ρδαιί

2214 5533 2351 5569 mum
2405 5516 2755 5571 abecedarium
2800 5519 2853 5572 in
2901 5535 2983 5573 eos
3041 5518 3310 5589 componit.
3353 5513 3384 5568 5
3436 5499 3679 5576 Epistulam

2214 5605 2403 5662 Donati
2430 5609 2630 5680 refellit.
2662 5609 2695 5663 6
2725 5609 2803 5663 Ad
2838 5610 3176 5665 Maximinum
3212 5607 3501 5665 Sinitemcm
3530 5592 3677 5680 Dona:

2216 5700 2445 5753 (istarum
2483 5669 2772 5770 epismpum
2801 5703 2988 5769 scribit,
3014 5702 3073 5756 ob
3098 5701 3361 5756 diaconum
3397 5691 3454 5745 ab
3476 5690 3588 5757 ipso,
3614 5669 3675 5729 νδ

2225 5791 2493 5863 ferebatur,
2523 5791 2897 5862 rebaptizatum.
