3868 6390
169 353 254 416 ιω
712 289 720 292 Ν
1145 385 1153 390 .
1273 404 1281 416 ,
1466 339 1665 402 LIBER

1792 337 2015 404 RTIUS.

226 471 274 527 ι.
301 467 547 523 Hactenus
593 461 936 534 Augustinum
963 474 1076 515 eum
1123 459 1252 515 solis
1294 460 1593 516 Manichaais
1623 462 1676 516 in

168 558 659 618 arenadecertantem
687 554 907 609 vidimus
933 571 944 605 :
971 561 1022 607 at
1045 553 1197 623 longe
1237 554 1408 608 aerius
1436 553 1536 608 fuit
1577 554 1676 624 ipsi

173 667 276 708 cum
293 646 550 704 Donatistis
576 643 980 714 confligendum.
1013 643 1073 698 Hi
1101 643 1333 698 hzeretici
1367 659 1425 700 se
1453 659 1483 698 a
1511 643 1676 699 Greci-

180 743 289 798 liani
299 737 687 808 Carthaginensis
696 736 928 807 episcopi
938 736 1303 792 communione
1316 737 1673 807 sejunxerant,

180 831 463 891 annoChristi
487 827 696 885 circiter
723 827 1088 883 trecentesimo
1116 826 1414 893 undecimo,
1445 843 1510 882 eo
1531 827 1676 882 scili-

183 939 257 984 cet
290 927 480 991 obteutu,
519 920 657 992 quod
685 919 837 976 Felix
860 919 1247 991 Aptungitanus
1266 962 1281 984 ,
1327 935 1358 975 a
1383 933 1489 990 quo
1509 918 1680 975 fuerat

186 1020 416 1082 ordinatus,
441 1016 483 1070 in
503 1013 871 1086 persecutione
890 1027 1070 1069 sacros
1111 1012 1324 1068 codices
1351 1011 1674 1067 tradidisset.

187 1111 358 1184 lpsimet
383 1105 747 1163 aConstantino
777 1107 1013 1176 Augusto
1031 1104 1237 1175 judiees
1263 1104 1675 1175 postulaverant,

181 1218 209 1259 s
229 1202 379 1275 quibus
396 1201 594 1270 primum
613 1197 876 1262 damnati,
908 1197 1030 1252 dein
1053 1197 1122 1252 ab
1158 1197 1273 1267 ipso
1307 1212 1518 1267 quoque
1538 1195 1677 1251 Con-

175 1294 362 1350 stantino
384 1291 699 1360 imperatore,
727 1304 825 1344 suo
849 1303 1060 1358 semper
1085 1287 1357 1343 schismati
1396 1287 1677 1358 pertinaci-

171 1381 547 1440 teradhreserant.
570 1379 638 1436 Ut
657 1389 835 1434 autem
860 1379 1170 1449 pervicaciae
1191 1393 1300 1434 suae
1327 1377 1678 1447 patrocinium

168 1483 449 1546 quarerent,
472 1471 565 1526 hoc
593 1471 752 1526 veluti
798 1471 972 1540 posito
1001 1485 1032 1524 a
1061 1484 1121 1524 se
1163 1468 1508 1524 fundamento
1537 1467 1674 1522 uite-

160 1566 353 1622 bantur:
380 1564 632 1633 Quotquot
671 1577 793 1616 cum
821 1577 913 1616 reo
946 1560 1436 1624 communicarent,
1487 1558 1678 1614 eodem

158 1655 345 1711 crimine
377 1654 548 1709 teneri.
590 1653 722 1708 Cum
771 1660 911 1707 totus
951 1651 1132 1722 itaque
1177 1651 1498 1706 christianos
1533 1651 1680 1706 orbis

156 1763 256 1802 cum
277 1745 529 1801 (keeiliano
552 1745 989 1810 communicaret,
1027 1759 1084 1798 se
1113 1759 1144 1798 a
1175 1743 1381 1798 caeteris
1427 1743 1680 1818 omnjbus

157 1839 417 1908 disjunxere
443 1837 736 1899 Catholicis,
760 1846 816 1892 et
834 1836 1097 1906 integrent
1114 1836 1340 1891 schisma
1363 1836 1676 1890 conflarunt.

155 1931 311 1987 Scelus
343 1930 539 2000 insuper
579 1929 782 1984 scelere
810 1928 1173 1994 cumulantes,
1218 1929 1408 1982 iterum
1441 1927 1676 1998 baptiza-

161 2021 272 2076 bant
292 2030 513 2092 quotquot
536 2021 588 2075 in
616 2035 803 2076 eorum
833 2029 976 2076 secta
1012 2020 1337 2090 Baptismum
1367 2035 1470 2075 non
1501 2034 1679 2076 susce-

162 2121 473 2180 perant;cum
496 2111 816 2180 Baptismum
857 2119 1006 2165 extra
1029 2109 1314 2180 legitimam
1359 2107 1674 2176 Ecclesium,

159 2217 297 2272 quam
315 2218 440 2258 suam
458 2217 565 2258 esse
577 2202 990 2266 contendebant,
1012 2202 1263 2257 collatum
1292 2218 1508 2272 prorsus
1534 2203 1681 2256 iuva-

156 2293 297 2348 lidum
319 2309 419 2349 esse
447 2303 734 2349 tuerentur.
761 2295 942 2349 Errori
973 2303 1228 2365 prmterea
1259 2295 1364 2350 vim
1395 2294 1680 2350 crudelita-

157 2393 332 2455 temque
354 2385 712 2455 adjuugebant.
750 2385 849 2451 Qui
892 2385 1033 2440 enim
1066 2385 1203 2442 inter
1225 2401 1320 2440 eos
1359 2385 1681 2442 Circumcel-

155 2475 292 2531 liones
311 2475 620 2543 dicebantur,
646 2476 834 2546 plagis,
860 2477 1079 2546 rapinis,
1111 2475 1394 2543 incendiis,
1421 2476 1676 2542 caedibus,

155 2575 302 2620 contra
336 2583 536 2623 onlnem
568 2568 706 2637 juris
743 2567 986 2622 ordinem
1017 2569 1232 2638 impune
1281 2569 1676 2640 grassabantur.

153 2655 347 2727 Cumque
372 2674 469 2712 non
501 2660 675 2714 minus
703 2659 756 2713 in
787 2673 868 2726 se,
899 2674 1056 2729 quam
1083 2658 1135 2713 in
1166 2660 1300 2715 alios
1324 2659 1676 2726 deszevirent;

155 2745 268 2801 ultro
284 2762 332 2802 se
351 2749 396 2804 in
407 2765 568 2820 aquas
597 2759 649 2804 et
673 2751 820 2820 ignes
838 2749 1212 2815 immittebant,
1231 2749 1323 2805 sed
1345 2750 1678 2822 potissimum

161 2839 386 2893 esummis
426 2839 690 2894 montium
735 2840 1097 2894 cacuminibus
1125 2855 1184 2895 se
1227 2840 1495 2894 turmatim
1535 2841 1679 2910 plus-

158 2942 288 2997 quem
311 2928 522 2985 belluina
552 2930 760 2985 feritate
784 2930 1084 3000 prmeipites
1108 2945 1264 3002 agere
1276 2937 1678 2986 consueverant.

155 3016 219 3071 Ex
238 3018 311 3073 illo
324 3019 424 3090 ipso
444 3035 552 3076 uno
570 3021 857 3076 schismate
877 3019 1102 3090 plurima
1122 3020 1318 3076 sensim
1338 3021 1677 3091 pullularunt.

159 3104 206 3162 ln
229 3107 296 3163 bis
320 3110 718 3167 famosissimum
764 3110 862 3165 fuit
889 3110 1119 3166 schisma
1149 3109 1675 3177 Maximianistarum,

158 3199 226 3267 qui
247 3214 364 3256 anno
391 3202 766 3258 trecentesimo
793 3203 1136 3273 nonagesimo
1176 3203 1330 3258 tertio
1355 3202 1680 3258 Primianum

159 3288 492 3348 Donatistarum
521 3292 842 3364 Carthagine
863 3294 1170 3364 episcopum
1193 3293 1530 3361 danmarunt,
1552 3304 1604 3350 et
1629 3295 1682 3350 in

157 3381 247 3450 ejus
284 3383 437 3442 locum
498 3387 874 3442 Maximianum
928 3387 1204 3442 suffecere.
1267 3387 1462 3442 Verum
1501 3390 1678 3443 caueri

157 3468 389 3533 Donatista:
425 3479 482 3534 in
533 3479 799 3550 Bagaiana
838 3479 1049 3535 civitate
1091 3479 1375 3550 provinciae
1427 3480 1683 3535 Numidiae

162 3569 400 3640 congregati
423 3569 529 3624 hoc
564 3571 702 3639 ipso,
732 3569 799 3625 de
843 3584 948 3640 quo
976 3570 1177 3640 agimus
1201 3609 1217 3637 ,
1251 3585 1390 3624 anno
1419 3579 1682 3626 trecente-

162 3653 268 3711 simo
289 3663 610 3732 nonagesimo
637 3670 849 3732 quarto,
883 3661 1206 3716 Primianum
1244 3662 1298 3716 in
1321 3662 1500 3717 sedem
1533 3678 1684 3717 suam

160 3747 463 3818 restituerunt,
492 3760 546 3807 et
572 3752 624 3806 in
648 3767 742 3806 eos
771 3768 801 3806 a
825 3751 1014 3821 quibus
1042 3751 1156 3821 ipse
1183 3751 1460 3808 damnatus
1489 3751 1681 3821 fuerat,

159 3835 359 3897 dixerunt
384 3844 726 3910 sententiam,
781 3845 832 3898 in
882 3843 1160 3900 duodecim
1203 3844 1418 3915 quidem
1467 3861 1533 3900 ex
1581 3845 1685 3901 illis

161 3929 273 3984 nullo
296 3932 370 3989 die
409 3935 702 4006 praefinito,
734 3934 788 3989 in
828 3945 1051 3990 caeteros
1077 3950 1224 4002 vero,
1262 3937 1361 3991 nisi
1391 3946 1515 3992 ante
1543 3937 1684 3992 diem

165 4016 352 4078 Natalem
381 4027 586 4082 Domini
633 4027 700 4082 ad
749 4042 900 4084 suam
951 4029 1376 4084 communionem
1429 4030 1680 4086 redirent.

165 4109 335 4178 Verum,
365 4119 459 4173 etsi
481 4119 848 4189 hujuscemodi
875 4119 1229 4176 damnationis
1250 4123 1565 4177 sententiam
1597 4131 1683 4176 tu-

163 4198 325 4272 lissent,
348 4209 619 4264 nonnullos
648 4207 875 4264 subinde
913 4217 1032 4279 post
1082 4209 1350 4278 expletum
1402 4210 1684 4281 praestituti

167 4297 370 4363 temporis
390 4301 613 4369 Spatium
638 4300 1003 4365 admiserunt;
1035 4301 1142 4356 imo
1168 4310 1221 4356 et
1253 4301 1456 4371 aliquot
1498 4318 1561 4358 ex
1596 4302 1681 4370 iis,

167 4381 316 4448 quibus
330 4389 511 4444 nullam
553 4398 932 4446 concesserant
959 4405 1185 4457 moram,
1207 4391 1365 4446 etiam
1389 4391 1535 4446 velut
1574 4391 1686 4463 epi-

167 4482 322 4544 toopos
358 4491 698 4552 receperunt;
741 4482 898 4538 nullis
926 4491 1105 4540 tamen
1125 4497 1330 4551 eorum,
1366 4499 1500 4554 quos
1527 4483 1685 4539 iidem

170 4560 302 4620 istiin
319 4569 577 4630 schismate
605 4575 1022 4644 baptizaverant,
1057 4578 1246 4632 iterum
1275 4577 1572 4647 baptizatis.
1597 4576 1686 4633 Sic

176 4651 380 4714 nimirum
415 4663 481 4720 illi
511 4665 738 4722 haeresis
781 4681 892 4722 sua:
918 4666 1257 4722 fundamenta
1283 4666 1683 4723 labefactabant.

229 4747 274 4801 2ο
307 4749 411 4810 Htec
432 4769 566 4815 secta
597 4758 747 4814 nullo
773 4758 897 4814 licet
929 4756 1273 4814 fundamento
1297 4758 1530 4826 suffulta,
1567 4769 1686 4814 tan-

170 4841 259 4893 tum
283 4847 431 4901 tamen
456 4847 504 4903 in
531 4847 714 4904 Africa
749 4847 978 4916 valebat,
1009 4863 1130 4904 cum
1157 4847 1479 4918 Augustinus
1505 4847 1558 4902 in
1588 4847 1688 4904 Ec-

169 4924 297 4986 dcsia
320 4936 460 5008 cepit
471 4939 731 5004 eminere,
755 4946 812 4993 ut
833 4939 1053 4994 trecenti
1079 4945 1135 4994 et
1152 4938 1338 4994 decem
1364 4939 1596 5011 episcopi
1620 4939 1688 4995 ad

171 5021 383 5089 modum
425 5029 762 5102 Bagaiensem
809 5030 1184 5097 convenerint,
1234 5039 1430 5101 prmter
1475 5039 1686 5086 centum

173 5109 277 5168 alios
295 5118 374 5188 qui
397 5119 703 5178 Maximiano
729 5121 1094 5178 adhaerebant.
1124 5123 1255 5177 Eam
1288 5137 1385 5178 suo
1411 5123 1688 5194 complexu

177 5201 386 5272 majorem
429 5211 672 5269 Afrorum
725 5212 1114 5268 multitudinem
1166 5213 1488 5269 continuisse
1533 5213 1689 5270 docet

180 5287 399 5356 Possidius
441 5301 772 5373 (Possidius,
814 5303 868 5358 in
903 5302 1016 5357 Vita
1059 5303 1342 5375 Augustini,
1389 5321 1436 5358 c.
1482 5303 1572 5375 3).
1624 5306 1690 5361 Et

183 5383 347 5453 «ιιωοω
371 5391 797 5469 Hippone-Regio
838 5405 944 5451 tam
984 5396 1207 5467 exiguus
1243 5405 1356 5451 erat
1389 5395 1691 5454 Catholico-

183 5485 542 5554 “numerus,
568 5496 627 5545 et
667 5503 730 5545 ea
774 5487 1086 5544 auctoritate
1125 5487 1410 5542 Donatista:
1449 5486 1690 5544 domina-

184 5558 351 5642 batur,
378 5585 432 5632 ut
469 5579 747 5636 Faustinus
783 5596 969 5637 eorum
1008 5579 1059 5635 in
1089 5579 1189 5634 hac
1221 5579 1354 5634 urbe
1387 5579 1686 5650 episcopus,

184 5659 430 5724 Mante
447 5670 715 5745 Augustini
735 5671 1041 5738 adventum,
1082 5686 1270 5744 panem
1292 5670 1575 5728 Catholicis
1598 5687 1690 5728 co-

187 5748 566 5832 ‘l‘imhiberet;
594 5765 666 5821 ita
700 5773 757 5820 ut
791 5763 1001 5822 diaconi
1034 5763 1306 5836 cujusdam
1335 5762 1686 5835 Hipponensis

3255 345 3356 408 19s

1782 461 2022 518 catholici
2047 459 2313 518 furnarius
2340 461 2630 533 inquilinus
2656 461 2820 533 ipsius
2845 462 3128 519 domnmdii
3149 466 3230 521 sui
3260 484 3355 538 pa-

1783 571 1904 612 nem
1958 556 2218 612 incoctum
2268 557 2520 626 abjc'cerit
2557 554 2787 626 (Contra
2835 554 3052 610 Litteras
3089 554 3352 627 Petiliani,

1782 645 1871 701 lib.
1918 647 1974 713 2,
2025 663 2081 701 η.
2141 646 2284 718 184).
2334 648 2661 719 Augustinus
2701 650 2995 722 Hipponem
3043 653 3352 727 adveniens,
3457 705 3459 707 .

1780 750 1970 793 omnes
1996 738 2315 809 eloquentia:
2340 753 2450 795 sua:
2470 754 2664 796 nervos
2680 744 2970 811 contendit,
2996 753 3055 802 ut
3067 761 3353 805 exsecran-

1780 827 1903 884 dam
1946 831 2270 886 convelleret
2313 831 2585 888 hominum
2617 835 3070 903 consuetudinem,
3096 838 3349 909 quichri-

1781 920 1955 976 sliano
1977 922 2188 977 nomine
2210 923 2514 992 gloriantes,
2547 923 2877 980 Christianos
2904 925 3232 997 rebaptizare
3247 945 3351 987 non

1782 1010 2083 1067 dubitarent
2109 1013 2296 1084 (Epist.
2320 1013 2434 1084 25).
2456 1014 2522 1069 Et
2549 1013 2706 1070 simul
2731 1030 2795 1071 ac
2811 1016 3033 1072 verbum
3059 1018 3240 1074 salutis
3263 1035 3359 1075 ano

1782 1104 2062 1168 nuntiavit,
2087 1105 2196 1160 Deo
2219 1105 2486 1161 laboribus
2511 1106 2630 1175 ejus
2650 1105 2881 1173 favente,
2911 1107 3149 1165 Ecclesia
3176 1109 3358 1165 catho-

1783 1193 1905 1259 lica,
1933 1210 2051 1265 qua:
2088 1193 2281 1250 afﬂicta
2319 1205 2375 1251 et
2403 1211 2654 1266 oppressa
2687 1197 2918 1267 jacebat,
2943 1205 3122 1268 caput,
3150 1207 3210 1254 ut
3234 1215 3356 1256 cum

1784 1283 2025 1341 Possidio
2063 1286 2360 1358 loquamur,
2405 1288 2600 1356 levare,
2634 1289 2952 1361 illorumque
2992 1290 3082 1362 qui
3129 1291 3360 1348 schisma

1783 1375 2063 1446 ejurabant
2083 1378 2340 1450 frequenti
2371 1395 2610 1445 numero,
2629 1380 2791 1451 cmpit
2810 1382 2863 1437 in
2885 1381 3001 1439 dies
3025 1399 3354 1442 accrescere.

1783 1465 1937 1523 Hunc
1968 1467 2196 1525 fructum
2240 1471 2444 1541 peperit
2482 1471 2782 1542 Augustini,
2827 1473 3081 1544 populum
3111 1475 3354 1546 privatim

1783 1565 1838 1612 et
1869 1557 2099 1629 publice,
2137 1559 2270 1614 intra
2313 1561 2635 1618 domesticos
2669 1563 2896 1632 parietes
2924 1571 2982 1620 et
3028 1564 3081 1619 in
3115 1565 3358 1634 ecclesia,

1782 1662 1914 1704 voce
1949 1664 2012 1704 ac
2045 1651 2242 1721 scripto
2270 1650 2510 1708 docentis
2549 1652 2700 1708 labor
2723 1654 2989 1712 assiduus.
3019 1655 3249 1713 Verbum
3267 1659 3360 1715 Dei

1789 1740 2040 1797 audacter
2066 1742 2338 1814 libereque
2364 1744 2704 1814 priedicabat,
2731 1755 2786 1802 et
2814 1745 3046 1804 haereses
3069 1765 3306 1821 quasque
3329 1766 3359 1805 a

1784 1831 2021 1888 veritatis
2051 1834 2261 1889 tramite
2299 1833 2573 1892 devianles
2598 1837 2935 1909 Oppugnabat
2959 1840 3239 1896 acerrime.
3255 1841 3360 1897 Ca-

1783 1923 1968 1980 tholiei
2022 1925 2388 1997 Hipponenses
2445 1929 2738 1986 incredibili
2809 1932 3000 2002 gaudio
3061 1933 3360 1990 mirabundi

1788 2015 2203 2086 triumphabant,
2251 2020 2581 2090 agebantque
2608 2030 2666 2076 ut
2695 2020 2798 2078 hoc
2827 2023 2997 2092 ipsum
3027 2039 3360 2094 quoquover-

1783 2117 1877 2160 sus
1908 2108 2327 2178 pervulgaretur.
2356 2110 2713 2178 Quamobrem
2751 2113 3076 2170 admirandis
3113 2115 3218 2172 illis
3245 2116 3360 2187 ejus

1783 2196 2112 2263 tractatibus,
2136 2213 2358 2268 quorum
2383 2199 2678 2256 doctrinam
2700 2217 2765 2256 ex
2785 2203 2979 2259 divina:
3000 2205 3186 2275 gratiae
3215 2206 3364 2263 fonto

1783 2286 2094 2355 derivatam,
2123 2291 2564 2346 validissimarum
2591 2308 2801 2363 semper
2828 2294 3094 2351 rationum
3121 2312 3364 2353 momen-

1785 2379 1872 2443 tis,
1896 2389 1950 2434 et
1975 2390 2276 2436 sanctarum
2299 2381 2686 2453 Scripturarum
2717 2387 3030 2444 auctoritate
3055 2388 3360 2457 roborabat,

1785 2469 1882 2540 ipsi
1909 2472 2068 2526 etiam
2087 2471 2320 2528 haeretici
2343 2489 2462 2537 cum
2480 2474 2766 2532 Catholicis
2783 2477 3146 2546 convolantes,
3165 2479 3362 2536 avidis-

1783 2561 1918 2616 sime
1949 2561 2220 2619 inhiabant
2239 2581 2254 2629 ;
2282 2572 2338 2620 et
2356 2566 2593 2636 quisquis
2611 2568 2845 2623 notarios
2862 2569 3114 2626 adhibere
3137 2579 3361 2642 poterat,

1784 2667 1902 2721 quae
1929 2652 2246 2710 dicebantur
2280 2656 2432 2711 Ianus
2456 2656 2773 2727 excipiebat.
2797 2658 2884 2716 Sic
2919 2660 3200 2732 singularis
3226 2663 3368 2721 illius

1784 2743 2050 2813 doctrina,
2080 2756 2134 2802 et
2179 2747 2312 2803 odor
2341 2747 2537 2804 Christi
2583 2752 2928 2807 suavissimus
2955 2769 3049 2823 per
3067 2754 3364 2812 universam

1786 2835 2019 2892 Africam
2067 2837 2288 2897 diffusus
2347 2850 2446 2896 est.
2494 2841 2675 2913 Neque
2724 2843 2884 2899 etiam
2928 2845 3218 2905 Ecclesium
3272 2847 3366 2906 Dei

1786 2932 2194 2987 transmarinam
2221 2933 2312 2988 diu
2339 2933 2510 3000 latuit,
2530 2951 2648 3004 quae
2665 2943 2866 2992 tantum
2891 2935 3090 2994 bonum
3115 2937 3366 2997 fratribus

1786 3021 1918 3088 suis,
1951 3023 2264 3093 quibuscum
2297 3039 2490 3095 corpus
2519 3042 2680 3081 unum
2707 3028 3086 3098 constituebat,
3111 3029 3365 3088 divinitus

1787 3111 2035 3166 collatum
2058 3115 2313 3184 gratulata
2339 3123 2420 3171 est
2464 3114 2779 3187 (Possidius,
2804 3119 2858 3172 in
2909 3118 3024 3172 Vita
3072 3120 3359 3192 Augustini,

1787 3219 1834 3256 c.
1865 3203 1950 3274 7).
1982 3204 2079 3272 Qui
2115 3221 2388 3261 sermones
2415 3206 2528 3276 ejus
2569 3217 2658 3263 aut
2692 3216 2942 3265 tractatus
2981 3209 3243 3266 habebant
3268 3227 3367 3268 ex-

1788 3295 2033 3364 scriptos,
2057 3297 2153 3364 ipsi
2177 3311 2386 3366 quuque
2416 3298 2696 3353 Donatista:
2727 3298 3115 3370 Hipponenses,
3135 3310 3225 3356 aut
3250 3301 3368 3357 lini-

1791 3383 1926 3449 timi,
1958 3401 2051 3440 eos
2089 3387 2154 3441 ad
2200 3387 2478 3457 episc0pos
2523 3389 2822 3444 Donatistas
2867 3389 3198 3447 deferebant.
3242 3389 3367 3457 Qua

1789 3491 1902 3528 cum
1944 3477 2218 3541 audissent,
2258 3489 2303 3532 et
2338 3488 2513 3532 contra
2556 3480 2684 3550 forte
2720 3481 2910 3552 aliquid
2945 3481 3194 3547 dicerent,
3223 3492 3308 3537 aut
3335 3499 3366 3537 a

1791 3566 1894 3619 suis
1920 3566 2292 3636 refellebantur,
2317 3577 2404 3622 aut
2430 3570 2603 3623 eadem
2636 3588 2874 3641 responsa
2901 3572 2970 3625 ad
3002 3582 3230 3626 sanctum
3264 3574 3367 3630 Au-

1791 3658 2042 3726 gustinum
2082 3657 2450 3728 deferebantur,
2499 3662 2664 3731 eisque
2700 3663 2967 3733 compertis
2987 3705 3002 3730 ,
3031 3665 3275 3735 patienter
3306 3683 3365 3720 ac

1793 3748 1989 3813 leniter,
2022 3758 2087 3815 et,
2111 3757 2162 3802 ut
2186 3752 2425 3821 scriptum
2456 3761 2548 3819 est,
2580 3769 2689 3806 eum
2716 3754 2892 3808 timore
2918 3764 2964 3808 et
2993 3766 3204 3810 tremore
3229 3739 3367 3811 salu-

1791 3846 1890 3892 tem
1946 3840 2170 3894 omnium
2215 3843 2515 3914 operabatur
2552 3842 2814 3916 (Philipp.
2843 3860 2908 3909 ll,
2943 3845 3030 3916 12)
3057 3864 3072 3902 :
3104 3848 3367 3903 ostendens

1763 3945 1946 4000 quam
1975 3932 2103 3986 nihil
2131 3933 2208 3987 illi
2240 3934 2468 4005 refellere
2508 3936 2770 4001 voluerint,
2803 3953 2861 3989 ac
2895 3937 3162 4004 valuerint,
3192 3955 3369 4010 quant-

1791 4039 1887 4091 que
1927 4041 2096 4078 verum
2139 4026 2553 4097 manifestumque
2575 4027 2669 4094 sit,
2696 4027 2830 4096 quod
2860 4026 3100 4082 Ecclesia:
3117 4027 3214 4083 Dei
3238 4030 3366 4098 ﬁdes

1794 4122 1923 4167 tenet
1977 4131 2036 4169 ac
2074 4116 2214 4169 docet
2271 4116 2602 4187 (Possidius,
2634 4119 2685 4172 in
2721 4116 2834 4171 Vita
2863 4119 3161 4190 Augustini,
3192 4137 3240 4174 ο.
3285 4122 3363 4192 9).

1793 4203 2021 4274 lpsemet
2044 4207 2386 4278 Augustinus,
2419 4209 2654 4264 referens
2679 4218 2931 4280 quantum
2957 4211 3025 4266 ab
3054 4211 3158 4266 illis
3179 4213 3360 4283 exagi-

1794 4302 1995 4352 taretur
2035 4296 2322 4354 Ecclesia:
2354 4298 2610 4366 Videmus,
2652 4300 2838 4372 inquit,
2886 4310 2934 4356 et
2975 4303 3278 4368 toleramus,
3317 4311 3366 4358 et

1793 4396 2038 4456 quantum
2064 4405 2330 4459 possumus
2350 4392 2617 4461 reprimere
2639 4408 2879 4446 conamur
2903 4392 3223 4463 disputando,
3249 4411 3368 4449 con-

1796 4480 2059 4545 vincendo,
2083 4481 2436 4548 conveniendo,
2455 4483 2685 4536 terrendo
2702 4483 2874 4552 (idque
2900 4491 3012 4553 post
3038 4499 3227 4537 annum
3243 4501 3370 4553 qua-

1794 4569 2238 4640 dringentesimum
2273 4571 2543 4642 quintum),
2577 4579 2742 4625 tamen
2767 4571 2818 4625 in
2858 4571 3084 4626 omnibus
3113 4570 3368 4644 diligendo

1793 4660 2006 4732 (Enarr,
2032 4662 2084 4716 in
2116 4661 2259 4716 Psal.
2292 4678 2483 4729 χχχιχ,
2506 4678 2558 4716 n.
2586 4663 2664 4734 l).

1864 4756 1916 4810 3.
1958 4753 2025 4808 Et
2053 4754 2159 4809 [nec
2177 4753 2346 4809 diebus
2367 4771 2425 4808 ac
2445 4755 2690 4823 noctibus,
2708 4754 2782 4810 ait
2801 4754 3090 4824 Possidius,
3113 4755 3174 4811 ab
3196 4757 3367 4813 eodem

1785 4849 1980 4920 jugiter
2005 4847 2294 4920 agebantur.
2326 4846 2463 4901 Nam
2489 4857 2534 4902 et
2553 4846 2790 4919 epistolas
2815 4849 3034 4920 privatas
3054 4849 3122 4904 ad
3148 4866 3369 4922 quosque

1794 4941 2018 5012 ejusdem
2057 4941 2238 4995 erroris
2269 4942 2546 5012 episcopos,
2587 4950 2634 4996 et
2677 4941 2944 4996 eminentes
2975 4940 3166 4998 scilicet
3208 4943 3367 4999 laicos

1793 5034 1950 5099 dedit,
1975 5033 2167 5088 ratione
2191 5033 2389 5088 reddita
2418 5033 2693 5088 admonens
2725 5043 2876 5104 atque
2899 5035 3194 5102 exhortans,
3213 5045 3265 5090 ut
3293 5033 3369 5090 vel

1794 5126 1857 5180 ab
1889 5126 1980 5180 illa
2003 5142 2056 5180 se
2081 5127 2330 5197 pravitate
2357 5126 2679 5196 corrigerent,
2711 5124 2790 5178 vel
2817 5133 2944 5179 certe
2967 5126 3036 5180 ad
3061 5126 3366 5198 disputatio-

1797 5235 1911 5276 nem
1951 5219 2185 5273 venirent.
2214 5219 2277 5272 At
2303 5219 2378 5272 illi
2411 5233 2578 5273 causa
2611 5217 2902 5289 difﬁdentia,
2944 5236 3007 5274 ne
3037 5219 3237 5291 quidem
3274 5237 3369 5274 un-

1795 5327 1947 5382 quam
1990 5310 2254 5365 rescribere
2291 5309 2550 5364 voluerunt
2572 5323 2591 5363 :
2616 5308 2704 5363 sed
2731 5308 2848 5363 irati
2872 5307 3069 5380 furiosa
3093 5310 3365 5380 loqueban—

1795 5409 1897 5468 tur,
1930 5408 2074 5469 atque
2109 5399 2423 5454 seductorem
2446 5407 2492 5454 et
2521 5399 2831 5469 deccptorem
2866 5401 3146 5455 animarum
3188 5399 3366 5470 Augu-

1792 5492 1981 5546 stinum
2005 5507 2130 5558 esse,
2163 5499 2207 5544 et
2249 5491 2483 5562 privatim
2500 5497 2545 5544 et
2576 5490 2770 5560 publice
2803 5489 3212 5553 conclamabant;
3238 5496 3367 5543 etut

1796 5579 1973 5652 lupum
1993 5580 2321 5635 occidendum
2345 5597 2452 5636 esse
2473 5579 2524 5634 in
2547 5579 2886 5650 defensionem
2917 5579 3082 5652 gregis
3103 5578 3200 5642 sui,
3231 5577 3368 5632 dice-

1795 5672 1912 5728 bant
1939 5682 1984 5726 et
2027 5671 2336 5738 tractabant;
2360 5671 2620 5738 omniaque
2645 5677 2849 5739 peccata
2872 5685 2904 5720 a
2927 5667 3035 5722 Deo
3070 5665 3365 5723 indubitan-

1800 5771 1874 5819 ter
1899 5778 2004 5820 esse
2024 5761 2328 5820 credendum
2363 5775 2508 5832 posse
2535 5757 2718 5812 dimitti
2743 5757 2825 5825 iis,
2855 5757 2942 5827 qui
2978 5757 3074 5813 hoc
3107 5759 3270 5831 facere
3304 5773 3368 5822 as

1754 5935 1820 5952 .-.τι
1905 5939 1910 5943 .
2117 5942 2120 5945 .
2149 5931 2180 5945 ν
