3868 6440
508 406 614 474 199

505 529 794 598 Catholici,
830 544 894 586 ac
928 527 1274 601 probabiliter
1309 527 1423 598 ipse
1452 525 1812 597 Augustinus,
1843 523 1912 579 ad
1945 524 2084 581 Sini-

503 635 653 682 tense
681 625 981 691 castellum,
1011 633 1068 679 ut
1090 639 1214 681 mox
1238 621 1489 686 diximus,
1523 620 1890 692 presbyterum
1918 619 2081 674 mise-

501 725 640 774 rant.
669 713 890 772 'Eodem
937 715 1005 772 ad
1052 715 1308 772 Ecclesiae
1358 712 1787 771 communionem
1826 727 2080 779 reverso,

500 807 788 865 Donatistae
815 823 1115 878 praeconem
1151 807 1465 878 allegarunt,
1495 804 1585 877 qui
1613 805 1864 861 clamaret
1889 803 2043 860 Siniti
2067 819 2081 858 :

501 900 735 974 Quisquis
771 901 1053 957 Maximino
1083 900 1550 966 communicaverit,
1579 898 1866 953 incendetur
1903 896 2082 951 domus

497 996 607 1067 ejus
636 995 841 1067 (Epist.
874 994 1010 1061 105,
1043 1011 1097 1048 n.
1129 994 1163 1049 4
1183 994 1223 1065 ).
1254 992 1412 1049 Notat
1449 990 1724 1049 Possidius
1765 988 2079 1045 Sermonem

498 1088 762 1143 adversus
807 1086 1106 1141 Donatistas
1145 1095 1200 1140 et
1240 1095 1424 1141 contra
1468 1083 1630 1152 idola,
1673 1081 1827 1138 Siniti
1867 1080 1934 1135 ab
1973 1081 2083 1133 Au-

494 1180 706 1251 gustino
732 1178 966 1234 habitum
989 1176 1314 1248 (Possidius,
1341 1177 1395 1231 in
1424 1175 1680 1242 Indiculo,
1708 1193 1822 1246 cap.
1850 1175 1884 1230 '5
1901 1174 1940 1245 ).
1971 1173 2076 1227 Do-

494 1280 676 1327 natum
715 1269 908 1325 Africa:
943 1270 1320 1340 proconsulem
1356 1278 1540 1324 monet
1575 1268 1901 1339 Augustinus
1938 1281 2078 1320 anno

493 1361 1018 1433 quadringentesimo
1039 1375 1182 1417 nono
1201 1361 1283 1416 vel
1308 1359 1826 1431 quadringentesimo
1845 1358 2074 1424 decimo,

493 1461 551 1507 ut
587 1468 682 1509 eos
718 1467 852 1525 quos
891 1451 945 1507 in
984 1467 1113 1522 agro
1151 1451 1404 1508 Sinitensi
1439 1450 1693 1516 haberet,
1724 1448 1792 1505 ad
1825 1449 2077 1506 Ecclesia:

491 1548 770 1605 catholica:
789 1547 1220 1604 communionem
1242 1545 1545 1601 hortaretur
1559 1544 1752 1617 (Epist.
1773 1543 1894 1611 112,
1919 1559 1972 1597 n.
1997 1544 2073 1612 ὃ).

490 1640 635 1697 Idem
679 1649 893 1696 sanctus
940 1640 1136 1696 Doctor
1175 1639 1488 1694 miraculum
1536 1651 1789 1703 narrans,
1837 1635 1978 1706 quod
2022 1635 2074 1690 in

490 1731 656 1803 ipsius
681 1731 898 1788 diwcesi
923 1730 1252 1802 contigerat,
1282 1729 1466 1786 scribit
1492 1743 1674 1785 secum
1707 1726 1872 1783 fuisse
1910 1727 2074 1782 Maxi-

489 1821 690 1876 minum
717 1821 974 1892 collegam
1002 1835 1180 1889 suum,
1204 1819 1486 1876 Sinitensis
1515 1818 1765 1874 Ecclesia:
1794 1817 2071 1888 prmsulem

493 1909 514 1980 (
522 1911 594 1967 De
609 1913 756 1968 Civit.
777 1910 896 1979 Dei,
923 1911 1014 1966 lib.
1034 1911 1127 1977 22,
1153 1928 1267 1982 cap.
1290 1910 1345 1979 8,
1368 1927 1418 1965 n.
1444 1909 1477 1965 6
1499 1911 1538 1981 ).
1564 1909 1728 1965 Paulo
1750 1917 1869 1980 post
1890 1909 2073 1963 Lucilii

488 2006 762 2071 meminit,
794 2005 885 2076 qui
915 2005 1123 2061 castelli
1149 2004 1431 2061 Sinitensis
1461 2002 1886 2073 Hipponi-Regio
1917 2001 2073 2058 vicini

487 2100 768 2170 episcopus
805 2106 922 2154 erat
949 2095 1134 2170 (Ibid.,
1167 2113 1220 2151 η.
1251 2097 1446 2168 ll),ex
1479 2109 1583 2165 quo
1608 2093 1861 2164 Stephani
1893 2102 2076 2164 proto-

493 2191 742 2264 martyris
790 2191 1028 2262 reliquias
1053 2231 1067 2255 ,
1110 2204 1250 2245 anno
1293 2187 1813 2260 quadringentesimo
1866 2187 2073 2243 decimo

486 2292 668 2350 sexto,
695 2282 886 2338 delata:
915 2283 1131 2336 l'uerant
1158 2281 1210 2336 in
1237 2279 1493 2335 Africam.
1521 2277 1571 2333 Is
1601 2277 1778 2333 forsan
1804 2277 2073 2332 Maximini

487 2388 766 2429 successor
813 2382 916 2429 est.
949 2372 1005 2427 In
1034 2371 1317 2427 collatione
1344 2369 1746 2440 Carthaginensi
1777 2368 1954 2422 nullus
1984 2382 2072 2423 re-

493 2467 692 2539 peritur
730 2467 1012 2536 episcopus
1047 2463 1331 2520 Sinitensis
1367 2462 1680 2518 catholicus.
1720 2460 1917 2516 Aderat
1945 2459 2076 2516 Cre-

489 2557 703 2613 sconius
743 2572 809 2613 ex
852 2565 1002 2627 parte
1046 2554 1477 2620 Donatistarum,
1520 2553 1609 2624 qui
1645 2567 1770 2608 eum
1804 2550 1944 2606 haud
1977 2551 2076 2606 du-

490 2647 576 2704 bie
613 2646 894 2703 Maximino
931 2660 1194 2702 converso
1229 2644 1666 2716 subrogaverunt.
1696 2642 2071 2698 Verumtamen

488 2740 589 2798 iste
629 2739 949 2796 Cresconius
1001 2739 1206 2795 nullum
1257 2738 1563 2809 episcopum
1608 2735 1924 2792 catholicum
1972 2736 2072 2792 sibi

484 2846 552 2888 ex
593 2831 816 2889 adverso
853 2831 1148 2888 consistere
1182 2845 1287 2886 non
1322 2828 1457 2885 dixit
1481 2827 1702 2902 (Collat.
1739 2826 1981 2899 Carthag.
2016 2828 2070 2896 l,

487 2941 602 2996 αρ’
631 2923 826 3027 my
1121 2991 1354 3049 CAPUT
1391 2990 1465 3049 x.

491 3087 514 3141 Ι
549 3087 862 3157 Augustinus
887 3102 949 3140 ea:
984 3083 1412 3139 lucubrationibus
1437 3082 1541 3137 suis
1567 3089 1611 3136 et
1637 3081 1809 3152 Alypii
1835 3082 2075 3136 relatione

558 3178 819 3232 innotescit
851 3176 1089 3232 Paulino.
1111 3177 1148 3230 2
1171 3175 1271 3230 Hic
1300 3175 1369 3229 ad
1393 3175 1635 3246 Alypium
1659 3183 1704 3228 et
1736 3173 1804 3227 ad
1830 3174 2045 3246 Augusti
2055 3205 2073 3216 -

523 3277 525 3279 ’
559 3286 681 3324 num
705 3269 931 3340 singulas
951 3269 1038 3322 dat
1058 3268 1313 3339 epistolas.
1341 3267 1377 3322 3
1400 3265 1653 3321 Licentius
1666 3283 1867 3322 carmen
1891 3267 1960 3320 ad
1979 3270 2075 3321 Au-

556 3359 815 3431 gustinum
837 3358 1148 3413 transmittit.
1178 3357 1213 3412 4
1249 3357 1558 3428 Augustinus
1596 3357 1861 3427 respondet
1899 3356 2075 3412 litteris

561 3447 790 3504 Paulini.
820 3449 854 3506 5
876 3447 930 3503 ls
959 3465 1060 3504 non
1088 3459 1292 3520 accepto
1306 3448 1574 3520 Augustini
1597 3464 1854 3520 responso,
1886 3449 2075 3506 litteras

560 3540 629 3594 ad
656 3540 802 3594 illum
827 3541 1074 3595 secundas
1099 3540 1291 3594 scribit.
1454 3552 1455 3555 ‘

560 3652 611 3706 l.
651 3651 768 3718 Quo
789 3660 1029 3723 tempore
1061 3652 1199 3709 Deus
1230 3652 1282 3706 in
1312 3651 1606 3722 Augustino
1635 3653 1818 3724 gratia:
1845 3653 2075 3710 miracu-

487 3743 597 3800 lum
627 3745 819 3801 Alricze
844 3745 1190 3812 ostendebat,
1221 3744 1407 3801 eodem
1433 3747 1658 3801 alterum
1697 3747 2076 3802 misericordiae

487 3853 601 3894 sua:
627 3837 896 3908 specimen
921 3837 1017 3894 toti
1045 3838 1300 3894 Ecclesiae
1329 3837 1616 3894 exhibebat
1642 3839 1695 3894 in
1718 3839 1960 3895 Paulino.
1982 3840 2077 3896 llic

487 3929 800 3986 nobilissimi
819 3930 1030 4001 generis
1050 3929 1334 4002 splendore
1349 3938 1678 4002 contempto,
1701 3931 2076 4003 amplissimis-

486 4036 592 4092 que
638 4021 896 4079 abdicatis
923 4022 1136 4094 opibus,
1164 4021 1266 4078 hoc
1293 4021 1410 4094 ipso
1430 4037 1570 4077 anno
1591 4023 1961 4078 trecentesimo
1982 4039 2078 4081 no-

486 4113 758 4183 nagesimo
786 4122 978 4184 quarto
1007 4113 1195 4170 Nolam
1218 4110 1523 4185 Campania:
1551 4123 1877 4182 secesserat,
1911 4125 1968 4170 ut
2005 4116 2077 4173 ibi

485 4217 609 4260 cum
635 4203 889 4260 Therasia
931 4204 1158 4276 conjuge
1185 4219 1280 4261 sua
1300 4246 1315 4271 ,
1346 4204 1525 4260 verius
1552 4218 1738 4260 sorore
1779 4220 1841 4261 ac
1867 4205 2076 4276 pietatis

487 4310 600 4353 suae
615 4296 782 4365 socia,
810 4295 1066 4351 humilem
1113 4303 1170 4352 et
1209 4309 1499 4367 pauperem
1520 4285 1764 4352 monachi
1794 4297 1952 4352 vitam
1977 4297 2075 4354 de-

485 4398 655 4459 geret.
681 4388 909 4461 Alypius
937 4387 1031 4459 qui
1055 4385 1369 4454 Mediolani,
1406 4401 1527 4442 cum
1563 4387 1671 4442 illic
1695 4386 2072 4458 baptizaretur,

483 4476 552 4533 de
576 4478 796 4536 Paulino
820 4478 933 4550 jam
963 4486 1075 4535 tum
1097 4477 1341 4533 audierat
1360 4476 1556 4550 (Epist.
1582 4475 1674 4545 24,
1701 4494 1756 4532 n.
1777 4478 1860 4550 4),
1891 4480 2073 4550 utpri-

483 4584 632 4624 mum
656 4571 779 4626 vita:
806 4571 947 4628 illius
985 4570 1128 4643 apud
1151 4570 1339 4626 Nolam
1378 4570 1673 4626 institutum
1701 4571 1926 4642 accepit,
1950 4587 2073 4627 eum

485 4659 706 4730 alloqui,
753 4670 808 4716 et
847 4663 1045 4718 amoris
1073 4662 1242 4719 oculis
1289 4661 1486 4734 illoque
1526 4662 1714 4732 spiritu
1752 4677 1895 4718 verte
1935 4661 2072 4718 dile-

490 4749 684 4805 ctionis
702 4789 719 4816 ,
746 4751 837 4821 qui
878 4752 1074 4822 ubique
1102 4761 1160 4809 et
1182 4761 1424 4822 penetrat
1449 4761 1505 4809 et.
1545 4751 1850 4821 eﬂ'unditur,
1879 4753 2071 4808 intueri

488 4841 793 4913 properavit
819 4841 1011 4914 (Epist.
1037 4843 1133 4910 25,
1159 4860 1214 4897 η.
1239 4843 1314 4915 1).
1343 4843 1522 4914 Itaque
1563 4845 1803 4916 quamvis
1837 4843 2070 4900 nondum

486 4948 609 4987 cum
640 4932 975 5003 peculiariter
993 4941 1326 5005 agnosceret,
1356 4934 1502 4988 etab
1527 4935 1618 4989 illo
1646 4935 1930 5006 longinqua
1971 4934 2071 4990 soli

485 5031 541 5080 et
559 5024 656 5078 sali
683 5024 1076 5095 intercapedine
1105 5025 1497 5095 sejungeretur,
1529 5024 1596 5080 ad
1623 5041 1742 5081 eum
1774 5037 1949 5082 tamen
1975 5043 2072 5098 per

487 5115 755 5171 Julianum
781 5115 1022 5185 ejusdem
1061 5115 1267 5172 Paulini
1310 5115 1664 5172 domesticum
1685 5157 1702 5184 ,
1728 5115 1914 5172 Nolam
1943 5119 2071 5174 Car-

487 5209 703 5282 thagine
729 5219 1086 5267 revertentem
1101 5250 1118 5278 ,
1141 5209 1386 5266 amicitia:
1407 5207 1652 5266 ineundae
1677 5209 1846 5280 gratia
1868 5210 2070 5266 litteras

484 5302 700 5372 scripsit
729 5300 922 5373 (Epist.
943 5301 1036 5370 24,
1060 5319 1114 5358 n.
1148 5302 1225 5373 l).
1261 5302 1318 5357 ln
1346 5301 1430 5358 his
1460 5301 1812 5372 Augustinum
1842 5315 2068 5356 ornave-

481 5403 568 5450 rat
610 5392 889 5459 laudibus;
930 5403 986 5450 et
1010 5401 1069 5449 ut
1112 5393 1283 5464 qualis
1327 5409 1390 5449 ac
1441 5400 1670 5464 quantus
1696 5391 1778 5447 vir
1800 5401 1975 5460 esset,
2005 5409 2072 5448 ex

483 5487 652 5560 ipsius
679 5487 930 5558 operibus
955 5495 1238 5556 nosceret,
1270 5501 1498 5559 eumque
1535 5501 1641 5543 non
1683 5485 1936 5543 mediocri
1975 5485 2070 5542 be-

482 5579 788 5639 nevolentia
833 5588 1266 5652 prosequeretur,
1307 5579 1535 5650 primum
1574 5573 1714 5636 novo
1750 5578 1873 5635 huic
1899 5577 2070 5635 amico

482 5685 677 5727 munus
705 5672 852 5728 velut
874 5671 1209 5743 exploratum
1251 5685 1362 5728 suae
1387 5685 1513 5742 erga
1554 5685 1676 5727 eum
1700 5671 2070 5728 sollicitudinis

485 5774 876 5833 argumentum,
907 5763 1165 5837 perfectae
1189 5762 1462 5821 charitatis
1486 5763 1777 5832 vinculum,
1803 5771 1857 5820 et
1882 5763 2070 5820 certis-

486 5852 684 5918 simum
729 5858 928 5915 amoris
951 5859 1032 5916 sui
1075 5859 1296 5933 pignus,
1327 5858 1606 5936 Augustini
1644 5858 1809 5917 libros
1836 5857 2070 5929 quinque

1635 408 1791 466 vn‘a
1831 407 1888 464 s.
1931 381 2298 464 AUGUSTINI
2338 403 2663 468 EPISCOPl.
3629 416 3709 481 me

2191 521 2448 580 adversus
2473 524 2792 582 Manichaeos
2822 525 2996 593 misit;
3029 525 3167 583 inter
3196 529 3331 598 quos
3354 535 3516 584 tamen
3540 540 3636 588 erat
3660 535 3736 621 li-(

2189 615 2286 671 ber
2311 616 2377 673 de
2397 617 2534 673 Vera
2555 617 2850 690 Religione,
2878 619 2967 690 qui
2987 618 3306 677 Manichaeos
3319 621 3508 681 directe
3531 642 3621 683 non
3637 615 3739 700 οι)οῆ

2189 719 2406 780 pugnat.
2430 710 2712 767 Paulinum
2738 726 2948 783 quoque
2969 713 3189 784 rogabat
3204 713 3420 772 Eusebii
3441 717 3709 792 Chronieon,

2187 799 2257 854 ab
2280 800 2610 875 Hieronymo
2639 818 2782 860 anno
2802 803 3012 860 circiter
3050 807 3421 864 trecentesimo
3446 814 3710 882 octogesimo

2188 890 2350 948 latine
2373 893 2658 959 redditum,
2691 895 2758 951 ad
2784 911 2843 952 se
2870 897 3287 964 transmitteret,
3315 908 3369 954 et
3403 899 3468 956 ad
3502 898 3710 962 Comitenl

2185 1001 2248 1041 ac
2277 987 2566 1070 Evodium,
2604 989 2694 1060 qui
2737 989 2867 1045 illud
2895 990 3214 1060 exscripturi
3263 1001 3448 1061 erant,
3489 993 3708 1067 dirigeret.

2183 1077 2429 1134 Manebat
2469 1081 2628 1134 etiam
2653 1123 2670 1149 ,
2717 1080 2857 1137 hunc
2898 1081 3138 1138 codicem
3186 1082 3371 1139 Romae
3409 1088 3709 1155 repertumiri

2184 1169 2324 1241 apud
2353 1180 2592 1227 sanctum
2623 1172 2973 1229 Domnionem
3023 1174 3350 1248 llieronymo
3370 1176 3706 1234 amicissimum.

2183 1264 2405 1336 Alypius
2447 1265 2645 1335 pariter
2683 1266 2904 1322 Paulino
2947 1267 3061 1339 lpca
3105 1283 3224 1336 sua,
3250 1267 3352 1324 hoc
3377 1277 3498 1338 est,
3541 1286 3708 1340 quors-

2182 1370 2435 1426 sponsum
2461 1356 2526 1411 ad
2552 1371 2611 1412 se
2635 1356 2864 1429 dirigere
2904 1367 3113 1429 posset,
3160 1359 3462 1428 indicabat;
3488 1371 3538 1417 et
3558 1361 3612 1416 ad
3635 1362 3707 1421 hoc

2181 1445 2556 1520 Carthaginem
2579 1452 2663 1506 vel
2694 1451 3249 1524 Hipponem-[legium
3279 1452 3482 1508 videtur
3520 1453 3583 1508 illi
3602 1453 3706 1510 desi-

2179 1555 2390 1612 gnasse.
2427 1543 2649 1613 Tagasta
2679 1543 2939 1614 siquidem
2971 1544 3117 1600 locus
3141 1554 3262 1600 erat
3285 1545 3500 1600 nimium
3518 1544 3702 1612 dissitas,

2181 1649 2281 1689 nec
2308 1635 2437 1689 satis
2461 1634 2526 1689 ad
2548 1635 2662 1690 haec
2688 1636 2981 1692 litterarum
3011 1637 3336 1694 commercia
3361 1637 3586 1693 celebris.
3605 1638 3705 1695 Con-

2179 1733 2284 1781 stat
2312 1734 2489 1781 tamen
2520 1741 2584 1781 ex
2615 1726 2821 1782 Paulini
2849 1727 2917 1783 ad
2962 1728 3318 1800 Augustinum
3361 1714 3604 1799 prioribus
3641 1729 3702 1784 lit-

2179 1817 2307 1872 teris
2327 1859 2343 1884 ,
2387 1815 2634 1888 Alypium
2658 1817 2765 1888 jam
2792 1826 2902 1872 tum
2930 1863 2943 1884 ,
2968 1835 3089 1874 cum
3120 1836 3200 1874 eae
3225 1819 3586 1888 scriberentur,
3605 1819 3703 1875 illius

2178 1908 2324 1964 urbis
2359 1909 2522 1964 fuisse
2558 1910 2886 1981 episcopum.
2933 1912 3219 1982 Adjeccrat
3247 1911 3493 1984 Alypius,
3525 1926 3700 1968 secom-

2177 1999 2407 2071 plurium
2470 2010 2777 2056 sanctorum
2842 2002 3089 2072 precibus
3151 2019 3278 2059 eum
3342 1994 3700 2059 commendasse.

2177 2091 2372 2164 Hymni
2417 2108 2630 2165 quoque
2670 2095 3005 2162 meminerat,
3037 2111 3196 2166 quem
3225 2087 3258 2151 a
3296 2095 3509 2151 Paulino
3551 2095 3703 2166 legerat

2176 2185 2559 2256 conscriptum.
2607 2187 2860 2242 Paulinus
2896 2188 3119 2243 multum
3166 2204 3228 2245 se
3256 2189 3450 2244 sanctis
3493 2186 3699 2258 episcopis

2176 2275 2394 2331 Aurelio
2411 2276 2666 2348 etAlypio
2688 2276 2884 2334 debere
2911 2279 3211 2350 proﬁtetur,
3234 2279 3377 2351 quod
3401 2295 3569 2336 eorum
3585 2277 3703 2334 bene-

2179 2364 2301 2422 ﬁcio
2317 2367 2673 2438 Augustinum
2687 2383 2750 2424 ex
2768 2369 2934 2440 ipsius
2959 2382 3144 2427 contra
3172 2371 3486 2429 Manichasos
3510 2369 3701 2426 lucubra-

2179 2458 2410 2516 tionibus
2428 2461 2756 2530 cognoverit.
2780 2461 3039 2529 Quocirca
3064 2464 3322 2522 Aurelius
3337 2461 3704 2535 Carthaginensis

2177 2550 2365 2607 eodem
2397 2561 2636 2621 tempore
2655 2567 2761 2623 quo
2781 2552 3002 2626 Alypius
3020 2554 3087 2610 ad
3110 2554 3392 2610 Paulinum
3409 2555 3594 2611 videtur
3608 2552 3703 2608 scri-

2177 2642 2348 2712 psisse
2374 2641 2578 2698 litteras
2613 2661 2626 2696 :
2657 2643 2722 2698 ad
2765 2658 2899 2715 quas
2924 2643 3054 2700 illud
3081 2645 3426 2716 probabiliter
3451 2642 3614 2701 referri
3631 2657 3701 2713 po—
3805 2641 3810 2716 ᾗ

2177 2740 2318 2799 test,
2351 2734 2491 2804 quod
2520 2734 2775 2790 Paulinus
2819 2735 2886 2790 ad
2924 2735 3182 2792 Severum
3224 2735 3500 2808 Sulpitium
3539 2733 3701 2803 scripsit

2177 2824 2392 2881 circiter
2415 2841 2612 2881 annum
2642 2826 3076 2883 trecentesimum
3105 2828 3504 2899 nonagesimum
3522 2831 3701 2887 sextum,

2177 2918 2480 2988 complures
2503 2919 2704 2974 amicos
2729 2918 2814 2974 vel
2859 2919 2915 2974 in
2944 2920 3140 2991 ignotis
3168 2921 3468 2992 regionibus
3494 2917 3582 2973 sibi
3602 2913 3702 2970 diri-

2178 3009 2322 3065 nitus
2343 3009 2498 3066 datos
2516 3053 2530 3078 ,
2559 3027 2786 3082 quorum
2819 3012 3244 3068 benevolentiam
3269 3013 3387 3070 loco
3410 3010 3592 3084 patriae,
3612 3021 3703 3062 coii-
3807 3011 3812 3052 ἐ

2176 3101 2609 3171 sanguineorum,
2640 3112 2694 3159 et
2730 3105 3035 3174 patrimonii
3079 3105 3162 3160 sui
3183 3104 3406 3162 haberet
3429 3099 3585 3178 (Apud
3601 3096 3704 3153 Pau-

2182 3190 2363 3258 linum,
2392 3191 2557 3264 Epist.
2590 3195 2711 3249 olim
2739 3195 2794 3263 5,
2819 3213 2952 3250 nunc
2979 3196 3067 3263 ll,
3100 3213 3153 3251 η.
3187 3198 3267 3270 4).

2250 3283 2305 3336 2.
2348 3283 2416 3338 Et
2441 3299 2569 3340 sane
2597 3286 2828 3356 acceptis
2849 3287 3027 3359 Alypii
3050 3287 3268 3356 litteris,
3301 3298 3610 3356 summopere
3631 3278 3702 3336 sibi

2180 3375 2477 3446 gratulatus
2503 3385 2585 3431 est
2631 3377 2901 3443 Paulinus,
2930 3379 3398 3452 amplissimasque
3422 3378 3525 3434 Deo
3556 3371 3705 3446 gratias

2181 3467 2290 3538 egit
2313 3511 2328 3536 ,
2353 3468 2445 3538 qui
2474 3485 2588 3536 eos,
2615 3471 2706 3541 qui
2726 3487 2784 3526 se
2810 3471 2877 3527 de
2896 3470 3030 3528 facie
3050 3488 3156 3528 non
3187 3481 3423 3542 nossent,
3445 3479 3496 3528 et
3515 3463 3705 3524 tantolo-

2179 3573 2365 3614 corum
2401 3559 2679 3616 intervallo
2724 3561 3176 3634 disjungerentur,
3218 3577 3326 3621 tam
3352 3572 3492 3620 arcto
3513 3554 3705 3615 amicitia:

2178 3651 2392 3705 vinculo
2439 3652 2730 3723 colligaret.
2764 3653 2868 3709 Sed
2909 3654 2959 3708 in
2989 3655 3172 3725 primis
3201 3654 3471 3728 Augustini
3505 3648 3630 3707 libris
3655 3642 3704 3696 ab

2180 3742 2371 3814 Alypio
2400 3743 2500 3798 sibi
2524 3744 2665 3800 dono
2685 3745 2860 3802 missis
2881 3746 3090 3803 laetatus
3118 3758 3221 3804 est.
3245 3749 3357 3805 Hoc
3385 3747 3543 3818 ipsum
3571 3739 3628 3795 illi
3644 3750 3707 3791 reo

2182 3833 2424 3890 scribens
2466 3843 2720 3904 testatur,
2760 3837 3021 3908 simulque
3045 3840 3272 3909 asserit,
3314 3855 3374 3895 se
3415 3833 3566 3892 sancti
3590 3827 3706 3897 hui"5

2180 3935 2236 3981 et
2261 3927 2480 3996 perfecti
2518 3928 2614 3983 viri
2643 3930 2804 3985 verba
2851 3939 3130 4002 tantopere
3177 3932 3462 3996 demirari,
3492 3936 3542 3982 ut
3570 3921 3706 3980 credal

2181 4016 2376 4072 dictata
2408 4017 2570 4074 fuisse
2598 4019 2850 4075 divinitus
2873 4020 3047 4093 (Apud
3081 4021 3436 4094 Augustinum,
3464 4016 3609 4089 Epist.
3635 4007 3704 4072 Ἠ,

2182 4125 2233 4162 n.
2260 4109 2341 4180 2).
2371 4109 2563 4180 Alypio
2592 4110 2921 4181 reSpoudere
2951 4112 3211 4184 tantisper
3237 4111 3455 4178 distulit,
3482 4103 3602 4178 quod
3625 4099 3706 4154 Ευ-

2183 4199 2315 4255 sebii
2342 4198 2642 4256 Clironicon
2664 4201 2730 4256 ab
2757 4216 2823 4257 eo
2846 4203 3170 4273 postulatum
3199 4219 3362 4276 penes
3388 4217 3444 4256 se
3466 4213 3559 4254 non
3579 4189 3702 4247 liabe'

2190 4302 2291 4347 ret.
2324 4292 2657 4364 Quapropter
2686 4293 2815 4350 illud
2841 4309 2872 4349 a
2903 4281 3090 4352 sancto
3119 4297 3412 4352 Domuione
3434 4292 3595 4348 Romae
3615 4295 3702 4338 mll-

2182 4385 2316 4439 tuari
2345 4394 2560 4440 coactus
2585 4391 2696 4451 est,
2742 4387 2832 4458 qui
2861 4387 3099 4444 codicem
3143 4404 3210 4445 eo
3252 4385 3492 4443 libentius
3516 4385 3703 4437 commo-

2177 4474 2319 4530 davit
2345 4517 2358 4542 ,
2398 4475 2540 4547 quod
2576 4476 2771 4548 Alypio
2808 4479 2970 4535 sciret
3013 4495 3134 4536 esse
3187 4477 3538 4536 deferendum.
3583 4466 3699 4523 Hunc

2179 4565 2360 4636 itaque
2387 4567 2453 4621 ad
2475 4568 2749 4624 Aurelium
2788 4568 3259 4641 Carthaginensem
3298 4566 3482 4625 direxit
3506 4575 3593 4618 una
3608 4565 3701 4651 cuni

2180 4657 2402 4727 epistola
2435 4657 2629 4731 Alypio
2670 4660 2921 4732 inscripta
2943 4702 2958 4726 ,
2991 4671 3050 4716 ut
3090 4653 3636 4733 Hipponem-Regium,
3668 4655 3703 4695 ει

2178 4748 2352 4804 forsan
2381 4749 2488 4805 illic
2514 4749 2763 4823 degeret,
2786 4750 3024 4809 codicem
3051 4761 3106 4810 et
3124 4753 3330 4809 litteras
3347 4749 3411 4806 ad
3432 4760 3542 4804 eum
3565 4750 3701 4796 trans-

2176 4842 2432 4899 mitteret.
2469 4842 2639 4900 Simul
2665 4845 2925 4902 Comitem
2965 4855 3020 4902 et
3043 4845 3308 4902 Evodium
3331 4839 3548 4915 rogavit,
3567 4831 3700 4887 Chro-

2175 4937 2332 4992 nicon
2367 4937 2498 4992 illud
2525 4938 2717 5010 Alypio
2733 4939 3167 5008 transcriberent,
3185 4955 3255 4996 ne
3267 4931 3529 4994 Domuioui
3546 4920 3702 4982 diutius

2174 5026 2339 5083 codex
2370 5043 2498 5083 suus
2544 5028 2773 5085 deforct.
2805 5029 3000 5086 Verum
3037 5029 3107 5085 ab
3155 5030 3344 5103 Alypio
3385 5019 3592 5082 vicissim
3631 5023 3701 5103 ροο

2174 5121 2339 5176 stulat
2380 5131 2458 5191 ut,
2507 5137 2604 5192 pro
2644 5123 2745 5178 hac
2788 5123 3005 5179 historia
3033 5102 3328 5195 temporum
3352 5161 3367 5188 ,
3397 5102 3701 5199 omnem

2175 5227 2286 5268 sum.
2316 5213 2594 5269 historiam
2613 5215 2918 5287 seriemque
2943 5215 3045 5271 sibi
3068 5215 3356 5279 rescribat,
3377 5221 3476 5282 quo
3494 5204 3542 5258 in
3555 5196 3699 5287 Primis

2175 5306 2370 5360 certior
2399 5305 2509 5372 ﬁat,
2541 5314 2788 5362 utrumne
2815 5280 3169 5377 Eaptismum,
3196 5322 3263 5362 an
3308 5280 3700 5387 sacerdotiuﬂlnfl.e

2174 5396 2419 5452 manibus
2448 5397 2712 5453 Ambrosii
2756 5373 3074 5470 susceperit,
3104 5373 3226 5455 eum
3257 5406 3310 5455 ut
3336 5386 3582 5451 ardentius
3601 5373 3698 5432 dili-

2173 5499 2265 5560 gat
2292 5491 2361 5546 ob
2405 5491 2756 5546 arctissimam
2803 5489 3285 5559 necessitudinem,
3332 5499 3445 5559 qua:
3481 5473 3568 5534 sibi
3601 5474 3696 5560 cum

2175 5555 2361 5636 saneto
2388 5581 2481 5637 illo
2513 5582 2756 5652 praesule,
2778 5581 2953 5636 adhuc
2979 5581 3032 5637 in
3056 5583 3193 5639 vivis
3216 5555 3415 5652 agenle,
3446 5555 3694 5652 intercedtf'

2174 5681 2273 5729 ret.
2302 5672 2473 5744 Rogat
2499 5651 2717 5743 pariter,
2749 5673 2954 5728 litteras
2978 5687 3112 5744 quas
3140 5672 3206 5728 ad
3235 5651 3460 5726 sanctum
3488 5651 3694 5722 Αυευδίν

2175 5781 2302 5821 num
2330 5765 2568 5820 scribere
2582 5777 2743 5818 ausus
2762 5763 2851 5832 sit,
2877 5763 2954 5818 illi
2975 5778 3071 5819 sua
3092 5754 3528 5818 commendatione
3542 5745 3694 5809 δίδη·

2173 5857 2246 5914 tia
2277 5856 2431 5914 iaciat
2448 5863 2713 5928 acceptas.
2735 5855 2808 5916 Se
2821 5870 3015 5930 nempe
3039 5854 3382 5916 admiratione
3407 5834 3686 5921 ρεηιιιθυων
