3868 6400
181 335 261 394 ,οι
575 308 603 331 ··
953 357 956 363 λ
1013 343 1028 350 ι-
1456 319 1647 380 manu

1755 315 1997 382 iRTlUS.

177 451 234 508 ob
256 461 309 504 ea
346 457 449 518 qum
484 442 530 498 in
568 438 702 496 illius
726 436 882 495 sancti
923 435 1158 493 Doctoris
1187 435 1435 508 cperibus
1457 436 1652 508 depre-

179 538 400 597 bendebat
419 535 588 590 divinae
613 531 870 601 sapientiae
892 529 1141 584 miracula
1160 571 1176 598 ,
1207 529 1324 598 ejus
1346 543 1529 585 amore
1556 545 1654 600 pe-

183 634 289 689 ritus
312 626 612 688 inflammari;
650 639 744 679 nec
783 621 1021 677 dubitare
1063 637 1122 676 se
1160 622 1285 693 quin
1323 623 1546 694 Alypius
1590 638 1655 680 ea

178 721 399 783 eheritste,
434 733 524 787 qua
553 715 683 770 illius
711 714 942 770 notitiam
985 712 1088 770 sibi
1123 713 1388 782 dedisset,
1414 715 1654 786 ejusdem

182 810 446 885 quoquejam
479 807 748 862 amicitiam
792 807 889 863 sibi
930 807 1282 862 conciliasset.
1323 806 1503 878 Itaque
1531 823 1652 864 eum

186 905 420 973 amorejam
441 913 539 957 tum
558 900 858 970 complexus
885 909 984 964 est,
1013 908 1072 954 ut
1099 914 1205 954 non
1230 914 1420 954 novam
1440 915 1560 954 cum
1587 914 1654 956 eo

187 997 399 1052 amicitiam
418 993 554 1057 inire,
577 990 670 1046 sed
694 999 926 1046 veterem
966 1005 1222 1046 renovare
1246 989 1534 1047 videretur.
1564 991 1654 1048 Sic

189 1089 389 1160 Spiritus,
422 1085 495 1155 qui
535 1099 626 1139 eos
682 1082 982 1150 adunabat,
1026 1083 1367 1153 ejusdemque
1413 1084 1653 1172 corporis

189 1182 367 1237 embn
383 1177 624 1243 efficiebat,
655 1175 930 1230 Paulinum
960 1175 1193 1240 induxit,
1221 1184 1278 1230 ut
1302 1175 1368 1230 ad
1389 1191 1509 1232 eum
1540 1177 1652 1247 epi-

179 1272 324 1328 stolam
339 1267 646 1324 conscriberet
665 1263 849 1337 (Ibid.,
873 1264 1178 1337 Epist.'25),
1207 1266 1260 1320 in
1285 1282 1386 1336 qua
1414 1265 1650 1337 ejusdem

174 1377 422 1432 opemque
442 1362 540 1431 ipse
578 1359 811 1430 legerat,
835 1359 982 1414 miris
1020 1359 1262 1414 laudibus
1282 1359 1450 1415 effert.
1481 1359 1653 1431 Rogat

166 1456 320 1522 siquos
343 1452 454 1506 alios
473 1450 731 1520 scripserit
756 1449 941 1514 libros,
969 1449 1036 1504 ad
1081 1465 1141 1505 se
1187 1454 1527 1507 transmittat.
1570 1450 1649 1506 Ad

161 1559 253 1599 eum
276 1542 472 1599 vicissim
510 1557 712 1612 panem,
743 1549 802 1595 ut
825 1540 927 1610 ipsi
973 1556 1088 1596 mos
1116 1548 1249 1608 erat,
1276 1542 1417 1597 dono
1452 1542 1647 1610 mittit,

157 1638 350 1693 amicitiae
373 1645 423 1693 et
451 1635 669 1705 ejusdem
708 1634 1097 1690 communionis
1133 1634 1453 1706 symbolum.
1477 1635 1649 1692 Simul

154 1728 205 1784 ad
243 1728 472 1784 Aurelium
509 1725 971 1797 Carthaginensem
1017 1726 1216 1781 litteras
1260 1725 1405 1782 dedit
1445 1743 1458 1778 ε
1516 1741 1650 1797 quas

151 1834 302 1875 omnes
326 1835 410 1890 per
433 1833 577 1873 unum
601 1833 632 1873 e
657 1817 964 1873 domesticis
1006 1817 1118 1872 suis
1156 1816 1331 1883 misit,
1373 1831 1530 1887 quem
1579 1815 1650 1872 ad

150 1911 443 1982 Augustinum
463 1910 686 1980 aliosque
726 1909 818 1964 Dei
848 1909 1049 1964 amicos
1078 1908 1252 1963 verbis
1274 1909 1383 1963 suis
1408 1908 1645 1964 salutan-

151 2006 232 2062 dos
250 2005 492 2060 direxerat.
518 2003 608 2058 lllo
630 2013 808 2059 autem
839 2003 891 2058 in
932 2003 1110 2058 reditu
1148 2012 1388 2058 morante
1410 2043 1424 2067 ,
1472 2001 1650 2058 denuo

151 2094 394 2165 scripsitad
407 2095 719 2166 Augustinum
747 2092 800 2164 (1
804 2093 930 2159 bid,
954 2092 1120 2163 Epist.
1139 2093 1253 2164 '50),
1273 2093 1356 2147 cui
1371 2107 1430 2149 se
1445 2093 1649 2163 priores

150 2184 322 2240 litteras
338 2195 444 2240 ante
467 2185 678 2240 hiemem
705 2185 910 2240 misisse
934 2191 1174 2239 testatur.
1193 2183 1449 2238 Videntur
1474 2184 1648 2254 itaque

144 2275 418 2344 posteriores
438 2275 536 2330 ista:
555 2276 768 2340 litterae,
787 2291 905 2345 quae
931 2274 1122 2330 eodem
1151 2289 1312 2343 anno,
1339 2290 1445 2346 quo
1470 2275 1651 2345 Augu-

142 2364 280 2420 stinus
297 2374 480 2421 creatus
501 2375 580 2422 est
602 2367 900 2438 episcopus,
932 2374 1160 2420 exarata:
1184 2373 1323 2429 sunt,
1347 2366 1488 2420 circa
1528 2381 1648 2420 ver-

147 2473 246 2512 num
274 2468 455 2529 tempus
494 2459 650 2515 fuisse
695 2459 1042 2529 conscriptae,
1087 2459 1293 2528 priores
1343 2467 1518 2512 autem
1548 2472 1647 2512 au-

141 2549 318 2604 tnnmali
341 2558 654 2620 tempestate.
677 2550 1009 2622 Quapropter
1034 2548 1148 2604 haec
1169 2548 1347 2604 omnia
1367 2548 1433 2604 ad
1449 2562 1646 2604 annum

138 2646 504 2700 trecentesimum
555 2643 952 2716 nonagesimum
998 2651 1241 2715 quartum
1295 2640 1594 2698 referimus.

190 2734 234 2788 5.
265 2735 360 2791 Sub
379 2735 510 2791 idem
531 2744 738 2806 tempus
768 2735 1033 2791 Licentius
1069 2733 1382 2789 Romaniani
1413 2732 1552 2786 filius
1578 2729 1646 2787 ab

135 2824 247 2880 urbe
263 2825 403 2882 Roma
427 2829 636 2898 scripsit
661 2827 729 2882 ad
782 2828 1131 2898 Augustinum
1149 2866 1167 2895 ,
1192 2834 1248 2882 et
1281 2824 1349 2880 ad
1377 2840 1498 2880 eum
1523 2838 1644 2879 car-

136 2933 239 2972 men
261 2919 425 2989 pariter
449 2920 741 2977 transmisit
769 2919 959 2994 (Epist.
993 2919 1084 2985 26,
1135 2935 1188 2974 n.
1221 2919 1326 2991 5):
1357 2919 1440 2974 cui
1467 2919 1647 2988 Augu-

135 3010 276 3064 stinus
293 3011 456 3067 litteris
478 3012 752 3082 aliquanto
786 3018 907 3083 post
931 3013 1208 3067 intervallo
1226 3011 1404 3066 missis
1425 3026 1647 3081 respon-

136 3098 211 3163 dit,
233 3116 333 3156 cum
372 3103 478 3174 ipse
515 3104 850 3158 occasionem
887 3102 953 3157 ad
994 3117 1114 3158 eum
1156 3101 1420 3157 scribendi
1461 3102 1548 3157 vix
1586 3116 1646 3158 se

134 3193 344 3261 reperisse
365 3202 602 3250 testetur.
632 3192 690 3249 In
719 3193 817 3248 hac
856 3193 1082 3264 epistola
1101 3234 1118 3260 ,
1147 3193 1352 3247 Paulini
1394 3199 1644 3262 tauquam

135 3281 209 3336 sibi
223 3283 282 3338 ob
299 3287 499 3340 virtutis
525 3284 721 3339 famam
746 3287 1004 3340 notissimi
1021 3285 1256 3340 meminit
1277 3283 1460 3357 (Ibid.,
1483 3301 1537 3338 η.
1565 3283 1642 3354 5).

133 3371 422 3437 Quamobrem
450 3377 733 3447 scripsisse
766 3377 907 3431 illam
939 3375 1162 3441 videtur,
1191 3391 1311 3431 cum
1349 3376 1457 3446 jam
1489 3391 1643 3431 acce-

131 3465 261 3533 pisset
281 3467 467 3524 Paulini
488 3470 716 3535 litteras,
745 3483 971 3540 eumque
1011 3469 1232 3524 vidisset
1265 3485 1420 3539 quem
1459 3469 1550 3524 ille
1577 3468 1645 3524 ad

131 3560 412 3631 Augustinum
440 3563 777 3620 salutandum
797 3563 1177 3618 transmiserat.
1194 3561 1251 3617 In
1269 3561 1513 3618 confesso
1525 3577 1646 3618 esse

129 3641 285 3722 debet,
307 3659 564 3728 epistolam
591 3655 658 3711 ad
699 3655 992 3712 Licentium
1039 3656 1185 3726 prius
1211 3655 1459 3728 scriptam
1502 3671 1642 3724 esse,

129 3756 252 3810 quam
276 3761 376 3816 quae
417 3747 485 3802 ad
511 3748 794 3803 Paulinum
834 3762 975 3802 anno
1014 3747 1386 3801 trecentesimo
1411 3761 1645 3816 nonage-

127 3833 232 3889 simo
265 3837 426 3906 quinto
461 3854 561 3911 per
613 3837 999 3893 Romanianum
1045 3837 1205 3892 missa
1231 3845 1313 3894 est
1341 3855 1354 3890 :
1383 3835 1646 3908 siquidem

129 3921 203 3978 hoc
223 3925 368 3996 ipsum
387 3941 438 3984 et
455 3931 786 4000 Augustinus
805 3930 932 3984 satis
952 3929 1231 4000 significat,
1260 3930 1346 3984 ubi
1367 3928 1644 3984 Paulinum

128 4027 280 4082 monet,
304 4023 414 4092 quid
429 4024 543 4094 ipse
568 4023 638 4077 de
662 4021 899 4077 Licentio
919 4021 1116 4087 doleat,
1134 4020 1258 4091 quid
1285 4021 1487 4088 timeat,
1518 4018 1644 4092 quid

127 4109 292 4180 cupiat,
330 4130 388 4168 es
417 4117 534 4184 ejus
556 4113 793 4170 carmine
812 4120 866 4167 et
913 4128 978 4168 ex
1003 4112 1221 4182 epistola
1245 4127 1401 4183 quam
1428 4112 1494 4166 ad
1522 4127 1644 4167 eum

127 4199 255 4269 misit,
271 4205 416 4273 probe
443 4206 834 4261 intellecturum
863 4201 1056 4274 (Epist.
1081 4201 1173 4270 27,
1205 4221 1293 4258 nn.
1319 4205 1374 4270 4,
1405 4203 1484 4274 ϐ).

182 4291 225 4346 4.
255 4294 580 4363 Quantumvis
606 4283 932 4366 exploratam
965 4296 1242 4365 Augustini
1271 4297 1516 4350 virtutem
1546 4294 1644 4351 ha-
1693 4328 1698 4333 ο

131 4380 252 4437 beret
286 4385 551 4452 Paulinus,
599 4402 826 4457 eamque
863 4387 1035 4457 magni
1063 4385 1281 4451 faceret,
1307 4387 1540 4442 nondum
1569 4398 1647 4443 ta-

131 4486 228 4526 men
250 4487 464 4531 sanctum
510 4477 696 4532 Virum
730 4477 883 4547 plene
908 4477 1221 4548 penitusque
1244 4487 1495 4542 noverat;
1523 4492 1644 4533 cum

133 4561 274 4630 Alypii
307 4567 807 4623 commendationem
847 4567 945 4622 sibi
985 4567 1336 4622 necessariam
1381 4581 1499 4623 esse
1540 4566 1644 4622 du-

132 4660 272 4718 ceret,
296 4666 466 4714 utsuas
493 4659 826 4730 Augusﬁnus
867 4658 1068 4712 litteras
1106 4659 1324 4713 haberet
1367 4669 1640 4730 acceptas,

130 4756 268 4811 seque
290 4745 347 4803 de
365 4748 636 4820 imperitia,
665 4757 725 4804 ut
752 4749 843 4813 ait,
871 4759 1167 4804 excusaret.
1185 4748 1300 4804 Non
1328 4758 1443 4805 erat
1460 4751 1644 4821 Augu-

131 4830 220 4886 tino
243 4833 288 4890 in
311 4842 486 4896 amicos
511 4856 640 4896 suos
658 4881 676 4908 ,
705 4839 901 4896 nedum
931 4841 986 4896 in
1035 4840 1310 4895 Paulinum
1331 4883 1346 4906 ,
1373 4841 1566 4898 dubius
1591 4853 1646 4898 et

133 4937 292 4996 anceps
306 4930 511 4987 animus.
536 4933 603 4988 Et
629 4947 690 4988 re
718 4931 931 5002 quidem
951 4933 1062 5003 ipsa
1089 4932 1215 4987 nihil
1236 4934 1521 5004 excogitari
1547 4948 1645 5004 po-

138 5022 216 5070 it‘st
246 5022 318 5078 vel
353 5025 645 5091 ardentius,
675 5026 759 5081 vel
785 5027 1016 5081 tenerius
1042 5027 1232 5082 litteris
1252 5069 1267 5095 ,
1296 5043 1427 5098 quas
1453 5029 1528 5083 illi
1557 5044 1644 5085 re-

139 5107 463 5179 scripsitmibil
477 5116 618 5188 quod
645 5118 761 5188 plus
786 5118 837 5171 in
859 5116 1260 5174 admirationem
1280 5121 1469 5189 rapiat,
1487 5135 1644 5190 quam

142 5195 370 5259 ieiunans
386 5216 437 5262 et
460 5207 843 5264 inflammatum
864 5209 990 5262 illud
1018 5210 1270 5277 studium,
1300 5226 1405 5280 quo
1430 5211 1546 5280 ejus
1565 5211 1646 5266 vi-

143 5281 264 5342 άαιὶί
277 5289 474 5364 ﬂagrare
491 5312 549 5354 se
568 5297 868 5368 profitetur.
892 5297 1118 5368 Majores
1135 5299 1307 5354 adhuc
1329 5301 1376 5355 ei
1401 5300 1646 5370 rependit

143 5372 302 5449 hides,
318 5401 455 5456 quam
483 5390 549 5444 ab
573 5405 640 5445 eo
666 5399 962 5460 receperat.
989 5389 1099 5446 Nec
1113 5399 1288 5446 tamen
1307 5390 1484 5446 dicere
1500 5392 1640 5457 licet,

144 5479 358 5530 male:
376 5483 726 5537 assentatione
749 5493 841 5536 aut
863 5498 930 5536 ex
953 5481 1248 5548 mendacio,
1268 5483 1360 5537 sed
1378 5499 1443 5537 ex
1466 5497 1647 5537 amore

147 5570 232 5612 ιιοι
263 5565 407 5624 minus
428 5571 580 5641 igneo
606 5588 765 5642 quam
795 5572 984 5644 lynceo
1025 5571 1188 5628 fuisse
1240 5573 1520 5662 profectas.
1544 5571 1644 5626 Le-

144 5661 286 5713 sum
303 5659 480 5729 fratres,
506 5663 700 5733 inquit,
728 5672 774 5716 et
801 5663 1018 5733 gaudent
1042 5665 1419 5736 infatigabiliter
1446 5659 1645 5734 ct'inef-

147 5736 340 5816 im,
372 5757 464 5804 tum
498 5754 726 5807 uberibus
755 5763 804 5808 et
844 5765 946 5807 tam
974 5756 1327 5812 excellentibus
1365 5755 1510 5811 donis
1533 5753 1641 5821 Dei,

471 5843 692 5910 Sanc'r.
725 5848 1004 5913 Ausus'r.
1051 5851 1100 5913 Ι.

3239 338 3349 403 202

1764 438 1907 494 bonis
1923 442 2039 499 tuis.
2062 443 2314 519 Quotquot
2334 464 2419 506 eas
2433 453 2674 527 legerunt,
2694 459 2918 533 rapiunt,
2941 466 3056 536 quia
3072 471 3342 538 rapiuntur
3387 461 3437 520 Ὃ

1764 545 1880 582 cum
1917 530 2104 604 legunt.
2139 536 2303 603 Quam
2318 546 2486 599 suavis
2507 547 2632 602 odor
2671 530 2874 620 Christi,
2898 530 3115 627 aliquam
3135 530 3341 631 'lragrat

1763 622 1985 713 escis,
2030 624 2131 681 dici
2170 645 2272 685 ηοη
2321 637 2695 709 potest(lbid.,
2722 644 2890 713 n.2).
2918 622 3342 709 Habent'ad'mio

1763 710 2022 768 rationem
2059 717 2265 788 singula
2307 725 2545 793 epistola:
2575 732 2751 786 verba.
2782 710 2945 790 ln'his
2975 739 3163 796 litteris
3191 744 3338 800 salu-

1764 807 1870 904 tem
1899 802 2028 904 dicit
2055 806 2352 881 Therasiae,
2386 832 2543 887 quam
2572 821 2640 877 de
2665 839 2812 880 more
2849 825 3098 886 Paulinus
3135 833 3187 886 in
3217 835 3338 904 epi-

1762 891 1910 948 stolae
1937 895 2279 969 inscriptione
2301 919 2483 962 secum
2512 913 2881 981 conjunxerat.
2929 920 3011 976 Ad
3052 937 3174 978 eum
3200 891 3337 981 scri-

1761 983 1867 1052 psit
1911 1001 2007 1054 per
2057 989 2440 1053 Romanianum
2488 1001 2954 1065 familiarissimum
3001 1029 3188 1082 suum,
3241 1019 3333 1089 qui

1764 1081 1938 1167 tamen
1963 1079 2030 1134 ad
2057 1096 2196 1151 eam,
2222 1102 2380 1158 quam
2409 1091 2509 1162 ipsi
2537 1099 2846 1167 peroptabat
2867 1142 2882 1167 ,
2910 1107 3103 1160 mentis
3129 1079 3334 1164 cons-ti-

1764 1165 2022 1224 tutionem
2069 1175 2294 1232 necdum
2340 1165 2685 1250 pervenerat.“
2717 1165 3050 1264 Quapropter
3085 1199 3336 1256 omnibus

1761 1257 2007 1360 precibus
2030 1272 2147 1318 orat
2171 1274 2226 1321 et
2251 1269 2542 1328 obtestatur
2580 1257 2858 1336 Paulinum
2879 1323 2892 1347 ,
2921 1257 2978 1338 ut
3012 1285 3087 1340 illi
3113 1288 3332 1360 ﬁlioque

1759 1343 1999 1405 Licentia
2044 1354 2202 1421 adsit,
2230 1368 2283 1413 et
2313 1364 2583 1435 utriusque
2624 1370 2848 1426 salutem
2880 1343 2976 1443 pro
3017 1378 3151 1433 virili
3179 1343 3332 1450 pajrte

1760 1450 2085 1504 promoveat.
2120 1446 2203 1502 Ab
2237 1447 2331 1504 illo
2372 1461 2546 1510 tamen
2594 1462 2855 1529 postulat,
2895 1481 2963 1520 ne
2990 1467 3112 1524 huic
3158 1446 3333 1527 amico

1758 1529 1965 1630 credat,
1990 1548 2108 1604 quae
2132 1537 2199 1592 de
2219 1539 2336 1610 ipso
2355 1544 2576 1603 fortasse
2599 1549 2816 1608 laudans
2845 1557 3058 1613 amandi
3096 1574 3332 1630 propen-

1758 1619 1908 1676 sione
1932 1622 2143 1681 dixerit.
2168 1629 2299 1685 Cum
2327 1633 2686 1695 Romanianus
2723 1659 2908 1701 omnes
2949 1650 3224 1719 Augustini
3252 1654 3334 1709 lu-

1756 1712 2093 1774 cubrationes
2108 1734 2288 1778 secum
2311 1725 2563 1797 deferret,
2595 1749 2714 1788 eum
2740 1737 2959 1795 Paulino
2979 1744 3187 1812 cupiam
3207 1744 3333 1802 illa-

1756 1815 1874 1896 rum
1903 1803 2160 1864 facturum
2206 1815 2505 1882 pollicetur.
2537 1821 2639 1878 Sed
2670 1835 2814 1896 orat,
2872 1839 2928 1884 ut
2966 1803 3063 1888 eas
3084 1846 3333 1895 accurate

1755 1895 2027 1995 perlegat,
2065 1917 2171 1971 quo
2190 1903 2360 1973 ipsum
2387 1909 2454 1965 de
2481 1916 2700 1983 erratis,
2728 1934 2846 1987 qum
2890 1921 3329 1995 deprehenderit,

1753 1983 2038 2082 admoneat
2069 2008 2081 2044 :
2109 2008 2265 2062 quam
2312 1999 2366 2053 in
2409 2015 2520 2056 rem
2551 2003 2709 2062 habet
2745 1983 2906 2081 iunge
2953 1983 3329 2082 pulcherrima:

1754 2075 1940 2133 Eidem
1967 2085 2233 2178 _spondet,
2260 2103 2319 2144 se
2357 2090 2498 2178 beati
2537 2099 2767 2171 episcopi
2797 2075 2972 2174 Aiypii
3014 2106 3287 2164 historiam
3310 2152 3329 2178 ,

1753 2182 1912 2236 quam
1934 2170 2001 2225 ab
2029 2173 2144 2243 ipso
2163 2177 2350 2248 Alypio
2379 2177 2633 2242 Paulinus
2657 2170 3058 2263 expoposcerat,
3085 2170 3329 2256 conseri;

1755 2267 1987 2328 pturum.
2011 2266 2254 2336 Alypium
2280 2271 2541 2344 siquidem
2577 2293 2671 2333 sua
2695 2297 2818 2351 erga
2847 2285 3123 2343 Paulinum
3152 2291 3325 2348 bene—

1753 2351 1983 2409 volentia
2012 2357 2077 2410 ad
2113 2358 2164 2413 id
2192 2365 2551 2431 praestandum
2592 2372 2972 2442 compellebat;
3019 2379 3113 2434 sed
3161 2383 3329 2440 animi

1754 2443 1835 2497 sui
1865 2446 2120 2503 modestia
2143 2454 2422 2510 retinebat.
2449 2456 2584 2512 Cum
2611 2461 2768 2530 igitur
2791 2479 2915 2520 eum
2951 2473 3333 2530 verecundiam

1755 2536 1893 2592 inter
1919 2550 1973 2594 et
1991 2543 2276 2600 amicitiam
2304 2550 2625 2619 Augustinus
2650 2553 2990 2616 fluctuantem
3017 2563 3249 2634 videret,
3275 2566 3334 2623 id

1753 2631 1932 2683 oneris
1948 2632 2014 2685 ab
2041 2633 2128 2687 illo
2153 2635 2203 2688 in
2246 2637 2498 2696 humeros
2525 2659 2649 2699 suos
2676 2651 2980 2718 transtulit,
3011 2667 3133 2709 cum
3168 2631 3334 2712 officii

1751 2721 1920 2788 gratia
1943 2720 2208 2794 (namque
2233 2727 2286 2782 id
2313 2730 2536 2801 Alypius
2561 2751 2654 2802 per
2681 2737 2882 2794 litteras
2919 2743 2986 2797 ab
3022 2760 3088 2800 eo
3125 2745 3331 2816 flagita-

1754 2812 1946 2882 verat),
1978 2822 2088 2869 tum
2116 2819 2380 2888 prmcipue
2403 2831 2460 2876 ut
2487 2823 2623 2878 dona
2653 2826 2906 2884 divinitus
2925 2831 2978 2885 in
2999 2848 3120 2888 eum
3139 2812 3332 2892 coilata

1753 2900 1925 2958 fusius
1973 2915 2027 2960 et
2068 2907 2279 2964 uberius
2319 2911 2437 2981 ipso
2475 2915 2664 2986 Alypio
2691 2931 3012 2987 exponeret,
3044 2926 3133 2993 qui
3162 2928 3332 2984 multa

1751 2993 2115 3062 proculdubio
2139 3006 2193 3052 et
2234 3014 2332 3070 pro
2358 3002 2520 3056 animi
2566 3005 2822 3062 modestia
2873 3011 3136 3078 siluisset,
3170 3024 3224 3070 et
3261 3031 3331 3072 ne

1751 3085 1870 3140 aliis
1897 3085 2001 3142 hoc
2024 3102 2160 3158 opus
2185 3089 2408 3148 fortasse
2457 3095 2696 3163 lecturis,
2724 3114 2824 3154 nec
2852 3117 2954 3171 qua
2981 3112 3158 3160 mente
3181 3106 3247 3161 de
3269 3120 3331 3162 se

1752 3177 1869 3249 ipso
1894 3179 2219 3251 loqueretur,
2248 3186 2613 3254 intellecturis,
2639 3191 3012 3251 oifendiculum
3041 3199 3330 3267 praeberet.

1752 3269 2081 3339 Augustinus
2123 3277 2363 3332 scribens
2404 3279 2472 3334 ad
2509 3281 2808 3345 Paulinum,
2836 3285 2888 3340 id
2909 3289 3087 3356 operis
3108 3290 3178 3344 illi
3205 3290 3330 3346 mit-

1750 3368 1864 3416 tere
1882 3364 2101 3432 parabat
2127 3385 2139 3420 :
2171 3368 2265 3422 sed
2292 3371 2340 3424 ei
2364 3386 2456 3440 per
2491 3373 2834 3442 improvisam
2859 3377 3172 3435 Romaniani
3194 3397 3326 3453 pro-

1749 3453 2029 3511 fectionem
2059 3459 2392 3516 solummodo
2419 3464 2563 3520 licuit
2586 3481 2745 3535 quam
2772 3469 2999 3538 primum
3027 3473 3155 3528 illud
3184 3475 3326 3531 Pau-

1751 3546 1860 3601 lino
1880 3549 2190 3605 mittendum
2219 3554 2476 3621 polliceri.
2505 3557 2753 3614 Attamen
2780 3575 2879 3616 nec
2903 3563 3041 3632 apud
3077 3565 3332 3635 Augusti-

1750 3655 1898 3704 num,
1923 3658 2020 3698 nec
2039 3645 2177 3714 apud
2194 3646 2488 3704 Possidium
2509 3649 2738 3722 legimus
2758 3653 2808 3707 id
2831 3655 2982 3710 aliter
2997 3657 3065 3712 ab
3084 3673 3150 3714 eo
3168 3659 3332 3716 fuisse

1749 3733 2062 3802 praestitum,
2089 3753 2246 3807 quam
2285 3740 2347 3794 iis
2373 3756 2492 3810 quae
2512 3743 2580 3799 de
2605 3743 2798 3815 Alypio
2835 3747 2887 3800 in
2918 3747 3329 3808 Coufessionum

1750 3839 1966 3882 suarum
2003 3828 2154 3885 libris
2175 3844 2572 3890 commemorat.
2604 3836 2871 3894 Fortassis
2900 3840 3029 3896 illud
3069 3842 3122 3897 in
3150 3844 3328 3913 aliqua

1749 3921 2028 3987 posteriori
2055 3921 2297 3992 epistola,
2329 3941 2446 3994 quas
2469 3927 2813 3995 interciderit,
2838 3929 3006 3986 fuerat
3026 3941 3328 3988 exsecutus.

1751 4007 1809 4064 ln
1838 4021 2104 4079 postrema
2133 4015 2370 4082 epistolae
2413 4025 2560 4085 parte
2585 4018 2865 4072 Paulinum
2890 4030 3041 4090 rogat
3077 4023 3330 4092 Augusti-

1750 4117 1873 4168 nus,
1901 4113 1986 4170 ut,
2019 4105 2065 4161 si
2091 4105 2190 4175 ipsi
2217 4107 2284 4161 ab
2310 4108 2685 4163 ecclesiasticis
2723 4111 3033 4167 muneribus
3072 4114 3330 4180 vacet,iu

1749 4195 1984 4250 Africam
2020 4197 2282 4267 trajiciat;
2320 4199 2527 4254 visurus
2565 4199 2677 4271 ipse
2704 4210 2957 4272 quantum
2991 4204 3059 4258 ab
3081 4205 3329 4262 omnibus

1749 4287 2000 4344 fratribus
2027 4290 2135 4345 illic
2161 4291 2270 4346 Deo
2294 4292 2646 4347 servientibus
2670 4301 2725 4348 et
2747 4302 2978 4360 ametur,
3004 4304 3060 4351 et
3095 4297 3321 4353 colatur.

1821 4380 1873 4435 5.
1915 4380 2041 4437 Haec
2065 4383 2285 4452 epistola
2304 4423 2321 4451 ,
2349 4399 2467 4454 qua:
2490 4395 2731 4440 extrema
2759 4385 2933 4440 hieme
2958 4387 3082 4440 anni
3107 4396 3323 4443 trecen-

1751 4469 1926 4526 tesimi
1969 4473 2293 4542 nonagesimi
2333 4475 2500 4543 quinti
2538 4474 2748 4530 videtur
2773 4484 3022 4543 exarata,
3064 4477 3236 4533 serius
3260 4493 3329 4535 ac

1751 4563 1912 4618 vellet
1936 4566 2276 4634 Augustinus,
2310 4565 2405 4620 fuit
2433 4566 2652 4620 Paulino
2682 4565 2883 4620 reddita
2909 4584 2921 4619 :
2947 4567 3041 4623 sed
3069 4568 3184 4624 haec
3209 4569 3329 4640 ipsa

1752 4657 1802 4713 ei
1823 4672 1969 4711 mora
1998 4657 2210 4728 profuit.
2238 4655 2369 4712 Cum
2394 4658 2534 4712 enim
2565 4657 2818 4714 Paulinus
2837 4674 2980 4726 eum,
3011 4676 3168 4731 quem
3198 4672 3329 4719 ante

1753 4747 1984 4804 hiemem
2015 4749 2066 4802 in
2095 4747 2327 4804 Africam
2373 4749 2738 4804 transmiserat
2761 4790 2777 4812 ,
2820 4750 2872 4804 in
2905 4751 3096 4808 itinere
3123 4753 3328 4810 videret

1755 4841 2034 4907 remorari,
2065 4855 2128 4896 ac
2154 4841 2220 4895 dc
2244 4840 2434 4896 litteris
2461 4841 2571 4895 suis
2597 4840 2815 4911 perlatis
2843 4841 3035 4898 dubius
3063 4842 3226 4909 foret;
3256 4845 3330 4900 of-

1754 4933 1931 4987 ficium
1960 4947 2114 4987 suum
2157 4932 2354 4989 diutius
2382 4933 2707 5003 suspendere
2747 4949 2853 4990 non
2896 4937 3098 5005 potuit,
3141 4937 3233 4994 sed
3257 4938 3334 4995 ad.

1753 5024 2106 5094 Augustinum
2132 5025 2320 5080 iterato
2345 5025 2578 5097 scripsit,
2606 5035 2664 5080 ut
2688 5042 2837 5081 suam
2864 5043 2988 5098 erga
3011 5045 3132 5086 eum
3159 5031 3330 5087 bene-

1755 5114 2060 5179 volentiam,
2089 5130 2351 5188 suumque
2375 5117 2514 5172 illius
2534 5117 2739 5172 visendi
2760 5118 2994 5176 studium
3021 5130 3322 5178 testaretur.

1754 5205 1877 5261 Non
1915 5209 2077 5262 solum
2103 5208 2366 5263 desideriis
2403 5210 2619 5274 nostris,
2653 5210 2838 5280 inquit,
2870 5227 3106 5283 magnum
3131 5219 3334 5286 confer-

1753 5309 1889 5352 retur
1908 5298 2148 5369 gaudium
2169 5315 2187 5364 ;
2213 5299 2302 5354 sed
2319 5300 2467 5353 etiam
2488 5301 2731 5354 mentibus
2751 5301 2918 5357 lumen
2941 5314 3258 5371 accresceret,
3280 5314 3331 5359 et

1755 5405 1818 5444 ex
1838 5399 1923 5444 tua
1941 5391 2087 5461 capia
2110 5390 2498 5461 locupletaretur
2516 5391 2600 5443 ino
2605 5393 2690 5460 pia
2701 5401 2872 5446 nostra
2893 5392 3068 5463 (Apud
3077 5394 3320 5463 August,

1753 5479 1920 5551 Epist.
1947 5479 2036 5546 30,
2065 5497 2118 5534 η.
2148 5481 2181 5534 5
2205 5479 2244 5551 ).
2271 5480 2494 5550 Scripsit
2517 5481 2564 5534 ei
2592 5497 2687 5550 per
2713 5482 3006 5536 Romanum
3027 5490 3080 5536 et
3096 5482 3326 5550 Agilem,

1754 5587 1890 5642 quos
1911 5572 1978 5626 ed
2005 5572 2215 5642 aliquod
2241 5571 2516 5626 charitatis
2545 5587 2677 5642 opus
2704 5573 2756 5627 in
2787 5573 3016 5627 Africam
3041 5571 3281 5626 mittebat
3310 5589 3328 5628 :

1756 5663 1810 5716 in
1835 5678 1938 5732 qua
1962 5663 2184 5732 epistola
2213 5663 2550 5718 commendat
2575 5678 2668 5718 eos
2709 5663 3002 5733 Augustino
3026 5702 3041 5726 ,
3070 5669 3329 5733 rogatque

1756 5761 1816 5810 ut
1826 5767 1920 5810 eos
1929 5757 2287 5828 revertentes(
2303 5755 2444 5825 injun
2452 5762 2597 5810 serat
2613 5763 2789 5808 autem
2809 5763 2864 5806 ut
2876 5765 3036 5820 quam
3049 5749 3332 5814 celerrime

2610 5852 2850 5932 (Sept)
