3838 6270
452 376 556 439 sor

452 509 661 569 parere,
687 491 777 563 qui
806 496 1069 554 mentem,
1098 493 1155 540 et
1179 482 1271 555 qui
1292 488 1533 538 ventrem
1560 484 1925 550 sequerentur.
1952 472 2029 528 Ita

453 566 604 643 lectis
645 583 893 647 omnibus
937 594 1116 635 sermo
1161 576 1474 632 terminatus
1516 580 1617 627 est.
1660 566 2030 625 Pomeridiano

451 686 628 733 autem
666 675 754 731 die
780 674 951 743 major
975 685 1135 739 quam
1176 676 1300 723 ante
1334 663 1610 722 meridiem
1646 660 1815 716 adfuit
1847 657 2029 714 multi-

452 769 603 833 tudo,
643 768 830 837 eisque
871 763 941 820 ad
985 763 1195 828 horam,
1239 773 1341 831 qua
1385 756 1666 829 presbyter
1709 750 2031 823 Augustinus

451 873 573 914 cum
618 858 870 927 episcopo
912 852 1274 923 egrederetur,
1318 848 1592 919 legebatur
1628 844 1933 899 alternatim
1976 848 2031 896 et

450 949 811 1020 psallebatur:
852 946 1087 1016 ipsisque
1124 940 1354 1013 egressis
1381 938 1488 994 duo
1515 935 1704 1008 psalmi
1734 934 1855 990 lecti
1884 938 2028 987 sunt.

454 1037 656 1095 Deinde
690 1035 1039 1106 Augustinum
1082 1033 1333 1096 invitum,
1359 1031 1449 1100 qui
1473 1028 1583 1098 jam
1625 1023 1869 1094 cupiebat
1905 1036 2032 1091 per-

456 1139 634 1186 actum
660 1142 779 1183 esse
804 1136 908 1181 tam
932 1124 1283 1196 periculosum
1312 1120 1474 1184 diem,
1491 1115 1748 1186 compulit
1768 1111 2028 1175 Valerius,

455 1232 515 1278 ut
541 1220 737 1292 aliquid
759 1219 897 1290 plebi
916 1218 1242 1288 loqueretur.
1261 1211 1455 1268 Habuit
1472 1210 1687 1266 brevem
1706 1218 2030 1269 sermonem,

455 1327 561 1385 quo
587 1312 784 1382 gratias
828 1317 1009 1380 ageret
1032 1307 1163 1361 Deo.
1196 1305 1263 1359 Et
1286 1302 1535 1374 quoniam
1563 1299 1617 1354 in
1656 1296 2032 1352 haereticorum

455 1404 672 1459 basilica
697 1402 938 1458 audierat
957 1400 1027 1455 ab
1050 1399 1130 1454 eis
1152 1397 1308 1453 solita
1325 1393 1567 1450 convivia
1586 1390 1883 1455 celebrata;
1909 1401 2033 1443 cum

455 1493 630 1552 adhuc
657 1509 723 1549 eo
761 1494 876 1564 ipso
916 1500 1187 1562 tempore,
1213 1502 1322 1558 quo
1347 1500 1378 1539 a
1415 1481 1704 1540 Catholicis
1744 1481 1843 1535 ista
1882 1490 2036 1549 gere-

455 1588 666 1651 bantur,
712 1585 786 1639 illi
823 1585 877 1639 in
916 1581 1123 1654 poculis
1159 1577 1507 1651 perdurarent
1544 1571 1739 1638 :dixit,
1769 1569 1875 1625 diei
1917 1566 2036 1638 pul-

456 1676 811 1732 chritudinem
831 1672 1002 1729 noctis
1020 1667 1418 1741 comparatione
1440 1661 1700 1728 decorari,
1723 1669 1778 1716 et
1796 1658 2035 1715 colorem

459 1767 742 1823 candidum
782 1764 920 1835 nigri
961 1762 1231 1817 vicinitate
1259 1772 1383 1814 esse
1421 1754 1744 1827 gratiorem;
1771 1751 1843 1806 ita
1879 1763 2034 1804 suum

457 1859 745 1931 spiritualis
789 1851 1163 1912 celebrationis
1219 1855 1534 1906 conventum
1582 1844 1757 1898 minus
1813 1840 2036 1895 fortasse

457 1928 690 2006 futurum
719 1948 881 2003 fuisse
903 1942 1217 2017 jucundum,
1252 1938 1354 1995 nisi
1385 1952 1451 1994 ex
1491 1935 1592 1990 alia
1627 1941 1776 2004 parte
1807 1928 2037 1987 carnalis

457 2038 798 2112 ingurgitatio
838 2035 1173 2093 conferretur
1213 2049 1227 2084 :
1277 2029 1624 2097 hortatusque
1670 2031 1752 2079 est
1805 2029 1863 2076 ut
1905 2019 2035 2076 tales

458 2134 642 2204 epulas
669 2134 930 2187 instanter
955 2130 1291 2197 appeterent,
1323 2120 1367 2175 si
1396 2126 1699 2190 gustassent
1723 2128 1881 2184 quam
1908 2125 2035 2166 sua-

456 2225 538 2279 vis
566 2233 648 2279 est
677 2221 950 2276 Dominus.
981 2219 1154 2286 Atque
1182 2214 1238 2267 in
1265 2211 1401 2265 hanc
1424 2206 1741 2264 sententiam
1769 2217 1868 2274 pro
1898 2210 2035 2256 tem-

457 2330 587 2386 pore
614 2328 734 2370 cum
764 2326 827 2368 ea
855 2324 973 2382 qua:
1003 2305 1259 2362 Dominus
1300 2298 1619 2371 suggerebat
1643 2296 1782 2351 dicta
1818 2299 2035 2357 essent;

459 2415 574 2461 acta
600 2414 725 2460 sunt
748 2402 1050 2473 vespertina
1067 2440 1083 2465 ,
1110 2412 1231 2467 quae
1256 2391 1495 2465 quotidie
1532 2388 1813 2443 solebant:
1843 2393 1898 2441 et
1924 2386 2037 2439 Au-

457 2497 671 2569 gustino
699 2493 981 2550 recedente
1017 2488 1172 2545 simul
1201 2501 1321 2541 cum
1359 2482 1629 2553 episcopo,
1662 2480 1873 2543 fratres,
1903 2476 2041 2531 forte

460 2586 727 2651 monachi,
755 2582 944 2640 eodem
975 2581 1095 2635 loco
1132 2577 1389 2649 hymnum
1432 2572 1711 2632 dixerunt,
1744 2582 1850 2622 non
1880 2578 2040 2650 parva

460 2675 795 2733 multitudine
815 2673 1089 2741 utriusque
1113 2644 1274 2723 sexus
1298 2664 1366 2720 ad
1392 2662 1733 2718 obscuratum
1759 2657 1900 2713 diem
1928 2644 2041 2710 ma—

459 2777 618 2824 ncnte
641 2777 798 2839 atque
828 2764 1103 2836 psallente.
1144 2759 1333 2814 Totam
1372 2755 1450 2811 rei
1489 2752 1685 2810 seriem
1714 2748 2041 2820 Augustinus

458 2837 792 2931 prompto'et
820 2853 984 2909 alacri
1013 2851 1192 2907 animo
1230 2846 1413 2902 retulit
1450 2858 1547 2914 per
1572 2841 1775 2897 litteras
1817 2838 1885 2893 ad
1912 2837 2043 2909 Aly-

459 2953 624 3022 pium,
642 2958 712 3007 ,ιιι
755 2947 843 3019 qui
882 2958 1080 3016 paucos
1116 2948 1240 2997 ante
1282 2938 1398 2994 dies
1441 2936 1681 3004 Hippone
1704 2930 1882 3022 rsimul
1919 2943 2043 2984 cum

459 3017 574 3112 ipso
610 3017 804 3110 preces
848 3035 917 3090 de
960 3030 1272 3102 accipiendo
1317 3024 1580 3083 beneﬁcio
1625 3021 1859 3088 fuderat,
1886 3017 2045 3074 simul

460 3145 670 3203 quoque
691 3129 759 3184 de
782 3133 999 3196 accepto
1022 3122 1217 3195 gratias
1247 3121 1356 3176 Deo
1386 3115 1735 3188 persolveret.

533 3224 587 3277 4.
618 3220 833 3289 Aliquot
858 3223 975 3287 post
1001 3228 1216 3270 menses
1241 3210 1308 3266 ad
1334 3209 1697 3280 episcopatum
1737 3204 2043 3275 Hipponen-

464 3327 577 3367 sem
603 3351 619 3377 ,
666 3323 772 3380 quo
818 3322 878 3362 se
929 3305 1223 3376 digniorem
1264 3302 1318 3355 in
1364 3299 1479 3355 dies
1523 3296 1790 3368 [)erch
1831 3305 2046 3353 sanctus

466 3401 772 3472 Presbyter,
794 3396 1036 3468 pervenit
1061 3412 1074 3447 :
1103 3391 1196 3447 sed
1220 3398 1500 3460 antequam
1522 3387 1677 3457 hujus
1698 3385 2046 3441 ordinationis

471 3494 588 3563 ejus
614 3500 853 3545 texamus
879 3484 1153 3540 historiam
1173 3523 1191 3548 ,
1218 3479 1476 3552 agendum
1514 3476 1669 3532 nobis
1697 3486 1779 3531 eSt
1806 3476 1872 3530 de
1897 3475 2047 3532 libris

469 3584 536 3637 ab
563 3583 677 3652 ipso
712 3580 778 3634 de
807 3577 999 3633 Libero
1027 3570 1262 3629 Arbitrio
1288 3568 1499 3639 scriptis
1527 3567 1632 3623 hoc
1672 3576 1929 3636 tempore,
1958 3565 2046 3622 vel

466 3671 742 3727 absolutis.
769 3668 977 3738 Quippe
1021 3662 1428 3727 Romanianum,
1461 3674 1582 3714 cum
1626 3658 1678 3711 in
1718 3656 1918 3711 Italiam
1946 3656 2047 3712 sub

468 3764 675 3817 initium
701 3762 825 3816 anni
852 3754 1209 3814 trecentesimi
1235 3749 1557 3822 nonagesimi
1581 3748 1751 3820 quinti
1779 3748 2047 3818 profectus

468 3865 570 3921 est,
594 3854 644 3909 id
670 3853 866 3923 operis,
894 3858 985 3904 aut
1004 3854 1151 3904 certe
1180 3853 1286 3900 tres
1317 3842 1503 3907 libros,
1525 3856 1592 3896 cx
1614 3840 1804 3911 quibus
1828 3839 2047 3896 omnino

465 3955 692 4014 constat,
722 3960 824 4000 non
859 3942 1105 3998 habuisse
1134 3946 1357 3995 testatur
1382 3935 1707 4006 Augustinus
1738 3932 1927 4007 (Epist.
1952 3934 2042 4000 51,

465 4059 521 4096 n.
548 4039 627 4111 7),
654 4037 894 4109 quamvis
916 4051 977 4091 se
1003 4041 1224 4090 cunctas
1249 4028 1643 4085 lucubrationes
1668 4040 1797 4081 suas
1825 4026 1903 4080 illi
1933 4037 2044 4082 tra-

470 4131 670 4185 didisse
697 4128 1026 4182 existimaret
1056 4124 1076 4196 (
1099 4122 1261 4192 Epist.
1291 4120 1382 4186 27,
1410 4135 1463 4173 η.
1493 4119 1527 4173 tl
1549 4117 1591 4185 ).
1637 4116 1790 4173 Unde
1816 4132 1943 4172 vero
1968 4116 2044 4172 si-

469 4219 597 4275 mile
620 4226 735 4285 est,
764 4215 868 4270 hoc
891 4228 1024 4284 opus
1050 4221 1174 4267 tunc
1197 4209 1481 4279 temporis,
1514 4208 1566 4262 id
1591 4219 1703 4273 εει,
1730 4216 1787 4261 ut
1816 4206 2045 4262 arbitra-

467 4327 612 4377 mur,
630 4309 732 4364 hoc
746 4320 887 4362 anno
904 4302 1272 4360 trecentesimo
1289 4300 1629 4369 nonagesimo
1641 4298 1824 4368 quinto
1834 4297 2046 4354 ineunte

466 4402 700 4459 nondum
731 4400 891 4454 fuisse
919 4395 1229 4467 perfectum.
1256 4391 1387 4447 Illud
1417 4399 1615 4458 tamen,
1637 4388 1844 4445 duobus
1869 4399 2045 4462 poste-

466 4495 696 4551 rioribus
740 4492 887 4547 libris
928 4486 1182 4558 adjectis,
1229 4484 1297 4540 ad
1345 4483 1505 4538 linem
1549 4482 1722 4538 adhuc
1770 4483 2045 4555 presbyter

464 4581 754 4651 perduxit(
784 4581 1052 4635 Retractat.
1085 4576 1211 4630 libro
1252 4575 1304 4639 l,
1332 4590 1444 4644 cap.
1473 4573 1527 4639 9,
1559 4590 1611 4627 n.
1657 4573 1681 4627 l
1713 4575 1769 4644 ):
1805 4573 2041 4644 priorem

470 4677 613 4732 enim
660 4673 842 4727 Romae
886 4683 1026 4724 anno
1068 4666 1441 4722 trecentesimo
1486 4665 1811 4735 octogesimo
1854 4672 2044 4719 octavo

440 4768 576 4837 ’jam
607 4762 910 4833 scripserat.
939 4758 1050 4813 Hoc
1074 4767 1228 4827 pacto
1256 4756 1369 4810 ﬁeri
1394 4756 1582 4825 potuit,
1613 4763 1669 4809 ut
1697 4755 1834 4809 hunc
1861 4768 2042 4809 secum

472 4854 833 4910 llomanianus
877 4848 1126 4904 deferret.
1159 4846 1266 4901 llos
1304 4845 1465 4900 libros
1509 4845 1834 4915 dialogorum
1874 4844 2044 4899 instar

469 4946 788 5017 composuit,
814 4944 867 4998 in
896 4941 1085 5013 quibus
1110 4953 1410 4995 sermonem
1435 4938 1640 4993 confert
1665 4954 1787 4993 cum
1816 4937 2038 4994 Evodio.

470 5040 634 5097 Μυιυί
678 5035 941 5093 sermonis
979 5040 1341 5103 argumentum
1378 5038 1460 5085 cst
1499 5029 1763 5100 indagatio
1800 5030 2039 5101 originis,

474 5133 614 5188 unde
651 5129 847 5185 malum
877 5124 1258 5198 proﬁciscatur.
1288 5121 1415 5176 Cum
1455 5121 1622 5175 adhuc
1656 5120 1834 5176 Roma:
1866 5122 2042 5177 dento-

466 5242 714 5292 raremur,
742 5221 987 5278 voluimus
1013 5214 1317 5289 disputando
1344 5229 1565 5284 quaerere
1586 5212 1719 5266 unde
1741 5214 1805 5266 sit
1830 5213 2038 5267 malum.

473 5318 540 5373 Et
565 5333 623 5372 eo
649 5314 796 5370 modo
824 5309 1187 5382 disputavimus
1205 5347 1221 5373 ,
1250 5306 1324 5359 ait
1352 5302 1694 5373 Augustinus,
1722 5310 1777 5355 ut
1803 5304 1846 5355 si
1874 5319 2044 5373 posse-

470 5426 603 5473 mus,
630 5407 683 5462 id
710 5403 844 5477 quod
869 5403 931 5457 de
956 5402 1049 5455 Itac
1074 5415 1128 5454 re
1152 5398 1335 5452 divinis
1358 5394 1642 5448 auctoritati
1665 5392 1847 5447 subditi
1870 5393 2042 5448 crede-

469 5504 667 5567 bamus,
692 5499 843 5554 etiam
867 5494 935 5549 ad
954 5490 1336 5563 intelligentiam
1359 5496 1602 5551 nostram,
1624 5493 1862 5555 quantum
1883 5486 2040 5542 disse-

466 5592 625 5648 renda
650 5589 927 5660 opitulante
959 5582 1063 5635 Deo
1088 5594 1235 5650 agere
1261 5591 1514 5647 possemus
1533 5615 1549 5639 ,
1571 5575 1701 5629 ratio
1732 5576 2043 5632 considerata

466 5694 515 5740 et
555 5689 769 5739 tractata
808 5669 1213 5751 perduceret.~Et
1248 5667 1483 5739 quoniam
1516 5669 1731 5722 constitit
1766 5669 1893 5725 inter
1927 5688 2039 5743 nos,

470 5784 734 5873 diligenter
759 5779 953 5834 ratione
977 5772 1222 5839 discussa,
1260 5765 1447 5822 malum
1477 5778 1575 5818 non
1606 5771 1827 5823 exortum
1854 5765 1952 5820 nisi
1981 5782 2043 5825 ea:

1572 359 1740 419 Vl’l‘A
1775 357 1835 415 S.
1875 345 2240 412 AUGUSTINI
2278 348 2602 409 EPISCOPI.

2136 468 2289 524 libero
2310 467 2582 524 voluntatis
2608 463 2853 528 arbitrio;
2881 470 2980 518 tres
3008 460 3142 527 libri,
3166 476 3291 531 quos
3336 460 3509 516 eadem
3529 460 3687 530 dispu-

2135 562 2259 616 tatio
2290 560 2499 631 peperit,
2522 556 2767 630 appellati
2786 563 2904 610 sunt
2931 553 2995 608 de
3021 552 3201 607 Libero
3226 550 3462 607 Arbitrio.
3486 550 3684 618 Quoru-

2135 652 2412 708 secundum
2452 659 2500 706 et
2541 648 2744 704 tertium
2781 647 2839 701 in
2881 643 3076 716 Africa,
3098 644 3214 715 jam
3254 644 3403 697 etiam
3447 640 3683 713 Hippone-

2135 742 2298 817 Regio
2324 743 2577 815 presbyter
2610 741 2907 807 ordinatus,
2949 737 3079 794 sicut
3103 745 3221 791 tunc
3245 735 3407 807 potui,
3432 735 3681 791 terminari.

2138 1195 2253 1251 dem
2269 1195 2603 1267 quastionum
2632 1193 2879 1265 partibus,
2899 1191 2955 1246 in
2980 1189 3160 1261 quibus
3176 1204 3279 1243 non
3301 1184 3570 1259 apparebat
3589 1186 3683 1254 quid

2139 1288 2306 1360 potius
2352 1295 2644 1359 congrueret
2687 1283 2906 1349 veritati,
2948 1282 3017 1336 ad
3057 1281 3153 1336 hoc
3198 1290 3367 1334 tamen
3405 1277 3684 1332 ratiocinatio

2138 1388 2310 1434 nostra
2337 1376 2734 1442 concluderetur,
2765 1382 2820 1428 ut
2855 1370 3110 1446 quodlibet
3155 1385 3333 1425 eorum
3369 1383 3537 1423 verum
3568 1376 3682 1432 esset,

2139 1468 2427 1524 laudandus
2454 1466 2759 1533 crederetur,
2779 1464 2857 1521 vel
2875 1464 3027 1519 etiam
3043 1460 3391 1518 ostenderetur
3405 1456 3562 1514 Deus.
3583 1455 3685 1511 Pro-

2138 1568 2251 1633 pter
2270 1576 2355 1615 eos
2381 1559 2568 1631 quippe
2600 1556 2876 1629 disputatio
2903 1555 2997 1610 illa
3020 1561 3255 1623 suscepta
3280 1559 3379 1618 est,
3417 1551 3505 1618 qui
3538 1557 3686 1620 negas

2140 1666 2204 1705 ea:
2252 1649 2408 1704 libero
2457 1647 2728 1703 voluntatis
2772 1645 2982 1700 arbitrio
3034 1644 3157 1698 mali
3207 1642 3455 1713 originem
3500 1640 3622 1705 duci,
3650 1646 3685 1694 et

2139 1744 2324 1808 Deum,
2352 1744 2399 1799 si
2423 1744 2499 1797 ita
2524 1751 2619 1811 est,
2639 1750 2916 1796 creatorem
2939 1738 3165 1794 omnium
3188 1745 3495 1791 naturarum
3513 1733 3686 1804 culpar-

2140 1836 2263 1891 dum
2291 1852 2397 1891 esse
2418 1833 2769 1891 contendunt:
2792 1848 2851 1887 eo
2878 1830 3029 1886 modo
3064 1829 3285 1883 volentes
3316 1825 3587 1882 secundum
3606 1839 3687 1879 sse

2139 1928 2410 2000 impietatis
2436 1941 2659 1981 errorem
2689 1921 3004 1995 (Hanicluei
3030 1921 3164 1976 enim
3183 1928 3301 1975 sunt
3321 1918 3340 1990 )
3364 1913 3685 1972 immutabilem

2140 2018 2413 2089 quamdam
2436 2026 2484 2072 et
2509 2014 2621 2071 Deo
2645 2024 2945 2070 coteternant
2970 2010 3288 2066 introducere
3314 2007 3440 2063 mali
3467 2015 3684 2061 natm.

2146 2110 2221 2164 De
2243 2109 2408 2182 gratia
2433 2124 2549 2163 vero
2576 2105 2673 2161 Dei
2696 2146 2713 2174 ,
2749 2121 2852 2179 qua
2874 2119 2992 2159 suos
3014 2102 3196 2157 electos
3222 2100 3299 2154 sic
3330 2095 3685 2171 pradatinurit,

2142 2211 2198 2256 ut
2236 2216 2408 2255 eorum
2444 2198 2534 2267 qui
2560 2198 2677 2268 jam
2714 2196 2769 2250 in
2805 2196 2878 2250 eis
2913 2200 3123 2249 utuntur
3158 2190 3315 2247 libero
3351 2189 3579 2254 arbitrio,
3609 2186 3690 2256 ipse

2143 2293 2293 2347 etiam
2321 2299 2569 2363 prmparet
2589 2286 2889 2353 voluntates,
2911 2284 3040 2339 nihil
3063 2284 3118 2338 in
3140 2282 3221 2337 Itis
3246 2280 3389 2336 libris
3414 2280 3691 2349 disputatum

2142 2392 2217 2438 est
2245 2391 2449 2453 propter
2473 2381 2570 2434 hoc
2606 2378 2867 2451 proposita
2899 2375 3193 2448 quastione.
3224 2371 3322 2428 Ubi
3352 2380 3527 2426 autem
3552 2367 3692 2423 incidit

2146 2473 2307 2541 locus,
2333 2481 2388 2527 ut
2411 2472 2565 2543 hujus
2587 2472 2767 2543 gratiis
2794 2470 2937 2541 ﬁeret
2963 2464 3390 2531 commemoratio,
3418 2468 3694 2518 transeunter

2145 2573 2530 2622 comntemorata
2568 2572 2680 2629 est;
2708 2579 2809 2619 non
2866 2562 3012 2635 quasi
3045 2560 3170 2616 inde
3203 2568 3437 2632 ageretur
3458 2599 3477 2625 ,
3521 2570 3694 2628 operas

2144 2657 2526 2713 ratiocinatione
2552 2655 2781 2729 defensa.
2802 2653 2962 2709 Aliud
2982 2662 3057 2709 est
3078 2652 3213 2708 enim
3236 2667 3481 2723 querere,
3510 2649 3633 2706 unde
3647 2648 3695 2703 sit

2146 2750 2379 2818 malunt;
2403 2759 2452 2805 et
2476 2749 2619 2805 aliud
2654 2759 2730 2804 est
2764 2763 3015 2820 quaerere,
3043 2746 3437 2802 underedeatur
3463 2743 3696 2818 ad‘pristi-

2147 2856 2297 2907 num,
2342 2838 2423 2895 vel
2466 2838 2535 2893 ad
2578 2840 2746 2909 majus
2791 2837 3110 2910 perveniatur
3149 2836 3357 2892 bonum.
3410 2835 3697 2906 Quam

2148 2931 2264 2986 novi
2287 2929 2509 2986 Itteretici
2537 2928 2827 3000 Pelagiani,
2857 2928 2943 2999 qui
2966 2926 3178 2983 liberum
3200 2927 3275 2983 sic
3296 2937 3533 2982 asserunt
3551 2923 3697 2982 voln-

2149 3020 2265 3076 tatis
2307 3019 2591 3086 arbitrium,
2621 3029 2677 3073 ut
2715 3019 2895 3092 gratia:
2937 3017 3034 3072 Dei
3075 3034 3178 3072 non
3217 3017 3511 3090 relinquant
3546 3016 3696 3083 locus,

2148 3110 2552 3181 quandoquidem
2576 3126 2690 3165 eam
2738 3107 3014 3164 secundum
3058 3108 3239 3163 merita
3276 3116 3452 3163 nostra
3496 3107 3607 3162 dari
3629 3121 3698 3160 as-

2149 3212 2342 3270 serunt,
2394 3217 2497 3256 non
2537 3218 2591 3257 se
2649 3202 2912 3269 extollant,
2952 3200 3098 3271 quasi
3153 3216 3328 3256 eorum
3376 3200 3565 3272 egerim
3601 3214 3699 3253 cn-

2150 3293 2443 3365 sam;quia
2484 3292 2646 3347 multa
2699 3293 2752 3346 in
2797 3291 3046 3347 hislibris
3091 3291 3201 3346 dixi
3250 3308 3344 3362 pro
3388 3292 3554 3347 libero
3596 3288 3701 3345 arbi-

2153 3384 2251 3439 trio
2277 3426 2292 3450 ,
2317 3399 2429 3455 qua:
2476 3383 2618 3438 illius
2659 3382 3019 3454 disputationis
3063 3398 3217 3437 causa
3267 3381 3504 3454 poscebat
3535 3379 3699 3456 (Ibit.

2150 3490 2241 3530 nn.
2268 3475 2321 3542 ι,
2350 3473 2430 3546 2).

2222 3566 2275 3623 5.
2295 3566 2404 3623 Hos
2418 3566 2584 3622 libros
2605 3564 2781 3639 reipsa
2800 3565 2998 3637 profert
3011 3565 3258 3636 Pelagius
3276 3582 3292 3620 :
3308 3581 3494 3623 verum
3511 3566 3701 3625 demur

2151 3665 2284 3713 strat
2297 3658 2640 3728 Augustinus,
2667 3657 2858 3714 eodem
2878 3658 3070 3713 seloco
3098 3665 3484 3727 praeposterum
3516 3670 3701 3714 sentt!

2153 3751 2426 3816 evertisse,
2454 3764 2610 3821 quem
2634 3749 2725 3805 ille
2763 3749 2946 3807 verbis
2968 3750 3082 3804 suis
3114 3748 3371 3821 afllngere
3395 3750 3639 3815 volebat;
3659 3757 3702 3806 et

2151 3841 2392 3911 quamvis
2412 3841 2665 3896 adversus
2688 3838 3026 3905 Manichaeos,
3043 3854 3150 3895 non
3177 3850 3366 3896 contra
3389 3840 3701 3913 Pelagianos.

2150 3929 2380 3986 necdum
2426 3938 2641 3986 exertos
2660 3969 2676 3995 ,
2697 3928 2840 3984 istud
2866 3943 3002 4000 opus
3028 3930 3391 4002 conscriptum
3413 3931 3556 3988 foret
3581 3973 3600 4000 ,
3620 3930 3703 3987 hv—

2150 4036 2270 4076 rum
2296 4030 2471 4076 tamen
2499 4019 2745 4075 haeresim
2767 4020 2978 4077 abunde
3003 4036 3063 4077 se
3086 4020 3469 4091 labefactasse;
3493 4022 3626 4081 adeo
3656 4029 3703 4077 ut

2150 4114 2197 4169 si
2239 4113 2486 4183 Pelagius
2533 4111 2915 4182 ipse‘conliteri
2957 4112 3200 4183 voluerit,
3229 4113 3483 4186 quidquid
3505 4130 3576 4171 eo
3609 4114 3704 4170 loco

2150 4219 2308 4275 quem
2336 4202 2555 4274 profert,
2584 4203 2908 4269 continetur,
2933 4203 3079 4259 nulla
3105 4218 3229 4259 cum
3254 4204 3447 4261 eobac
3467 4204 3539 4263 de
3555 4221 3613 4263 re
3634 4203 3703 4261 ls-

2150 4304 2269 4349 tura
2306 4294 2376 4349 sit
2401 4292 2633 4363 amplius
2673 4294 3038 4350 controversia
3069 4293 3174 4367 (De
3204 4294 3414 4352 Natura
3438 4305 3486 4351 et
3524 4296 3702 4365 Gratis,

2150 4407 2241 4445 nn.
2267 4390 2322 4456 ’1,
2352 4388 2448 4461 8).
2495 4388 2561 4444 lli
2612 4387 2811 4460 pariter
2860 4388 2981 4445 libri
3022 4403 3205 4444 ansam
3244 4389 3506 4446 dederunt
3554 4389 3702 4448 errori

2149 4478 2711 4549 Semipelagianorum,
2739 4477 2830 4548 qui
2854 4492 2919 4533 ex
2943 4478 3009 4533 iis
3035 4476 3426 4535 contendebant
3452 4490 3701 4545 evertere.

2148 4568 2403 4640 quidquid
2425 4569 2747 4638 Augustinus
2770 4566 2842 4624 de
2866 4568 3330 4638 praedestinatione
3354 4576 3539 4641 postea
3560 4570 3704 4626 dixis.

2147 4659 2435 4731 set(Epist.
2482 4659 2609 4728 226,
2660 4677 2713 4715 n.
2740 4658 2827 4731 8).
2870 4661 2940 4715 At
2986 4668 3200 4714 sanctus
3238 4660 3436 4719 Doctor
3472 4661 3701 4729 οειωύἑι.

2148 4753 2348 4809 nullum
2377 4766 2474 4809 eos
2500 4768 2566 4808 ex
2595 4752 2764 4823 ipsius
2791 4751 2967 4808 verbis
3008 4750 3204 4808 dueere
3232 4768 3388 4823 posse
3413 4769 3587 4811 causa:
3607 4768 3702 4809 sua

2148 4845 2500 4915 patrocinium
2531 4861 2545 4898 :
2578 4858 2677 4899 nec
2704 4843 3044 4900 seullatenus
3066 4845 3121 4899 in
3163 4844 3382 4901 dubium
3407 4860 3596 4903 vocare
3618 4858 3704 4901 vo-

2146 4935 2330 5003 luisse,
2356 4934 2484 5006 quin
2526 4934 2817 5005 ignorantia
2846 4942 2901 4989 et
2939 4932 3220 4990 difﬁcultas
3245 4945 3429 4992 essent
3453 4934 3704 5007 originalis

2151 5041 2324 5099 ptume
2347 5027 2555 5099 peccati
2586 5044 2600 5081 :
2627 5032 2886 5097 praeterea
2910 5039 2990 5090 se,
3022 5035 3083 5081 ut
3116 5027 3394 5084 veritatem
3434 5038 3556 5085 tunc
3584 5038 3704 5083 tem-

2148 5119 2292 5190 poris
2321 5118 2498 5173 minus
2524 5127 2681 5189 recte.
2719 5115 3067 5173 intellexisset
3085 5157 3103 5184 ,
3134 5131 3241 5173 non
3271 5118 3450 5178 minus
3486 5119 3551 5176 ad
3575 5118 3703 5175 illius

2150 5209 2485 5281 postmodum
2510 5207 2735 5278 cognitae
2759 5206 3122 5264 defensionem
3139 5208 3529 5280 suscipiendam
3545 5206 3700 5265 teneri

2148 5298 2249 5372 (De
2274 5298 2422 5354 Dono
2447 5297 2826 5372 perseverantia
2845 5339 2863 5367 ,
2903 5315 2993 5353 nn.
3034 5297 3127 5368 26,
3154 5298 3224 5354 27
3239 5299 3284 5371 j.
3314 5300 3374 5357 Id
3397 5301 3568 5372 operis
3600 5302 3702 5353 An-

2152 5391 2390 5463 gustinus
2410 5431 2426 5459 ,
2454 5390 2611 5445 simul
2640 5404 2703 5445 ac
2746 5389 3029 5460 episcopus
3050 5398 3260 5445 creatus
3297 5400 3406 5459 est,
3451 5390 3515 5447 ad
3538 5386 3702 5447 Pauli-

2149 5499 2276 5539 num
2328 5482 2491 5549 misit,
2536 5494 2700 5551 seque
2750 5488 2934 5550 optare
2980 5487 3222 5549 testatur,
3272 5490 3331 5536 ut
3372 5480 3580 5552 grandis
3619 5476 3703 5533 illa

2148 5577 2373 5649 quarstio
2390 5617 2406 5643 ,
2445 5589 2565 5645 quas
2593 5582 2675 5629 est
2704 5573 2865 5628 totius
2902 5571 3079 5642 operis
3103 5582 3498 5644 argumentum,
3525 5575 3704 5644 quanta

2145 5668 2356 5725 dicendi
2382 5667 2624 5723 ubertate
2650 5672 2937 5731 tractatur,
2968 5672 3111 5719 tanta
3149 5665 3467 5723 certitudine
3499 5672 3555 5720 et
3586 5674 3703 5732 per-

2145 5768 2418 5847 spicuitate
2438 5766 2491 5823 in
2515 5763 2599 5821 his
2625 5756 2772 5816 libris
2787 5753 3044 5815 enodetttr
3061 5752 3253 5833 (Epist.
3274 5755 3363 5829 5i,
3385 5774 3439 5814 tt.
3464 5755 3549 5843 7).
3572 5747 3703 5827 Salv
