  <div class='ocr_page' id='page_1' title='image "/cluster/home/n/w/nwhite01/storage/ocr_20150623/32/uva.x000669813/114.png"; bbox 0 0 3868 6398; ppageno 0'>
   <div class='ocr_carea' id='block_1_1' title="bbox 50 2694 65 3255">
    <p class='ocr_par' dir='ltr' id='par_1_1' title="bbox 50 2694 65 3255">
     <span class='ocr_line' id='line_1_1' title="bbox 50 2694 65 3255; baseline 0 0"><span class='ocrx_word' id='word_1_1' title='bbox 50 2694 65 3255; x_wconf 70' lang='grc' dir='ltr'><strong>ξ</strong></span> 
     </span>
    </p>
   </div>
   <div class='ocr_carea' id='block_1_2' title="bbox 50 4516 57 4575">
    <p class='ocr_par' dir='ltr' id='par_1_2' title="bbox 50 4516 57 4575">
     <span class='ocr_line' id='line_1_2' title="bbox 50 4516 57 4575; baseline 0 0"><span class='ocrx_word' id='word_1_2' title='bbox 50 4516 57 4575; x_wconf 75' lang='grc' dir='ltr'>ι</span> 
     </span>
    </p>
   </div>
   <div class='ocr_carea' id='block_1_3' title="bbox 50 4600 55 4789">
    <p class='ocr_par' dir='ltr' id='par_1_3' title="bbox 50 4600 55 4789">
     <span class='ocr_line' id='line_1_3' title="bbox 50 4600 55 4789; baseline 0 0"><span class='ocrx_word' id='word_1_3' title='bbox 50 4670 55 4789; x_wconf 79' lang='grc' dir='ltr'>ι</span> 
     </span>
    </p>
   </div>
   <div class='ocr_carea' id='block_1_4' title="bbox 1430 383 2012 456">
    <p class='ocr_par' dir='ltr' id='par_1_4' title="bbox 1430 383 2012 456">
     <span class='ocr_line' id='line_1_4' title="bbox 1430 383 2012 456; baseline 0.012 -16"><span class='ocrx_word' id='word_1_4' title='bbox 1430 383 1634 440; x_wconf 82' lang='lat' dir='ltr'><strong>LIBER</strong></span> <span class='ocrx_word' id='word_1_5' title='bbox 1671 384 2012 456; x_wconf 82' lang='lat' dir='ltr'><strong>QUARTUS.</strong></span> 
     </span>
    </p>
   </div>
   <div class='ocr_carea' id='block_1_5' title="bbox 178 490 1699 572">
    <p class='ocr_par' dir='ltr' id='par_1_5' title="bbox 178 490 1699 572">
     <span class='ocr_line' id='line_1_5' title="bbox 178 490 1699 572; baseline 0.003 -23"><span class='ocrx_word' id='word_1_6' title='bbox 178 493 405 572; x_wconf 58' lang='lat' dir='ltr'><strong>pitpaulo</strong></span> <span class='ocrx_word' id='word_1_7' title='bbox 419 501 542 565; x_wconf 85' lang='lat' dir='ltr'><strong>post</strong></span> <span class='ocrx_word' id='word_1_8' title='bbox 554 490 627 549; x_wconf 87' lang='lat' dir='ltr'><strong>ad</strong></span> <span class='ocrx_word' id='word_1_9' title='bbox 642 490 1003 549; x_wconf 88' lang='lat' dir='ltr'><strong>Secundinum</strong></span> <span class='ocrx_word' id='word_1_10' title='bbox 1019 494 1364 552; x_wconf 68' lang='lat' dir='ltr'><strong>Manichaaum</strong></span> <span class='ocrx_word' id='word_1_11' title='bbox 1381 497 1699 566; x_wconf 82' lang='lat' dir='ltr'><strong>Romanum,</strong></span> 
     </span>
    </p>
   </div>
   <div class='ocr_carea' id='block_1_6' title="bbox 176 584 1698 658">
    <p class='ocr_par' dir='ltr' id='par_1_6' title="bbox 176 584 1698 658">
     <span class='ocr_line' id='line_1_6' title="bbox 176 584 1698 658; baseline -0.001 -12"><span class='ocrx_word' id='word_1_12' title='bbox 176 589 212 646; x_wconf 87' lang='lat' dir='ltr'><strong>si</strong></span> <span class='ocrx_word' id='word_1_13' title='bbox 232 587 379 658; x_wconf 67' lang='lat' dir='ltr'><strong>legele</strong></span> <span class='ocrx_word' id='word_1_14' title='bbox 415 584 576 642; x_wconf 83' lang='lat' dir='ltr'><strong>vellet</strong></span> <span class='ocrx_word' id='word_1_15' title='bbox 616 593 728 642; x_wconf 89' lang='lat' dir='ltr'><strong>tres</strong></span> <span class='ocrx_word' id='word_1_16' title='bbox 764 585 926 643; x_wconf 88' lang='lat' dir='ltr'><strong>libros</strong></span> <span class='ocrx_word' id='word_1_17' title='bbox 951 600 1078 642; x_wconf 90' lang='lat' dir='ltr'><strong>suos</strong></span> <span class='ocrx_word' id='word_1_18' title='bbox 1114 586 1183 643; x_wconf 89' lang='lat' dir='ltr'><strong>de</strong></span> <span class='ocrx_word' id='word_1_19' title='bbox 1222 587 1416 644; x_wconf 89' lang='lat' dir='ltr'><strong>Libero</strong></span> <span class='ocrx_word' id='word_1_20' title='bbox 1444 590 1698 657; x_wconf 88' lang='lat' dir='ltr'><strong>Arbitrio,</strong></span> 
     </span>
    </p>
   </div>
   <div class='ocr_carea' id='block_1_7' title="bbox 171 680 1700 754">
    <p class='ocr_par' dir='ltr' id='par_1_7' title="bbox 171 680 1700 754">
     <span class='ocr_line' id='line_1_7' title="bbox 171 680 1700 754; baseline -0.001 -13"><span class='ocrx_word' id='word_1_21' title='bbox 171 700 245 744; x_wconf 79' lang='lat' dir='ltr'><strong>eos</strong></span> <span class='ocrx_word' id='word_1_22' title='bbox 276 683 408 741; x_wconf 70' lang='lat' dir='ltr'><strong>Nola</strong></span> <span class='ocrx_word' id='word_1_23' title='bbox 443 686 494 737; x_wconf 91' lang='lat' dir='ltr'><strong>in</strong></span> <span class='ocrx_word' id='word_1_24' title='bbox 518 680 814 754; x_wconf 76' lang='lat' dir='ltr'><strong>Campania</strong></span> <span class='ocrx_word' id='word_1_25' title='bbox 848 697 1007 753; x_wconf 83' lang='lat' dir='ltr'><strong>penes</strong></span> <span class='ocrx_word' id='word_1_26' title='bbox 1033 694 1275 740; x_wconf 88' lang='lat' dir='ltr'><strong>sanctum</strong></span> <span class='ocrx_word' id='word_1_27' title='bbox 1308 684 1584 740; x_wconf 89' lang='lat' dir='ltr'><strong>Paulinum</strong></span> <span class='ocrx_word' id='word_1_28' title='bbox 1611 700 1700 740; x_wconf 83' lang='lat' dir='ltr'><strong>re-</strong></span> 
     </span>
    </p>
   </div>
   <div class='ocr_carea' id='block_1_8' title="bbox 1806 504 3382 601">
    <p class='ocr_par' dir='ltr' id='par_1_8' title="bbox 1806 504 3382 601">
     <span class='ocr_line' id='line_1_8' title="bbox 1806 504 3382 601; baseline 0.018 -43"><span class='ocrx_word' id='word_1_29' title='bbox 1806 504 2099 601; x_wconf 31' lang='lat' dir='ltr'><strong>gitans,-de</strong></span> <span class='ocrx_word' id='word_1_30' title='bbox 2121 510 2315 601; x_wconf 80' lang='lat' dir='ltr'><strong>quibus</strong></span> <span class='ocrx_word' id='word_1_31' title='bbox 2344 513 2517 570; x_wconf 85' lang='lat' dir='ltr'><strong>adhuc</strong></span> <span class='ocrx_word' id='word_1_32' title='bbox 2538 514 2670 571; x_wconf 83' lang='lat' dir='ltr'><strong>nihil</strong></span> <span class='ocrx_word' id='word_1_33' title='bbox 2694 517 2968 587; x_wconf 74' lang='lat' dir='ltr'><strong>audierat;</strong></span> <span class='ocrx_word' id='word_1_34' title='bbox 2991 526 3233 593; x_wconf 83' lang='lat' dir='ltr'><strong>quamvis</strong></span> <span class='ocrx_word' id='word_1_35' title='bbox 3258 528 3382 601; x_wconf 87' lang='lat' dir='ltr'><strong>ipso</strong></span> 
     </span>
    </p>
   </div>
   <div class='ocr_carea' id='block_1_9' title="bbox 1806 597 3389 693">
    <p class='ocr_par' dir='ltr' id='par_1_9' title="bbox 1806 597 3389 693">
     <span class='ocr_line' id='line_1_9' title="bbox 1806 597 3389 693; baseline 0.019 -45"><span class='ocrx_word' id='word_1_36' title='bbox 1806 597 2098 693; x_wconf 68' lang='lat' dir='ltr'><strong>Augustino</strong></span> <span class='ocrx_word' id='word_1_37' title='bbox 2119 599 2397 658; x_wconf 83' lang='lat' dir='ltr'><strong>Mediolani</strong></span> <span class='ocrx_word' id='word_1_38' title='bbox 2423 617 2631 676; x_wconf 87' lang='lat' dir='ltr'><strong>agente,</strong></span> <span class='ocrx_word' id='word_1_39' title='bbox 2665 626 2882 682; x_wconf 90' lang='lat' dir='ltr'><strong>magnas</strong></span> <span class='ocrx_word' id='word_1_40' title='bbox 2903 614 3013 684; x_wconf 89' lang='lat' dir='ltr'><strong>jam</strong></span> <span class='ocrx_word' id='word_1_41' title='bbox 3043 626 3155 673; x_wconf 90' lang='lat' dir='ltr'><strong>tum</strong></span> <span class='ocrx_word' id='word_1_42' title='bbox 3182 597 3389 693; x_wconf 61' lang='lat' dir='ltr'><strong>tragus-</strong></span> 
     </span>
    </p>
   </div>
   <div class='ocr_carea' id='block_1_10' title="bbox 1804 686 3377 778">
    <p class='ocr_par' dir='ltr' id='par_1_10' title="bbox 1804 686 3377 778">
     <span class='ocr_line' id='line_1_10' title="bbox 1804 686 3377 778; baseline 0.017 -37"><span class='ocrx_word' id='word_1_43' title='bbox 1804 686 1920 742; x_wconf 89' lang='lat' dir='ltr'><strong>dias</strong></span> <span class='ocrx_word' id='word_1_44' title='bbox 1962 691 2299 749; x_wconf 69' lang='lat' dir='ltr'><strong>excitassent.</strong></span> <span class='ocrx_word' id='word_1_45' title='bbox 2332 694 2596 754; x_wconf 86' lang='lat' dir='ltr'><strong>Observat</strong></span> <span class='ocrx_word' id='word_1_46' title='bbox 2631 703 2831 771; x_wconf 87' lang='lat' dir='ltr'><strong>pariter</strong></span> <span class='ocrx_word' id='word_1_47' title='bbox 2871 720 2928 760; x_wconf 92' lang='lat' dir='ltr'><strong>se</strong></span> <span class='ocrx_word' id='word_1_48' title='bbox 2955 706 3022 761; x_wconf 92' lang='lat' dir='ltr'><strong>de</strong></span> <span class='ocrx_word' id='word_1_49' title='bbox 3048 686 3377 778; x_wconf 70' lang='lat' dir='ltr'><strong>parvulorum</strong></span> 
     </span>
    </p>
   </div>
   <div class='ocr_carea' id='block_1_11' title="bbox 168 772 3387 859">
    <p class='ocr_par' dir='ltr' id='par_1_11' title="bbox 168 772 3387 859">
     <span class='ocr_line' id='line_1_11' title="bbox 168 772 3387 859; baseline 0.01 -31"><span class='ocrx_word' id='word_1_50' title='bbox 168 787 391 851; x_wconf 71' lang='lat' dir='ltr'><strong>patorum</strong></span> <span class='ocrx_word' id='word_1_51' title='bbox 415 772 631 849; x_wconf 79' lang='lat' dir='ltr'><strong>(Contra</strong></span> <span class='ocrx_word' id='word_1_52' title='bbox 656 774 1042 843; x_wconf 68' lang='lat' dir='ltr'><strong>Secundinum,</strong></span> <span class='ocrx_word' id='word_1_53' title='bbox 1069 792 1184 848; x_wconf 89' lang='lat' dir='ltr'><strong>cap.</strong></span> <span class='ocrx_word' id='word_1_54' title='bbox 1216 776 1337 847; x_wconf 77' lang='grc'><strong>11).</strong></span> <span class='ocrx_word' id='word_1_55' title='bbox 1371 777 1698 849; x_wconf 82' lang='lat' dir='ltr'><strong>Hieronymo</strong></span> <span class='ocrx_word' id='word_1_56' title='bbox 1803 778 2075 850; x_wconf 86' lang='lat' dir='ltr'><strong>Baptismo</strong></span> <span class='ocrx_word' id='word_1_57' title='bbox 2128 799 2295 855; x_wconf 89' lang='lat' dir='ltr'><strong>pauca</strong></span> <span class='ocrx_word' id='word_1_58' title='bbox 2333 788 2638 855; x_wconf 89' lang='lat' dir='ltr'><strong>admodum,</strong></span> <span class='ocrx_word' id='word_1_59' title='bbox 2678 792 2812 848; x_wconf 88' lang='lat' dir='ltr'><strong>nihil</strong></span> <span class='ocrx_word' id='word_1_60' title='bbox 2856 772 3143 856; x_wconf 42' lang='lat' dir='ltr'><strong>autem-de</strong></span> <span class='ocrx_word' id='word_1_61' title='bbox 3168 818 3387 859; x_wconf 77' lang='lat' dir='ltr'><strong>eorum-</strong></span> 
     </span>
    </p>
   </div>
   <div class='ocr_carea' id='block_1_12' title="bbox 168 869 3389 963">
    <p class='ocr_par' dir='ltr' id='par_1_12' title="bbox 168 869 3389 963">
     <span class='ocr_line' id='line_1_12' title="bbox 168 869 3389 963; baseline 0.006 -34"><span class='ocrx_word' id='word_1_62' title='bbox 168 870 456 948; x_wconf 77' lang='lat' dir='ltr'><strong>postmodum</strong></span> <span class='ocrx_word' id='word_1_63' title='bbox 495 869 776 935; x_wconf 83' lang='lat' dir='ltr'><strong>scribens,</strong></span> <span class='ocrx_word' id='word_1_64' title='bbox 806 879 954 927; x_wconf 88' lang='lat' dir='ltr'><strong>notat</strong></span> <span class='ocrx_word' id='word_1_65' title='bbox 979 885 1081 941; x_wconf 87' lang='lat' dir='ltr'><strong>qua</strong></span> <span class='ocrx_word' id='word_1_66' title='bbox 1119 871 1324 926; x_wconf 82' lang='lat' dir='ltr'><strong>ratione</strong></span> <span class='ocrx_word' id='word_1_67' title='bbox 1369 870 1425 926; x_wconf 91' lang='lat' dir='ltr'><strong>in</strong></span> <span class='ocrx_word' id='word_1_68' title='bbox 1456 871 1603 927; x_wconf 90' lang='lat' dir='ltr'><strong>hisce</strong></span> <span class='ocrx_word' id='word_1_69' title='bbox 1627 871 1697 929; x_wconf 87' lang='lat' dir='ltr'><strong>li-</strong></span> <span class='ocrx_word' id='word_1_70' title='bbox 1802 869 1923 926; x_wconf 90' lang='lat' dir='ltr'><strong>dem</strong></span> <span class='ocrx_word' id='word_1_71' title='bbox 1951 872 2069 929; x_wconf 84' lang='lat' dir='ltr'><strong>sine</strong></span> <span class='ocrx_word' id='word_1_72' title='bbox 2098 875 2369 947; x_wconf 84' lang='lat' dir='ltr'><strong>Baptismo</strong></span> <span class='ocrx_word' id='word_1_73' title='bbox 2409 881 2745 938; x_wconf 89' lang='lat' dir='ltr'><strong>morientium</strong></span> <span class='ocrx_word' id='word_1_74' title='bbox 2777 884 3115 945; x_wconf 87' lang='lat' dir='ltr'><strong>damnatione</strong></span> <span class='ocrx_word' id='word_1_75' title='bbox 3136 932 3151 955; x_wconf 89' lang='lat'><strong>,</strong></span> <span class='ocrx_word' id='word_1_76' title='bbox 3179 901 3236 946; x_wconf 91' lang='lat' dir='ltr'><strong>ut</strong></span> <span class='ocrx_word' id='word_1_77' title='bbox 3263 909 3389 963; x_wconf 66' lang='lat' dir='ltr'><strong>quin</strong></span> 
     </span>
    </p>
   </div>
   <div class='ocr_carea' id='block_1_13' title="bbox 166 963 3385 1057">
    <p class='ocr_par' dir='ltr' id='par_1_13' title="bbox 166 963 3385 1057">
     <span class='ocr_line' id='line_1_13' title="bbox 166 963 3385 1057; baseline 0.007 -37"><span class='ocrx_word' id='word_1_78' title='bbox 166 964 336 1025; x_wconf 72' lang='lat' dir='ltr'><strong>lii-istis</strong></span> <span class='ocrx_word' id='word_1_79' title='bbox 355 963 532 1057; x_wconf 75' lang='lat' dir='ltr'><strong>anima:</strong></span> <span class='ocrx_word' id='word_1_80' title='bbox 558 963 947 1057; x_wconf 75' lang='lat' dir='ltr'><strong>incarnatione,</strong></span> <span class='ocrx_word' id='word_1_81' title='bbox 976 963 1175 1057; x_wconf 65' lang='lat' dir='ltr'><strong>senda</strong></span> <span class='ocrx_word' id='word_1_82' title='bbox 1188 965 1380 1057; x_wconf 66' lang='lat' dir='ltr'><strong>anima:</strong></span> <span class='ocrx_word' id='word_1_83' title='bbox 1409 964 1615 1057; x_wconf 79' lang='lat' dir='ltr'><strong>origine</strong></span> <span class='ocrx_word' id='word_1_84' title='bbox 1638 965 1693 1021; x_wconf 92' lang='lat' dir='ltr'><strong>in</strong></span> <span class='ocrx_word' id='word_1_85' title='bbox 1800 979 1830 1019; x_wconf 86' lang='lat' dir='ltr'><strong>a</strong></span> <span class='ocrx_word' id='word_1_86' title='bbox 1861 969 2135 1038; x_wconf 91' lang='lat' dir='ltr'><strong>proposito</strong></span> <span class='ocrx_word' id='word_1_87' title='bbox 2177 985 2275 1028; x_wconf 90' lang='lat' dir='ltr'><strong>suo</strong></span> <span class='ocrx_word' id='word_1_88' title='bbox 2302 972 2475 1030; x_wconf 88' lang='lat' dir='ltr'><strong>aliena</strong></span> <span class='ocrx_word' id='word_1_89' title='bbox 2499 985 2699 1046; x_wconf 82' lang='lat' dir='ltr'><strong>essent,</strong></span> <span class='ocrx_word' id='word_1_90' title='bbox 2736 978 3015 1050; x_wconf 86' lang='lat' dir='ltr'><strong>scripsisse</strong></span> <span class='ocrx_word' id='word_1_91' title='bbox 3039 981 3228 1054; x_wconf 80' lang='lat' dir='ltr'><strong>(Epist.</strong></span> <span class='ocrx_word' id='word_1_92' title='bbox 3260 985 3385 1057; x_wconf 76' lang='lat'><strong>166,</strong></span> 
     </span>
    </p>
   </div>
   <div class='ocr_carea' id='block_1_14' title="bbox 178 1053 2126 1135">
    <p class='ocr_par' dir='ltr' id='par_1_14' title="bbox 178 1053 2126 1135">
     <span class='ocr_line' id='line_1_14' title="bbox 178 1053 2126 1135; baseline 0.001 -22"><span class='ocrx_word' id='word_1_93' title='bbox 178 1070 377 1135; x_wconf 76' lang='lat' dir='ltr'><strong>corpore,</strong></span> <span class='ocrx_word' id='word_1_94' title='bbox 394 1054 728 1121; x_wconf 77' lang='lat' dir='ltr'><strong>disseruerit;</strong></span> <span class='ocrx_word' id='word_1_95' title='bbox 755 1053 887 1111; x_wconf 83' lang='lat' dir='ltr'><strong>nihil</strong></span> <span class='ocrx_word' id='word_1_96' title='bbox 916 1062 1026 1110; x_wconf 89' lang='lat' dir='ltr'><strong>tum</strong></span> <span class='ocrx_word' id='word_1_97' title='bbox 1053 1054 1124 1112; x_wconf 88' lang='lat' dir='ltr'><strong>de</strong></span> <span class='ocrx_word' id='word_1_98' title='bbox 1150 1055 1569 1113; x_wconf 88' lang='lat' dir='ltr'><strong>Priscillianistis</strong></span> <span class='ocrx_word' id='word_1_99' title='bbox 1600 1070 1692 1113; x_wconf 79' lang='lat' dir='ltr'><strong>co-</strong></span> <span class='ocrx_word' id='word_1_100' title='bbox 1801 1073 1890 1113; x_wconf 88' lang='lat' dir='ltr'><strong>nn.</strong></span> <span class='ocrx_word' id='word_1_101' title='bbox 1922 1059 1976 1127; x_wconf 88' lang='lat'><strong>7,</strong></span> <span class='ocrx_word' id='word_1_102' title='bbox 2001 1059 2126 1134; x_wconf 79' lang='grc'><strong>18).</strong></span> 
     </span>
    </p>
   </div>
   <div class='ocr_carea' id='block_1_15' title="bbox 182 1190 3377 1241">
    <p class='ocr_par' dir='ltr' id='par_1_15' title="bbox 182 1190 3377 1241">
     <span class='ocr_line' id='line_1_15' title="bbox 182 1190 3377 1241; baseline 0.001 -25"><span class='ocrx_word' id='word_1_103' title='bbox 182 1190 3377 1241; x_wconf 76' lang='lat'><strong>___————————————_________________</strong></span> 
     </span>
    </p>
   </div>
   <div class='ocr_carea' id='block_1_16' title="bbox 1072 1264 2453 1393">
    <p class='ocr_par' dir='ltr' id='par_1_16' title="bbox 1072 1264 2453 1393">
     <span class='ocr_line' id='line_1_16' title="bbox 1072 1264 2453 1393; baseline 0.009 -18"><span class='ocrx_word' id='word_1_104' title='bbox 1072 1266 1557 1376; x_wconf 87' lang='lat' dir='ltr'><strong><em>LIBER</em></strong></span> <span class='ocrx_word' id='word_1_105' title='bbox 1663 1264 2102 1393; x_wconf 70' lang='lat' dir='ltr'><strong>QUAR</strong></span> <span class='ocrx_word' id='word_1_106' title='bbox 2126 1273 2453 1387; x_wconf 82' lang='lat' dir='ltr'><strong>TUS.</strong></span> 
     </span>
    </p>
   </div>
   <div class='ocr_carea' id='block_1_17' title="bbox 216 1450 1908 1562">
    <p class='ocr_par' dir='ltr' id='par_1_17' title="bbox 216 1450 1908 1562">
     <span class='ocr_line' id='line_1_17' title="bbox 216 1450 1908 1562; baseline -0.008 -49"><span class='ocrx_word' id='word_1_107' title='bbox 216 1453 970 1525; x_wconf 60' lang='lat' dir='ltr'><strong>manumanu-umquamde</strong></span> <span class='ocrx_word' id='word_1_108' title='bbox 1002 1453 1057 1507; x_wconf 85' lang='lat' dir='ltr'><strong>ta</strong></span> <span class='ocrx_word' id='word_1_109' title='bbox 1084 1452 1365 1518; x_wconf 64' lang='lat' dir='ltr'><strong>eiuscopatn</strong></span> <span class='ocrx_word' id='word_1_110' title='bbox 1396 1450 1578 1503; x_wconf 77' lang='lat' dir='ltr'><strong>vixerit</strong></span> <span class='ocrx_word' id='word_1_111' title='bbox 1598 1450 1908 1562; x_wconf 50' lang='lat' dir='ltr'><strong>mittas,</strong></span> 
     </span>
    </p>
   </div>
   <div class='ocr_carea' id='block_1_18' title="bbox 1743 1520 1852 1564">
    <p class='ocr_par' dir='ltr' id='par_1_18' title="bbox 1743 1520 1852 1564">
     <span class='ocr_line' id='line_1_18' title="bbox 1743 1520 1852 1564; baseline 0 -2"><span class='ocrx_word' id='word_1_112' title='bbox 1743 1520 1852 1564; x_wconf 83' lang='lat' dir='ltr'><strong>erit.</strong></span> 
     </span>
    </p>
   </div>
   <div class='ocr_carea' id='block_1_19' title="bbox 1501 1636 1977 1696">
    <p class='ocr_par' dir='ltr' id='par_1_19' title="bbox 1501 1636 1977 1696">
     <span class='ocr_line' id='line_1_19' title="bbox 1501 1636 1977 1696; baseline 0.004 -2"><span class='ocrx_word' id='word_1_113' title='bbox 1501 1636 1977 1696; x_wconf 52' lang='lat' dir='ltr'><strong>W60-</strong></span> 
     </span>
    </p>
   </div>
   <div class='ocr_carea' id='block_1_20' title="bbox 597 1772 1150 1834">
    <p class='ocr_par' dir='ltr' id='par_1_20' title="bbox 597 1772 1150 1834">
     <span class='ocr_line' id='line_1_20' title="bbox 597 1772 1150 1834; baseline -0.007 -3"><span class='ocrx_word' id='word_1_114' title='bbox 597 1776 828 1834; x_wconf 83' lang='lat' dir='ltr'><strong>CAPUT</strong></span> <span class='ocrx_word' id='word_1_115' title='bbox 866 1772 1150 1831; x_wconf 78' lang='lat' dir='ltr'><strong>PRIMUM.</strong></span> 
     </span>
    </p>
   </div>
   <div class='ocr_carea' id='block_1_21' title="bbox 160 1857 1684 1947">
    <p class='ocr_par' dir='ltr' id='par_1_21' title="bbox 160 1857 1684 1947">
     <span class='ocr_line' id='line_1_21' title="bbox 160 1857 1684 1947; baseline -0.015 -15"><span class='ocrx_word' id='word_1_116' title='bbox 160 1878 182 1932; x_wconf 81' lang='lat' dir='ltr'><strong>l</strong></span> <span class='ocrx_word' id='word_1_117' title='bbox 209 1874 478 1947; x_wconf 68' lang='lat' dir='ltr'><strong>Augustinus</strong></span> <span class='ocrx_word' id='word_1_118' title='bbox 500 1886 531 1924; x_wconf 90' lang='lat' dir='ltr'><strong>a</strong></span> <span class='ocrx_word' id='word_1_119' title='bbox 559 1867 762 1924; x_wconf 84' lang='lat' dir='ltr'><strong>Valerio</strong></span> <span class='ocrx_word' id='word_1_120' title='bbox 796 1867 994 1938; x_wconf 81' lang='lat' dir='ltr'><strong>collega</strong></span> <span class='ocrx_word' id='word_1_121' title='bbox 1025 1861 1331 1932; x_wconf 78' lang='lat' dir='ltr'><strong>depascitur.</strong></span> <span class='ocrx_word' id='word_1_122' title='bbox 1357 1859 1395 1914; x_wconf 99' lang='lat'><strong>2</strong></span> <span class='ocrx_word' id='word_1_123' title='bbox 1432 1857 1684 1930; x_wconf 80' lang='lat' dir='ltr'><strong>Megalius</strong></span> 
     </span>
    </p>
   </div>
   <div class='ocr_carea' id='block_1_22' title="bbox 224 1948 1684 2038">
    <p class='ocr_par' dir='ltr' id='par_1_22' title="bbox 224 1948 1684 2038">
     <span class='ocr_line' id='line_1_22' title="bbox 224 1948 1684 2038; baseline -0.016 -13"><span class='ocrx_word' id='word_1_124' title='bbox 224 1967 448 2024; x_wconf 64' lang='lat' dir='ltr'><strong>Numidia</strong></span> <span class='ocrx_word' id='word_1_125' title='bbox 470 1966 646 2038; x_wconf 79' lang='lat' dir='ltr'><strong>primas</strong></span> <span class='ocrx_word' id='word_1_126' title='bbox 713 1961 836 2034; x_wconf 87' lang='lat' dir='ltr'><strong>falsi</strong></span> <span class='ocrx_word' id='word_1_127' title='bbox 866 1958 1092 2014; x_wconf 87' lang='lat' dir='ltr'><strong>criminis</strong></span> <span class='ocrx_word' id='word_1_128' title='bbox 1134 1948 1684 2011; x_wconf 54' lang='lat' dir='ltr'><strong>nomine&#39;ordinationi</strong></span> 
     </span>
    </p>
   </div>
   <div class='ocr_carea' id='block_1_23' title="bbox 234 2044 1683 2134">
    <p class='ocr_par' dir='ltr' id='par_1_23' title="bbox 234 2044 1683 2134">
     <span class='ocr_line' id='line_1_23' title="bbox 234 2044 1683 2134; baseline -0.015 -16"><span class='ocrx_word' id='word_1_129' title='bbox 234 2062 336 2134; x_wconf 76' lang='lat' dir='ltr'><strong>ejus</strong></span> <span class='ocrx_word' id='word_1_130' title='bbox 355 2059 589 2126; x_wconf 72' lang='lat' dir='ltr'><strong>intercedit,</strong></span> <span class='ocrx_word' id='word_1_131' title='bbox 614 2057 764 2128; x_wconf 78' lang='lat' dir='ltr'><strong>cujus</strong></span> <span class='ocrx_word' id='word_1_132' title='bbox 787 2055 862 2109; x_wconf 89' lang='lat' dir='ltr'><strong>rei</strong></span> <span class='ocrx_word' id='word_1_133' title='bbox 876 2069 995 2109; x_wconf 70' lang='lat' dir='ltr'><strong>mox</strong></span> <span class='ocrx_word' id='word_1_134' title='bbox 1013 2068 1125 2106; x_wconf 91' lang='lat' dir='ltr'><strong>eum</strong></span> <span class='ocrx_word' id='word_1_135' title='bbox 1142 2053 1364 2121; x_wconf 74' lang='lat' dir='ltr'><strong>paenitet.</strong></span> <span class='ocrx_word' id='word_1_136' title='bbox 1387 2047 1421 2103; x_wconf 79' lang='lat'><strong>5</strong></span> <span class='ocrx_word' id='word_1_137' title='bbox 1445 2044 1511 2098; x_wconf 86' lang='lat' dir='ltr'><strong>In</strong></span> <span class='ocrx_word' id='word_1_138' title='bbox 1537 2059 1683 2098; x_wconf 85' lang='lat' dir='ltr'><strong>suam</strong></span> 
     </span>
    </p>
   </div>
   <div class='ocr_carea' id='block_1_24' title="bbox 236 2140 1674 2220">
    <p class='ocr_par' dir='ltr' id='par_1_24' title="bbox 236 2140 1674 2220">
     <span class='ocr_line' id='line_1_24' title="bbox 236 2140 1674 2220; baseline -0.015 -9"><span class='ocrx_word' id='word_1_139' title='bbox 236 2155 540 2210; x_wconf 74' lang='lat' dir='ltr'><strong>ordinationem</strong></span> <span class='ocrx_word' id='word_1_140' title='bbox 557 2152 759 2206; x_wconf 83' lang='lat' dir='ltr'><strong>tandem</strong></span> <span class='ocrx_word' id='word_1_141' title='bbox 775 2145 1051 2220; x_wconf 79' lang='lat' dir='ltr'><strong>aliquando</strong></span> <span class='ocrx_word' id='word_1_142' title='bbox 1073 2142 1317 2199; x_wconf 83' lang='lat' dir='ltr'><strong>consentit</strong></span> <span class='ocrx_word' id='word_1_143' title='bbox 1343 2140 1674 2212; x_wconf 78' lang='lat' dir='ltr'><strong>Augustinus,</strong></span> 
     </span>
    </p>
   </div>
   <div class='ocr_carea' id='block_1_25' title="bbox 226 2231 1681 2309">
    <p class='ocr_par' dir='ltr' id='par_1_25' title="bbox 226 2231 1681 2309">
     <span class='ocr_line' id='line_1_25' title="bbox 226 2231 1681 2309; baseline -0.014 -6"><span class='ocrx_word' id='word_1_144' title='bbox 226 2258 275 2304; x_wconf 80' lang='lat' dir='ltr'><strong>et</strong></span> <span class='ocrx_word' id='word_1_145' title='bbox 298 2264 399 2302; x_wconf 71' lang='lat' dir='ltr'><strong>aut</strong></span> <span class='ocrx_word' id='word_1_146' title='bbox 423 2245 593 2301; x_wconf 64' lang='lat' dir='ltr'><strong>Fuluio</strong></span> <span class='ocrx_word' id='word_1_147' title='bbox 645 2243 785 2300; x_wconf 80' lang='lat' dir='ltr'><strong>sedet</strong></span> <span class='ocrx_word' id='word_1_148' title='bbox 826 2240 1165 2309; x_wconf 86' lang='lat' dir='ltr'><strong>coepiscopus.</strong></span> <span class='ocrx_word' id='word_1_149' title='bbox 1195 2236 1230 2291; x_wconf 72' lang='grc'><strong>4</strong></span> <span class='ocrx_word' id='word_1_150' title='bbox 1259 2233 1388 2305; x_wconf 81' lang='lat' dir='ltr'><strong>Ejus</strong></span> <span class='ocrx_word' id='word_1_151' title='bbox 1428 2231 1681 2288; x_wconf 86' lang='lat' dir='ltr'><strong>ordinatio</strong></span> 
     </span>
    </p>
   </div>
   <div class='ocr_carea' id='block_1_26' title="bbox 221 2322 1680 2412">
    <p class='ocr_par' dir='ltr' id='par_1_26' title="bbox 221 2322 1680 2412">
     <span class='ocr_line' id='line_1_26' title="bbox 221 2322 1680 2412; baseline -0.014 -17"><span class='ocrx_word' id='word_1_152' title='bbox 221 2344 477 2412; x_wconf 64' lang='lat' dir='ltr'><strong>factum</strong></span> <span class='ocrx_word' id='word_1_153' title='bbox 519 2335 722 2391; x_wconf 83' lang='lat' dir='ltr'><strong>Domini</strong></span> <span class='ocrx_word' id='word_1_154' title='bbox 760 2331 1101 2388; x_wconf 81' lang='lat' dir='ltr'><strong>trecentesimo</strong></span> <span class='ocrx_word' id='word_1_155' title='bbox 1141 2325 1464 2397; x_wconf 86' lang='lat' dir='ltr'><strong>nonagesimo</strong></span> <span class='ocrx_word' id='word_1_156' title='bbox 1505 2322 1680 2393; x_wconf 86' lang='lat' dir='ltr'><strong>quinto</strong></span> 
     </span>
    </p>
   </div>
   <div class='ocr_carea' id='block_1_27' title="bbox 217 2414 1683 2487">
    <p class='ocr_par' dir='ltr' id='par_1_27' title="bbox 217 2414 1683 2487">
     <span class='ocr_line' id='line_1_27' title="bbox 217 2414 1683 2487; baseline -0.015 1"><span class='ocrx_word' id='word_1_157' title='bbox 217 2440 411 2487; x_wconf 70' lang='lat' dir='ltr'><strong>excitate.</strong></span> <span class='ocrx_word' id='word_1_158' title='bbox 438 2430 471 2487; x_wconf 88' lang='lat'><strong>5</strong></span> <span class='ocrx_word' id='word_1_159' title='bbox 500 2427 731 2486; x_wconf 86' lang='lat' dir='ltr'><strong>Scribens</strong></span> <span class='ocrx_word' id='word_1_160' title='bbox 774 2425 844 2479; x_wconf 87' lang='lat' dir='ltr'><strong>ad</strong></span> <span class='ocrx_word' id='word_1_161' title='bbox 876 2422 1156 2478; x_wconf 85' lang='lat' dir='ltr'><strong>Paulinum</strong></span> <span class='ocrx_word' id='word_1_162' title='bbox 1179 2419 1242 2474; x_wconf 85' lang='lat' dir='ltr'><strong>de</strong></span> <span class='ocrx_word' id='word_1_163' title='bbox 1268 2435 1362 2474; x_wconf 89' lang='lat' dir='ltr'><strong>sua</strong></span> <span class='ocrx_word' id='word_1_164' title='bbox 1397 2433 1510 2471; x_wconf 85' lang='lat' dir='ltr'><strong>eum</strong></span> <span class='ocrx_word' id='word_1_165' title='bbox 1542 2414 1683 2469; x_wconf 89' lang='lat' dir='ltr'><strong>ordi-</strong></span> 
     </span>
    </p>
   </div>
   <div class='ocr_carea' id='block_1_28' title="bbox 216 2507 1680 2592">
    <p class='ocr_par' dir='ltr' id='par_1_28' title="bbox 216 2507 1680 2592">
     <span class='ocr_line' id='line_1_28' title="bbox 216 2507 1680 2592; baseline -0.014 -13"><span class='ocrx_word' id='word_1_166' title='bbox 216 2523 388 2578; x_wconf 71' lang='lat' dir='ltr'><strong>natione</strong></span> <span class='ocrx_word' id='word_1_167' title='bbox 419 2521 529 2592; x_wconf 82' lang='lat' dir='ltr'><strong>facit</strong></span> <span class='ocrx_word' id='word_1_168' title='bbox 568 2519 852 2575; x_wconf 85' lang='lat' dir='ltr'><strong>certiorem.</strong></span> <span class='ocrx_word' id='word_1_169' title='bbox 892 2513 928 2569; x_wconf 87' lang='lat'><strong><em>6</em></strong></span> <span class='ocrx_word' id='word_1_170' title='bbox 956 2512 1053 2567; x_wconf 89' lang='lat' dir='ltr'><strong>Hic</strong></span> <span class='ocrx_word' id='word_1_171' title='bbox 1087 2512 1151 2566; x_wconf 89' lang='lat' dir='ltr'><strong>de</strong></span> <span class='ocrx_word' id='word_1_172' title='bbox 1187 2510 1361 2565; x_wconf 84' lang='lat' dir='ltr'><strong>eadem</strong></span> <span class='ocrx_word' id='word_1_173' title='bbox 1388 2508 1456 2561; x_wconf 90' lang='lat' dir='ltr'><strong>ad</strong></span> <span class='ocrx_word' id='word_1_174' title='bbox 1488 2507 1680 2562; x_wconf 85' lang='lat' dir='ltr'><strong>Roma-</strong></span> 
     </span>
    </p>
   </div>
   <div class='ocr_carea' id='block_1_29' title="bbox 58 2604 1533 2683">
    <p class='ocr_par' dir='ltr' id='par_1_29' title="bbox 58 2604 1533 2683">
     <span class='ocr_line' id='line_1_29' title="bbox 58 2604 1533 2683; baseline -0.01 -12"><span class='ocrx_word' id='word_1_175' title='bbox 58 2604 63 2663; x_wconf 63' lang='grc' dir='ltr'><strong><em>ὲ</em></strong></span> <span class='ocrx_word' id='word_1_176' title='bbox 180 2642 185 2647; x_wconf 65' lang='grc' dir='ltr'><strong><em>ο</em></strong></span> <span class='ocrx_word' id='word_1_177' title='bbox 212 2616 391 2670; x_wconf 68' lang='lat' dir='ltr'><strong>nimm</strong></span> <span class='ocrx_word' id='word_1_178' title='bbox 407 2614 581 2677; x_wconf 78' lang='lat' dir='ltr'><strong>scribit,</strong></span> <span class='ocrx_word' id='word_1_179' title='bbox 613 2612 862 2683; x_wconf 84' lang='lat' dir='ltr'><strong>adjuncto</strong></span> <span class='ocrx_word' id='word_1_180' title='bbox 886 2606 1110 2662; x_wconf 86' lang='lat' dir='ltr'><strong>carmine</strong></span> <span class='ocrx_word' id='word_1_181' title='bbox 1135 2606 1203 2660; x_wconf 90' lang='lat' dir='ltr'><strong>ad</strong></span> <span class='ocrx_word' id='word_1_182' title='bbox 1230 2604 1533 2660; x_wconf 86' lang='lat' dir='ltr'><strong>Licentium.</strong></span> 
     </span>
    </p>
   </div>
   <div class='ocr_carea' id='block_1_30' title="bbox 211 2701 1673 2778">
    <p class='ocr_par' dir='ltr' id='par_1_30' title="bbox 211 2701 1673 2778">
     <span class='ocr_line' id='line_1_30' title="bbox 211 2701 1673 2778; baseline -0.01 -14"><span class='ocrx_word' id='word_1_183' title='bbox 211 2709 257 2764; x_wconf 78' lang='lat' dir='ltr'><strong>t.</strong></span> <span class='ocrx_word' id='word_1_184' title='bbox 278 2706 566 2778; x_wconf 84' lang='lat' dir='ltr'><strong>Augustinus</strong></span> <span class='ocrx_word' id='word_1_185' title='bbox 604 2701 911 2777; x_wconf 81' lang='lat' dir='ltr'><strong>presbyteri</strong></span> <span class='ocrx_word' id='word_1_186' title='bbox 935 2716 1157 2757; x_wconf 89' lang='lat' dir='ltr'><strong>munere</strong></span> <span class='ocrx_word' id='word_1_187' title='bbox 1184 2715 1353 2754; x_wconf 89' lang='lat' dir='ltr'><strong>annos</strong></span> <span class='ocrx_word' id='word_1_188' title='bbox 1383 2708 1673 2768; x_wconf 87' lang='lat' dir='ltr'><strong>prepemo-</strong></span> 
     </span>
    </p>
   </div>
   <div class='ocr_carea' id='block_1_31' title="bbox 151 2790 1671 2871">
    <p class='ocr_par' dir='ltr' id='par_1_31' title="bbox 151 2790 1671 2871">
     <span class='ocr_line' id='line_1_31' title="bbox 151 2790 1671 2871; baseline -0.012 -13"><span class='ocrx_word' id='word_1_189' title='bbox 151 2796 264 2857; x_wconf 80' lang='lat' dir='ltr'><strong>dum</strong></span> <span class='ocrx_word' id='word_1_190' title='bbox 293 2798 491 2871; x_wconf 76' lang='lat' dir='ltr'><strong>quinque</strong></span> <span class='ocrx_word' id='word_1_191' title='bbox 516 2797 675 2868; x_wconf 86' lang='lat' dir='ltr'><strong>digne</strong></span> <span class='ocrx_word' id='word_1_192' title='bbox 694 2794 1025 2867; x_wconf 81' lang='lat' dir='ltr'><strong>perfunctus,</strong></span> <span class='ocrx_word' id='word_1_193' title='bbox 1053 2791 1119 2847; x_wconf 88' lang='lat' dir='ltr'><strong>ad</strong></span> <span class='ocrx_word' id='word_1_194' title='bbox 1157 2790 1521 2860; x_wconf 86' lang='lat' dir='ltr'><strong>episcopatum</strong></span> <span class='ocrx_word' id='word_1_195' title='bbox 1552 2802 1671 2855; x_wconf 53' lang='lat' dir='ltr'><strong>pro.</strong></span> 
     </span>
    </p>
   </div>
   <div class='ocr_carea' id='block_1_32' title="bbox 152 2878 1678 2957">
    <p class='ocr_par' dir='ltr' id='par_1_32' title="bbox 152 2878 1678 2957">
     <span class='ocr_line' id='line_1_32' title="bbox 152 2878 1678 2957; baseline -0.009 -11"><span class='ocrx_word' id='word_1_196' title='bbox 152 2888 336 2946; x_wconf 71' lang='lat' dir='ltr'><strong>vehitur</strong></span> <span class='ocrx_word' id='word_1_197' title='bbox 349 2906 462 2946; x_wconf 83' lang='lat' dir='ltr'><strong>anno</strong></span> <span class='ocrx_word' id='word_1_198' title='bbox 485 2890 657 2945; x_wconf 69' lang='lat' dir='ltr'><strong>aetatis</strong></span> <span class='ocrx_word' id='word_1_199' title='bbox 675 2903 786 2944; x_wconf 76' lang='lat' dir='ltr'><strong>sua:</strong></span> <span class='ocrx_word' id='word_1_200' title='bbox 813 2884 1225 2957; x_wconf 80' lang='lat' dir='ltr'><strong>quadragesimo</strong></span> <span class='ocrx_word' id='word_1_201' title='bbox 1237 2883 1421 2953; x_wconf 80' lang='lat' dir='ltr'><strong>quinto</strong></span> <span class='ocrx_word' id='word_1_202' title='bbox 1438 2878 1678 2950; x_wconf 78' lang='lat' dir='ltr'><strong>proxime</strong></span> 
     </span>
    </p>
   </div>
   <div class='ocr_carea' id='block_1_33' title="bbox 152 2954 1675 3041">
    <p class='ocr_par' dir='ltr' id='par_1_33' title="bbox 152 2954 1675 3041">
     <span class='ocr_line' id='line_1_33' title="bbox 152 2954 1675 3041; baseline -0.009 -5"><span class='ocrx_word' id='word_1_203' title='bbox 152 2979 377 3037; x_wconf 80' lang='lat' dir='ltr'><strong>inchoato.</strong></span> <span class='ocrx_word' id='word_1_204' title='bbox 399 2980 540 3036; x_wconf 80' lang='lat' dir='ltr'><strong>Hunc</strong></span> <span class='ocrx_word' id='word_1_205' title='bbox 553 2979 813 3035; x_wconf 83' lang='lat' dir='ltr'><strong>honorem</strong></span> <span class='ocrx_word' id='word_1_206' title='bbox 830 2954 1056 3032; x_wconf 61' lang='lat' dir='ltr'><strong>sanctus</strong></span> <span class='ocrx_word' id='word_1_207' title='bbox 1076 2975 1165 3029; x_wconf 90' lang='lat' dir='ltr'><strong>ille</strong></span> <span class='ocrx_word' id='word_1_208' title='bbox 1190 2954 1273 3028; x_wconf 89' lang='lat' dir='ltr'><strong>vir</strong></span> <span class='ocrx_word' id='word_1_209' title='bbox 1290 2972 1391 3028; x_wconf 91' lang='lat' dir='ltr'><strong>sibi</strong></span> <span class='ocrx_word' id='word_1_210' title='bbox 1415 2973 1529 3041; x_wconf 89' lang='lat' dir='ltr'><strong>ipse</strong></span> <span class='ocrx_word' id='word_1_211' title='bbox 1568 2985 1675 3024; x_wconf 92' lang='lat' dir='ltr'><strong>non</strong></span> 
     </span>
    </p>
   </div>
   <div class='ocr_carea' id='block_1_34' title="bbox 152 3062 1675 3141">
    <p class='ocr_par' dir='ltr' id='par_1_34' title="bbox 152 3062 1675 3141">
     <span class='ocr_line' id='line_1_34' title="bbox 152 3062 1675 3141; baseline -0.007 -14"><span class='ocrx_word' id='word_1_212' title='bbox 152 3073 338 3141; x_wconf 70' lang='lat' dir='ltr'><strong>mnsit</strong></span> <span class='ocrx_word' id='word_1_213' title='bbox 359 3091 373 3129; x_wconf 91' lang='lat'><strong>:</strong></span> <span class='ocrx_word' id='word_1_214' title='bbox 398 3072 483 3128; x_wconf 87' lang='lat' dir='ltr'><strong>sed</strong></span> <span class='ocrx_word' id='word_1_215' title='bbox 510 3072 649 3127; x_wconf 85' lang='lat' dir='ltr'><strong>hanc</strong></span> <span class='ocrx_word' id='word_1_216' title='bbox 668 3071 764 3127; x_wconf 88' lang='lat' dir='ltr'><strong>Dei</strong></span> <span class='ocrx_word' id='word_1_217' title='bbox 784 3084 990 3134; x_wconf 89' lang='lat' dir='ltr'><strong>curam,</strong></span> <span class='ocrx_word' id='word_1_218' title='bbox 1017 3066 1092 3122; x_wconf 91' lang='lat' dir='ltr'><strong>ait</strong></span> <span class='ocrx_word' id='word_1_219' title='bbox 1119 3065 1387 3127; x_wconf 87' lang='lat' dir='ltr'><strong>Paulinus,</strong></span> <span class='ocrx_word' id='word_1_220' title='bbox 1414 3062 1675 3118; x_wconf 69' lang='lat' dir='ltr'><strong>Africana:</strong></span> 
     </span>
    </p>
   </div>
   <div class='ocr_carea' id='block_1_35' title="bbox 154 3155 1675 3227">
    <p class='ocr_par' dir='ltr' id='par_1_35' title="bbox 154 3155 1675 3227">
     <span class='ocr_line' id='line_1_35' title="bbox 154 3155 1675 3227; baseline -0.007 -8"><span class='ocrx_word' id='word_1_221' title='bbox 154 3160 362 3218; x_wconf 73' lang='lat' dir='ltr'><strong>Ecclesia:</strong></span> <span class='ocrx_word' id='word_1_222' title='bbox 380 3170 700 3227; x_wconf 77' lang='lat' dir='ltr'><strong>memorant,</strong></span> <span class='ocrx_word' id='word_1_223' title='bbox 744 3170 808 3216; x_wconf 89' lang='lat' dir='ltr'><strong>ut</strong></span> <span class='ocrx_word' id='word_1_224' title='bbox 826 3160 987 3216; x_wconf 88' lang='lat' dir='ltr'><strong>verba</strong></span> <span class='ocrx_word' id='word_1_225' title='bbox 1012 3157 1249 3213; x_wconf 78' lang='lat' dir='ltr'><strong>coelestia</strong></span> <span class='ocrx_word' id='word_1_226' title='bbox 1276 3155 1553 3225; x_wconf 81' lang='lat' dir='ltr'><strong>Augustini</strong></span> <span class='ocrx_word' id='word_1_227' title='bbox 1579 3168 1675 3208; x_wconf 90' lang='lat' dir='ltr'><strong>ore</strong></span> 
     </span>
    </p>
   </div>
   <div class='ocr_carea' id='block_1_36' title="bbox 152 3245 1674 3326">
    <p class='ocr_par' dir='ltr' id='par_1_36' title="bbox 152 3245 1674 3326">
     <span class='ocr_line' id='line_1_36' title="bbox 152 3245 1674 3326; baseline -0.009 -13"><span class='ocrx_word' id='word_1_228' title='bbox 152 3255 427 3325; x_wconf 75' lang='lat' dir='ltr'><strong>perciperent</strong></span> <span class='ocrx_word' id='word_1_229' title='bbox 454 3253 649 3326; x_wconf 81' lang='lat' dir='ltr'><strong>(Epist.</strong></span> <span class='ocrx_word' id='word_1_230' title='bbox 704 3253 796 3318; x_wconf 79' lang='lat'><strong>32,</strong></span> <span class='ocrx_word' id='word_1_231' title='bbox 833 3269 886 3305; x_wconf 83' lang='grc' dir='ltr'><strong>η.</strong></span> <span class='ocrx_word' id='word_1_232' title='bbox 916 3250 1006 3320; x_wconf 92' lang='lat'><strong>2).</strong></span> <span class='ocrx_word' id='word_1_233' title='bbox 1036 3247 1094 3303; x_wconf 90' lang='lat' dir='ltr'><strong>1d</strong></span> <span class='ocrx_word' id='word_1_234' title='bbox 1138 3247 1379 3304; x_wconf 84' lang='lat' dir='ltr'><strong>beneﬁcii</strong></span> <span class='ocrx_word' id='word_1_235' title='bbox 1424 3245 1674 3299; x_wconf 85' lang='lat' dir='ltr'><strong>divinitus</strong></span> 
     </span>
    </p>
   </div>
   <div class='ocr_carea' id='block_1_37' title="bbox 150 3335 1674 3416">
    <p class='ocr_par' dir='ltr' id='par_1_37' title="bbox 150 3335 1674 3416">
     <span class='ocr_line' id='line_1_37' title="bbox 150 3335 1674 3416; baseline -0.007 -17"><span class='ocrx_word' id='word_1_236' title='bbox 150 3343 353 3400; x_wconf 80' lang='lat' dir='ltr'><strong>collatum</strong></span> <span class='ocrx_word' id='word_1_237' title='bbox 372 3353 451 3402; x_wconf 87' lang='lat' dir='ltr'><strong>est</strong></span> <span class='ocrx_word' id='word_1_238' title='bbox 477 3345 590 3416; x_wconf 82' lang='lat' dir='ltr'><strong>paci</strong></span> <span class='ocrx_word' id='word_1_239' title='bbox 620 3351 677 3401; x_wconf 89' lang='lat' dir='ltr'><strong>et</strong></span> <span class='ocrx_word' id='word_1_240' title='bbox 699 3341 918 3414; x_wconf 89' lang='lat' dir='ltr'><strong>puritati</strong></span> <span class='ocrx_word' id='word_1_241' title='bbox 943 3339 1121 3396; x_wconf 88' lang='lat' dir='ltr'><strong>cordis</strong></span> <span class='ocrx_word' id='word_1_242' title='bbox 1148 3338 1288 3395; x_wconf 88' lang='lat' dir='ltr'><strong>beati</strong></span> <span class='ocrx_word' id='word_1_243' title='bbox 1313 3335 1509 3392; x_wconf 81' lang='lat' dir='ltr'><strong>Valerii</strong></span> <span class='ocrx_word' id='word_1_244' title='bbox 1535 3335 1674 3390; x_wconf 90' lang='lat' dir='ltr'><strong>anti-</strong></span> 
     </span>
    </p>
   </div>
   <div class='ocr_carea' id='block_1_38' title="bbox 143 3426 1673 3505">
    <p class='ocr_par' dir='ltr' id='par_1_38' title="bbox 143 3426 1673 3505">
     <span class='ocr_line' id='line_1_38' title="bbox 143 3426 1673 3505; baseline -0.007 -15"><span class='ocrx_word' id='word_1_245' title='bbox 143 3433 276 3499; x_wconf 81' lang='lat' dir='ltr'><strong>stitis,</strong></span> <span class='ocrx_word' id='word_1_246' title='bbox 316 3436 392 3505; x_wconf 87' lang='lat' dir='ltr'><strong>qui</strong></span> <span class='ocrx_word' id='word_1_247' title='bbox 434 3449 539 3490; x_wconf 86' lang='lat' dir='ltr'><strong>non</strong></span> <span class='ocrx_word' id='word_1_248' title='bbox 573 3433 737 3489; x_wconf 89' lang='lat' dir='ltr'><strong>modo</strong></span> <span class='ocrx_word' id='word_1_249' title='bbox 761 3433 909 3487; x_wconf 90' lang='lat' dir='ltr'><strong>nullo</strong></span> <span class='ocrx_word' id='word_1_250' title='bbox 949 3431 1002 3486; x_wconf 91' lang='lat' dir='ltr'><strong>in</strong></span> <span class='ocrx_word' id='word_1_251' title='bbox 1034 3445 1154 3486; x_wconf 90' lang='lat' dir='ltr'><strong>cum</strong></span> <span class='ocrx_word' id='word_1_252' title='bbox 1195 3428 1407 3484; x_wconf 69' lang='lat' dir='ltr'><strong>invidia:</strong></span> <span class='ocrx_word' id='word_1_253' title='bbox 1455 3426 1673 3483; x_wconf 90' lang='lat' dir='ltr'><strong>stimulo</strong></span> 
     </span>
    </p>
   </div>
   <div class='ocr_carea' id='block_1_39' title="bbox 142 3518 1673 3597">
    <p class='ocr_par' dir='ltr' id='par_1_39' title="bbox 142 3518 1673 3597">
     <span class='ocr_line' id='line_1_39' title="bbox 142 3518 1673 3597; baseline -0.008 -13"><span class='ocrx_word' id='word_1_254' title='bbox 142 3526 443 3597; x_wconf 73' lang='lat' dir='ltr'><strong>pungebatur,</strong></span> <span class='ocrx_word' id='word_1_255' title='bbox 492 3525 587 3582; x_wconf 86' lang='lat' dir='ltr'><strong>sed</strong></span> <span class='ocrx_word' id='word_1_256' title='bbox 624 3526 785 3580; x_wconf 90' lang='lat' dir='ltr'><strong>etiam</strong></span> <span class='ocrx_word' id='word_1_257' title='bbox 811 3532 979 3594; x_wconf 76' lang='lat' dir='ltr'><strong>parta:</strong></span> <span class='ocrx_word' id='word_1_258' title='bbox 1006 3537 1037 3576; x_wconf 92' lang='lat' dir='ltr'><strong>a</strong></span> <span class='ocrx_word' id='word_1_259' title='bbox 1068 3520 1387 3592; x_wconf 79' lang='lat' dir='ltr'><strong>Presbytero</strong></span> <span class='ocrx_word' id='word_1_260' title='bbox 1430 3533 1528 3574; x_wconf 90' lang='lat' dir='ltr'><strong>suo</strong></span> <span class='ocrx_word' id='word_1_261' title='bbox 1555 3518 1673 3588; x_wconf 84' lang='lat' dir='ltr'><strong>glo-</strong></span> 
     </span>
    </p>
   </div>
   <div class='ocr_carea' id='block_1_40' title="bbox 136 3610 1675 3687">
    <p class='ocr_par' dir='ltr' id='par_1_40' title="bbox 136 3610 1675 3687">
     <span class='ocr_line' id='line_1_40' title="bbox 136 3610 1675 3687; baseline -0.006 -15"><span class='ocrx_word' id='word_1_262' title='bbox 136 3616 529 3687; x_wconf 67' lang='lat' dir='ltr'><strong>rizpratcaiteris</strong></span> <span class='ocrx_word' id='word_1_263' title='bbox 542 3617 820 3674; x_wconf 78' lang='lat' dir='ltr'><strong>exsultans</strong></span> <span class='ocrx_word' id='word_1_264' title='bbox 831 3612 1193 3687; x_wconf 75' lang='lat' dir='ltr'><strong>gratulabatur</strong></span> <span class='ocrx_word' id='word_1_265' title='bbox 1213 3610 1466 3683; x_wconf 88' lang='lat' dir='ltr'><strong>(Possid.,</strong></span> <span class='ocrx_word' id='word_1_266' title='bbox 1484 3613 1537 3665; x_wconf 88' lang='lat' dir='ltr'><strong>in</strong></span> <span class='ocrx_word' id='word_1_267' title='bbox 1557 3610 1675 3664; x_wconf 83' lang='lat' dir='ltr'><strong>Vita</strong></span> 
     </span>
    </p>
   </div>
   <div class='ocr_carea' id='block_1_41' title="bbox 133 3702 1671 3781">
    <p class='ocr_par' dir='ltr' id='par_1_41' title="bbox 133 3702 1671 3781">
     <span class='ocr_line' id='line_1_41' title="bbox 133 3702 1671 3781; baseline -0.007 -15"><span class='ocrx_word' id='word_1_268' title='bbox 133 3706 354 3779; x_wconf 62' lang='grc' dir='ltr'><strong>Διραη</strong></span> <span class='ocrx_word' id='word_1_269' title='bbox 389 3726 436 3764; x_wconf 83' lang='lat' dir='ltr'><strong>c.</strong></span> <span class='ocrx_word' id='word_1_270' title='bbox 469 3709 559 3781; x_wconf 87' lang='lat'><strong>8).</strong></span> <span class='ocrx_word' id='word_1_271' title='bbox 611 3708 707 3764; x_wconf 86' lang='lat' dir='ltr'><strong>Ille</strong></span> <span class='ocrx_word' id='word_1_272' title='bbox 748 3707 861 3778; x_wconf 89' lang='lat' dir='ltr'><strong>ipse</strong></span> <span class='ocrx_word' id='word_1_273' title='bbox 902 3705 1254 3774; x_wconf 82' lang='lat' dir='ltr'><strong>Augustinum</strong></span> <span class='ocrx_word' id='word_1_274' title='bbox 1303 3702 1671 3774; x_wconf 85' lang='lat' dir='ltr'><strong>presbyterum</strong></span> 
     </span>
    </p>
   </div>
   <div class='ocr_carea' id='block_1_42' title="bbox 128 3792 1671 3871">
    <p class='ocr_par' dir='ltr' id='par_1_42' title="bbox 128 3792 1671 3871">
     <span class='ocr_line' id='line_1_42' title="bbox 128 3792 1671 3871; baseline -0.005 -16"><span class='ocrx_word' id='word_1_275' title='bbox 128 3796 247 3855; x_wconf 65' lang='grc' dir='ltr'><strong>ωτι</strong></span> <span class='ocrx_word' id='word_1_276' title='bbox 270 3814 327 3856; x_wconf 87' lang='lat' dir='ltr'><strong>se</strong></span> <span class='ocrx_word' id='word_1_277' title='bbox 349 3815 446 3857; x_wconf 88' lang='lat' dir='ltr'><strong>non</strong></span> <span class='ocrx_word' id='word_1_278' title='bbox 488 3813 677 3871; x_wconf 87' lang='lat' dir='ltr'><strong>passus</strong></span> <span class='ocrx_word' id='word_1_279' title='bbox 705 3840 721 3866; x_wconf 95' lang='lat'><strong>,</strong></span> <span class='ocrx_word' id='word_1_280' title='bbox 745 3813 900 3853; x_wconf 90' lang='lat' dir='ltr'><strong>suum</strong></span> <span class='ocrx_word' id='word_1_281' title='bbox 931 3797 1044 3852; x_wconf 87' lang='lat' dir='ltr'><strong>fieri</strong></span> <span class='ocrx_word' id='word_1_282' title='bbox 1075 3795 1331 3865; x_wconf 83' lang='lat' dir='ltr'><strong>collegam</strong></span> <span class='ocrx_word' id='word_1_283' title='bbox 1355 3837 1369 3861; x_wconf 93' lang='lat'><strong>,</strong></span> <span class='ocrx_word' id='word_1_284' title='bbox 1402 3802 1458 3849; x_wconf 92' lang='lat' dir='ltr'><strong>et</strong></span> <span class='ocrx_word' id='word_1_285' title='bbox 1486 3792 1671 3864; x_wconf 89' lang='lat' dir='ltr'><strong>coepi-</strong></span> 
     </span>
    </p>
   </div>
   <div class='ocr_carea' id='block_1_43' title="bbox 124 3886 1669 3962">
    <p class='ocr_par' dir='ltr' id='par_1_43' title="bbox 124 3886 1669 3962">
     <span class='ocr_line' id='line_1_43' title="bbox 124 3886 1669 3962; baseline -0.003 -14"><span class='ocrx_word' id='word_1_286' title='bbox 124 3898 343 3962; x_wconf 60' lang='lat' dir='ltr'><strong>uenatus</strong></span> <span class='ocrx_word' id='word_1_287' title='bbox 362 3894 620 3950; x_wconf 76' lang='lat' dir='ltr'><strong>sarcinam</strong></span> <span class='ocrx_word' id='word_1_288' title='bbox 645 3890 826 3947; x_wconf 83' lang='lat' dir='ltr'><strong>subire</strong></span> <span class='ocrx_word' id='word_1_289' title='bbox 848 3888 1105 3958; x_wconf 89' lang='lat' dir='ltr'><strong>compulit</strong></span> <span class='ocrx_word' id='word_1_290' title='bbox 1135 3888 1339 3960; x_wconf 83' lang='lat' dir='ltr'><strong>(Epist.</strong></span> <span class='ocrx_word' id='word_1_291' title='bbox 1374 3888 1463 3955; x_wconf 77' lang='lat' dir='ltr'><strong>5i,</strong></span> <span class='ocrx_word' id='word_1_292' title='bbox 1496 3905 1547 3942; x_wconf 86' lang='grc' dir='ltr'><strong>η.</strong></span> <span class='ocrx_word' id='word_1_293' title='bbox 1577 3886 1669 3958; x_wconf 72' lang='grc'><strong>4).</strong></span> 
     </span>
    </p>
   </div>
   <div class='ocr_carea' id='block_1_44' title="bbox 122 3977 1672 4056">
    <p class='ocr_par' dir='ltr' id='par_1_44' title="bbox 122 3977 1672 4056">
     <span class='ocr_line' id='line_1_44' title="bbox 122 3977 1672 4056; baseline -0.002 -19"><span class='ocrx_word' id='word_1_294' title='bbox 122 3977 331 4039; x_wconf 71' lang='lat' dir='ltr'><strong>Primum</strong></span> <span class='ocrx_word' id='word_1_295' title='bbox 351 3984 560 4056; x_wconf 84' lang='lat' dir='ltr'><strong>quidem</strong></span> <span class='ocrx_word' id='word_1_296' title='bbox 588 3983 643 4039; x_wconf 91' lang='lat' dir='ltr'><strong>id</strong></span> <span class='ocrx_word' id='word_1_297' title='bbox 662 3984 838 4040; x_wconf 89' lang='lat' dir='ltr'><strong>solum</strong></span> <span class='ocrx_word' id='word_1_298' title='bbox 867 3981 1140 4052; x_wconf 87' lang='lat' dir='ltr'><strong>satagebat</strong></span> <span class='ocrx_word' id='word_1_299' title='bbox 1164 3990 1324 4051; x_wconf 88' lang='lat' dir='ltr'><strong>atque</strong></span> <span class='ocrx_word' id='word_1_300' title='bbox 1351 3981 1672 4050; x_wconf 89' lang='lat' dir='ltr'><strong>suppliciter</strong></span> 
     </span>
    </p>
   </div>
   <div class='ocr_carea' id='block_1_45' title="bbox 120 4071 1672 4145">
    <p class='ocr_par' dir='ltr' id='par_1_45' title="bbox 120 4071 1672 4145">
     <span class='ocr_line' id='line_1_45' title="bbox 120 4071 1672 4145; baseline -0.003 -16"><span class='ocrx_word' id='word_1_301' title='bbox 120 4083 149 4124; x_wconf 73' lang='lat' dir='ltr'><strong>a</strong></span> <span class='ocrx_word' id='word_1_302' title='bbox 169 4071 267 4129; x_wconf 82' lang='lat' dir='ltr'><strong>Deo</strong></span> <span class='ocrx_word' id='word_1_303' title='bbox 286 4073 563 4145; x_wconf 80' lang='lat' dir='ltr'><strong>ﬂagitabat,</strong></span> <span class='ocrx_word' id='word_1_304' title='bbox 591 4084 652 4130; x_wconf 91' lang='lat' dir='ltr'><strong>ut</strong></span> <span class='ocrx_word' id='word_1_305' title='bbox 670 4073 1024 4144; x_wconf 84' lang='lat' dir='ltr'><strong>Augustinum</strong></span> <span class='ocrx_word' id='word_1_306' title='bbox 1042 4072 1266 4127; x_wconf 84' lang='lat' dir='ltr'><strong>haberet</strong></span> <span class='ocrx_word' id='word_1_307' title='bbox 1285 4071 1569 4127; x_wconf 81' lang='lat' dir='ltr'><strong>sacerdotii</strong></span> <span class='ocrx_word' id='word_1_308' title='bbox 1590 4072 1672 4127; x_wconf 89' lang='lat' dir='ltr'><strong>sui</strong></span> 
     </span>
    </p>
   </div>
   <div class='ocr_carea' id='block_1_46' title="bbox 124 4164 1673 4239">
    <p class='ocr_par' dir='ltr' id='par_1_46' title="bbox 124 4164 1673 4239">
     <span class='ocr_line' id='line_1_46' title="bbox 124 4164 1673 4239; baseline 0 -20"><span class='ocrx_word' id='word_1_309' title='bbox 124 4174 450 4223; x_wconf 54' lang='lat' dir='ltr'><strong>“messorem</strong></span> <span class='ocrx_word' id='word_1_310' title='bbox 492 4166 696 4239; x_wconf 87' lang='lat' dir='ltr'><strong>(Epist.</strong></span> <span class='ocrx_word' id='word_1_311' title='bbox 739 4166 827 4230; x_wconf 76' lang='lat'><strong>52,</strong></span> <span class='ocrx_word' id='word_1_312' title='bbox 878 4183 932 4221; x_wconf 90' lang='lat' dir='ltr'><strong>n.</strong></span> <span class='ocrx_word' id='word_1_313' title='bbox 959 4165 1073 4236; x_wconf 89' lang='lat'><strong>2):</strong></span> <span class='ocrx_word' id='word_1_314' title='bbox 1104 4164 1199 4220; x_wconf 89' lang='lat' dir='ltr'><strong>sed</strong></span> <span class='ocrx_word' id='word_1_315' title='bbox 1236 4181 1356 4220; x_wconf 90' lang='lat' dir='ltr'><strong>cum</strong></span> <span class='ocrx_word' id='word_1_316' title='bbox 1387 4165 1553 4220; x_wconf 85' lang='lat' dir='ltr'><strong>semel</strong></span> <span class='ocrx_word' id='word_1_317' title='bbox 1594 4166 1673 4220; x_wconf 90' lang='lat' dir='ltr'><strong>vi-</strong></span> 
     </span>
    </p>
   </div>
   <div class='ocr_carea' id='block_1_47' title="bbox 127 4253 1668 4332">
    <p class='ocr_par' dir='ltr' id='par_1_47' title="bbox 127 4253 1668 4332">
     <span class='ocr_line' id='line_1_47' title="bbox 127 4253 1668 4332; baseline -0.002 -18"><span class='ocrx_word' id='word_1_318' title='bbox 127 4253 288 4325; x_wconf 60' lang='grc' dir='ltr'><strong>ω,</strong></span> <span class='ocrx_word' id='word_1_319' title='bbox 307 4275 424 4317; x_wconf 88' lang='lat' dir='ltr'><strong>eum</strong></span> <span class='ocrx_word' id='word_1_320' title='bbox 446 4261 544 4317; x_wconf 88' lang='lat' dir='ltr'><strong>sibi</strong></span> <span class='ocrx_word' id='word_1_321' title='bbox 589 4258 973 4332; x_wconf 86' lang='lat' dir='ltr'><strong>propemodum</strong></span> <span class='ocrx_word' id='word_1_322' title='bbox 1003 4258 1236 4313; x_wconf 89' lang='lat' dir='ltr'><strong>ablatum</strong></span> <span class='ocrx_word' id='word_1_323' title='bbox 1267 4272 1407 4322; x_wconf 88' lang='lat' dir='ltr'><strong>esse,</strong></span> <span class='ocrx_word' id='word_1_324' title='bbox 1443 4267 1498 4310; x_wconf 91' lang='lat' dir='ltr'><strong>ut</strong></span> <span class='ocrx_word' id='word_1_325' title='bbox 1517 4257 1668 4312; x_wconf 86' lang='lat' dir='ltr'><strong>alteri</strong></span> 
     </span>
    </p>
   </div>
   <div class='ocr_carea' id='block_1_48' title="bbox 126 4343 1670 4423">
    <p class='ocr_par' dir='ltr' id='par_1_48' title="bbox 126 4343 1670 4423">
     <span class='ocr_line' id='line_1_48' title="bbox 126 4343 1670 4423; baseline -0.001 -18"><span class='ocrx_word' id='word_1_326' title='bbox 126 4343 349 4407; x_wconf 64' lang='lat' dir='ltr'><strong>Ecclesia</strong></span> <span class='ocrx_word' id='word_1_327' title='bbox 386 4353 781 4423; x_wconf 64' lang='lat' dir='ltr'><strong>preliceretur;</strong></span> <span class='ocrx_word' id='word_1_328' title='bbox 822 4365 985 4423; x_wconf 82' lang='lat' dir='ltr'><strong>seque</strong></span> <span class='ocrx_word' id='word_1_329' title='bbox 1013 4350 1173 4405; x_wconf 89' lang='lat' dir='ltr'><strong>etiam</strong></span> <span class='ocrx_word' id='word_1_330' title='bbox 1210 4351 1417 4405; x_wconf 81' lang='lat' dir='ltr'><strong>inﬁrma</strong></span> <span class='ocrx_word' id='word_1_331' title='bbox 1465 4351 1670 4405; x_wconf 90' lang='lat' dir='ltr'><strong>valetu-</strong></span> 
     </span>
    </p>
   </div>
   <div class='ocr_carea' id='block_1_49' title="bbox 120 4434 1670 4516">
    <p class='ocr_par' dir='ltr' id='par_1_49' title="bbox 120 4434 1670 4516">
     <span class='ocr_line' id='line_1_49' title="bbox 120 4434 1670 4516; baseline 0.001 -20"><span class='ocrx_word' id='word_1_332' title='bbox 120 4434 227 4497; x_wconf 73' lang='lat' dir='ltr'><strong>dine</strong></span> <span class='ocrx_word' id='word_1_333' title='bbox 245 4441 527 4515; x_wconf 70' lang='lat' dir='ltr'><strong>aﬂectaque</strong></span> <span class='ocrx_word' id='word_1_334' title='bbox 554 4445 668 4516; x_wconf 87' lang='lat' dir='ltr'><strong>jam</strong></span> <span class='ocrx_word' id='word_1_335' title='bbox 692 4452 851 4500; x_wconf 63' lang='lat' dir='ltr'><strong>{etate</strong></span> <span class='ocrx_word' id='word_1_336' title='bbox 867 4484 882 4508; x_wconf 96' lang='lat'><strong>,</strong></span> <span class='ocrx_word' id='word_1_337' title='bbox 907 4443 973 4498; x_wconf 90' lang='lat' dir='ltr'><strong>ad</strong></span> <span class='ocrx_word' id='word_1_338' title='bbox 997 4458 1131 4497; x_wconf 91' lang='lat' dir='ltr'><strong>onus</strong></span> <span class='ocrx_word' id='word_1_339' title='bbox 1159 4443 1464 4514; x_wconf 89' lang='lat' dir='ltr'><strong>episcopale</strong></span> <span class='ocrx_word' id='word_1_340' title='bbox 1508 4443 1670 4499; x_wconf 89' lang='lat' dir='ltr'><strong>susti-</strong></span> 
     </span>
    </p>
   </div>
   <div class='ocr_carea' id='block_1_50' title="bbox 123 4533 1673 4608">
    <p class='ocr_par' dir='ltr' id='par_1_50' title="bbox 123 4533 1673 4608">
     <span class='ocr_line' id='line_1_50' title="bbox 123 4533 1673 4608; baseline -0.002 -16"><span class='ocrx_word' id='word_1_341' title='bbox 123 4533 328 4591; x_wconf 66' lang='lat' dir='ltr'><strong>nendum</strong></span> <span class='ocrx_word' id='word_1_342' title='bbox 350 4537 560 4595; x_wconf 80' lang='lat' dir='ltr'><strong>alterius</strong></span> <span class='ocrx_word' id='word_1_343' title='bbox 610 4537 849 4608; x_wconf 87' lang='lat' dir='ltr'><strong>indigere</strong></span> <span class='ocrx_word' id='word_1_344' title='bbox 892 4536 1161 4602; x_wconf 88' lang='lat' dir='ltr'><strong>subsidio;</strong></span> <span class='ocrx_word' id='word_1_345' title='bbox 1192 4537 1413 4593; x_wconf 88' lang='lat' dir='ltr'><strong>secretis</strong></span> <span class='ocrx_word' id='word_1_346' title='bbox 1437 4537 1545 4607; x_wconf 88' lang='lat' dir='ltr'><strong>egit</strong></span> <span class='ocrx_word' id='word_1_347' title='bbox 1586 4536 1673 4590; x_wconf 87' lang='lat' dir='ltr'><strong>lit-</strong></span> 
     </span>
    </p>
   </div>
   <div class='ocr_carea' id='block_1_51' title="bbox 128 4625 1674 4701">
    <p class='ocr_par' dir='ltr' id='par_1_51' title="bbox 128 4625 1674 4701">
     <span class='ocr_line' id='line_1_51' title="bbox 128 4625 1674 4701; baseline -0.004 -12"><span class='ocrx_word' id='word_1_348' title='bbox 128 4625 249 4682; x_wconf 61' lang='grc' dir='ltr'><strong>ἰαὶ</strong></span> <span class='ocrx_word' id='word_1_349' title='bbox 283 4631 404 4699; x_wconf 66' lang='grc' dir='ltr'><strong>ιμιὰ</strong></span> <span class='ocrx_word' id='word_1_350' title='bbox 426 4631 701 4688; x_wconf 86' lang='lat' dir='ltr'><strong>Aurelium</strong></span> <span class='ocrx_word' id='word_1_351' title='bbox 741 4630 1048 4701; x_wconf 88' lang='lat' dir='ltr'><strong>episcopum</strong></span> <span class='ocrx_word' id='word_1_352' title='bbox 1076 4628 1567 4700; x_wconf 88' lang='lat' dir='ltr'><strong>Carthaginensem,</strong></span> <span class='ocrx_word' id='word_1_353' title='bbox 1614 4636 1674 4683; x_wconf 92' lang='lat' dir='ltr'><strong>ut</strong></span> 
     </span>
    </p>
   </div>
   <div class='ocr_carea' id='block_1_52' title="bbox 126 4713 1670 4791">
    <p class='ocr_par' dir='ltr' id='par_1_52' title="bbox 126 4713 1670 4791">
     <span class='ocr_line' id='line_1_52' title="bbox 126 4713 1670 4791; baseline 0.001 -21"><span class='ocrx_word' id='word_1_354' title='bbox 126 4713 415 4789; x_wconf 75' lang='lat' dir='ltr'><strong>Augustinus</strong></span> <span class='ocrx_word' id='word_1_355' title='bbox 438 4721 779 4778; x_wconf 83' lang='lat' dir='ltr'><strong>ordinaretur</strong></span> <span class='ocrx_word' id='word_1_356' title='bbox 804 4721 1113 4791; x_wconf 87' lang='lat' dir='ltr'><strong>episcopus,</strong></span> <span class='ocrx_word' id='word_1_357' title='bbox 1143 4719 1231 4789; x_wconf 92' lang='lat' dir='ltr'><strong>qui</strong></span> <span class='ocrx_word' id='word_1_358' title='bbox 1259 4719 1360 4773; x_wconf 90' lang='lat' dir='ltr'><strong>sibi</strong></span> <span class='ocrx_word' id='word_1_359' title='bbox 1391 4718 1443 4772; x_wconf 92' lang='lat' dir='ltr'><strong>in</strong></span> <span class='ocrx_word' id='word_1_360' title='bbox 1469 4717 1670 4787; x_wconf 88' lang='lat' dir='ltr'><strong>Hippo-</strong></span> 
     </span>
    </p>
   </div>
   <div class='ocr_carea' id='block_1_53' title="bbox 122 4807 1673 4879">
    <p class='ocr_par' dir='ltr' id='par_1_53' title="bbox 122 4807 1673 4879">
     <span class='ocr_line' id='line_1_53' title="bbox 122 4807 1673 4879; baseline -0.005 -10"><span class='ocrx_word' id='word_1_361' title='bbox 122 4807 258 4863; x_wconf 67' lang='grc' dir='ltr'><strong>παισὶ</strong></span> <span class='ocrx_word' id='word_1_362' title='bbox 283 4811 517 4870; x_wconf 68' lang='lat' dir='ltr'><strong>athedra</strong></span> <span class='ocrx_word' id='word_1_363' title='bbox 564 4827 673 4868; x_wconf 89' lang='lat' dir='ltr'><strong>non</strong></span> <span class='ocrx_word' id='word_1_364' title='bbox 703 4821 810 4867; x_wconf 86' lang='lat' dir='ltr'><strong>tam</strong></span> <span class='ocrx_word' id='word_1_365' title='bbox 838 4810 1168 4876; x_wconf 82' lang='lat' dir='ltr'><strong>succederet,</strong></span> <span class='ocrx_word' id='word_1_366' title='bbox 1208 4824 1364 4879; x_wconf 90' lang='lat' dir='ltr'><strong>quam</strong></span> <span class='ocrx_word' id='word_1_367' title='bbox 1394 4808 1596 4877; x_wconf 86' lang='lat' dir='ltr'><strong>collega</strong></span> <span class='ocrx_word' id='word_1_368' title='bbox 1616 4816 1673 4863; x_wconf 89' lang='lat' dir='ltr'><strong>et</strong></span> 
     </span>
    </p>
   </div>
   <div class='ocr_carea' id='block_1_54' title="bbox 123 4901 1672 4976">
    <p class='ocr_par' dir='ltr' id='par_1_54' title="bbox 123 4901 1672 4976">
     <span class='ocr_line' id='line_1_54' title="bbox 123 4901 1672 4976; baseline -0.005 -14"><span class='ocrx_word' id='word_1_369' title='bbox 123 4902 435 4976; x_wconf 68' lang='grc' dir='ltr'><strong>ωψὶεωρυε</strong></span> <span class='ocrx_word' id='word_1_370' title='bbox 480 4905 787 4963; x_wconf 85' lang='lat' dir='ltr'><strong>accederet.</strong></span> <span class='ocrx_word' id='word_1_371' title='bbox 844 4903 966 4960; x_wconf 77' lang='lat' dir='ltr'><strong>Voti</strong></span> <span class='ocrx_word' id='word_1_372' title='bbox 999 4918 1218 4973; x_wconf 86' lang='lat' dir='ltr'><strong>compos</strong></span> <span class='ocrx_word' id='word_1_373' title='bbox 1255 4901 1426 4957; x_wconf 89' lang='lat' dir='ltr'><strong>factus</strong></span> <span class='ocrx_word' id='word_1_374' title='bbox 1465 4907 1566 4965; x_wconf 90' lang='lat' dir='ltr'><strong>est,</strong></span> <span class='ocrx_word' id='word_1_375' title='bbox 1614 4909 1672 4956; x_wconf 89' lang='lat' dir='ltr'><strong>et</strong></span> 
     </span>
    </p>
   </div>
   <div class='ocr_carea' id='block_1_55' title="bbox 121 4991 1671 5069">
    <p class='ocr_par' dir='ltr' id='par_1_55' title="bbox 121 4991 1671 5069">
     <span class='ocr_line' id='line_1_55' title="bbox 121 4991 1671 5069; baseline -0.005 -16"><span class='ocrx_word' id='word_1_376' title='bbox 121 4994 243 5063; x_wconf 69' lang='lat' dir='ltr'><strong>quod</strong></span> <span class='ocrx_word' id='word_1_377' title='bbox 283 4998 351 5053; x_wconf 84' lang='lat' dir='ltr'><strong>ab</strong></span> <span class='ocrx_word' id='word_1_378' title='bbox 398 5000 614 5055; x_wconf 82' lang='lat' dir='ltr'><strong>Aurelio</strong></span> <span class='ocrx_word' id='word_1_379' title='bbox 664 4998 1008 5069; x_wconf 81' lang='lat' dir='ltr'><strong>exposcebat,</strong></span> <span class='ocrx_word' id='word_1_380' title='bbox 1062 4995 1321 5066; x_wconf 87' lang='lat' dir='ltr'><strong>rescripto</strong></span> <span class='ocrx_word' id='word_1_381' title='bbox 1368 4991 1671 5064; x_wconf 82' lang='lat' dir='ltr'><strong>impetravit</strong></span> 
     </span>
    </p>
   </div>
   <div class='ocr_carea' id='block_1_56' title="bbox 119 5082 1063 5159">
    <p class='ocr_par' dir='ltr' id='par_1_56' title="bbox 119 5082 1063 5159">
     <span class='ocr_line' id='line_1_56' title="bbox 119 5082 1063 5159; baseline -0.005 -14"><span class='ocrx_word' id='word_1_382' title='bbox 119 5082 372 5159; x_wconf 46' lang='lat' dir='ltr'><strong>(Pes-id&quot;</strong></span> <span class='ocrx_word' id='word_1_383' title='bbox 393 5092 445 5147; x_wconf 88' lang='lat' dir='ltr'><strong>in</strong></span> <span class='ocrx_word' id='word_1_384' title='bbox 480 5089 599 5145; x_wconf 78' lang='lat' dir='ltr'><strong>Vita</strong></span> <span class='ocrx_word' id='word_1_385' title='bbox 626 5089 866 5159; x_wconf 63' lang='lat' dir='ltr'><strong>August,</strong></span> <span class='ocrx_word' id='word_1_386' title='bbox 894 5105 943 5143; x_wconf 91' lang='lat' dir='ltr'><strong>c.</strong></span> <span class='ocrx_word' id='word_1_387' title='bbox 976 5087 1063 5154; x_wconf 88' lang='lat'><strong>8).</strong></span> 
     </span>
    </p>
   </div>
   <div class='ocr_carea' id='block_1_57' title="bbox 177 5175 1668 5253">
    <p class='ocr_par' dir='ltr' id='par_1_57' title="bbox 177 5175 1668 5253">
     <span class='ocr_line' id='line_1_57' title="bbox 177 5175 1668 5253; baseline -0.003 -20"><span class='ocrx_word' id='word_1_388' title='bbox 177 5175 401 5239; x_wconf 54' lang='lat' dir='ltr'><strong>tholo</strong></span> <span class='ocrx_word' id='word_1_389' title='bbox 439 5191 562 5253; x_wconf 89' lang='lat' dir='ltr'><strong>post</strong></span> <span class='ocrx_word' id='word_1_390' title='bbox 587 5180 843 5251; x_wconf 75' lang='lat' dir='ltr'><strong>Megalius</strong></span> <span class='ocrx_word' id='word_1_391' title='bbox 861 5178 1192 5233; x_wconf 87' lang='lat' dir='ltr'><strong>Calamensis</strong></span> <span class='ocrx_word' id='word_1_392' title='bbox 1214 5177 1515 5246; x_wconf 86' lang='lat' dir='ltr'><strong>episc0pus,</strong></span> <span class='ocrx_word' id='word_1_393' title='bbox 1555 5182 1668 5229; x_wconf 90' lang='lat' dir='ltr'><strong>tum</strong></span> 
     </span>
    </p>
   </div>
   <div class='ocr_carea' id='block_1_58' title="bbox 127 5266 1667 5341">
    <p class='ocr_par' dir='ltr' id='par_1_58' title="bbox 127 5266 1667 5341">
     <span class='ocr_line' id='line_1_58' title="bbox 127 5266 1667 5341; baseline -0.01 -7"><span class='ocrx_word' id='word_1_394' title='bbox 127 5266 299 5334; x_wconf 57' lang='lat' dir='ltr'><strong>tibi!</strong></span> <span class='ocrx_word' id='word_1_395' title='bbox 330 5272 444 5330; x_wconf 79' lang='lat' dir='ltr'><strong>sive</strong></span> <span class='ocrx_word' id='word_1_396' title='bbox 466 5272 703 5330; x_wconf 68' lang='lat' dir='ltr'><strong>demntia</strong></span> <span class='ocrx_word' id='word_1_397' title='bbox 730 5271 1101 5341; x_wconf 80' lang='lat' dir='ltr'><strong>episcOporum</strong></span> <span class='ocrx_word' id='word_1_398' title='bbox 1142 5267 1422 5334; x_wconf 72' lang='lat' dir='ltr'><strong>Numidiae,</strong></span> <span class='ocrx_word' id='word_1_399' title='bbox 1465 5266 1667 5336; x_wconf 83' lang='lat' dir='ltr'><strong>Hippo-</strong></span> 
     </span>
    </p>
   </div>
   <div class='ocr_carea' id='block_1_59' title="bbox 132 5355 1671 5437">
    <p class='ocr_par' dir='ltr' id='par_1_59' title="bbox 132 5355 1671 5437">
     <span class='ocr_line' id='line_1_59' title="bbox 132 5355 1671 5437; baseline -0.008 -14"><span class='ocrx_word' id='word_1_400' title='bbox 132 5361 467 5437; x_wconf 60' lang='lat' dir='ltr'><strong>lH-Beginm</strong></span> <span class='ocrx_word' id='word_1_401' title='bbox 495 5363 665 5429; x_wconf 85' lang='lat' dir='ltr'><strong>venit,</strong></span> <span class='ocrx_word' id='word_1_402' title='bbox 692 5362 832 5418; x_wconf 86' lang='lat' dir='ltr'><strong>hanc</strong></span> <span class='ocrx_word' id='word_1_403' title='bbox 858 5361 1151 5417; x_wconf 82' lang='lat' dir='ltr'><strong>Ecclesiam</strong></span> <span class='ocrx_word' id='word_1_404' title='bbox 1184 5358 1507 5413; x_wconf 79' lang='lat' dir='ltr'><strong>visitaturus.</strong></span> <span class='ocrx_word' id='word_1_405' title='bbox 1540 5355 1671 5425; x_wconf 77' lang='lat' dir='ltr'><strong>Ejus</strong></span> 
     </span>
    </p>
   </div>
   <div class='ocr_carea' id='block_1_60' title="bbox 140 5446 1667 5527">
    <p class='ocr_par' dir='ltr' id='par_1_60' title="bbox 140 5446 1667 5527">
     <span class='ocr_line' id='line_1_60' title="bbox 140 5446 1667 5527; baseline -0.011 -11"><span class='ocrx_word' id='word_1_406' title='bbox 140 5454 372 5517; x_wconf 51' lang='lat' dir='ltr'><strong>&quot;alia</strong></span> <span class='ocrx_word' id='word_1_407' title='bbox 412 5453 786 5527; x_wconf 85' lang='lat' dir='ltr'><strong>requirebatur</strong></span> <span class='ocrx_word' id='word_1_408' title='bbox 821 5452 888 5507; x_wconf 80' lang='lat' dir='ltr'><strong>ad</strong></span> <span class='ocrx_word' id='word_1_409' title='bbox 925 5451 1233 5522; x_wconf 81' lang='lat' dir='ltr'><strong>episcOputn</strong></span> <span class='ocrx_word' id='word_1_410' title='bbox 1292 5446 1667 5503; x_wconf 86' lang='lat' dir='ltr'><strong>ordinandum.</strong></span> 
     </span>
    </p>
   </div>
   <div class='ocr_carea' id='block_1_61' title="bbox 146 5532 1669 5616">
    <p class='ocr_par' dir='ltr' id='par_1_61' title="bbox 146 5532 1669 5616">
     <span class='ocr_line' id='line_1_61' title="bbox 146 5532 1669 5616; baseline -0.007 -11"><span class='ocrx_word' id='word_1_411' title='bbox 146 5532 288 5615; x_wconf 49' lang='lat' dir='ltr'><strong>his</strong></span> <span class='ocrx_word' id='word_1_412' title='bbox 311 5546 541 5604; x_wconf 71' lang='lat' dir='ltr'><strong>Valerius</strong></span> <span class='ocrx_word' id='word_1_413' title='bbox 577 5556 792 5616; x_wconf 88' lang='lat' dir='ltr'><strong>arrepta</strong></span> <span class='ocrx_word' id='word_1_414' title='bbox 834 5545 1137 5611; x_wconf 87' lang='lat' dir='ltr'><strong>occasione,</strong></span> <span class='ocrx_word' id='word_1_415' title='bbox 1185 5542 1408 5612; x_wconf 84' lang='lat' dir='ltr'><strong>Megalio</strong></span> <span class='ocrx_word' id='word_1_416' title='bbox 1431 5540 1669 5596; x_wconf 65' lang='lat' dir='ltr'><strong>caeteris-</strong></span> 
     </span>
    </p>
   </div>
   <div class='ocr_carea' id='block_1_62' title="bbox 147 5630 1668 5708">
    <p class='ocr_par' dir='ltr' id='par_1_62' title="bbox 147 5630 1668 5708">
     <span class='ocr_line' id='line_1_62' title="bbox 147 5630 1668 5708; baseline -0.012 -7"><span class='ocrx_word' id='word_1_417' title='bbox 147 5637 529 5705; x_wconf 44' lang='lat' dir='ltr'><strong>ﬂmmius</strong></span> <span class='ocrx_word' id='word_1_418' title='bbox 551 5638 645 5708; x_wconf 87' lang='lat' dir='ltr'><strong>qui</strong></span> <span class='ocrx_word' id='word_1_419' title='bbox 675 5645 785 5692; x_wconf 89' lang='lat' dir='ltr'><strong>tum</strong></span> <span class='ocrx_word' id='word_1_420' title='bbox 812 5635 947 5691; x_wconf 88' lang='lat' dir='ltr'><strong>forte</strong></span> <span class='ocrx_word' id='word_1_421' title='bbox 973 5634 1214 5701; x_wconf 89' lang='lat' dir='ltr'><strong>aderant,</strong></span> <span class='ocrx_word' id='word_1_422' title='bbox 1244 5632 1447 5701; x_wconf 89' lang='lat' dir='ltr'><strong>totique</strong></span> <span class='ocrx_word' id='word_1_423' title='bbox 1468 5630 1668 5701; x_wconf 86' lang='lat' dir='ltr'><strong>Hippo-</strong></span> 
     </span>
    </p>
   </div>
   <div class='ocr_carea' id='block_1_63' title="bbox 154 5720 1671 5796">
    <p class='ocr_par' dir='ltr' id='par_1_63' title="bbox 154 5720 1671 5796">
     <span class='ocr_line' id='line_1_63' title="bbox 154 5720 1671 5796; baseline -0.003 -15"><span class='ocrx_word' id='word_1_424' title='bbox 154 5724 271 5781; x_wconf 63' lang='grc' dir='ltr'><strong>ω</strong></span> <span class='ocrx_word' id='word_1_425' title='bbox 292 5726 440 5795; x_wconf 83' lang='lat' dir='ltr'><strong>clero,</strong></span> <span class='ocrx_word' id='word_1_426' title='bbox 467 5739 523 5785; x_wconf 89' lang='lat' dir='ltr'><strong>et</strong></span> <span class='ocrx_word' id='word_1_427' title='bbox 549 5731 812 5784; x_wconf 73' lang='lat' dir='ltr'><strong>universae</strong></span> <span class='ocrx_word' id='word_1_428' title='bbox 839 5727 979 5796; x_wconf 88' lang='lat' dir='ltr'><strong>plebi</strong></span> <span class='ocrx_word' id='word_1_429' title='bbox 1008 5741 1164 5782; x_wconf 91' lang='lat' dir='ltr'><strong>suum</strong></span> <span class='ocrx_word' id='word_1_430' title='bbox 1207 5723 1275 5779; x_wconf 91' lang='lat' dir='ltr'><strong>de</strong></span> <span class='ocrx_word' id='word_1_431' title='bbox 1311 5720 1671 5793; x_wconf 90' lang='lat' dir='ltr'><strong>promovendo</strong></span> 
     </span>
    </p>
   </div>
   <div class='ocr_carea' id='block_1_64' title="bbox 146 5806 1669 5892">
    <p class='ocr_par' dir='ltr' id='par_1_64' title="bbox 146 5806 1669 5892">
     <span class='ocr_line' id='line_1_64' title="bbox 146 5806 1669 5892; baseline -0.007 -11"><span class='ocrx_word' id='word_1_432' title='bbox 146 5806 540 5892; x_wconf 71' lang='lat' dir='ltr'><strong>&quot;th</strong></span> <span class='ocrx_word' id='word_1_433' title='bbox 579 5817 874 5891; x_wconf 79' lang='lat' dir='ltr'><strong>Augustino</strong></span> <span class='ocrx_word' id='word_1_434' title='bbox 915 5816 1229 5885; x_wconf 80' lang='lat' dir='ltr'><strong>consilium,</strong></span> <span class='ocrx_word' id='word_1_435' title='bbox 1258 5813 1464 5872; x_wconf 88' lang='lat' dir='ltr'><strong>cunctis</strong></span> <span class='ocrx_word' id='word_1_436' title='bbox 1491 5812 1669 5871; x_wconf 86' lang='lat' dir='ltr'><strong>hacte-</strong></span> 
     </span>
    </p>
   </div>
   <div class='ocr_carea' id='block_1_65' title="bbox 1788 1771 3383 1878">
    <p class='ocr_par' dir='ltr' id='par_1_65' title="bbox 1788 1771 3383 1878">
     <span class='ocr_line' id='line_1_65' title="bbox 1788 1771 3383 1878; baseline 0.028 -56"><span class='ocrx_word' id='word_1_437' title='bbox 1918 1771 2178 1878; x_wconf 76' lang='lat' dir='ltr'><strong>ignotum,</strong></span> <span class='ocrx_word' id='word_1_438' title='bbox 2204 1787 2374 1854; x_wconf 90' lang='lat' dir='ltr'><strong>aperit</strong></span> <span class='ocrx_word' id='word_1_439' title='bbox 2395 1788 2611 1863; x_wconf 68' lang='lat' dir='ltr'><strong>(Ibid).</strong></span> <span class='ocrx_word' id='word_1_440' title='bbox 2638 1793 2791 1863; x_wconf 84' lang='lat' dir='ltr'><strong>Quod</strong></span> <span class='ocrx_word' id='word_1_441' title='bbox 2816 1799 3028 1870; x_wconf 90' lang='lat' dir='ltr'><strong>quidem</strong></span> <span class='ocrx_word' id='word_1_442' title='bbox 3048 1817 3259 1861; x_wconf 89' lang='lat' dir='ltr'><strong>summo</strong></span> <span class='ocrx_word' id='word_1_443' title='bbox 3283 1820 3383 1878; x_wconf 89' lang='lat' dir='ltr'><strong>po-</strong></span> 
     </span>
    </p>
   </div>
   <div class='ocr_carea' id='block_1_66' title="bbox 1790 1862 3379 1964">
    <p class='ocr_par' dir='ltr' id='par_1_66' title="bbox 1790 1862 3379 1964">
     <span class='ocr_line' id='line_1_66' title="bbox 1790 1862 3379 1964; baseline 0.026 -51"><span class='ocrx_word' id='word_1_444' title='bbox 1790 1862 1898 1928; x_wconf 89' lang='lat' dir='ltr'><strong>puli</strong></span> <span class='ocrx_word' id='word_1_445' title='bbox 1927 1869 2273 1964; x_wconf 87' lang='lat' dir='ltr'><strong>omniumque</strong></span> <span class='ocrx_word' id='word_1_446' title='bbox 2322 1884 2662 1947; x_wconf 65' lang='lat' dir='ltr'><strong>praesentium</strong></span> <span class='ocrx_word' id='word_1_447' title='bbox 2704 1862 2881 1946; x_wconf 78' lang='lat' dir='ltr'><strong>studio</strong></span> <span class='ocrx_word' id='word_1_448' title='bbox 2923 1900 2978 1948; x_wconf 91' lang='lat' dir='ltr'><strong>et</strong></span> <span class='ocrx_word' id='word_1_449' title='bbox 3024 1862 3379 1964; x_wconf 73' lang='lat' dir='ltr'><strong>gratulatione</strong></span> 
     </span>
    </p>
   </div>
   <div class='ocr_carea' id='block_1_67' title="bbox 1789 1963 3377 2060">
    <p class='ocr_par' dir='ltr' id='par_1_67' title="bbox 1789 1963 3377 2060">
     <span class='ocr_line' id='line_1_67' title="bbox 1789 1963 3377 2060; baseline 0.026 -55"><span class='ocrx_word' id='word_1_450' title='bbox 1789 1966 2094 2060; x_wconf 50' lang='lat' dir='ltr'><strong>excepturi-1,</strong></span> <span class='ocrx_word' id='word_1_451' title='bbox 2128 1963 2433 2060; x_wconf 78' lang='lat' dir='ltr'><strong>ingentique</strong></span> <span class='ocrx_word' id='word_1_452' title='bbox 2451 1976 2831 2037; x_wconf 87' lang='lat' dir='ltr'><strong>acclamatione</strong></span> <span class='ocrx_word' id='word_1_453' title='bbox 2849 2024 2863 2049; x_wconf 90' lang='lat'><strong>,</strong></span> <span class='ocrx_word' id='word_1_454' title='bbox 2891 1994 2949 2039; x_wconf 91' lang='lat' dir='ltr'><strong>ut</strong></span> <span class='ocrx_word' id='word_1_455' title='bbox 2972 1963 3113 2042; x_wconf 90' lang='lat' dir='ltr'><strong>facto</strong></span> <span class='ocrx_word' id='word_1_456' title='bbox 3139 1990 3377 2060; x_wconf 88' lang='lat' dir='ltr'><strong>comple-</strong></span> 
     </span>
    </p>
   </div>
   <div class='ocr_carea' id='block_1_68' title="bbox 1786 2051 3373 2146">
    <p class='ocr_par' dir='ltr' id='par_1_68' title="bbox 1786 2051 3373 2146">
     <span class='ocr_line' id='line_1_68' title="bbox 1786 2051 3373 2146; baseline 0.025 -49"><span class='ocrx_word' id='word_1_457' title='bbox 1786 2053 1978 2146; x_wconf 43' lang='lat' dir='ltr'><strong>return,</strong></span> <span class='ocrx_word' id='word_1_458' title='bbox 2035 2051 2325 2124; x_wconf 84' lang='lat' dir='ltr'><strong>ﬂagitatum</strong></span> <span class='ocrx_word' id='word_1_459' title='bbox 2372 2072 2452 2118; x_wconf 89' lang='lat' dir='ltr'><strong>est</strong></span> <span class='ocrx_word' id='word_1_460' title='bbox 2482 2064 2685 2137; x_wconf 86' lang='lat' dir='ltr'><strong>(Epist.</strong></span> <span class='ocrx_word' id='word_1_461' title='bbox 2720 2073 2809 2137; x_wconf 79' lang='lat' dir='ltr'><strong>5i,</strong></span> <span class='ocrx_word' id='word_1_462' title='bbox 2857 2076 3028 2146; x_wconf 62' lang='lat'><strong>11.4).</strong></span> <span class='ocrx_word' id='word_1_463' title='bbox 3057 2076 3207 2133; x_wconf 91' lang='lat' dir='ltr'><strong>Unus</strong></span> <span class='ocrx_word' id='word_1_464' title='bbox 3249 2051 3373 2136; x_wconf 77' lang='lat' dir='ltr'><strong>cum</strong></span> 
     </span>
    </p>
   </div>
   <div class='ocr_carea' id='block_1_69' title="bbox 1785 2134 3366 2242">
    <p class='ocr_par' dir='ltr' id='par_1_69' title="bbox 1785 2134 3366 2242">
     <span class='ocr_line' id='line_1_69' title="bbox 1785 2134 3366 2242; baseline 0.025 -52"><span class='ocrx_word' id='word_1_465' title='bbox 1785 2134 2010 2242; x_wconf 70' lang='lat' dir='ltr'><strong>Megalio</strong></span> <span class='ocrx_word' id='word_1_466' title='bbox 2036 2149 2291 2205; x_wconf 89' lang='lat' dir='ltr'><strong>renuebat</strong></span> <span class='ocrx_word' id='word_1_467' title='bbox 2322 2134 2663 2223; x_wconf 81' lang='lat' dir='ltr'><strong>Augustinus.</strong></span> <span class='ocrx_word' id='word_1_468' title='bbox 2696 2134 2805 2218; x_wconf 79' lang='lat' dir='ltr'><strong>Cur</strong></span> <span class='ocrx_word' id='word_1_469' title='bbox 2828 2134 3006 2222; x_wconf 80' lang='lat' dir='ltr'><strong>autem</strong></span> <span class='ocrx_word' id='word_1_470' title='bbox 3033 2169 3082 2224; x_wconf 90' lang='lat' dir='ltr'><strong>ei</strong></span> <span class='ocrx_word' id='word_1_471' title='bbox 3110 2134 3366 2242; x_wconf 75' lang='lat' dir='ltr'><strong>Megalius</strong></span> 
     </span>
    </p>
   </div>
   <div class='ocr_carea' id='block_1_70' title="bbox 1786 2230 3373 2332">
    <p class='ocr_par' dir='ltr' id='par_1_70' title="bbox 1786 2230 3373 2332">
     <span class='ocr_line' id='line_1_70' title="bbox 1786 2230 3373 2332; baseline 0.024 -49"><span class='ocrx_word' id='word_1_472' title='bbox 1786 2230 2229 2332; x_wconf 62' lang='lat' dir='ltr'><strong>infensuscsset,</strong></span> <span class='ocrx_word' id='word_1_473' title='bbox 2268 2259 2373 2299; x_wconf 90' lang='lat' dir='ltr'><strong>non</strong></span> <span class='ocrx_word' id='word_1_474' title='bbox 2421 2257 2631 2306; x_wconf 87' lang='lat' dir='ltr'><strong>constat</strong></span> <span class='ocrx_word' id='word_1_475' title='bbox 2669 2270 2682 2304; x_wconf 87' lang='lat'><strong>:</strong></span> <span class='ocrx_word' id='word_1_476' title='bbox 2726 2254 2777 2308; x_wconf 91' lang='lat' dir='ltr'><strong>id</strong></span> <span class='ocrx_word' id='word_1_477' title='bbox 2822 2271 2986 2313; x_wconf 90' lang='lat' dir='ltr'><strong>unum</strong></span> <span class='ocrx_word' id='word_1_478' title='bbox 3032 2230 3223 2332; x_wconf 58' lang='lat' dir='ltr'><strong>liquet:</strong></span> <span class='ocrx_word' id='word_1_479' title='bbox 3247 2280 3373 2321; x_wconf 89' lang='lat' dir='ltr'><strong>cum</strong></span> 
     </span>
    </p>
   </div>
   <div class='ocr_carea' id='block_1_71' title="bbox 1784 2327 3372 2419">
    <p class='ocr_par' dir='ltr' id='par_1_71' title="bbox 1784 2327 3372 2419">
     <span class='ocr_line' id='line_1_71' title="bbox 1784 2327 3372 2419; baseline 0.022 -45"><span class='ocrx_word' id='word_1_480' title='bbox 1784 2327 1979 2419; x_wconf 80' lang='lat' dir='ltr'><strong>iratum</strong></span> <span class='ocrx_word' id='word_1_481' title='bbox 2035 2327 2401 2390; x_wconf 90' lang='lat' dir='ltr'><strong>intercessisse</strong></span> <span class='ocrx_word' id='word_1_482' title='bbox 2448 2338 2589 2393; x_wconf 84' lang='lat' dir='ltr'><strong>illius</strong></span> <span class='ocrx_word' id='word_1_483' title='bbox 2624 2343 2941 2400; x_wconf 88' lang='lat' dir='ltr'><strong>ordinationi</strong></span> <span class='ocrx_word' id='word_1_484' title='bbox 2996 2327 3208 2419; x_wconf 75' lang='lat' dir='ltr'><strong>(Contra</strong></span> <span class='ocrx_word' id='word_1_485' title='bbox 3244 2352 3372 2409; x_wconf 78' lang='lat' dir='ltr'><strong>Cre-</strong></span> 
     </span>
    </p>
   </div>
   <div class='ocr_carea' id='block_1_72' title="bbox 1784 2416 3372 2510">
    <p class='ocr_par' dir='ltr' id='par_1_72' title="bbox 1784 2416 3372 2510">
     <span class='ocr_line' id='line_1_72' title="bbox 1784 2416 3372 2510; baseline 0.021 -45"><span class='ocrx_word' id='word_1_486' title='bbox 1784 2416 2032 2510; x_wconf 77' lang='lat' dir='ltr'><strong>sconium,</strong></span> <span class='ocrx_word' id='word_1_487' title='bbox 2062 2419 2151 2474; x_wconf 88' lang='lat' dir='ltr'><strong>lib.</strong></span> <span class='ocrx_word' id='word_1_488' title='bbox 2184 2423 2237 2487; x_wconf 79' lang='lat'><strong>5,</strong></span> <span class='ocrx_word' id='word_1_489' title='bbox 2268 2440 2317 2478; x_wconf 84' lang='grc' dir='ltr'><strong>η.</strong></span> <span class='ocrx_word' id='word_1_490' title='bbox 2343 2426 2412 2482; x_wconf 88' lang='lat'><strong>92</strong></span> <span class='ocrx_word' id='word_1_491' title='bbox 2443 2428 2493 2499; x_wconf 94' lang='lat'><strong>),</strong></span> <span class='ocrx_word' id='word_1_492' title='bbox 2518 2446 2725 2488; x_wconf 91' lang='lat' dir='ltr'><strong>necnon</strong></span> <span class='ocrx_word' id='word_1_493' title='bbox 2756 2416 3031 2506; x_wconf 85' lang='lat' dir='ltr'><strong>scripsisse</strong></span> <span class='ocrx_word' id='word_1_494' title='bbox 3060 2440 3285 2510; x_wconf 88' lang='lat' dir='ltr'><strong>litteras,</strong></span> <span class='ocrx_word' id='word_1_495' title='bbox 3317 2444 3372 2499; x_wconf 88' lang='lat' dir='ltr'><strong>in</strong></span> 
     </span>
    </p>
   </div>
   <div class='ocr_carea' id='block_1_73' title="bbox 1784 2508 3369 2603">
    <p class='ocr_par' dir='ltr' id='par_1_73' title="bbox 1784 2508 3369 2603">
     <span class='ocr_line' id='line_1_73' title="bbox 1784 2508 3369 2603; baseline 0.019 -43"><span class='ocrx_word' id='word_1_496' title='bbox 1784 2508 1974 2603; x_wconf 71' lang='lat' dir='ltr'><strong>quibus</strong></span> <span class='ocrx_word' id='word_1_497' title='bbox 2009 2527 2132 2568; x_wconf 91' lang='lat' dir='ltr'><strong>eum</strong></span> <span class='ocrx_word' id='word_1_498' title='bbox 2161 2517 2237 2571; x_wconf 89' lang='lat' dir='ltr'><strong>rei</strong></span> <span class='ocrx_word' id='word_1_499' title='bbox 2268 2519 2559 2590; x_wconf 88' lang='lat' dir='ltr'><strong>cujuspiam</strong></span> <span class='ocrx_word' id='word_1_500' title='bbox 2598 2524 2937 2584; x_wconf 72' lang='lat' dir='ltr'><strong>insimulabat</strong></span> <span class='ocrx_word' id='word_1_501' title='bbox 2979 2529 3162 2603; x_wconf 69' lang='lat' dir='ltr'><strong>(Ibid,</strong></span> <span class='ocrx_word' id='word_1_502' title='bbox 3198 2508 3285 2588; x_wconf 74' lang='lat' dir='ltr'><strong>lib.</strong></span> <span class='ocrx_word' id='word_1_503' title='bbox 3314 2535 3369 2599; x_wconf 73' lang='grc' dir='ltr'><strong>ι.</strong></span> 
     </span>
    </p>
   </div>
   <div class='ocr_carea' id='block_1_74' title="bbox 1785 2600 3374 2685">
    <p class='ocr_par' dir='ltr' id='par_1_74' title="bbox 1785 2600 3374 2685">
     <span class='ocr_line' id='line_1_74' title="bbox 1785 2600 3374 2685; baseline 0.021 -34"><span class='ocrx_word' id='word_1_504' title='bbox 1785 2613 1836 2651; x_wconf 86' lang='grc' dir='ltr'><strong>η.</strong></span> <span class='ocrx_word' id='word_1_505' title='bbox 1870 2600 1993 2671; x_wconf 90' lang='lat'><strong>79).</strong></span> <span class='ocrx_word' id='word_1_506' title='bbox 2021 2603 2273 2669; x_wconf 80' lang='lat' dir='ltr'><strong>Quaenam</strong></span> <span class='ocrx_word' id='word_1_507' title='bbox 2318 2625 2478 2679; x_wconf 88' lang='lat' dir='ltr'><strong>porro</strong></span> <span class='ocrx_word' id='word_1_508' title='bbox 2517 2630 2581 2670; x_wconf 87' lang='lat' dir='ltr'><strong>ea</strong></span> <span class='ocrx_word' id='word_1_509' title='bbox 2630 2616 2805 2685; x_wconf 89' lang='lat' dir='ltr'><strong>fuerit,</strong></span> <span class='ocrx_word' id='word_1_510' title='bbox 2826 2600 3138 2678; x_wconf 86' lang='lat' dir='ltr'><strong>nominatim</strong></span> <span class='ocrx_word' id='word_1_511' title='bbox 3178 2636 3233 2681; x_wconf 91' lang='lat' dir='ltr'><strong>et</strong></span> <span class='ocrx_word' id='word_1_512' title='bbox 3258 2627 3374 2683; x_wconf 89' lang='lat' dir='ltr'><strong>dis-</strong></span> 
     </span>
    </p>
   </div>
   <div class='ocr_carea' id='block_1_75' title="bbox 1786 2693 3374 2795">
    <p class='ocr_par' dir='ltr' id='par_1_75' title="bbox 1786 2693 3374 2795">
     <span class='ocr_line' id='line_1_75' title="bbox 1786 2693 3374 2795; baseline 0.018 -49"><span class='ocrx_word' id='word_1_513' title='bbox 1786 2693 1948 2795; x_wconf 70' lang='lat' dir='ltr'><strong>tincte</strong></span> <span class='ocrx_word' id='word_1_514' title='bbox 1992 2712 2099 2752; x_wconf 92' lang='lat' dir='ltr'><strong>non</strong></span> <span class='ocrx_word' id='word_1_515' title='bbox 2134 2703 2457 2770; x_wconf 87' lang='lat' dir='ltr'><strong>agnoscitur.</strong></span> <span class='ocrx_word' id='word_1_516' title='bbox 2506 2707 2655 2762; x_wconf 88' lang='lat' dir='ltr'><strong>Licet</strong></span> <span class='ocrx_word' id='word_1_517' title='bbox 2693 2711 2834 2765; x_wconf 93' lang='lat' dir='ltr'><strong>enim</strong></span> <span class='ocrx_word' id='word_1_518' title='bbox 2885 2715 3206 2785; x_wconf 85' lang='lat' dir='ltr'><strong>Augustinus</strong></span> <span class='ocrx_word' id='word_1_519' title='bbox 3246 2733 3374 2788; x_wconf 90' lang='lat' dir='ltr'><strong>pro-</strong></span> 
     </span>
    </p>
   </div>
   <div class='ocr_carea' id='block_1_76' title="bbox 1781 2794 3369 2874">
    <p class='ocr_par' dir='ltr' id='par_1_76' title="bbox 1781 2794 3369 2874">
     <span class='ocr_line' id='line_1_76' title="bbox 1781 2794 3369 2874; baseline 0.018 -38"><span class='ocrx_word' id='word_1_520' title='bbox 1781 2800 1924 2839; x_wconf 80' lang='lat' dir='ltr'><strong>xnne</strong></span> <span class='ocrx_word' id='word_1_521' title='bbox 1954 2796 2078 2842; x_wconf 88' lang='lat' dir='ltr'><strong>ante</strong></span> <span class='ocrx_word' id='word_1_522' title='bbox 2124 2806 2283 2859; x_wconf 88' lang='lat' dir='ltr'><strong>quam</strong></span> <span class='ocrx_word' id='word_1_523' title='bbox 2337 2794 2627 2852; x_wconf 88' lang='lat' dir='ltr'><strong>litterarum</strong></span> <span class='ocrx_word' id='word_1_524' title='bbox 2681 2799 2887 2871; x_wconf 87' lang='lat' dir='ltr'><strong>Megalii</strong></span> <span class='ocrx_word' id='word_1_525' title='bbox 2935 2807 3197 2874; x_wconf 88' lang='lat' dir='ltr'><strong>meminit,</strong></span> <span class='ocrx_word' id='word_1_526' title='bbox 3218 2817 3369 2864; x_wconf 89' lang='lat' dir='ltr'><strong>notet</strong></span> 
     </span>
    </p>
   </div>
   <div class='ocr_carea' id='block_1_77' title="bbox 1782 2874 3371 2967">
    <p class='ocr_par' dir='ltr' id='par_1_77' title="bbox 1782 2874 3371 2967">
     <span class='ocr_line' id='line_1_77' title="bbox 1782 2874 3371 2967; baseline 0.016 -38"><span class='ocrx_word' id='word_1_527' title='bbox 1782 2874 2094 2967; x_wconf 87' lang='lat' dir='ltr'><strong>Petilianum</strong></span> <span class='ocrx_word' id='word_1_528' title='bbox 2128 2881 2451 2939; x_wconf 88' lang='lat' dir='ltr'><strong>Donatistam</strong></span> <span class='ocrx_word' id='word_1_529' title='bbox 2470 2890 2793 2957; x_wconf 86' lang='lat' dir='ltr'><strong>persuadere</strong></span> <span class='ocrx_word' id='word_1_530' title='bbox 2822 2894 2975 2959; x_wconf 89' lang='lat' dir='ltr'><strong>velle,</strong></span> <span class='ocrx_word' id='word_1_531' title='bbox 3009 2896 3180 2967; x_wconf 92' lang='lat' dir='ltr'><strong>ipsum</strong></span> <span class='ocrx_word' id='word_1_532' title='bbox 3220 2913 3371 2954; x_wconf 89' lang='lat' dir='ltr'><strong>ama-</strong></span> 
     </span>
    </p>
   </div>
   <div class='ocr_carea' id='block_1_78' title="bbox 1782 2966 3370 3051">
    <p class='ocr_par' dir='ltr' id='par_1_78' title="bbox 1782 2966 3370 3051">
     <span class='ocr_line' id='line_1_78' title="bbox 1782 2966 3370 3051; baseline 0.017 -35"><span class='ocrx_word' id='word_1_533' title='bbox 1782 2966 1914 3019; x_wconf 87' lang='lat' dir='ltr'><strong>toria</strong></span> <span class='ocrx_word' id='word_1_534' title='bbox 1946 2968 2204 3024; x_wconf 87' lang='lat' dir='ltr'><strong>maleficia</strong></span> <span class='ocrx_word' id='word_1_535' title='bbox 2253 2974 2459 3029; x_wconf 87' lang='lat' dir='ltr'><strong>mulieri</strong></span> <span class='ocrx_word' id='word_1_536' title='bbox 2498 2978 2707 3033; x_wconf 91' lang='lat' dir='ltr'><strong>cuidam</strong></span> <span class='ocrx_word' id='word_1_537' title='bbox 2748 2966 3074 3051; x_wconf 75' lang='lat' dir='ltr'><strong>prinbuisse;</strong></span> <span class='ocrx_word' id='word_1_538' title='bbox 3102 2985 3258 3042; x_wconf 89' lang='lat' dir='ltr'><strong>simul</strong></span> <span class='ocrx_word' id='word_1_539' title='bbox 3288 2994 3370 3042; x_wconf 86' lang='lat' dir='ltr'><strong>ta-</strong></span> 
     </span>
    </p>
   </div>
   <div class='ocr_carea' id='block_1_79' title="bbox 1780 3062 3363 3134">
    <p class='ocr_par' dir='ltr' id='par_1_79' title="bbox 1780 3062 3363 3134">
     <span class='ocr_line' id='line_1_79' title="bbox 1780 3062 3363 3134; baseline 0.013 -22"><span class='ocrx_word' id='word_1_540' title='bbox 1780 3074 1905 3114; x_wconf 89' lang='lat' dir='ltr'><strong>men</strong></span> <span class='ocrx_word' id='word_1_541' title='bbox 1938 3062 2066 3116; x_wconf 88' lang='lat' dir='ltr'><strong>satis</strong></span> <span class='ocrx_word' id='word_1_542' title='bbox 2112 3063 2327 3131; x_wconf 89' lang='lat' dir='ltr'><strong>indicat,</strong></span> <span class='ocrx_word' id='word_1_543' title='bbox 2358 3067 2495 3124; x_wconf 87' lang='lat' dir='ltr'><strong>hanc</strong></span> <span class='ocrx_word' id='word_1_544' title='bbox 2518 3072 2839 3128; x_wconf 87' lang='lat' dir='ltr'><strong>calumniam</strong></span> <span class='ocrx_word' id='word_1_545' title='bbox 2864 3075 2932 3129; x_wconf 87' lang='lat' dir='ltr'><strong>ab</strong></span> <span class='ocrx_word' id='word_1_546' title='bbox 2959 3092 3070 3130; x_wconf 91' lang='lat' dir='ltr'><strong>uno</strong></span> <span class='ocrx_word' id='word_1_547' title='bbox 3098 3078 3363 3134; x_wconf 87' lang='lat' dir='ltr'><strong>Petiliauo</strong></span> 
     </span>
    </p>
   </div>
   <div class='ocr_carea' id='block_1_80' title="bbox 1779 3153 3368 3241">
    <p class='ocr_par' dir='ltr' id='par_1_80' title="bbox 1779 3153 3368 3241">
     <span class='ocr_line' id='line_1_80' title="bbox 1779 3153 3368 3241; baseline 0.014 -38"><span class='ocrx_word' id='word_1_548' title='bbox 1779 3153 2150 3221; x_wconf 85' lang='lat' dir='ltr'><strong>excogitatam,</strong></span> <span class='ocrx_word' id='word_1_549' title='bbox 2174 3172 2279 3212; x_wconf 92' lang='lat' dir='ltr'><strong>non</strong></span> <span class='ocrx_word' id='word_1_550' title='bbox 2296 3174 2367 3213; x_wconf 76' lang='lat' dir='ltr'><strong>ex</strong></span> <span class='ocrx_word' id='word_1_551' title='bbox 2390 3160 2490 3215; x_wconf 91' lang='lat' dir='ltr'><strong>illis</strong></span> <span class='ocrx_word' id='word_1_552' title='bbox 2511 3162 2700 3218; x_wconf 89' lang='lat' dir='ltr'><strong>litteris</strong></span> <span class='ocrx_word' id='word_1_553' title='bbox 2727 3164 2887 3221; x_wconf 87' lang='lat' dir='ltr'><strong>fuisse</strong></span> <span class='ocrx_word' id='word_1_554' title='bbox 2904 3168 3181 3237; x_wconf 88' lang='lat' dir='ltr'><strong>repetitam</strong></span> <span class='ocrx_word' id='word_1_555' title='bbox 3215 3166 3368 3241; x_wconf 83' lang='lat' dir='ltr'><strong>(Con-</strong></span> 
     </span>
    </p>
   </div>
   <div class='ocr_carea' id='block_1_81' title="bbox 1780 3244 3368 3328">
    <p class='ocr_par' dir='ltr' id='par_1_81' title="bbox 1780 3244 3368 3328">
     <span class='ocr_line' id='line_1_81' title="bbox 1780 3244 3368 3328; baseline 0.014 -32"><span class='ocrx_word' id='word_1_556' title='bbox 1780 3252 1859 3296; x_wconf 73' lang='grc' dir='ltr'><strong>ενα</strong></span> <span class='ocrx_word' id='word_1_557' title='bbox 1893 3244 2010 3300; x_wconf 80' lang='lat' dir='ltr'><strong>Lm.</strong></span> <span class='ocrx_word' id='word_1_558' title='bbox 2038 3247 2219 3315; x_wconf 82' lang='lat' dir='ltr'><strong>Peiit.,</strong></span> <span class='ocrx_word' id='word_1_559' title='bbox 2249 3252 2334 3305; x_wconf 78' lang='lat' dir='ltr'><strong>tib.</strong></span> <span class='ocrx_word' id='word_1_560' title='bbox 2365 3254 2420 3321; x_wconf 78' lang='lat'><strong>5,</strong></span> <span class='ocrx_word' id='word_1_561' title='bbox 2450 3271 2502 3308; x_wconf 84' lang='grc' dir='ltr'><strong>η.</strong></span> <span class='ocrx_word' id='word_1_562' title='bbox 2536 3255 2666 3328; x_wconf 85' lang='grc'><strong>19).</strong></span> <span class='ocrx_word' id='word_1_563' title='bbox 2702 3257 2832 3314; x_wconf 88' lang='lat' dir='ltr'><strong>Ulut</strong></span> <span class='ocrx_word' id='word_1_564' title='bbox 2861 3269 2962 3327; x_wconf 89' lang='lat' dir='ltr'><strong>est,</strong></span> <span class='ocrx_word' id='word_1_565' title='bbox 2997 3270 3223 3317; x_wconf 87' lang='lat' dir='ltr'><strong>testatur</strong></span> <span class='ocrx_word' id='word_1_566' title='bbox 3252 3265 3368 3318; x_wconf 90' lang='lat' dir='ltr'><strong>Au-</strong></span> 
     </span>
    </p>
   </div>
   <div class='ocr_carea' id='block_1_82' title="bbox 1777 3336 3368 3411">
    <p class='ocr_par' dir='ltr' id='par_1_82' title="bbox 1777 3336 3368 3411">
     <span class='ocr_line' id='line_1_82' title="bbox 1777 3336 3368 3411; baseline 0.015 -24"><span class='ocrx_word' id='word_1_567' title='bbox 1777 3336 2044 3404; x_wconf 88' lang='lat' dir='ltr'><strong>gustinus,</strong></span> <span class='ocrx_word' id='word_1_568' title='bbox 2069 3355 2127 3395; x_wconf 89' lang='lat' dir='ltr'><strong>se</strong></span> <span class='ocrx_word' id='word_1_569' title='bbox 2158 3341 2364 3411; x_wconf 88' lang='lat' dir='ltr'><strong>Mcgalii</strong></span> <span class='ocrx_word' id='word_1_570' title='bbox 2380 3345 2603 3409; x_wconf 87' lang='lat' dir='ltr'><strong>litteras.</strong></span> <span class='ocrx_word' id='word_1_571' title='bbox 2638 3364 2737 3405; x_wconf 91' lang='lat' dir='ltr'><strong>nec</strong></span> <span class='ocrx_word' id='word_1_572' title='bbox 2757 3351 2803 3405; x_wconf 90' lang='lat' dir='ltr'><strong>si</strong></span> <span class='ocrx_word' id='word_1_573' title='bbox 2830 3351 2923 3408; x_wconf 90' lang='lat' dir='ltr'><strong>ille</strong></span> <span class='ocrx_word' id='word_1_574' title='bbox 2943 3352 2996 3407; x_wconf 91' lang='lat' dir='ltr'><strong>in</strong></span> <span class='ocrx_word' id='word_1_575' title='bbox 3026 3355 3368 3411; x_wconf 87' lang='lat' dir='ltr'><strong>accusatione</strong></span> 
     </span>
    </p>
   </div>
   <div class='ocr_carea' id='block_1_83' title="bbox 1779 3427 3366 3501">
    <p class='ocr_par' dir='ltr' id='par_1_83' title="bbox 1779 3427 3366 3501">
     <span class='ocr_line' id='line_1_83' title="bbox 1779 3427 3366 3501; baseline 0.015 -24"><span class='ocrx_word' id='word_1_576' title='bbox 1779 3427 2119 3494; x_wconf 83' lang='lat' dir='ltr'><strong>perstitisset,</strong></span> <span class='ocrx_word' id='word_1_577' title='bbox 2151 3433 2369 3488; x_wconf 89' lang='lat' dir='ltr'><strong>minimc</strong></span> <span class='ocrx_word' id='word_1_578' title='bbox 2407 3447 2713 3493; x_wconf 89' lang='lat' dir='ltr'><strong>curaturum</strong></span> <span class='ocrx_word' id='word_1_579' title='bbox 2759 3439 2943 3497; x_wconf 86' lang='lat' dir='ltr'><strong>fuisse.</strong></span> <span class='ocrx_word' id='word_1_580' title='bbox 2997 3442 3193 3499; x_wconf 86' lang='lat' dir='ltr'><strong>Verum</strong></span> <span class='ocrx_word' id='word_1_581' title='bbox 3243 3459 3366 3501; x_wconf 90' lang='lat' dir='ltr'><strong>cum</strong></span> 
     </span>
    </p>
   </div>
   <div class='ocr_carea' id='block_1_84' title="bbox 1788 3516 3363 3602">
    <p class='ocr_par' dir='ltr' id='par_1_84' title="bbox 1788 3516 3363 3602">
     <span class='ocr_line' id='line_1_84' title="bbox 1788 3516 3363 3602; baseline 0.014 -33"><span class='ocrx_word' id='word_1_582' title='bbox 1788 3516 2044 3587; x_wconf 82' lang='lat' dir='ltr'><strong>Megalius</strong></span> <span class='ocrx_word' id='word_1_583' title='bbox 2072 3521 2121 3574; x_wconf 91' lang='lat' dir='ltr'><strong>in</strong></span> <span class='ocrx_word' id='word_1_584' title='bbox 2151 3524 2523 3595; x_wconf 80' lang='lat' dir='ltr'><strong>epiSCOporum</strong></span> <span class='ocrx_word' id='word_1_585' title='bbox 2556 3531 2783 3586; x_wconf 89' lang='lat' dir='ltr'><strong>concilio</strong></span> <span class='ocrx_word' id='word_1_586' title='bbox 2803 3533 3050 3602; x_wconf 88' lang='lat' dir='ltr'><strong>probare,</strong></span> <span class='ocrx_word' id='word_1_587' title='bbox 3078 3533 3223 3601; x_wconf 89' lang='lat' dir='ltr'><strong>quod</strong></span> <span class='ocrx_word' id='word_1_588' title='bbox 3251 3536 3363 3590; x_wconf 87' lang='lat' dir='ltr'><strong>Au-</strong></span> 
     </span>
    </p>
   </div>
   <div class='ocr_carea' id='block_1_85' title="bbox 1776 3610 3367 3690">
    <p class='ocr_par' dir='ltr' id='par_1_85' title="bbox 1776 3610 3367 3690">
     <span class='ocr_line' id='line_1_85' title="bbox 1776 3610 3367 3690; baseline 0.014 -28"><span class='ocrx_word' id='word_1_589' title='bbox 1776 3610 1990 3677; x_wconf 84' lang='lat' dir='ltr'><strong>gustino</strong></span> <span class='ocrx_word' id='word_1_590' title='bbox 2013 3613 2299 3683; x_wconf 71' lang='lat' dir='ltr'><strong>obiecerat,</strong></span> <span class='ocrx_word' id='word_1_591' title='bbox 2334 3631 2613 3690; x_wconf 89' lang='lat' dir='ltr'><strong>urgeretur</strong></span> <span class='ocrx_word' id='word_1_592' title='bbox 2634 3665 2648 3690; x_wconf 93' lang='lat'><strong>,</strong></span> <span class='ocrx_word' id='word_1_593' title='bbox 2693 3626 3047 3681; x_wconf 84' lang='lat' dir='ltr'><strong>accusationis</strong></span> <span class='ocrx_word' id='word_1_594' title='bbox 3084 3626 3367 3684; x_wconf 88' lang='lat' dir='ltr'><strong>falsitatem</strong></span> 
     </span>
    </p>
   </div>
   <div class='ocr_carea' id='block_1_86' title="bbox 1778 3706 3366 3789">
    <p class='ocr_par' dir='ltr' id='par_1_86' title="bbox 1778 3706 3366 3789">
     <span class='ocr_line' id='line_1_86' title="bbox 1778 3706 3366 3789; baseline 0.013 -32"><span class='ocrx_word' id='word_1_595' title='bbox 1778 3706 2017 3774; x_wconf 87' lang='lat' dir='ltr'><strong>agnovit,</strong></span> <span class='ocrx_word' id='word_1_596' title='bbox 2050 3710 2309 3778; x_wconf 89' lang='lat' dir='ltr'><strong>prolatam</strong></span> <span class='ocrx_word' id='word_1_597' title='bbox 2352 3729 2381 3766; x_wconf 90' lang='lat' dir='ltr'><strong>a</strong></span> <span class='ocrx_word' id='word_1_598' title='bbox 2412 3727 2472 3769; x_wconf 89' lang='lat' dir='ltr'><strong>se</strong></span> <span class='ocrx_word' id='word_1_599' title='bbox 2512 3715 2829 3771; x_wconf 87' lang='lat' dir='ltr'><strong>calumniam</strong></span> <span class='ocrx_word' id='word_1_600' title='bbox 2862 3718 3060 3789; x_wconf 91' lang='lat' dir='ltr'><strong>scripto</strong></span> <span class='ocrx_word' id='word_1_601' title='bbox 3086 3721 3366 3778; x_wconf 83' lang='lat' dir='ltr'><strong>manifeste</strong></span> 
     </span>
    </p>
   </div>
   <div class='ocr_carea' id='block_1_87' title="bbox 1778 3794 3365 3881">
    <p class='ocr_par' dir='ltr' id='par_1_87' title="bbox 1778 3794 3365 3881">
     <span class='ocr_line' id='line_1_87' title="bbox 1778 3794 3365 3881; baseline 0.012 -32"><span class='ocrx_word' id='word_1_602' title='bbox 1778 3794 2065 3864; x_wconf 73' lang='lat' dir='ltr'><strong>damnavit,</strong></span> <span class='ocrx_word' id='word_1_603' title='bbox 2087 3809 2142 3855; x_wconf 88' lang='lat' dir='ltr'><strong>et</strong></span> <span class='ocrx_word' id='word_1_604' title='bbox 2161 3815 2191 3854; x_wconf 90' lang='lat' dir='ltr'><strong>a</strong></span> <span class='ocrx_word' id='word_1_605' title='bbox 2203 3811 2388 3858; x_wconf 87' lang='lat' dir='ltr'><strong>sancto</strong></span> <span class='ocrx_word' id='word_1_606' title='bbox 2405 3806 2631 3861; x_wconf 92' lang='lat' dir='ltr'><strong>concilio</strong></span> <span class='ocrx_word' id='word_1_607' title='bbox 2647 3808 2916 3863; x_wconf 87' lang='lat' dir='ltr'><strong>commissi</strong></span> <span class='ocrx_word' id='word_1_608' title='bbox 2933 3808 2985 3863; x_wconf 93' lang='lat' dir='ltr'><strong>in</strong></span> <span class='ocrx_word' id='word_1_609' title='bbox 3010 3810 3365 3881; x_wconf 85' lang='lat' dir='ltr'><strong>Augustinum</strong></span> 
     </span>
    </p>
   </div>
   <div class='ocr_carea' id='block_1_88' title="bbox 1783 3886 3360 3974">
    <p class='ocr_par' dir='ltr' id='par_1_88' title="bbox 1783 3886 3360 3974">
     <span class='ocr_line' id='line_1_88' title="bbox 1783 3886 3360 3974; baseline 0.01 -34"><span class='ocrx_word' id='word_1_610' title='bbox 1783 3886 1961 3943; x_wconf 84' lang='lat' dir='ltr'><strong>delicti</strong></span> <span class='ocrx_word' id='word_1_611' title='bbox 1985 3890 2190 3945; x_wconf 87' lang='lat' dir='ltr'><strong>veniam</strong></span> <span class='ocrx_word' id='word_1_612' title='bbox 2214 3894 2362 3962; x_wconf 89' lang='lat' dir='ltr'><strong>petiit</strong></span> <span class='ocrx_word' id='word_1_613' title='bbox 2397 3893 2624 3962; x_wconf 86' lang='lat' dir='ltr'><strong>(Contra</strong></span> <span class='ocrx_word' id='word_1_614' title='bbox 2647 3897 2907 3967; x_wconf 84' lang='lat' dir='ltr'><strong>Crescon.,</strong></span> <span class='ocrx_word' id='word_1_615' title='bbox 2933 3900 3022 3955; x_wconf 89' lang='lat' dir='ltr'><strong>lib.</strong></span> <span class='ocrx_word' id='word_1_616' title='bbox 3062 3902 3096 3956; x_wconf 81' lang='grc'><strong>5</strong></span> <span class='ocrx_word' id='word_1_617' title='bbox 3113 3943 3128 3969; x_wconf 89' lang='grc'>,</span> <span class='ocrx_word' id='word_1_618' title='bbox 3152 3918 3205 3956; x_wconf 87' lang='lat' dir='ltr'><strong>n.</strong></span> <span class='ocrx_word' id='word_1_619' title='bbox 3231 3902 3360 3974; x_wconf 88' lang='lat'><strong>92).</strong></span> 
     </span>
    </p>
   </div>
   <div class='ocr_carea' id='block_1_89' title="bbox 1775 3976 3355 4060">
    <p class='ocr_par' dir='ltr' id='par_1_89' title="bbox 1775 3976 3355 4060">
     <span class='ocr_line' id='line_1_89' title="bbox 1775 3976 3355 4060; baseline 0.009 -29"><span class='ocrx_word' id='word_1_620' title='bbox 1775 3976 1887 4032; x_wconf 87' lang='lat' dir='ltr'><strong>Nec</strong></span> <span class='ocrx_word' id='word_1_621' title='bbox 1914 3978 2053 4033; x_wconf 89' lang='lat' dir='ltr'><strong>enim</strong></span> <span class='ocrx_word' id='word_1_622' title='bbox 2076 3996 2133 4035; x_wconf 92' lang='lat' dir='ltr'><strong>se</strong></span> <span class='ocrx_word' id='word_1_623' title='bbox 2154 3981 2223 4036; x_wconf 88' lang='lat' dir='ltr'><strong>ob</strong></span> <span class='ocrx_word' id='word_1_624' title='bbox 2255 3983 2464 4038; x_wconf 88' lang='lat' dir='ltr'><strong>titulum</strong></span> <span class='ocrx_word' id='word_1_625' title='bbox 2480 3996 2533 4041; x_wconf 90' lang='lat' dir='ltr'><strong>et</strong></span> <span class='ocrx_word' id='word_1_626' title='bbox 2552 3987 2862 4056; x_wconf 86' lang='lat' dir='ltr'><strong>dignitatem</strong></span> <span class='ocrx_word' id='word_1_627' title='bbox 2888 3989 3177 4059; x_wconf 87' lang='lat' dir='ltr'><strong>primatisa</strong></span> <span class='ocrx_word' id='word_1_628' title='bbox 3201 3991 3355 4060; x_wconf 91' lang='lat' dir='ltr'><strong>culpa</strong></span> 
     </span>
    </p>
   </div>
   <div class='ocr_carea' id='block_1_90' title="bbox 1777 4073 3364 4146">
    <p class='ocr_par' dir='ltr' id='par_1_90' title="bbox 1777 4073 3364 4146">
     <span class='ocr_line' id='line_1_90' title="bbox 1777 4073 3364 4146; baseline 0.008 -20"><span class='ocrx_word' id='word_1_629' title='bbox 1777 4086 1873 4126; x_wconf 91' lang='lat' dir='ltr'><strong>sua</strong></span> <span class='ocrx_word' id='word_1_630' title='bbox 1899 4073 2228 4129; x_wconf 85' lang='lat' dir='ltr'><strong>emendanda</strong></span> <span class='ocrx_word' id='word_1_631' title='bbox 2262 4076 2549 4132; x_wconf 90' lang='lat' dir='ltr'><strong>immunem</strong></span> <span class='ocrx_word' id='word_1_632' title='bbox 2570 4078 2863 4134; x_wconf 88' lang='lat' dir='ltr'><strong>arbitratus</strong></span> <span class='ocrx_word' id='word_1_633' title='bbox 2879 4089 2990 4146; x_wconf 90' lang='lat' dir='ltr'><strong>est;</strong></span> <span class='ocrx_word' id='word_1_634' title='bbox 3013 4096 3197 4135; x_wconf 90' lang='lat' dir='ltr'><strong>verum</strong></span> <span class='ocrx_word' id='word_1_635' title='bbox 3220 4080 3364 4138; x_wconf 87' lang='lat' dir='ltr'><strong>illius</strong></span> 
     </span>
    </p>
   </div>
   <div class='ocr_carea' id='block_1_91' title="bbox 1776 4162 3360 4244">
    <p class='ocr_par' dir='ltr' id='par_1_91' title="bbox 1776 4162 3360 4244">
     <span class='ocr_line' id='line_1_91' title="bbox 1776 4162 3360 4244; baseline 0.006 -27"><span class='ocrx_word' id='word_1_636' title='bbox 1776 4162 1941 4217; x_wconf 89' lang='lat' dir='ltr'><strong>divini</strong></span> <span class='ocrx_word' id='word_1_637' title='bbox 1963 4166 2160 4220; x_wconf 85' lang='lat' dir='ltr'><strong>oraculi</strong></span> <span class='ocrx_word' id='word_1_638' title='bbox 2191 4168 2459 4235; x_wconf 89' lang='lat' dir='ltr'><strong>sapienter</strong></span> <span class='ocrx_word' id='word_1_639' title='bbox 2484 4169 2732 4223; x_wconf 89' lang='lat' dir='ltr'><strong>meminit</strong></span> <span class='ocrx_word' id='word_1_640' title='bbox 2760 4188 2773 4224; x_wconf 88' lang='lat'><strong>:</strong></span> <span class='ocrx_word' id='word_1_641' title='bbox 2805 4169 3007 4235; x_wconf 85' lang='lat' dir='ltr'><strong>Quanto</strong></span> <span class='ocrx_word' id='word_1_642' title='bbox 3035 4188 3250 4244; x_wconf 88' lang='lat' dir='ltr'><strong>magnus</strong></span> <span class='ocrx_word' id='word_1_643' title='bbox 3284 4188 3360 4239; x_wconf 87' lang='lat' dir='ltr'><strong>es,</strong></span> 
     </span>
    </p>
   </div>
   <div class='ocr_carea' id='block_1_92' title="bbox 1778 4254 3366 4336">
    <p class='ocr_par' dir='ltr' id='par_1_92' title="bbox 1778 4254 3366 4336">
     <span class='ocr_line' id='line_1_92' title="bbox 1778 4254 3366 4336; baseline 0.008 -31"><span class='ocrx_word' id='word_1_644' title='bbox 1778 4254 1992 4310; x_wconf 81' lang='lat' dir='ltr'><strong>humilia</strong></span> <span class='ocrx_word' id='word_1_645' title='bbox 2031 4265 2079 4310; x_wconf 87' lang='lat' dir='ltr'><strong>te</strong></span> <span class='ocrx_word' id='word_1_646' title='bbox 2106 4257 2157 4311; x_wconf 88' lang='lat' dir='ltr'><strong>in</strong></span> <span class='ocrx_word' id='word_1_647' title='bbox 2198 4258 2448 4325; x_wconf 84' lang='lat' dir='ltr'><strong>omnibus,</strong></span> <span class='ocrx_word' id='word_1_648' title='bbox 2482 4269 2529 4313; x_wconf 90' lang='lat' dir='ltr'><strong>et</strong></span> <span class='ocrx_word' id='word_1_649' title='bbox 2556 4276 2725 4314; x_wconf 87' lang='lat' dir='ltr'><strong>coram</strong></span> <span class='ocrx_word' id='word_1_650' title='bbox 2756 4260 2864 4316; x_wconf 86' lang='lat' dir='ltr'><strong>Deo</strong></span> <span class='ocrx_word' id='word_1_651' title='bbox 2891 4262 3109 4317; x_wconf 78' lang='lat' dir='ltr'><strong>invenies</strong></span> <span class='ocrx_word' id='word_1_652' title='bbox 3148 4266 3366 4336; x_wconf 88' lang='lat' dir='ltr'><strong>gratiam</strong></span> 
     </span>
    </p>
   </div>
   <div class='ocr_carea' id='block_1_93' title="bbox 1778 4341 3358 4419">
    <p class='ocr_par' dir='ltr' id='par_1_93' title="bbox 1778 4341 3358 4419">
     <span class='ocr_line' id='line_1_93' title="bbox 1778 4341 3358 4419; baseline 0.005 -21"><span class='ocrx_word' id='word_1_653' title='bbox 1778 4341 1973 4415; x_wconf 85' lang='lat' dir='ltr'><strong>(Eccli.</strong></span> <span class='ocrx_word' id='word_1_654' title='bbox 2016 4362 2106 4412; x_wconf 86' lang='lat' dir='ltr'><strong>tu,</strong></span> <span class='ocrx_word' id='word_1_655' title='bbox 2152 4346 2281 4419; x_wconf 88' lang='lat'><strong>20).</strong></span> <span class='ocrx_word' id='word_1_656' title='bbox 2323 4346 2658 4419; x_wconf 83' lang='lat' dir='ltr'><strong>Quapropter</strong></span> <span class='ocrx_word' id='word_1_657' title='bbox 2705 4350 2988 4405; x_wconf 89' lang='lat' dir='ltr'><strong>concilium</strong></span> <span class='ocrx_word' id='word_1_658' title='bbox 3031 4352 3101 4417; x_wconf 90' lang='lat' dir='ltr'><strong>ei,</strong></span> <span class='ocrx_word' id='word_1_659' title='bbox 3155 4359 3212 4406; x_wconf 91' lang='lat' dir='ltr'><strong>ut</strong></span> <span class='ocrx_word' id='word_1_660' title='bbox 3252 4350 3358 4406; x_wconf 89' lang='lat' dir='ltr'><strong>sibi</strong></span> 
     </span>
    </p>
   </div>
   <div class='ocr_carea' id='block_1_94' title="bbox 1777 4434 3349 4512">
    <p class='ocr_par' dir='ltr' id='par_1_94' title="bbox 1777 4434 3349 4512">
     <span class='ocr_line' id='line_1_94' title="bbox 1777 4434 3349 4512; baseline 0.006 -25"><span class='ocrx_word' id='word_1_661' title='bbox 1777 4434 2142 4505; x_wconf 84' lang='lat' dir='ltr'><strong>ignosceretur</strong></span> <span class='ocrx_word' id='word_1_662' title='bbox 2194 4437 2462 4494; x_wconf 89' lang='lat' dir='ltr'><strong>humiliter</strong></span> <span class='ocrx_word' id='word_1_663' title='bbox 2511 4442 2735 4510; x_wconf 89' lang='lat' dir='ltr'><strong>petenti,</strong></span> <span class='ocrx_word' id='word_1_664' title='bbox 2789 4443 3081 4497; x_wconf 87' lang='lat' dir='ltr'><strong>clementer</strong></span> <span class='ocrx_word' id='word_1_665' title='bbox 3128 4443 3349 4512; x_wconf 90' lang='lat' dir='ltr'><strong>ignovit.</strong></span> 
     </span>
    </p>
   </div>
   <div class='ocr_carea' id='block_1_95' title="bbox 1776 4525 3361 4601">
    <p class='ocr_par' dir='ltr' id='par_1_95' title="bbox 1776 4525 3361 4601">
     <span class='ocr_line' id='line_1_95' title="bbox 1776 4525 3361 4601; baseline 0.005 -23"><span class='ocrx_word' id='word_1_666' title='bbox 1776 4525 1927 4591; x_wconf 86' lang='lat' dir='ltr'><strong>Quod</strong></span> <span class='ocrx_word' id='word_1_667' title='bbox 1965 4532 2158 4582; x_wconf 88' lang='lat' dir='ltr'><strong>attinet</strong></span> <span class='ocrx_word' id='word_1_668' title='bbox 2201 4528 2268 4582; x_wconf 88' lang='lat' dir='ltr'><strong>ad</strong></span> <span class='ocrx_word' id='word_1_669' title='bbox 2300 4529 2429 4583; x_wconf 91' lang='lat' dir='ltr'><strong>illud</strong></span> <span class='ocrx_word' id='word_1_670' title='bbox 2454 4530 2761 4595; x_wconf 89' lang='lat' dir='ltr'><strong>concilium,</strong></span> <span class='ocrx_word' id='word_1_671' title='bbox 2781 4531 2825 4583; x_wconf 90' lang='lat' dir='ltr'><strong>si</strong></span> <span class='ocrx_word' id='word_1_672' title='bbox 2857 4529 3111 4599; x_wconf 68' lang='lat' dir='ltr'><strong>praesules</strong></span> <span class='ocrx_word' id='word_1_673' title='bbox 3131 4531 3218 4599; x_wconf 90' lang='lat' dir='ltr'><strong>qui</strong></span> <span class='ocrx_word' id='word_1_674' title='bbox 3248 4532 3361 4601; x_wconf 85' lang='lat' dir='ltr'><strong>pri-</strong></span> 
     </span>
    </p>
   </div>
   <div class='ocr_carea' id='block_1_96' title="bbox 1775 4617 3362 4693">
    <p class='ocr_par' dir='ltr' id='par_1_96' title="bbox 1775 4617 3362 4693">
     <span class='ocr_line' id='line_1_96' title="bbox 1775 4617 3362 4693; baseline 0.006 -24"><span class='ocrx_word' id='word_1_675' title='bbox 1775 4631 1920 4669; x_wconf 91' lang='lat' dir='ltr'><strong>mum</strong></span> <span class='ocrx_word' id='word_1_676' title='bbox 1970 4617 2268 4686; x_wconf 83' lang='lat' dir='ltr'><strong>Hipponem</strong></span> <span class='ocrx_word' id='word_1_677' title='bbox 2311 4630 2689 4685; x_wconf 84' lang='lat' dir='ltr'><strong>convenerant,</strong></span> <span class='ocrx_word' id='word_1_678' title='bbox 2740 4634 2845 4673; x_wconf 89' lang='lat' dir='ltr'><strong>non</strong></span> <span class='ocrx_word' id='word_1_679' title='bbox 2898 4626 3007 4674; x_wconf 87' lang='lat' dir='ltr'><strong>tam</strong></span> <span class='ocrx_word' id='word_1_680' title='bbox 3055 4619 3362 4693; x_wconf 88' lang='lat' dir='ltr'><strong>frequentes</strong></span> 
     </span>
    </p>
   </div>
   <div class='ocr_carea' id='block_1_97' title="bbox 1775 4710 3363 4785">
    <p class='ocr_par' dir='ltr' id='par_1_97' title="bbox 1775 4710 3363 4785">
     <span class='ocr_line' id='line_1_97' title="bbox 1775 4710 3363 4785; baseline 0.004 -23"><span class='ocrx_word' id='word_1_681' title='bbox 1775 4717 1950 4774; x_wconf 88' lang='lat' dir='ltr'><strong>erant,</strong></span> <span class='ocrx_word' id='word_1_682' title='bbox 1999 4717 2055 4762; x_wconf 93' lang='lat' dir='ltr'><strong>ut</strong></span> <span class='ocrx_word' id='word_1_683' title='bbox 2104 4718 2324 4778; x_wconf 86' lang='lat' dir='ltr'><strong>possent</strong></span> <span class='ocrx_word' id='word_1_684' title='bbox 2361 4710 2646 4785; x_wconf 82' lang='lat' dir='ltr'><strong>concilium</strong></span> <span class='ocrx_word' id='word_1_685' title='bbox 2692 4725 3047 4782; x_wconf 86' lang='lat' dir='ltr'><strong>componere;</strong></span> <span class='ocrx_word' id='word_1_686' title='bbox 3077 4721 3160 4768; x_wconf 89' lang='lat' dir='ltr'><strong>sat</strong></span> <span class='ocrx_word' id='word_1_687' title='bbox 3185 4714 3363 4784; x_wconf 85' lang='lat' dir='ltr'><strong>magni</strong></span> 
     </span>
    </p>
   </div>
   <div class='ocr_carea' id='block_1_98' title="bbox 1774 4801 3361 4864">
    <p class='ocr_par' dir='ltr' id='par_1_98' title="bbox 1774 4801 3361 4864">
     <span class='ocr_line' id='line_1_98' title="bbox 1774 4801 3361 4864; baseline 0.006 -10"><span class='ocrx_word' id='word_1_688' title='bbox 1774 4801 2032 4856; x_wconf 86' lang='lat' dir='ltr'><strong>momenti</strong></span> <span class='ocrx_word' id='word_1_689' title='bbox 2063 4815 2150 4855; x_wconf 89' lang='lat' dir='ltr'><strong>res</strong></span> <span class='ocrx_word' id='word_1_690' title='bbox 2174 4810 2291 4856; x_wconf 88' lang='lat' dir='ltr'><strong>erat</strong></span> <span class='ocrx_word' id='word_1_691' title='bbox 2326 4802 2393 4857; x_wconf 86' lang='lat' dir='ltr'><strong>ad</strong></span> <span class='ocrx_word' id='word_1_692' title='bbox 2431 4802 2558 4857; x_wconf 88' lang='lat' dir='ltr'><strong>illud</strong></span> <span class='ocrx_word' id='word_1_693' title='bbox 2596 4805 2676 4859; x_wconf 78' lang='lat' dir='ltr'><strong>vel</strong></span> <span class='ocrx_word' id='word_1_694' title='bbox 2715 4805 2784 4859; x_wconf 90' lang='lat' dir='ltr'><strong>ob</strong></span> <span class='ocrx_word' id='word_1_695' title='bbox 2804 4821 2919 4859; x_wconf 88' lang='lat' dir='ltr'><strong>cam</strong></span> <span class='ocrx_word' id='word_1_696' title='bbox 2961 4822 3117 4862; x_wconf 90' lang='lat' dir='ltr'><strong>unam</strong></span> <span class='ocrx_word' id='word_1_697' title='bbox 3145 4822 3361 4864; x_wconf 88' lang='lat' dir='ltr'><strong>causam</strong></span> 
     </span>
    </p>
   </div>
   <div class='ocr_carea' id='block_1_99' title="bbox 1776 4892 3362 4970">
    <p class='ocr_par' dir='ltr' id='par_1_99' title="bbox 1776 4892 3362 4970">
     <span class='ocr_line' id='line_1_99' title="bbox 1776 4892 3362 4970; baseline 0.006 -24"><span class='ocrx_word' id='word_1_698' title='bbox 1776 4892 2181 4947; x_wconf 80' lang='lat' dir='ltr'><strong>commeandum</strong></span> <span class='ocrx_word' id='word_1_699' title='bbox 2213 4910 2225 4945; x_wconf 92' lang='lat'><strong>:</strong></span> <span class='ocrx_word' id='word_1_700' title='bbox 2262 4894 2362 4948; x_wconf 86' lang='lat' dir='ltr'><strong>nisi</strong></span> <span class='ocrx_word' id='word_1_701' title='bbox 2394 4896 2527 4949; x_wconf 89' lang='lat' dir='ltr'><strong>forte</strong></span> <span class='ocrx_word' id='word_1_702' title='bbox 2552 4895 2726 4966; x_wconf 87' lang='lat' dir='ltr'><strong>aliqua</strong></span> <span class='ocrx_word' id='word_1_703' title='bbox 2748 4897 2987 4969; x_wconf 86' lang='lat' dir='ltr'><strong>synodus</strong></span> <span class='ocrx_word' id='word_1_704' title='bbox 3014 4900 3362 4970; x_wconf 85' lang='lat' dir='ltr'><strong>provincialis</strong></span> 
     </span>
    </p>
   </div>
   <div class='ocr_carea' id='block_1_100' title="bbox 1774 4981 3357 5056">
    <p class='ocr_par' dir='ltr' id='par_1_100' title="bbox 1774 4981 3357 5056">
     <span class='ocr_line' id='line_1_100' title="bbox 1774 4981 3357 5056; baseline 0.005 -19"><span class='ocrx_word' id='word_1_705' title='bbox 1774 4982 1828 5037; x_wconf 88' lang='lat' dir='ltr'><strong>in</strong></span> <span class='ocrx_word' id='word_1_706' title='bbox 1849 4981 2094 5038; x_wconf 86' lang='lat' dir='ltr'><strong>Numidia</strong></span> <span class='ocrx_word' id='word_1_707' title='bbox 2124 4993 2249 5040; x_wconf 88' lang='lat' dir='ltr'><strong>tunc</strong></span> <span class='ocrx_word' id='word_1_708' title='bbox 2280 4988 2534 5056; x_wconf 86' lang='lat' dir='ltr'><strong>temporis</strong></span> <span class='ocrx_word' id='word_1_709' title='bbox 2553 4987 2655 5041; x_wconf 87' lang='lat' dir='ltr'><strong>alia</strong></span> <span class='ocrx_word' id='word_1_710' title='bbox 2676 4990 2958 5044; x_wconf 89' lang='lat' dir='ltr'><strong>occasione</strong></span> <span class='ocrx_word' id='word_1_711' title='bbox 2973 4990 3235 5046; x_wconf 88' lang='lat' dir='ltr'><strong>celebrata</strong></span> <span class='ocrx_word' id='word_1_712' title='bbox 3265 4991 3357 5056; x_wconf 89' lang='lat' dir='ltr'><strong>sit,</strong></span> 
     </span>
    </p>
   </div>
   <div class='ocr_carea' id='block_1_101' title="bbox 1773 5075 3358 5153">
    <p class='ocr_par' dir='ltr' id='par_1_101' title="bbox 1773 5075 3358 5153">
     <span class='ocr_line' id='line_1_101' title="bbox 1773 5075 3358 5153; baseline 0.008 -25"><span class='ocrx_word' id='word_1_713' title='bbox 1773 5091 1892 5144; x_wconf 79' lang='lat' dir='ltr'><strong>quae</strong></span> <span class='ocrx_word' id='word_1_714' title='bbox 1923 5075 2023 5130; x_wconf 82' lang='lat' dir='ltr'><strong>hac</strong></span> <span class='ocrx_word' id='word_1_715' title='bbox 2046 5076 2157 5145; x_wconf 85' lang='lat' dir='ltr'><strong>ipsa</strong></span> <span class='ocrx_word' id='word_1_716' title='bbox 2185 5076 2253 5132; x_wconf 90' lang='lat' dir='ltr'><strong>de</strong></span> <span class='ocrx_word' id='word_1_717' title='bbox 2274 5093 2331 5132; x_wconf 88' lang='lat' dir='ltr'><strong>re</strong></span> <span class='ocrx_word' id='word_1_718' title='bbox 2352 5080 2676 5148; x_wconf 88' lang='lat' dir='ltr'><strong>cognoverit.</strong></span> <span class='ocrx_word' id='word_1_719' title='bbox 2702 5081 2866 5135; x_wconf 85' lang='lat' dir='ltr'><strong>Paulo</strong></span> <span class='ocrx_word' id='word_1_720' title='bbox 2892 5091 3010 5150; x_wconf 91' lang='lat' dir='ltr'><strong>post</strong></span> <span class='ocrx_word' id='word_1_721' title='bbox 3031 5084 3358 5153; x_wconf 83' lang='lat' dir='ltr'><strong>Augustinus</strong></span> 
     </span>
    </p>
   </div>
   <div class='ocr_carea' id='block_1_102' title="bbox 1773 5165 3359 5230">
    <p class='ocr_par' dir='ltr' id='par_1_102' title="bbox 1773 5165 3359 5230">
     <span class='ocr_line' id='line_1_102' title="bbox 1773 5165 3359 5230; baseline 0.007 -12"><span class='ocrx_word' id='word_1_722' title='bbox 1773 5165 1839 5221; x_wconf 86' lang='lat' dir='ltr'><strong>ad</strong></span> <span class='ocrx_word' id='word_1_723' title='bbox 1880 5166 2214 5223; x_wconf 76' lang='lat' dir='ltr'><strong>Profuturum</strong></span> <span class='ocrx_word' id='word_1_724' title='bbox 2260 5168 2734 5226; x_wconf 84' lang='lat' dir='ltr'><strong>familiarissimum</strong></span> <span class='ocrx_word' id='word_1_725' title='bbox 2786 5188 2940 5227; x_wconf 91' lang='lat' dir='ltr'><strong>suum</strong></span> <span class='ocrx_word' id='word_1_726' title='bbox 2996 5174 3237 5230; x_wconf 90' lang='lat' dir='ltr'><strong>scribens</strong></span> <span class='ocrx_word' id='word_1_727' title='bbox 3289 5173 3359 5229; x_wconf 89' lang='lat' dir='ltr'><strong>de</strong></span> 
     </span>
    </p>
   </div>
   <div class='ocr_carea' id='block_1_103' title="bbox 1776 5257 3363 5333">
    <p class='ocr_par' dir='ltr' id='par_1_103' title="bbox 1776 5257 3363 5333">
     <span class='ocr_line' id='line_1_103' title="bbox 1776 5257 3363 5333; baseline 0.003 -20"><span class='ocrx_word' id='word_1_728' title='bbox 1776 5257 1934 5328; x_wconf 82' lang='lat' dir='ltr'><strong>hujus</strong></span> <span class='ocrx_word' id='word_1_729' title='bbox 1964 5258 2169 5330; x_wconf 86' lang='lat' dir='ltr'><strong>Megalii</strong></span> <span class='ocrx_word' id='word_1_730' title='bbox 2219 5261 2387 5325; x_wconf 88' lang='lat' dir='ltr'><strong>obitu,</strong></span> <span class='ocrx_word' id='word_1_731' title='bbox 2436 5262 2532 5316; x_wconf 86' lang='lat' dir='ltr'><strong>ista</strong></span> <span class='ocrx_word' id='word_1_732' title='bbox 2566 5265 2818 5319; x_wconf 91' lang='lat' dir='ltr'><strong>continuo</strong></span> <span class='ocrx_word' id='word_1_733' title='bbox 2843 5265 3091 5333; x_wconf 88' lang='lat' dir='ltr'><strong>subjicit:</strong></span> <span class='ocrx_word' id='word_1_734' title='bbox 3122 5265 3243 5320; x_wconf 85' lang='lat' dir='ltr'><strong>Non</strong></span> <span class='ocrx_word' id='word_1_735' title='bbox 3270 5265 3363 5319; x_wconf 83' lang='lat' dir='ltr'><strong>de-</strong></span> 
     </span>
    </p>
   </div>
   <div class='ocr_carea' id='block_1_104' title="bbox 1776 5350 3363 5423">
    <p class='ocr_par' dir='ltr' id='par_1_104' title="bbox 1776 5350 3363 5423">
     <span class='ocr_line' id='line_1_104' title="bbox 1776 5350 3363 5423; baseline 0.003 -20"><span class='ocrx_word' id='word_1_736' title='bbox 1776 5359 1893 5403; x_wconf 82' lang='lat' dir='ltr'><strong>sunt</strong></span> <span class='ocrx_word' id='word_1_737' title='bbox 1919 5350 2178 5415; x_wconf 87' lang='lat' dir='ltr'><strong>scandala,</strong></span> <span class='ocrx_word' id='word_1_738' title='bbox 2206 5350 2294 5405; x_wconf 88' lang='lat' dir='ltr'><strong>sed</strong></span> <span class='ocrx_word' id='word_1_739' title='bbox 2320 5368 2478 5421; x_wconf 86' lang='lat' dir='ltr'><strong>neque</strong></span> <span class='ocrx_word' id='word_1_740' title='bbox 2516 5354 2766 5423; x_wconf 79' lang='lat' dir='ltr'><strong>refugium</strong></span> <span class='ocrx_word' id='word_1_741' title='bbox 2788 5372 2807 5420; x_wconf 88' lang='lat'><strong>;</strong></span> <span class='ocrx_word' id='word_1_742' title='bbox 2842 5370 2942 5410; x_wconf 88' lang='lat' dir='ltr'><strong>non</strong></span> <span class='ocrx_word' id='word_1_743' title='bbox 2967 5355 3147 5409; x_wconf 82' lang='lat' dir='ltr'><strong>desunt</strong></span> <span class='ocrx_word' id='word_1_744' title='bbox 3177 5370 3363 5410; x_wconf 67' lang='lat' dir='ltr'><strong>maro-</strong></span> 
     </span>
    </p>
   </div>
   <div class='ocr_carea' id='block_1_105' title="bbox 1774 5443 3360 5518">
    <p class='ocr_par' dir='ltr' id='par_1_105' title="bbox 1774 5443 3360 5518">
     <span class='ocr_line' id='line_1_105' title="bbox 1774 5443 3360 5518; baseline 0.003 -23"><span class='ocrx_word' id='word_1_745' title='bbox 1774 5459 1872 5508; x_wconf 85' lang='lat' dir='ltr'><strong>res,</strong></span> <span class='ocrx_word' id='word_1_746' title='bbox 1898 5443 1987 5497; x_wconf 88' lang='lat' dir='ltr'><strong>sed</strong></span> <span class='ocrx_word' id='word_1_747' title='bbox 2008 5459 2165 5514; x_wconf 80' lang='lat' dir='ltr'><strong>neque</strong></span> <span class='ocrx_word' id='word_1_748' title='bbox 2190 5443 2555 5498; x_wconf 86' lang='lat' dir='ltr'><strong>consolationes</strong></span> <span class='ocrx_word' id='word_1_749' title='bbox 2576 5445 2774 5515; x_wconf 86' lang='lat' dir='ltr'><strong>(Epist.</strong></span> <span class='ocrx_word' id='word_1_750' title='bbox 2799 5448 2887 5507; x_wconf 76' lang='lat'><strong>38.</strong></span> <span class='ocrx_word' id='word_1_751' title='bbox 2920 5464 2972 5501; x_wconf 67' lang='grc' dir='ltr'><strong>τι.</strong></span> <span class='ocrx_word' id='word_1_752' title='bbox 2993 5446 3082 5518; x_wconf 94' lang='lat'><strong>2).</strong></span> <span class='ocrx_word' id='word_1_753' title='bbox 3105 5446 3216 5502; x_wconf 91' lang='lat' dir='ltr'><strong>Sub</strong></span> <span class='ocrx_word' id='word_1_754' title='bbox 3246 5446 3360 5499; x_wconf 70' lang='lat' dir='ltr'><strong>hinc</strong></span> 
     </span>
    </p>
   </div>
   <div class='ocr_carea' id='block_1_106' title="bbox 1778 5535 3354 5607">
    <p class='ocr_par' dir='ltr' id='par_1_106' title="bbox 1778 5535 3354 5607">
     <span class='ocr_line' id='line_1_106' title="bbox 1778 5535 3354 5607; baseline -0.001 -18"><span class='ocrx_word' id='word_1_755' title='bbox 1778 5536 1959 5590; x_wconf 90' lang='lat' dir='ltr'><strong>multis</strong></span> <span class='ocrx_word' id='word_1_756' title='bbox 1996 5535 2231 5590; x_wconf 89' lang='lat' dir='ltr'><strong>ostendit</strong></span> <span class='ocrx_word' id='word_1_757' title='bbox 2278 5536 2409 5590; x_wconf 90' lang='lat' dir='ltr'><strong>iram</strong></span> <span class='ocrx_word' id='word_1_758' title='bbox 2458 5551 2575 5590; x_wconf 86' lang='lat' dir='ltr'><strong>esse</strong></span> <span class='ocrx_word' id='word_1_759' title='bbox 2615 5537 2934 5607; x_wconf 79' lang='lat' dir='ltr'><strong>fugiendam,</strong></span> <span class='ocrx_word' id='word_1_760' title='bbox 2978 5553 3046 5591; x_wconf 92' lang='lat' dir='ltr'><strong>ne</strong></span> <span class='ocrx_word' id='word_1_761' title='bbox 3084 5536 3191 5590; x_wconf 89' lang='lat' dir='ltr'><strong>odii</strong></span> <span class='ocrx_word' id='word_1_762' title='bbox 3230 5544 3354 5589; x_wconf 80' lang='lat' dir='ltr'><strong>tan-</strong></span> 
     </span>
    </p>
   </div>
   <div class='ocr_carea' id='block_1_107' title="bbox 1777 5626 3362 5691">
    <p class='ocr_par' dir='ltr' id='par_1_107' title="bbox 1777 5626 3362 5691">
     <span class='ocr_line' id='line_1_107' title="bbox 1777 5626 3362 5691; baseline 0 -10"><span class='ocrx_word' id='word_1_763' title='bbox 1777 5626 1901 5681; x_wconf 87' lang='lat' dir='ltr'><strong>dem</strong></span> <span class='ocrx_word' id='word_1_764' title='bbox 1923 5636 2163 5681; x_wconf 88' lang='lat' dir='ltr'><strong>naturam</strong></span> <span class='ocrx_word' id='word_1_765' title='bbox 2200 5627 2401 5682; x_wconf 89' lang='lat' dir='ltr'><strong>induat.</strong></span> <span class='ocrx_word' id='word_1_766' title='bbox 2434 5627 2636 5683; x_wconf 90' lang='lat' dir='ltr'><strong>Deinde</strong></span> <span class='ocrx_word' id='word_1_767' title='bbox 2685 5627 2953 5682; x_wconf 89' lang='lat' dir='ltr'><strong>concludit</strong></span> <span class='ocrx_word' id='word_1_768' title='bbox 2985 5638 3269 5691; x_wconf 86' lang='lat' dir='ltr'><strong>asserens,</strong></span> <span class='ocrx_word' id='word_1_769' title='bbox 3300 5639 3362 5681; x_wconf 85' lang='lat' dir='ltr'><strong>se</strong></span> 
     </span>
    </p>
   </div>
   <div class='ocr_carea' id='block_1_108' title="bbox 1781 5715 3365 5789">
    <p class='ocr_par' dir='ltr' id='par_1_108' title="bbox 1781 5715 3365 5789">
     <span class='ocr_line' id='line_1_108' title="bbox 1781 5715 3365 5789; baseline -0.001 -15"><span class='ocrx_word' id='word_1_770' title='bbox 1781 5721 1880 5776; x_wconf 89' lang='lat' dir='ltr'><strong>ista</strong></span> <span class='ocrx_word' id='word_1_771' title='bbox 1905 5722 2148 5776; x_wconf 89' lang='lat' dir='ltr'><strong>consulto</strong></span> <span class='ocrx_word' id='word_1_772' title='bbox 2167 5721 2427 5788; x_wconf 88' lang='lat' dir='ltr'><strong>scribere,</strong></span> <span class='ocrx_word' id='word_1_773' title='bbox 2457 5720 2526 5774; x_wconf 90' lang='lat' dir='ltr'><strong>ob</strong></span> <span class='ocrx_word' id='word_1_774' title='bbox 2555 5735 2615 5774; x_wconf 89' lang='lat' dir='ltr'><strong>ea</strong></span> <span class='ocrx_word' id='word_1_775' title='bbox 2647 5735 2765 5789; x_wconf 74' lang='lat' dir='ltr'><strong>qua:</strong></span> <span class='ocrx_word' id='word_1_776' title='bbox 2794 5733 2961 5786; x_wconf 90' lang='lat' dir='ltr'><strong>nuper</strong></span> <span class='ocrx_word' id='word_1_777' title='bbox 2990 5716 3089 5771; x_wconf 82' lang='lat' dir='ltr'><strong>sibi</strong></span> <span class='ocrx_word' id='word_1_778' title='bbox 3136 5715 3365 5773; x_wconf 76' lang='lat' dir='ltr'><strong>dixisset</strong></span> 
     </span>
    </p>
   </div>
   <div class='ocr_carea' id='block_1_109' title="bbox 1777 5809 3363 5879">
    <p class='ocr_par' dir='ltr' id='par_1_109' title="bbox 1777 5809 3363 5879">
     <span class='ocr_line' id='line_1_109' title="bbox 1777 5809 3363 5879; baseline 0.001 -10"><span class='ocrx_word' id='word_1_779' title='bbox 1777 5811 2110 5872; x_wconf 85' lang='lat' dir='ltr'><strong>Profuturus.</strong></span> <span class='ocrx_word' id='word_1_780' title='bbox 2144 5812 2293 5869; x_wconf 83' lang='lat' dir='ltr'><strong>Haud</strong></span> <span class='ocrx_word' id='word_1_781' title='bbox 2344 5813 2544 5869; x_wconf 85' lang='lat' dir='ltr'><strong>scimus</strong></span> <span class='ocrx_word' id='word_1_782' title='bbox 2568 5826 2635 5866; x_wconf 88' lang='lat' dir='ltr'><strong>an</strong></span> <span class='ocrx_word' id='word_1_783' title='bbox 2674 5810 2763 5865; x_wconf 87' lang='lat' dir='ltr'><strong>illa</strong></span> <span class='ocrx_word' id='word_1_784' title='bbox 2805 5810 2868 5865; x_wconf 88' lang='lat' dir='ltr'><strong>ad</strong></span> <span class='ocrx_word' id='word_1_785' title='bbox 2900 5809 3101 5879; x_wconf 81' lang='lat' dir='ltr'><strong>Mcgalii</strong></span> <span class='ocrx_word' id='word_1_786' title='bbox 3145 5824 3363 5870; x_wconf 85' lang='lat' dir='ltr'><strong>causam</strong></span> 
     </span>
    </p>
   </div>
   <div class='ocr_carea' id='block_1_110' title="bbox 3288 412 3394 472">
    <p class='ocr_par' dir='ltr' id='par_1_110' title="bbox 3288 412 3394 472">
     <span class='ocr_line' id='line_1_110' title="bbox 3288 412 3394 472; baseline 0.038 -4"><span class='ocrx_word' id='word_1_787' title='bbox 3288 412 3394 472; x_wconf 69' lang='lat'><strong>210</strong></span> 
     </span>
    </p>
   </div>
   <div class='ocr_carea' id='block_1_111' title="bbox 1946 1440 3419 1547">
    <p class='ocr_par' dir='ltr' id='par_1_111' title="bbox 1946 1440 3419 1547">
     <span class='ocr_line' id='line_1_111' title="bbox 1946 1440 3419 1547; baseline 0.008 -26"><span class='ocrx_word' id='word_1_788' title='bbox 1946 1462 2135 1521; x_wconf 75' lang='lat' dir='ltr'><strong>etquae</strong></span> <span class='ocrx_word' id='word_1_789' title='bbox 2165 1460 3325 1547; x_wconf 79' lang='lat' dir='ltr'><strong>abordinattonesuaadannumlndequlntum</strong></span> <span class='ocrx_word' id='word_1_790' title='bbox 3415 1440 3419 1448; x_wconf 28' lang='grc' dir='ltr'>λ</span> 
     </span>
    </p>
   </div>
   <div class='ocr_carea' id='block_1_112' title="bbox 3408 1562 3436 1593">
    <p class='ocr_par' dir='ltr' id='par_1_112' title="bbox 3408 1562 3436 1593">
     <span class='ocr_line' id='line_1_112' title="bbox 3408 1562 3436 1593; baseline 0 -22"><span class='ocrx_word' id='word_1_791' title='bbox 3408 1562 3436 1593; x_wconf 52' lang='grc' dir='ltr'><strong>,τ</strong></span> 
     </span>
    </p>
   </div>
   <div class='ocr_carea' id='block_1_113' title="bbox 3396 5704 3420 5771">
    <p class='ocr_par' dir='ltr' id='par_1_113' title="bbox 3396 5704 3420 5771">
     <span class='ocr_line' id='line_1_113' title="bbox 3396 5704 3420 5771; baseline 0 0"><span class='ocrx_word' id='word_1_792' title='bbox 3396 5704 3420 5771; x_wconf 67' lang='lat' dir='ltr'><strong>l</strong></span> 
     </span>
    </p>
   </div>
  </div>
