3838 6270
410 945 418 990 i

413 1006 418 1026 l

460 269 571 327 215

1097 375 1321 432 CAPUT
1358 372 1422 430 ll.

462 475 493 531 1
534 473 658 540 Quis
685 471 867 526 animo:
903 469 1098 524 habitus
1128 476 1262 533 erat,
1293 466 1438 538 quive
1460 479 1623 519 mores
1647 461 1914 534 Augustini
1930 461 2046 532 jam

540 563 782 634 episcopi.
813 562 848 616 2
874 559 941 615 In
973 558 1294 615 solitudinem
1323 559 1495 628 fugere
1518 555 1806 628 prohibetur
1827 571 1860 608 a
1897 552 2004 607 Deo
2026 568 2070 608 τ’

533 655 644 725 ejus
669 652 863 707 delicia:
882 660 997 706 sunt
1020 649 1302 720 Scriptum
1325 646 1419 701 Dei
1439 654 1486 701 et
1509 662 1684 700 vacare
1704 645 1828 698 Deo.
1853 645 1886 698 5
1908 644 2046 709 Qua-

536 747 603 802 lis
634 747 679 799 ei
705 745 871 799 cultus
895 742 1120 812 corporis
1145 742 1196 795 in
1223 739 1436 795 uestibus
1460 749 1508 794 et
1526 737 1873 793 calceamentis
1897 752 2043 790 acce-

537 843 656 908 ptus
690 837 860 906 fuerit.
890 835 923 890 4
956 832 1082 899 Quae
1115 833 1224 904 ejus
1259 848 1449 887 mensa.
1485 831 1521 887 5
1550 829 1788 884 Manibus
1824 827 2046 898 quotidie

539 928 734 999 aliquid
762 928 961 1000 operari
978 925 1144 994 vellet,
1171 927 1215 980 si
1235 943 1324 998 per
1349 925 1681 981 ualetudinem
1705 933 1754 978 et
1773 940 1864 996 per
1890 939 2044 978 occu-

541 1020 768 1091 pationes
801 1019 990 1073 liceret.
1016 1019 1048 1074 6
1076 1017 1292 1088 Inﬁrma
1311 1016 1546 1072 valetudo
1573 1017 1732 1087 ipsius
1751 1024 1797 1068 et
1825 1031 2043 1084 occupa-

543 1110 721 1164 tiones.
751 1109 784 1163 7
813 1107 1119 1165 Clericorum
1145 1107 1500 1161 monasterium
1531 1105 1585 1159 in
1625 1105 1865 1176 episcopii
1896 1105 2045 1158 domo

538 1201 769 1256 instituit.
799 1200 878 1255 Ad
912 1201 1104 1256 laetum
1137 1200 1280 1254 istius
1308 1199 1438 1268 forte
1466 1197 1751 1254 monasterii
1785 1195 2046 1250 alumnum

543 1294 773 1366 epistola.
810 1293 844 1349 8
876 1293 940 1347 In
983 1310 1039 1347 eo
1074 1291 1376 1346 monasterio
1414 1289 1711 1361 regulariter
1750 1297 1797 1343 et
1836 1295 2048 1358 anguste

541 1404 657 1441 cum
683 1387 789 1442 suis
808 1386 1000 1440 clericis
1024 1385 1251 1440 convicit.
1290 1384 1323 1440 9
1357 1383 1423 1438 Ut
1447 1399 1499 1437 se
1523 1383 1719 1453 gerebat
1743 1399 1860 1452 erga
1894 1380 2045 1453 femi-

543 1495 676 1534 nas:
705 1481 896 1534 nullam
925 1496 987 1533 ne
1005 1479 1205 1552 quidem
1236 1493 1298 1533 ea:
1331 1476 1714 1549 consanguineis
1741 1465 1968 1530 habitare
1992 1473 2047 1528 in

540 1588 635 1626 sua
656 1571 803 1626 domo
829 1588 1006 1642 passus
1035 1579 1124 1626 est.

541 1665 595 1720 1.
627 1663 941 1734 Episcopale
961 1680 1092 1719 onus
1121 1663 1317 1733 imponi
1340 1662 1438 1717 sibi
1470 1677 1574 1716 non
1596 1661 1742 1732 prius
1763 1673 1946 1730 passus
1967 1667 2048 1714 est

467 1755 812 1828 Augustinus,
836 1771 992 1824 quam
1015 1755 1356 1811 constitutum
1384 1753 1600 1809 haberet
1630 1753 1679 1806 in
1701 1753 1896 1816 animo,
1917 1759 2046 1806 aeta-

467 1855 576 1902 tem
599 1861 746 1902 suam
768 1847 818 1900 in
843 1846 1030 1900 ofﬁciis
1055 1845 1119 1915 ad
1143 1845 1192 1900 id
1219 1845 1605 1914 pertinentibus
1623 1852 1783 1898 totam
1812 1844 2042 1914 exigere.

468 1937 606 1992 Hinc
635 1937 688 1992 in
716 1937 914 2007 reliqua
937 1939 1038 1991 vita
1072 1937 1200 1991 nihil
1233 1937 1446 1991 molitus
1467 1951 1694 2005 unquam
1721 1935 1885 2002 aliud,
1917 1935 2048 1989 nihil

469 2044 750 2100 aggressus
778 2029 1098 2099 reperietur,
1141 2028 1240 2081 nisi
1278 2027 1416 2098 quod
1445 2027 1560 2095 ejus
1589 2025 1639 2080 in
1681 2025 1869 2079 fratres
1899 2040 2045 2088 suos.

468 2134 602 2189 quos
626 2129 681 2175 ut
703 2119 946 2175 dominos
968 2117 1301 2182 observabat,
1321 2117 1549 2171 charitas
1567 2125 1877 2186 exposceret
1904 2115 2049 2186 (Con-

468 2213 587 2281 fess.
614 2210 700 2264 lib.
736 2209 822 2275 10,
854 2226 967 2279 cap.
991 2209 1045 2276 4,
1070 2226 1120 2262 n.
1146 2205 1221 2280 6).
1250 2207 1353 2263 Sed
1381 2205 1826 2276 antequamjuxta
1858 2205 2049 2259 seriem

469 2316 728 2356 annorum
758 2299 1050 2366 videamus,
1076 2299 1266 2369 quibus
1290 2298 1577 2363 laboribus,
1610 2305 1738 2367 quot
1762 2296 1970 2365 scriptis
1997 2305 2052 2351 et

469 2391 985 2462 peregrinationibus
1025 2390 1171 2443 illum
1210 2388 1474 2443 fraternus
1514 2404 1665 2442 amor
1704 2388 2048 2457 implicuerit;

472 2483 784 2553 colligemus
807 2482 895 2536 hic
923 2481 1175 2536 nonnulla
1200 2480 1268 2536 de
1297 2481 1436 2535 illius
1463 2496 1557 2550 pro
1589 2479 1824 2536 Ecclesia
1857 2480 2048 2550 gestis,

471 2590 592 2647 qum
610 2575 763 2630 nobis
784 2573 851 2629 ad
874 2583 1076 2629 certum
1098 2573 1337 2629 ordinem
1361 2582 1654 2642 temporum
1675 2588 1924 2628 revocare
1947 2587 2052 2626 non

470 2665 613 2722 licet.
645 2664 718 2722 Ut
752 2674 927 2720 autem
953 2664 1022 2719 ab
1046 2665 1110 2720 iis
1136 2681 1253 2735 quse
1279 2664 1345 2719 ad
1378 2665 1542 2733 ipsius
1571 2679 1748 2718 mores
1774 2671 2048 2734 spectant,

471 2756 723 2812 narrandi
763 2755 1019 2811 faciamus
1047 2755 1286 2820 initium;
1330 2756 1501 2826 qualis
1533 2765 1679 2811 esset
1714 2756 1904 2811 animm
1941 2770 2052 2811 sua:

469 2845 681 2900 habitus
699 2846 869 2916 primo
887 2846 1221 2917 episcopatus
1241 2846 1322 2901 sui
1345 2855 1604 2916 tempore,
1625 2847 1848 2918 ipsemet
1869 2846 1919 2901 in
1942 2848 2054 2902 suis

469 2933 908 2992 Confessionibus
934 2952 1073 2990 anno
1111 2939 1178 2992 ab
1203 2937 1369 3006 ipsius
1403 2938 1735 2993 ordinatione
1759 2947 1946 3006 quarto
1971 2938 2054 2993 vel

471 3027 656 3096 quinto
673 3027 851 3090 editis,
871 3029 922 3081 in
940 3028 1109 3083 oculis
1124 3038 1516 3098 conspectuque
1533 3030 1768 3083 omnium
1789 3029 2051 3098 exposuit.

471 3116 606 3171 Nam
629 3132 750 3171 cum
776 3117 956 3185 jacere
977 3127 1213 3186 cuperet,
1244 3119 1492 3186 nulloque
1519 3118 1656 3172 inter
1678 3119 1920 3174 homines
1939 3134 2057 3177 esse

473 3223 722 3275 numero,
745 3224 886 3278 mgre
906 3208 1189 3263 admodum
1212 3208 1414 3264 ferebat
1432 3209 1524 3264 Vir
1537 3219 1769 3274 sanctus,
1795 3225 1854 3266 se
1873 3219 2055 3266 contra

475 3300 531 3355 in
555 3315 649 3356 ore
677 3300 913 3354 omnium
942 3301 1166 3368 versari,
1190 3309 1348 3368 atque
1368 3301 1524 3355 etiam
1552 3311 1749 3356 sanctze
1771 3317 2054 3358 conversa-

473 3390 640 3444 tionis
664 3391 877 3444 nomine
913 3405 1121 3444 summo
1158 3391 1370 3460 dignum
1414 3391 1614 3447 honore
1643 3393 1844 3447 haberi.
1879 3394 2055 3464 Itaque

476 3497 542 3535 ne
567 3481 629 3533 de
653 3497 706 3535 se
731 3481 991 3551 quisquam
1017 3481 1295 3549 hominum,
1321 3483 1395 3537 ait
1415 3483 1704 3551 Possidius,
1733 3502 1887 3555 supra
1906 3503 2057 3556 quam

476 3587 531 3626 se
557 3588 664 3627 esse
687 3582 918 3640 noverat,
957 3573 1205 3639 crederet,
1237 3591 1337 3628 non
1363 3575 1526 3628 solum
1552 3579 1713 3646 qualis
1737 3588 1854 3631 ante
1882 3596 2054 3649 perce-

479 3671 621 3732 ptam
644 3663 858 3733 gratiam
883 3664 1054 3732 fuerit.
1081 3665 1168 3718 sed
1193 3667 1343 3719 etiant
1372 3667 1536 3730 qualis
1559 3669 1673 3737 jant
1701 3679 1900 3738 sumpta
1928 3671 2058 3726 vire-

477 3760 574 3816 ret,
590 3753 860 3824 designavit
881 3752 1185 3824 (Possidius,
1199 3757 1250 3808 in
1273 3755 1386 3809 Vita
1397 3756 1608 3827 August.
1619 3759 1690 3826 ,in
1709 3757 1912 3831 Procli).
1927 3760 2057 3818 Cer-

477 3844 639 3899 nebat
681 3854 932 3914 praeterea
974 3847 1152 3900 multis
1179 3847 1330 3902 bonis
1355 3847 1700 3915 Christianis,
1745 3851 1831 3919 qui
1864 3853 2058 3920 pariter

478 3937 596 4008 quis
626 3947 862 4009 tempore
894 3940 1008 4010 ipso
1033 3940 1435 3995 Confessionum
1472 3955 1684 3995 suarum
1721 3952 1862 3997 esset
1899 3959 2058 4001 nosse

477 4039 751 4098 cuperent,
779 4041 984 4100 gratum
1018 4030 1272 4086 facturum
1296 4047 1355 4087 se
1376 4047 1478 4086 non
1501 4033 1616 4087 sine
1638 4049 1826 4104 magno
1847 4034 2052 4092 fructu:

476 4121 738 4190 siquidem
767 4123 798 4175 ii
822 4131 874 4176 et
899 4124 1094 4192 gratias
1116 4124 1224 4177 Duo
1243 4125 1409 4178 acturi
1431 4124 1498 4178 de
1523 4125 1677 4178 donis
1709 4127 1804 4195 ipsi
1830 4128 2054 4195 collatis,

478 4219 530 4264 et
557 4211 849 4280 perspectis
869 4212 983 4281 ejus
1005 4213 1156 4268 malis
1186 4230 1281 4282 pro
1303 4215 1417 4284 ip<o
1445 4216 1675 4283 rogaturi
1703 4227 1879 4271 essent
1905 4217 2058 4290 (Con-

477 4302 594 4370 fess.
619 4300 704 4355 lib.
739 4302 821 4366 10,
850 4320 964 4374 cap.
991 4304 1044 4370 5,
1075 4321 1126 4358 n.
1151 4305 1230 4373 4).
1277 4305 1510 4359 Primum
1539 4322 1666 4377 ergo
1712 4308 1756 4362 is
1792 4309 1934 4380 ipse,
1967 4312 2056 4380 qui

475 4391 558 4445 vir
585 4393 951 4447 sanctissimus
975 4410 1037 4446 ac
1059 4393 1174 4463 ejus
1201 4394 1339 4462 apud
1373 4395 1536 4450 Deum
1575 4399 1744 4452 meriti
1768 4413 1885 4453 esse
1915 4399 2058 4455 vide-

476 4489 643 4542 retur,
669 4482 718 4536 in
743 4498 848 4552 quo
871 4484 1023 4539 facile
1047 4485 1271 4554 Quisque
1291 4499 1438 4553 Spem
1463 4497 1760 4555 reponeret,
1784 4490 2057 4557 proﬁtetur

480 4578 641 4623 totam
686 4585 832 4639 spem
876 4587 1027 4628 suam
1079 4576 1284 4628 nonnisi
1321 4577 1373 4630 in
1421 4593 1609 4648 magna
1656 4580 1808 4634 valde
1847 4581 2057 4634 miseri-

478 4660 659 4714 cordia
690 4661 782 4717 Dei
819 4664 970 4717 sitam
998 4679 1145 4729 esse;
1177 4665 1243 4720 ab
1274 4665 1364 4721 illo
1403 4681 1461 4722 se
1502 4679 1682 4738 petere
1721 4679 1775 4723 ut
1802 4671 1891 4725 det
1916 4673 2053 4741 quod

474 4750 648 4820 jubet,
667 4762 823 4821 atque
841 4753 942 4808 hoc
970 4765 1121 4823 pacto
1145 4756 1285 4824 quod
1311 4758 1436 4812 velit
1457 4758 1638 4828 jubent
1661 4777 1674 4814 :
1698 4761 1835 4814 scire
1863 4777 1939 4821 se.
1963 4777 2056 4816 nc-

478 4841 675 4895 minem
705 4857 858 4912 posse
883 4859 1002 4899 esse
1027 4849 1406 4913 continentem,
1430 4849 1528 4902 nisi
1551 4849 1690 4904 Deus
1710 4849 1798 4904 det
1826 4869 1838 4904 :
1863 4851 2058 4921 quippe

475 4944 599 4985 cum
631 4947 724 5000 per
750 4935 1088 4989 continentiae
1113 4936 1414 4991 mandatum
1443 4939 1595 4995 nobis
1618 4942 1971 5012 praecipiatur,
2001 4951 2059 4997 ut.

475 5020 793 5090 colligantur
819 5031 873 5078 et
902 5023 1202 5092 redigantur
1227 5026 1278 5081 in
1310 5043 1492 5090 unum,
1523 5044 1550 5081 a
1572 5045 1677 5099 quo
1702 5031 1754 5083 in
1779 5031 1939 5085 multa
1959 5031 2056 5086 de-

474 5113 729 5169 ﬂuximus
755 5113 896 5188 (quia
917 5117 1159 5174 videlicet
1183 5119 1228 5174 is
1253 5121 1427 5175 minus
1455 5121 1616 5176 Deum
1638 5131 1800 5186 atnat,
1829 5123 2056 5192 quicum

474 5204 590 5260 Deo
615 5205 811 5276 aliquid
839 5219 1000 5274 amat,
1031 5210 1170 5280 quod
1200 5227 1302 5265 non
1332 5222 1546 5282 propter
1574 5212 1738 5267 Deum
1765 5214 1959 5284 amat);
1991 5214 2057 5270 ad

476 5295 607 5374 illud
637 5297 962 5367 implendum
989 5314 1048 5356 se
1076 5318 1168 5370 per
1188 5317 1247 5356 se
1273 5318 1377 5356 non
1409 5301 1671 5364 sufficere.
1704 5303 1796 5358 sed
1822 5302 2060 5374 indigere

476 5397 536 5445 ut
563 5391 630 5444 ab
662 5390 778 5461 ipso
810 5393 917 5448 Deo
944 5395 1280 5450 accendatur.
1326 5394 1370 5449 Ο
1398 5412 1560 5462 amor,
1607 5399 1708 5460 ait,
1753 5401 1835 5467 qui
1863 5413 2060 5469 semper

479 5483 626 5538 ardes
646 5493 691 5536 et
711 5501 966 5554 nunquam
987 5487 1352 5556 exstingueris!
1382 5487 1612 5542 Charitas
1632 5487 1770 5543 Deus
1789 5507 1945 5558 meus,
1973 5508 2060 5545 ac-

481 5579 636 5632 cende
663 5595 758 5632 me.
796 5576 1164 5634 Continentiant
1194 5579 1376 5650 jubes;
1403 5578 1470 5632 da
1492 5582 1625 5648 quod
1651 5582 1796 5652 jubes
1816 5625 1830 5650 ,
1873 5593 1921 5637 et
1936 5584 2060 5655 jube

484 5670 623 5743 quod
648 5672 718 5725 vis
749 5669 930 5740 (lbid.,
952 5688 1062 5738 mp.
1093 5670 1182 5741 29,
1219 5687 1270 5726 η.
1301 5668 1413 5744 40).
1445 5672 1644 5730 Deinde
1668 5690 1967 5747 quanquam
1991 5674 2059 5735 ad

1536 255 1698 312 γιΤΑ
1733 254 1791 313 S.
1833 251 2199 312 AUGUSTINI
2238 249 2560 308 EPISCOPI.

2152 381 2270 423 eam
2300 365 2490 421 animae
2529 365 2805 422 sanitatem
2838 367 2946 437 jam
2973 367 3156 426 divino
3186 385 3420 429 munere
3454 375 3710 444 perductus

2151 467 2311 527 esset,
2337 467 2394 514 nt
2413 459 2742 516 conﬁdenter
2763 460 2873 516 Deo
2896 460 3114 529 diceret,
3149 463 3282 518 Non
3307 465 3483 530 dubia,
3503 469 3588 524 sed
3602 485 3708 531 certe

2152 551 2453 606 conscientia
2472 593 2488 619 ,
2513 550 2746 620 Domine,
2776 569 2891 607 amo
2920 563 2967 608 te
2992 552 3179 626 (lbid.,
3213 572 3337 624 cap.
3368 556 3425 624 6,
3453 575 3507 613 n.
3527 559 3616 630 8):
3640 573 3706 620 at.

2153 653 2326 700 tamen
2355 645 2547 702 multos
2567 654 2622 702 et
2642 661 2860 716 magnos
2878 661 2996 702 esse
3018 647 3313 719 languores
3338 664 3467 704 suos
3483 657 3702 725 agnoscit,

2151 737 2344 807 quibus
2399 736 2648 792 sanandis
2697 739 2992 794 necessaria
3051 741 3123 796 sit
3184 742 3526 800 medicinalis
3571 752 3706 818 gratia

2151 828 2346 885 Christi
2367 829 2666 884 Mediatoris
2689 829 2872 903 (lbid.,
2888 848 3002 901 cap.
3021 833 3109 901 45,
3134 851 3192 888 n.
3211 834 3334 906 68).
3354 836 3486 892 Nam
3511 842 3702 910 turpium

2149 936 2330 978 rerum
2350 922 2608 993 imagines
2629 931 2682 979 et
2700 924 2878 980 vivere
2901 924 3071 980 adhuc
3093 926 3150 981 in
3180 943 3283 983 sua
3305 932 3557 985 memoria
3577 940 3704 990 testa-

2151 1020 2258 1080 tur,
2290 1022 2343 1068 et
2371 1013 2470 1069 sibi
2497 1030 2796 1082 occursare,
2825 1015 3061 1087 vigilanti
3087 1018 3314 1088 quidem
3341 1031 3580 1079 carentes
3602 1025 3701 1082 viri-

2152 1104 2272 1170 bus,
2302 1105 2356 1160 in
2383 1106 2581 1162 somnis
2603 1116 2779 1163 autem
2809 1124 2914 1163 non
2941 1110 3112 1166 solum
3140 1126 3317 1182 usque
3341 1113 3410 1167 ad
3436 1113 3700 1173 delectatio-

2152 1211 2296 1262 nem,
2320 1196 2414 1252 sed
2437 1197 2594 1252 etiam
2621 1213 2790 1270 usque
2810 1199 2877 1254 ad
2902 1203 3323 1259 consensionem
3350 1202 3630 1278 factumque
3648 1213 3701 1265 si-

2152 1286 2451 1341 millimum.
2466 1285 2774 1358 Quanquam
2795 1305 2937 1359 saepe
2957 1289 3116 1345 etiam
3139 1291 3196 1346 in
3218 1295 3430 1350 somnis
3446 1297 3695 1366 resistebat,

2152 1389 2205 1432 et
2229 1378 2312 1433 sui
2356 1393 2564 1432 memor
2588 1381 2873 1449 propositi,
2901 1392 3060 1452 atque
3101 1383 3160 1438 in
3187 1399 3257 1439 eo
3283 1375 3576 1444 castissime
3611 1406 3700 1460 per-

2151 1483 2395 1535 manens,
2425 1470 2625 1524 nullum
2654 1471 2844 1526 talibus
2873 1471 3137 1527 illecebris
3171 1474 3258 1529 vel
3289 1474 3557 1533 dormiens
3577 1479 3696 1536 adbi-

2151 1560 2311 1616 bebat
2338 1577 2611 1619 assensum
2637 1562 2819 1637 (Ibid,
2843 1581 2956 1635 cap.
2989 1565 3078 1633 50,
3106 1583 3162 1621 η.
3185 1566 3302 1640 41).
3332 1568 3451 1638 Quo
3475 1570 3522 1624 in
3545 1587 3697 1643 genere

2152 1652 2274 1706 mali
2302 1652 2475 1708 adhuc
2515 1669 2575 1710 se
2613 1671 2732 1710 esse
2759 1657 3124 1724 comperiens,
3169 1659 3253 1714 sic
3279 1661 3569 1718 exsultabat
3605 1681 3694 1721 cum

2157 1749 2386 1798 tremore
2416 1743 2467 1798 in
2493 1759 2558 1798 eo
2584 1745 2723 1814 quod
2745 1746 2818 1800 illi
2847 1746 2988 1802 Deus
3011 1747 3338 1813 donaverat,
3365 1759 3422 1804 ut
3449 1751 3497 1805 in
3517 1754 3695 1824 eoquod
3792 1801 3793 1826 ἰ

2153 1833 2607 1891 inconsummatus
2634 1846 2747 1891 erat
2777 1837 2996 1908 lugeret.
3029 1839 3215 1908 Pergit
3239 1840 3310 1894 ad
3331 1841 3472 1896 aliud
3498 1847 3694 1900 tentatio

2154 1926 2238 1980 nis
2249 1941 2434 1996 genus,
2457 1928 2596 1998 quod
2615 1943 2682 1982 ex
2695 1929 2884 1984 edendi
2900 1938 2954 1984 et
2973 1930 3192 1985 bibendi
3215 1934 3531 1988 necessitate
3545 1935 3692 1990 oritur.
3792 1926 3793 1974 ἦ

2156 2014 2267 2069 Hoc
2295 2017 2506 2086 quidem
2533 2033 2563 2071 a
2601 2017 2710 2072 Deo
2745 2018 2967 2075 edoctus
3000 2029 3148 2083 erat.
3195 2031 3256 2076 ut
3298 2024 3690 2092 quemadmodum

2156 2106 2573 2175 medicamenta,
2629 2109 2707 2163 sic
2772 2110 3019 2165 alimenta
3082 2122 3409 2184 sumpturus
3471 2116 3695 2171 accederet

2161 2197 2346 2270 (Ibid.,
2371 2217 2483 2272 cap.
2514 2203 2610 2268 51,
2639 2219 2692 2256 η.
2714 2203 2807 2274 44)
2833 2222 2844 2256 :
2878 2203 2972 2260 sed
3009 2204 3142 2259 dum
3175 2205 3244 2260 ad
3274 2207 3501 2276 quietem
3521 2207 3692 2263 satieta-

2157 2289 2226 2344 tis
2259 2306 2322 2345 ex
2352 2291 2651 2361 indigentia:
2689 2295 2927 2349 molestia
2955 2296 3254 2363 transibat,
3293 2297 3346 2352 in
3385 2298 3495 2368 ipso
3521 2299 3694 2352 transitu

2159 2380 2256 2450 ipsi
2298 2382 2645 2438 insidiabatur
2678 2384 2896 2454 laqueus
2934 2389 3413 2456 concupiscentiae.
3458 2390 3575 2459 Quia
3605 2405 3691 2444 cum

2158 2485 2300 2542 sa-pe
2330 2472 2585 2527 incertum
2619 2474 2713 2540 sit,
2747 2484 2920 2531 utrum
2962 2477 3143 2534 adhuc
3187 2482 3482 2536 necessaria
3509 2481 3692 2551 corporis

2159 2576 2282 2616 cura
2311 2563 2600 2618 subsidium
2633 2573 2806 2634 petat,
2853 2582 2920 2620 an
2959 2568 3263 2638 voluptaria
3307 2570 3587 2639 cupiditatis
3622 2568 3692 2624 fal-

2158 2653 2291 2708 lacia
2344 2656 2692 2712 ministerium
2773 2661 3155 2730 suppetat:ad
3205 2662 3308 2716 hoc
3355 2663 3591 2719 incertum
3630 2661 3690 2716 lti-

2158 2744 2370 2802 larescit
2411 2747 2590 2802 infelix
2633 2749 2808 2804 anima
2830 2791 2844 2814 ,
2876 2758 2931 2805 et
2970 2751 3021 2806 in
3052 2766 3121 2807 eo
3152 2764 3421 2824 prteparat
3447 2753 3687 2809 excusatio-

2159 2839 2242 2893 nis
2280 2840 2658 2909 patrocinium,
2702 2842 2940 2912 gaudens
2989 2860 3096 2898 non
3142 2861 3405 2915 apparere
3447 2846 3561 2916 quid
3593 2845 3685 2899 satis

2159 2930 2230 2985 sit
2256 2931 2605 2987 moderationi
2631 2933 2973 2997 valetudinis.
3006 2943 3066 2989 ut
3090 2936 3321 2991 obtentu
3353 2936 3526 2992 salutis
3543 2935 3686 2990 obum-

2159 3020 2281 3076 bret
2319 3022 2589 3092 negotium
2615 3024 2921 3094 voluptatis.
2962 3025 3055 3080 His
3099 3027 3481 3082 tentationibus
3507 3023 3686 3097 quotidie

2161 3114 2456 3169 conabatur
2480 3116 2732 3171 resistere
2753 3158 2768 3182 ,
2798 3125 2851 3171 et
2899 3116 3185 3172 invocabat
3229 3117 3495 3173 dexteram
3533 3114 3607 3171 Dei
3639 3112 3686 3168 ad

2160 3207 2386 3261 salutem
2413 3221 2599 3271 suam;
2629 3218 2681 3263 et
2709 3208 2774 3262 ad
2804 3224 2925 3264 eum
2960 3207 3236 3265 referebat
3261 3219 3420 3265 aestus
3439 3223 3574 3273 suos,
3598 3202 3685 3274 quin

2160 3300 2442 3354 consilium
2473 3300 2572 3355 sibi
2597 3300 2665 3357 de
2693 3299 2791 3355 hac
2812 3316 2872 3357 re
2892 3316 2997 3356 non
3022 3302 3222 3357 stabat.
3248 3303 3313 3357 Et
3335 3300 3534 3372 quidem
3558 3295 3688 3354 ebrie-

2161 3399 2241 3446 tas
2257 3392 2414 3462 longe
2438 3400 2552 3447 erat
2571 3392 2637 3448 ab
2651 3407 2716 3448 eo
2740 3411 2753 3447 :
2783 3394 2997 3462 crapula
3024 3404 3204 3450 autem
3227 3407 3579 3464 nonnunquam
3596 3388 3684 3444 sub-

2161 3483 2378 3552 repebat
2429 3482 2512 3548 ei,
2534 3484 2748 3552 crapula
2786 3492 2966 3539 tamen
2993 3501 3052 3538 ea
3079 3527 3096 3553 ,
3139 3501 3245 3557 qua
3286 3501 3389 3540 non
3419 3499 3504 3539 cor
3529 3483 3684 3552 ipsum,

2162 3575 2254 3632 sed
2297 3571 2520 3632 allectus
2545 3584 2600 3632 et
2627 3577 2884 3647 languens
2907 3579 3218 3634 stomachus
3242 3579 3295 3634 in
3318 3571 3682 3648 perlectisetiam

2161 3666 2480 3723 Christianis
2522 3668 2806 3740 aliquando
2855 3678 3127 3740 gravatur.
3177 3670 3429 3726 Ebriosus
3473 3671 3684 3732 nunquam

2161 3755 2260 3811 fuit
2283 3776 2297 3813 :
2324 3758 2463 3828 quod
2505 3760 2612 3812 Deo
2639 3774 2854 3827 prorsus
2880 3769 3156 3830 acceptum
3204 3759 3384 3815 refert.
3424 3757 3475 3810 In
3503 3756 3572 3809 his
3590 3763 3682 3819 ergo

2164 3850 2539 3906 tentationibus
2564 3851 2788 3920 positus,
2810 3851 3046 3906 certabat
3075 3852 3317 3922 quotidie
3341 3851 3572 3905 adversus
3587 3857 3681 3897 con-

2161 3941 2537 4009 cupiscentiam
2560 3940 2751 3996 edendi
2771 3950 2826 3996 et
2850 3941 3060 3996 bibendi
3083 3957 3338 4012 :cumque
3366 3955 3466 3994 non
3494 3937 3536 3991 id
3553 3937 3677 3994 esse!»

2162 4031 2300 4100 quod
2333 4033 2496 4086 semel
2525 4033 2813 4102 przecidere
2834 4076 2849 4098 ,
2883 4042 2936 4088 et
2970 4033 3036 4089 de
3063 4049 3171 4105 quo
3201 4033 3419 4089 ulterius
3443 4045 3536 4085 non
3559 4023 3679 4079 attin-

2160 4123 2336 4193 gendo
2363 4123 2650 4178 decernere
2672 4135 2886 4194 posset;
2920 4125 3051 4180 freni
3073 4126 3302 4195 gutturis
3335 4125 3593 4189 temperata
3615 4125 3678 4165 rc-

2163 4215 2426 4271 laxatione
2450 4225 2503 4270 et
2529 4216 2905 4270 constrictione
2931 4218 3142 4272 tenendi
3174 4225 3345 4271 erant.
3375 4210 3474 4268 Sed
3495 4204 3678 4264 nondum

2161 4305 2208 4360 is
2233 4315 2380 4371 erat,
2411 4306 2498 4376 qui
2531 4321 2635 4360 non
2665 4315 2939 4374 raperetur
2972 4306 3349 4377 aliquantulum
3378 4311 3514 4357 extra
3549 4301 3675 4350 melas

2164 4395 2494 4452 necessitatis
2521 4414 2533 4449 :
2563 4411 2626 4450 ac
2645 4396 2990 4451 nihilominus
3019 4395 3385 4468 magniﬁcabat
3403 4403 3573 4446 nomen
3592 4379 3674 4442 Dei.

2161 4503 2318 4557 quem
2343 4528 2358 4554 ,
2399 4487 2488 4556 qui
2518 4487 2644 4540 vicit
2671 4487 2923 4542 saeculum
2944 4527 2959 4554 ,
2992 4503 3088 4558 pro
3117 4488 3282 4558 ipsius
3309 4481 3517 4554 peccatis
3549 4476 3676 4528 inter-

2163 4579 2410 4648 pellabat,
2443 4593 2733 4633 numerans
2762 4579 2931 4647 ipsum
2959 4579 3097 4634 inter
3122 4579 3328 4633 inhrtna
3358 4569 3570 4628 membra
3584 4573 3674 4616 (τοτ’

2162 4672 2308 4740 poris
2335 4670 2436 4724 sui.
2465 4669 2615 4738 Quod
2636 4669 2699 4724 ad
2732 4670 3030 4725 illecebram
3062 4669 3284 4724 odorum
3313 4663 3534 4736 pertinet.
3558 4654 3673 4708 dce!

2161 4777 2267 4817 non
2298 4761 2569 4831 satagebat
2598 4762 2754 4817 nimis
2778 4779 2790 4815 :
2814 4777 2934 4815 cum
2973 4759 3192 4830 jucundi
3229 4759 3464 4813 abessent
3492 4745 3670 4804 odores.

2161 4867 2268 4907 non
2296 4851 2629 4921 requirebat;
2658 4867 2777 4906 cum
2805 4850 3074 4919 adessent,
3109 4866 3214 4904 non
3242 4843 3530 4917 respuebat,
3555 4842 3672 4904 [ιπε-

2163 4955 2247 5001 tus
2267 4945 2346 5000 eis
2369 4959 2578 5013 semper
2602 4958 2804 4999 carere.
2837 4943 2940 4998 Sed
2964 4943 3204 5014 quamvis
3228 4941 3295 4994 ita
3322 4936 3413 4992 sibi
3434 4930 3668 5014 videretur.

2162 5034 2264 5090 hac
2293 5035 2344 5091 in
2374 5051 2431 5090 re
2453 5009 2626 5089 tamen
2656 5033 2762 5088 falli
2791 5048 2850 5090 se
2876 5009 3124 5090 timebat:
3152 5031 3341 5104 quippe
3363 5038 3472 5080 cum
3494 5009 3669 5104 cumla-

2162 5136 2302 5185 teret
2322 5127 2542 5183 facultas
2561 5141 2656 5182 sua
2675 5143 2793 5197 qua:
2814 5127 2866 5180 in
2894 5126 3010 5197 ipso
3037 5095 3244 5190 erat,'et
3269 5120 3461 5175 animus
3487 5095 3667 5207 illiusde

2162 5220 2361 5274 viribus
2385 5219 2496 5274 suis
2525 5219 2638 5288 ipse
2662 5218 2762 5274 sibi
2793 5233 2895 5273 non
2932 5217 3083 5274 facile
3110 5211 3419 5274 credendum
3454 5201 3669 5290 existima:

2163 5319 2273 5376 ret;
2302 5312 2423 5380 quia
2461 5309 2604 5380 quod
2648 5310 2813 5375 inest,
2852 5309 3162 5380 plerumque
3189 5302 3436 5360 occultum
3471 5297 3564 5353 est,
3589 5291 3667 5336 ιιιιι

2165 5399 2487 5470 experientia
2516 5401 2850 5454 manifestum
2880 5398 2990 5454 fiat.
3019 5397 3324 5466 Voluptates
3345 5383 3665 5470 auriumlfm:

2165 5464 2278 5546 cius
2308 5507 2430 5546 eum
2458 5492 2854 5562 implicaverant
2872 5531 2887 5555 ,
2913 5499 2968 5545 et
3003 5464 3430 5561 subjugaverant:
3457 5468 3539 5527 sed
3562 5464 3664 5562 Df‘l‘

2165 5584 2457 5638 resolveret
2498 5559 2550 5638 et
2587 5582 2902 5636 liberaverat
2940 5559 3272 5636 eumn'l‘unc
3303 5583 3420 5640 e130

2165 5689 2298 5746 quos
2315 5676 2562 5733 animant
2588 5673 2773 5734 divina
2795 5673 3025 5744 eloquia,
3054 5685 3178 5730 cum
3201 5663 3341 5729 suavi
3362 5668 3411 5719 et
3433 5647 3658 5711 artiﬁcio“
