3868 6416
156 428 250 486 gn
1442 420 1643 477 LIBER
1680 403 2020 490 QUARTUS.
3249 437 3357 496 iis

153 555 270 597 voce
291 546 563 602 cautantur,
591 536 974 607 aliquantulum
1001 536 1365 606 acquiescebat
1383 577 1400 604 ,
1428 551 1533 591 non
1563 535 1682 606 qui-
1787 538 2021 592 natione.
2053 537 2187 595 Eum
2225 555 2434 612 quoque
2459 542 2600 600 domi
2629 545 2901 604 sedentem
2935 548 3111 605 stellio
3147 566 3360 609 muscas

151 635 257 690 dem
282 642 333 686 ut
359 632 591 695 haereret,
626 629 723 686 sed
748 639 805 684 ut
830 644 950 684 cum
971 629 1127 683 vellet
1145 637 1403 699 surgeret.
1433 629 1679 683 Attamen
1786 639 2023 698 captans,
2049 630 2133 685 vel
2167 647 2360 687 aranea
2386 634 2585 690 retibus
2621 637 2732 692 suis
2770 639 3028 695 irruentes
3055 640 3352 711 implicans,

148 722 398 794 aliquando
418 720 530 791 plus
556 720 660 776 sibi
686 718 961 775 videbatur
980 719 1197 773 honoris
1223 719 1286 772 iis
1305 721 1452 772 sonis
1481 718 1681 773 tribue-
1785 720 2041 776 intentum
2086 720 2329 778 faciebat.
2369 724 2628 796 Pergebat
2675 727 2884 797 quidem
2919 729 2987 785 ad
3030 730 3353 788 laudandum

151 833 221 882 re,
249 831 387 886 quam
413 814 650 878 deceret;
677 813 800 868 dum
837 812 964 882 iPSis
989 812 1186 867 sanctis
1204 811 1358 866 dictis
1384 809 1678 881 religiosius
1784 814 1986 885 Deum,
2033 827 2326 874 creatorem
2412 819 2696 877 miriﬁcum
2755 831 2912 894 atque
2989 825 3350 882 ordinatorem

154 917 202 964 et
243 907 492 963 ardentius
517 906 739 962 sentiret
783 905 984 960 moveri
1026 906 1258 960 animum
1309 904 1363 958 in
1411 903 1678 959 ﬂammam
1782 907 2057 975 omnium,
2086 909 2180 964 sed
2223 925 2327 966 non
2367 911 2489 967 inde
2536 912 2769 969 intentus
2807 928 2931 970 esse
2957 915 3256 985 incipiebat.
3285 918 3353 973 Et

148 997 350 1068 pietatis,
375 1011 487 1052 cum
535 997 605 1050 ita
648 1005 944 1059 cantantur,
973 1009 1130 1064 quam
1168 994 1348 1049 sinon
1390 994 1460 1048 ita
1490 1003 1672 1048 canta-
1783 998 1975 1054 talibus
2037 1001 2142 1055 vita
2194 1001 2308 1072 ejus
2354 1003 2506 1072 plena
2553 1014 2684 1071 erat,
2741 1013 2797 1060 et
2846 1020 2949 1059 una
3006 1020 3127 1076 spes
3180 1008 3296 1077 ejus
3326 1048 3344 1075 ,

146 1098 306 1145 rentur
353 1086 614 1160 (Ibidem,
651 1103 768 1157 cap.
817 1087 905 1153 35,
963 1103 1016 1139 n.
1045 1085 1114 1141 49
1129 1085 1170 1158 ).
1218 1085 1347 1140 Nam
1397 1085 1673 1141 delectatio

1822 1107 1966 1163 tagna
2007 1093 2160 1150 valde
2211 1096 2570 1152 misericordia
2622 1097 2718 1152 Dei
2768 1095 2964 1168 (Ibid.,
2997 1114 3051 1151 τι.
3101 1098 3226 1170 57).
3252 1099 3349 1155 Sa-

145 1183 302 1237 carnis
344 1195 470 1252 sape
528 1195 651 1236 eum
691 1179 939 1246 fallebat,
970 1177 1097 1234 dum
1149 1178 1409 1232 rationem
1459 1186 1676 1249 propter
1779 1194 1997 1240 naverat
2062 1188 2305 1257 primitus
2356 1205 2476 1245 eum
2537 1191 2676 1245 Deus
2733 1203 2764 1244 a
2810 1190 3030 1246 libidine
3075 1191 3349 1247 vindican-

150 1288 286 1344 quam
306 1281 550 1330 meruerat
575 1271 784 1327 admitti
808 1314 823 1338 ,
849 1271 1009 1326 etiam
1035 1285 1363 1340 praecurrere
1391 1285 1452 1324 ac
1480 1269 1674 1326 ducere
1777 1273 1831 1328 di
1869 1292 1881 1328 :
1921 1291 2026 1346 quo
2085 1278 2343 1348 propitius
2399 1280 2550 1335 lieret
2601 1279 2761 1335 etiam
2827 1280 3036 1335 caeteris
3103 1282 3350 1339 omnibus

149 1371 407 1418 conaretur.
439 1362 511 1418 Ita
529 1363 580 1417 in
605 1361 689 1416 his
715 1361 963 1430 peccabat
979 1376 1087 1416 non
1107 1361 1368 1424 sentiens,
1398 1359 1493 1416 sed
1523 1369 1671 1431 post-
1776 1365 1892 1435 ejus
1934 1367 2317 1438 iniquitatibus.
2342 1370 2740 1440 Coinpresserat
2765 1385 2796 1424 a
2823 1371 3013 1426 timore
3032 1385 3128 1426 suo
3160 1386 3348 1442 super-

151 1467 202 1507 ea
235 1452 489 1508 sentiebat.
517 1450 815 1523 Aliquando
848 1451 984 1506 hanc
1004 1453 1170 1520 ipsam
1185 1449 1442 1504 fallaciam
1455 1465 1665 1516 cavens,
1775 1453 1916 1508 biam
1946 1457 2078 1526 ejus,
2111 1466 2166 1513 et
2193 1459 2610 1515 mansuefecerat
2638 1459 2766 1531 jugo
2791 1476 2888 1515 suo
2910 1462 3169 1516 cervicem
3195 1462 3344 1533 ejus;

153 1545 328 1600 errabat
346 1546 496 1601 nimia
523 1546 824 1612 severitate,
846 1559 908 1600 ac
925 1543 1081 1599 valde
1111 1542 1394 1605 interdum,
1422 1550 1479 1596 ut
1503 1542 1670 1598 melos
1777 1545 2033 1614 itautjam
2048 1547 2172 1602 illud
2188 1533 2412 1618 portanti
2440 1549 2907 1620 leneesset(Ibid.,
2926 1551 3210 1623 cap.36,n.
3229 1552 3342 1624 58).

151 1651 280 1693 omne
299 1638 659 1692 cantilenarum
687 1635 1165 1706 suavium,quibus
1196 1634 1496 1689 Davidicum
1523 1633 1668 1703 psal-
1774 1636 1881 1693 Sed
1927 1638 2098 1695 laudis
2141 1641 2383 1696 humana:
2422 1643 2709 1698 tentatione
2747 1643 2982 1714 quotidie
3023 1645 3342 1714 tentabatur,

152 1729 308 1783 teriam
332 1727 700 1799 frequentatur,
731 1727 798 1782 ab
823 1727 1040 1783 auribus
1068 1727 1178 1782 suis
1205 1725 1464 1780 removeri
1485 1725 1664 1791 vellet,
1772 1728 1888 1784 sine
1916 1732 2211 1787 cessatione
2231 1733 2548 1789 tentabatur.
2573 1732 2662 1788 Tu
2687 1735 2840 1800 nosti,
2870 1734 3038 1806 inquit
3061 1735 3126 1790 ad
3154 1735 3341 1802 Deum,

148 1825 280 1888 atque
318 1818 467 1887 ipsius
493 1817 780 1883 Ecclesiae;
813 1817 1079 1886 tutiusque
1106 1815 1205 1870 sibi
1233 1814 1501 1870 videretur
1527 1813 1667 1885 quod
1772 1819 1836 1873 de
1863 1820 1957 1874 hac
1976 1838 2032 1876 re
2059 1821 2126 1874 ad
2149 1832 2196 1876 te
2215 1824 2449 1894 gemitum
2477 1824 2642 1878 cordis
2669 1826 2765 1878 mei
2783 1833 2829 1880 et
2847 1825 3058 1896 ﬂumina
3085 1826 3345 1881 oculorum

147 1905 205 1962 de
226 1907 547 1962 Alexandrino
573 1908 825 1980 episcopo
854 1906 1145 1962 Athanasio
1169 1921 1310 1975 saape
1335 1905 1434 1961 sibi
1469 1905 1667 1960 dictum
1769 1926 2009 1965 meorum.
2054 1911 2231 1982 Neque
2261 1915 2394 1968 enim
2434 1915 2584 1985 facile
2613 1915 2827 1987 colligo,
2853 1933 3003 1986 quam
3040 1917 3135 1970 sim
3158 1915 3219 1969 ab
3248 1917 3346 1971 ista

150 1999 454 2065 meminerat,
481 2001 564 2070 qui
595 2009 702 2054 tam
745 1999 956 2055 modico
984 1998 1126 2054 ﬂexu
1154 1999 1299 2053 vocis
1333 1996 1553 2052 faciebat
1579 2013 1668 2052 so-
1771 2011 1904 2073 peste
1927 2005 2250 2072 mundatior;
2280 2016 2326 2060 et
2347 2008 2560 2062 multum
2587 2008 2735 2063 timeo
2760 2009 2952 2063 occulta
2974 2025 3103 2075 mea,
3123 2025 3236 2080 qua:
3254 2025 3346 2064 no-

152 2104 266 2144 uare
285 2089 504 2145 lectorem
527 2091 710 2162 psalmi
737 2131 754 2156 ,
782 2100 840 2145 ut
869 2087 1228 2160 pronuntianti
1251 2087 1475 2143 vicinior
1501 2096 1662 2155 esset,
1771 2105 1888 2148 runt
1911 2095 2043 2149 oculi
2065 2095 2158 2161 tui,
2187 2097 2284 2150 mei
2312 2106 2618 2152 autemnon.
2643 2098 2918 2153 Contristor
2935 2099 3208 2170 aliquando
3231 2097 3345 2153 lau-

149 2193 290 2248 quam
314 2181 510 2235 canenti.
547 2180 924 2236 Verumtamen
965 2195 1085 2234 cum
1124 2179 1560 2234 reminiscebatur
1585 2180 1663 2235 la-
1769 2183 1912 2239 dibus
1937 2185 2056 2238 meis
2074 2226 2090 2251 ,
2122 2201 2238 2239 cum
2261 2187 2336 2240 vel
2354 2203 2413 2240 ea
2440 2187 2719 2241 laudantur
2757 2189 2810 2242 in
2839 2204 2918 2242 me
2948 2189 3002 2242 in
3030 2188 3206 2258 quibus
3232 2188 3340 2258 ipse

145 2283 456 2342 erymasquas
481 2272 683 2328 fuderat
708 2271 779 2327 ad
799 2280 986 2327 cantus
1006 2271 1262 2327 Ecclesiae
1288 2272 1338 2325 in
1362 2270 1664 2342 primordiis
1769 2274 1892 2328 mihi
1929 2273 2204 2342 displiceo;
2248 2276 2324 2330 vel
2353 2277 2501 2330 etiam
2539 2276 2668 2330 bona
2695 2277 2889 2330 minora
2930 2285 2977 2331 et
3018 2277 3146 2332 levia
3180 2279 3341 2348 pluris

143 2373 423 2434 recuperatae
445 2364 559 2420 ﬁdei
589 2380 721 2434 suae,
746 2373 1102 2435 quantumque
1124 2363 1457 2433 postmodum
1483 2378 1664 2418 move-
1766 2368 2094 2435 cestimantur,
2117 2386 2268 2440 quam
2291 2370 2584 2424 aestimanda
2601 2378 2734 2425 sunt.
2755 2369 2860 2426 Sed
2883 2387 3054 2424 rursus
3080 2369 3211 2423 unde
3237 2371 3342 2425 scio

144 2463 281 2520 retur,
309 2471 402 2510 non
433 2466 583 2510 cantu
603 2499 620 2523 ,
662 2455 756 2511 sed
786 2456 945 2510 rebus
969 2469 1086 2525 quae
1123 2462 1420 2519 cantantur,
1449 2469 1568 2508 cum
1599 2453 1666 2509 li-
1766 2474 1832 2512 an
1860 2469 2120 2528 propterea
2144 2461 2216 2513 sic
2235 2461 2441 2532 afﬁcior,
2469 2463 2586 2531 quia
2606 2460 2723 2515 nolo
2751 2461 2813 2515 de
2839 2477 2914 2514 me
2939 2461 3049 2530 ipso
3075 2477 3107 2513 a
3133 2477 3210 2514 me
3229 2460 3338 2514 dis-

140 2542 273 2613 quida
285 2559 400 2602 voce
411 2553 460 2600 et
475 2545 970 2600 convenientissima
990 2543 1344 2598 modulatione
1363 2551 1660 2611 cantantur,
1765 2550 1946 2603 sentire
1973 2550 2287 2604 laudatorem
2311 2568 2508 2617 meum;
2547 2568 2647 2605 non
2673 2552 2792 2620 quia
2824 2550 2963 2606 illius
2990 2551 3206 2606 utilitate
3226 2567 3339 2606 mo-

139 2649 344 2705 magnam
371 2637 587 2692 instituti
618 2637 780 2707 hujus
807 2637 1082 2691 utilitatem
1109 2652 1292 2690 rursus
1320 2635 1658 2706 agnoscebat.
1768 2654 1898 2700 veor.
1927 2640 2016 2694 sed
2039 2641 2156 2710 quia
2182 2642 2354 2694 eadem
2381 2641 2513 2695 bona
2541 2657 2652 2712 qua:
2676 2642 2798 2696 mihi
2825 2643 2877 2695 in
2902 2658 2980 2697 me
3007 2641 3223 2714 placent,
3245 2642 3341 2713 ju-

137 2723 244 2779 Cutn
268 2737 427 2782 autem
448 2727 547 2783 sibi
561 2727 846 2794 accideret,
871 2735 928 2781 ut
947 2727 1114 2795 ipsum
1140 2726 1255 2796 plus
1273 2735 1480 2793 cantus,
1503 2741 1660 2796 quam
1766 2731 2009 2784 cundiora
2033 2731 2155 2785 mihi
2177 2741 2292 2786 sunt
2317 2748 2429 2785 cum
2450 2741 2496 2787 et
2523 2733 2672 2787 alteri
2700 2733 2938 2803 placent?
2967 2732 3121 2788 Video
3145 2750 3245 2788 non
3265 2749 3344 2788 me

135 2830 208 2870 res
225 2833 326 2886 qua:
339 2819 545 2896 {anitur
571 2827 844 2883 moveret;
876 2817 1156 2888 poenaliter
1174 2831 1233 2872 se
1254 2832 1474 2886 peccare
1497 2831 1663 2888 agno-
1765 2820 1997 2875 laudibus
2014 2822 2135 2874 meis
2156 2831 2358 2892 propter
2377 2838 2475 2886 me,
2498 2822 2586 2876 sed
2606 2831 2810 2892 propter
2836 2823 3053 2892 proximi
3076 2824 3341 2878 utilitatem

133 2907 364 2971 scebat,et
385 2917 506 2965 tunc
534 2909 715 2964 mallet
741 2923 844 2964 non
867 2908 1051 2962 audire
1075 2916 1391 2962 cantantem.
1424 2907 1556 2961 Ecce
1576 2909 1662 2963 ubi
1765 2911 1950 2965 moveri
1975 2919 2218 2983 oportere.
2256 2911 2325 2966 Et
2352 2922 2521 2965 utrum
2559 2912 2630 2966 ita
2656 2913 2719 2966 sit
2742 2954 2757 2980 ,
2807 2914 2989 2967 nescio.
3040 2913 3219 2968 Sermo
3255 2930 3342 2968 ore

133 3013 248 3061 sum,
284 2998 383 3054 ait:
414 3001 528 3070 ﬂete
549 3015 762 3064 mecum,
783 3007 829 3052 et
858 3015 950 3069 pro
970 3015 1049 3052 me
1065 2998 1200 3068 ﬂete,
1226 2997 1310 3066 qui
1333 2997 1527 3062 aliquid
1545 2997 1662 3053 boni
1765 3000 2035 3072 procedens
2054 3043 2070 3067 ,
2114 3010 2162 3056 et
2187 3005 2321 3074 facta
2347 3019 2460 3071 quae
2481 3004 2794 3059 innotescunt
2821 3003 3133 3070 hominibus,
3160 3005 3340 3059 habent

133 3088 340 3144 uobiscum
375 3092 504 3146 intus
529 3092 682 3161 agitis
720 3090 854 3145 unde
893 3094 1027 3162 facta
1058 3090 1347 3160 procedunt.
1394 3089 1535 3145 Nam
1575 3092 1661 3157 qui
1766 3094 2084 3148 tentationem
2121 3093 2595 3164 periculosissimum
2635 3095 2696 3148 ab
2735 3111 2904 3149 amore
2941 3094 3137 3162 laudis,
3159 3096 3242 3166 qui
3271 3095 3339 3150 ad

133 3197 215 3235 non
245 3183 376 3254 agitis
399 3225 415 3248 ,
457 3201 557 3238 non
594 3199 682 3239 vos
725 3184 834 3237 haec
872 3191 1068 3237 movent
1108 3181 1294 3251 (Ibid.,
1329 3200 1382 3237 η.
1417 3183 1528 3253 50).
1556 3182 1661 3238 Re-
1766 3187 2011 3256 privatam
2047 3187 2317 3258 quamdam
2357 3187 2701 3242 excellentiam
2742 3189 2993 3243 contrahit
3032 3189 3340 3244 emendicata

132 3272 313 3328 sistebat
357 3289 562 3345 quoque
598 3273 996 3329 seductionibus
1035 3273 1308 3328 oculorum
1329 3314 1345 3339 ,
1385 3281 1441 3328 et
1488 3273 1660 3342 erige-
1762 3275 2006 3348 stt/Tragia
2024 3295 2044 3342 ;
2085 3286 2239 3331 tentat
2261 3287 2309 3332 et
2341 3295 2455 3332 cum
2487 3295 2517 3331 a
2547 3295 2626 3334 me
2663 3280 2718 3333 in
2756 3295 2835 3334 me
2861 3280 3111 3351 arguitur,
3146 3296 3202 3334 eo
3227 3281 3339 3350 ipso

130 3362 204 3418 bat
225 3364 282 3419 ad
321 3367 472 3422 Deum
519 3366 811 3422 invisibiles
845 3365 1048 3420 oculos.
1097 3365 1161 3418 Et
1189 3363 1398 3434 quidem
1442 3363 1657 3434 pulchra
1761 3385 1860 3439 quo
1888 3369 2151 3440 arguitur;
2188 3379 2236 3424 et
2268 3385 2403 3440 saepe
2441 3369 2588 3424 homo
2613 3371 2676 3424 de
2701 3371 2811 3440 ipso
2849 3386 2992 3426 vance
3016 3370 3193 3442 gloriae
3219 3387 3338 3426 con-

131 3455 317 3526 trajecta
351 3473 436 3526 per
455 3458 661 3513 animas
705 3458 758 3511 in
791 3470 979 3510 manus
1004 3455 1316 3510 artiﬁciosas
1350 3464 1569 3511 noverat
1591 3456 1658 3511 ab
1761 3465 1951 3527 temptu
1968 3459 2143 3512 vanius
2166 3458 2414 3529 gloriatur
2435 3458 2618 3530 (Ibid.,
2637 3477 2750 3532 cap.
2769 3461 2857 3526 37,
2883 3478 2936 3515 τι.
2961 3460 3168 3534 60-65).
3195 3461 3335 3516 Alibi

132 3545 208 3600 illa
232 3547 585 3616 pulchritudine
614 3549 797 3604 venire
823 3590 839 3615 ,
869 3563 989 3618 quae
1012 3561 1172 3617 super
1200 3547 1402 3601 animas
1427 3555 1541 3612 est,
1570 3547 1656 3602 cui
1762 3549 1921 3604 etiam
1964 3550 2088 3620 quid
2116 3550 2183 3606 ab
2223 3551 2453 3606 humana
2484 3551 2637 3608 laude
2667 3553 2876 3619 timeat,
2904 3568 2999 3608 cur
3034 3568 3149 3608 eam
3178 3553 3334 3622 plane

129 3639 391 3710 suSpirabat
411 3642 578 3697 anima
608 3641 726 3711 ejus
760 3639 849 3696 die
883 3654 946 3694 ac
985 3649 1159 3694 nocte.
1189 3638 1359 3693 Etiam
1398 3639 1512 3694 istis
1540 3637 1658 3708 pul-
1762 3654 1867 3694 non
1896 3639 2128 3709 abnuat,
2165 3651 2256 3696 aut
2279 3657 2379 3712 qua
2408 3643 2612 3698 ratione
2637 3642 2758 3698 inde
2799 3642 3076 3711 afﬁciatur,
3103 3643 3339 3702 declarat

129 3727 253 3783 chris
269 3744 484 3799 gressum
514 3730 848 3795 inuectebat,
880 3744 1038 3800 quem
1070 3728 1208 3784 Deus
1232 3727 1492 3784 evellebat
1521 3745 1533 3780 :
1567 3742 1657 3782 ca-
1762 3728 1814 3782 iu
1852 3728 1995 3784 hunc
2033 3730 2248 3786 modum
2280 3748 2294 3784 :
2326 3731 2615 3786 Periculum
2657 3749 2820 3787 meum
2859 3742 2959 3799 est,
3001 3733 3046 3787 si
3082 3734 3336 3790 attendam

128 3817 334 3886 piebatur
355 3822 718 3878 miserabiliter
739 3862 754 3887 ,
782 3831 833 3876 et
861 3821 1001 3875 Deus
1020 3819 1282 3876 evellebat
1303 3818 1657 3874 misericordi-
1759 3823 2006 3889 quomodo
2030 3820 2247 3876 laudatis
2264 3862 2279 3885 ,
2312 3831 2360 3876 et
2396 3822 2708 3878 dissimulem
2734 3822 2982 3893 quomodo
3012 3823 3203 3878 vivatis.
3233 3822 3338 3880 Illa

130 3915 219 3973 ter;
240 3909 503 3981 aliquando
531 3926 639 3966 non
668 3910 1004 3975 sentientem,
1039 3909 1160 3980 quia
1186 3908 1494 3979 suspensius
1516 3909 1650 3964 inci-
1759 3921 1925 3966 autem
1964 3913 2098 3966 novit
2120 3955 2136 3980 ,
2183 3915 2274 3968 sub
2317 3914 2462 3984 cujus
2507 3914 2664 3968 oculis
2693 3915 2903 3987 loquor,
2937 3915 3036 3968 imo
3071 3914 3163 3968 sub
3191 3916 3336 3986 cujus

130 3996 282 4063 derat;
322 4001 592 4072 aliquando
638 4015 758 4055 cum
803 3999 1018 4064 dolore,
1051 3999 1172 4069 quia
1213 3999 1325 4068 jam
1371 3998 1656 4054 inhaeserat
1759 4004 1919 4058 oculis
1935 4006 2118 4076 cogito,
2137 4015 2455 4060 nonmetam
2476 4007 2712 4061 delectari
2732 4005 2965 4060 laudibus
2985 4006 3330 4078 popularibus,

131 4084 286 4154 (Ibid.,
302 4105 406 4160 cap.
427 4091 514 4159 54,
530 4107 618 4145 τιτι.
641 4090 730 4156 52,
748 4087 858 4161 53).
881 4089 997 4144 .Iam
1025 4090 1070 4144 si
1089 4088 1156 4144 de
1171 4088 1488 4143 curiositatis
1511 4101 1654 4144 mor-
1756 4109 1908 4161 quam
1929 4094 2180 4148 stimulari
2209 4104 2257 4148 et
2283 4095 2405 4166 angi
2428 4095 2678 4167 quomodo
2703 4096 2869 4149 vivant
2895 4095 2982 4166 qui
3003 4110 3080 4149 me
3100 4093 3331 4150 laudant.

127 4180 183 4236 bo
201 4183 374 4252 agitur,
399 4186 559 4241 multa
589 4185 899 4255 praeciderat
918 4191 973 4238 ct
1007 4199 1036 4235 a
1059 4198 1156 4238 suo
1183 4181 1345 4237 corde
1365 4181 1653 4253 dispulerat
1761 4183 1983 4238 Laudari
2003 4193 2224 4240 autema
2252 4185 2384 4240 male
2403 4185 2672 4240 uiuentibus
2696 4185 2814 4240 nolo
2831 4227 2848 4254 ,
2889 4186 3158 4252 abhorreo,
3198 4187 3332 4242 dete-

126 4269 440 4344 Augustiuus:
471 4291 576 4331 non
606 4283 782 4330 tamen
807 4271 1034 4328 audebat
1063 4272 1243 4328 dicere
1263 4313 1276 4336 ,
1320 4272 1463 4326 nulla
1494 4287 1551 4326 re
1592 4286 1651 4326 se
1755 4284 1862 4330 star
1887 4291 1906 4330 :
1931 4275 2095 4330 dolori
2119 4276 2243 4330 mihi
2266 4285 2338 4332 est
2359 4317 2374 4344 ,
2413 4293 2513 4331 non
2539 4276 2798 4347 voluptati.
2845 4275 3070 4330 Laudari
3109 4285 3273 4330 autem
3301 4293 3334 4331 a

127 4361 348 4420 intentum
384 4366 492 4422 ﬁeri
521 4365 587 4421 ad
637 4363 982 4435 spectandum
1029 4372 1084 4418 et
1122 4377 1255 4416 vana
1284 4377 1407 4417 cura
1436 4361 1652 4434 capieu-
1755 4365 1878 4420 bene
1900 4366 2188 4432 viventibus,
2221 4367 2266 4421 si
2295 4367 2464 4422 dicam
2490 4367 2628 4435 nolo,
2655 4368 2910 4434 mentior;
2937 4367 2981 4420 si
3004 4367 3168 4420 dicam
3197 4365 3327 4434 uolo,

124 4450 242 4510 dum.
283 4455 402 4512 Eum
425 4458 530 4529 jam
571 4457 778 4513 theatra
821 4471 927 4511 non
969 4455 1276 4525 rapiebant,
1309 4469 1408 4510 nec
1433 4453 1651 4508 curabat
1755 4457 1902 4511 timeo
1922 4473 1984 4511 ne
2002 4457 2096 4511 sim
2116 4458 2374 4512 inanitatis
2393 4459 2724 4529 appetentior,
2750 4474 2898 4529 quam
2919 4458 3205 4512 soliditatis.
3233 4457 3332 4510 Er-

127 4557 262 4600 nosse
298 4550 533 4605 transitus
585 4549 851 4613 siderum;
896 4561 996 4602 nec
1035 4547 1209 4601 anima
1253 4561 1366 4614 ejus
1419 4560 1648 4615 unquam
1755 4563 1818 4617 go
1842 4547 1962 4616 quid
1987 4547 2193 4603 dicam?
2231 4547 2341 4602 Nec
2366 4549 2511 4618 plene
2551 4548 2698 4616 volo,
2737 4564 2827 4602 nec
2861 4548 3004 4618 plene
3040 4548 3177 4602 nolo.
3211 4547 3332 4604 Non

127 4647 349 4704 responsa
365 4641 594 4710 quaesivit
620 4639 961 4703 umbrarum;
989 4638 1165 4693 omnia
1185 4636 1440 4707 sacrilega
1468 4651 1647 4691 sacra-
1755 4638 1899 4708 plene
1922 4637 2033 4692 volo
2057 4679 2072 4704 ,
2104 4655 2167 4692 ne
2209 4639 2262 4692 in
2290 4637 2438 4692 laude
2465 4639 2686 4692 humana
2723 4639 3004 4710 pericliter;
3044 4655 3145 4694 non
3184 4638 3332 4711 plene

128 4735 282 4782 menta
310 4727 670 4789 detestabatur.
717 4729 921 4801 Agebat
945 4736 1120 4783 autem
1149 4727 1413 4793 inimicus,
1439 4727 1649 4798 quantis
1754 4727 1891 4794 nolo,
1920 4742 1982 4781 ne
2005 4727 2190 4799 ingrati
2215 4729 2315 4782 sint
2333 4727 2508 4798 quibus
2533 4728 2752 4799 praedico
2781 4727 2986 4797 (Serm.
3009 4729 3132 4797 559,
3155 4747 3209 4784 n.
3241 4731 3328 4802 1).

128 4827 302 4885 poterat
323 4826 702 4896 suggestionum
733 4820 1208 4877 machinationibus
1227 4861 1241 4885 ,
1270 4834 1390 4874 cum
1415 4834 1504 4884 eo,
1534 4826 1649 4873 uta
1753 4817 2050 4886 Postremo,
2075 4816 2215 4888 quod
2237 4817 2303 4872 ad
2330 4817 2460 4873 illud
2488 4817 2631 4874 aliud
2656 4819 2961 4875 tentationis
2979 4820 3198 4887 malum,
3225 4838 3331 4892 quo

131 4907 216 4964 Deo
235 4914 420 4983 signum
445 4915 657 4987 aliquod
684 4921 891 4985 peteret
916 4931 929 4968 :
958 4912 1052 4969 sed
1077 4927 1106 4965 a
1135 4920 1316 4967 sancto
1344 4911 1468 4965 \‘iro
1494 4911 1648 4980 longe
1752 4908 2064 4964 inanescunt
2083 4910 2171 4980 qui
2196 4911 2405 4980 placent
2440 4909 2544 4964 sibi
2578 4909 2646 4966 de
2674 4925 2733 4966 se
2756 4952 2772 4977 ,
2809 4920 2902 4965 aut
2938 4911 3006 4968 de
3039 4911 3131 4967 Dei
3173 4912 3327 4969 bonis

130 5011 216 5058 erat
240 5005 326 5062 ista
349 5010 624 5066 consensio
665 5007 851 5080 (Ibid.,
873 5023 985 5075 cap.
1019 5007 1106 5069 55,
1132 5023 1183 5059 τι.
1211 5004 1332 5074 56).
1363 5001 1646 5058 Verututa-
1752 4997 1902 5068 quasi
1929 4998 2059 5063 suis,
2083 5008 2172 5055 aut
2201 5008 2449 5070 tanquam
2471 5015 2536 5056 ex
2563 5000 2766 5056 meritis
2787 5003 2915 5064 suis,
2943 5003 3191 5057 autvelut
3213 5003 3331 5060 aliis

132 5105 224 5150 mea
245 5097 291 5152 in
313 5101 482 5156 multis
507 5099 877 5156 minutissimis
899 5098 1057 5153 rebus
1078 5097 1356 5152 curiositas
1377 5097 1491 5165 ejus
1514 5110 1648 5166 quo-
1753 5090 2047 5146 invidentes
2078 5107 2164 5158 ea,
2193 5091 2524 5148 afﬁciebatur
2543 5094 2654 5163 ipse
2681 5103 2909 5149 tremore
2927 5093 3119 5159 cordis,
3145 5103 3198 5149 et
3225 5095 3331 5152 vul-

131 5183 229 5242 tidie
245 5193 546 5261 tentabatur,
572 5201 627 5248 et
659 5207 800 5260 smpe
820 5190 1112 5246 labebatur.
1140 5189 1346 5258 Smpius
1369 5196 1645 5242 narrantes
1752 5195 1883 5236 nera
1912 5195 2007 5236 sua
2035 5183 2201 5253 magis
2225 5182 2450 5240 subinde
2471 5199 2500 5236 a
2528 5184 2639 5239 Deo
2664 5184 2839 5239 sanari
2863 5227 2879 5252 ,
2910 5201 3067 5256 quam
3095 5185 3195 5241 sibi
3221 5201 3331 5243 non

131 5272 265 5334 inania
288 5283 448 5354 primo
467 5285 618 5356 quasi
647 5283 924 5349 tolerabat,
957 5297 1025 5337 ne
1053 5279 1343 5336 offenderet
1370 5278 1644 5345 infirmos;
1752 5272 1916 5345 inﬂigi
1944 5275 2201 5330 sentiebat
2225 5274 2627 5346 (Confessionum
2655 5277 2740 5331 lib.
2764 5277 2854 5343 10,
2875 5294 2989 5350 cap.
3017 5277 3107 5345 '59,
3136 5294 3189 5332 n.
3212 5279 3328 5350 65).

129 5361 280 5427 deinde
309 5375 545 5444 paulatim
590 5374 818 5430 libenter
843 5370 1165 5427 advertebat.
1198 5370 1395 5426 Canem
1433 5384 1648 5424 curren~
1820 5362 1874 5417 2.
1915 5363 2017 5420 Ubi
2043 5379 2100 5420 se
2128 5365 2342 5436 agnovit
2369 5366 2745 5438 confessusque
2766 5375 2846 5423 est
2874 5375 3085 5423 sanctus
3113 5367 3331 5435 Episco-

134 5460 217 5512 ιευι
239 5471 342 5530 post
356 5465 589 5535 leporem
617 5463 722 5533 iam
748 5477 850 5517 non
873 5461 1145 5532 spectabat
1165 5475 1283 5516 cum
1311 5459 1362 5512 in
1388 5458 1530 5514 circo
1555 5457 1646 5514 lie-
1752 5468 1850 5525 pus
1879 5453 1942 5508 iis
1966 5454 2141 5510 omnis
2175 5455 2388 5525 generis
2427 5456 2658 5526 peccatis
2697 5455 2983 5512 obnoxium
3008 5496 3024 5523 ,
3075 5455 3328 5524 quidquid
3371 5481 3374 5484 ~

131 5553 196 5600 fet
215 5564 226 5601 :
246 5561 292 5608 at
313 5570 434 5612 vero
459 5558 511 5611 in
535 5569 688 5626 agro,
713 5554 756 5608 si
780 5568 904 5608 casu
933 5551 1199 5617 transiret,
1229 5548 1502 5606 avertebat
1523 5563 1646 5603 eum
1752 5543 1962 5600 tandem
1990 5545 2077 5598 alii
2103 5544 2169 5600 de
2197 5545 2312 5615 ejus
2340 5546 2600 5616 probitate
2619 5561 2682 5602 ac
2705 5548 2898 5603 merito
2921 5546 3166 5608 sentiant,
3189 5544 3327 5599 adeo

133 5632 326 5701 IOl’tassis
341 5655 394 5702 et
417 5646 484 5701 ab
509 5647 688 5714 aliqua
731 5659 915 5715 magna
939 5643 1284 5714 cogitatione,
1311 5649 1468 5710 atque
1493 5637 1557 5692 ad
1585 5655 1645 5695 se
1751 5651 1858 5689 non
1887 5635 2273 5691 contemnenda
2309 5636 2397 5692 illa
2438 5635 2691 5703 ducebat,
2722 5646 2780 5691 ut
2812 5637 2983 5707 potius
3011 5638 3235 5686 testetur
3260 5647 3322 5705 se

133 5737 418 5792 convertebat
443 5739 532 5792 illa
556 5734 798 5799 venatio,
834 5751 936 5791 non
965 5735 1175 5806 quidem
1201 5735 1414 5790 deviare
1446 5747 1640 5802 cogens
1753 5737 1897 5784 tanto
1927 5730 2116 5784 timore
2143 5744 2460 5785 concussum
2511 5728 2702 5794 fuisse,
2742 5737 2800 5781 ut
2835 5728 2900 5781 de
2927 5721 3222 5789 arripienda
3267 5722 3324 5779 in

132 5827 544 5899 Wrcjumeuti
576 5825 662 5883 cui
695 5825 824 5882 forte
850 5826 1128 5893 insideret,
1162 5827 1253 5884 scd
1284 5824 1460 5881 cordis
1487 5823 1642 5879 incli-
1751 5821 2085 5880 solitudinem
2124 5821 2242 5893 luga
2271 5821 2530 5893 cogitarit.
2567 5820 2873 5878 Conterritus
2913 5813 3128 5889 peccatis
3165 5817 3358 5883 meis,‘

1541 5975 1604 5994 -u
