3868 6420
424 305 530 364 119
552 356 557 361 ,

427 419 621 493 inquit,
662 424 710 473 et
737 413 871 471 mole
893 408 1112 468 miseriis
1128 421 1275 475 mea,
1300 404 1606 479 agitaverant
1625 402 1679 456 iu
1704 396 1874 460 corde,
1899 411 2005 493 πρέ

429 491 711 581 diutiusque
739 513 933 581 ficerent
957 506 1131 577 [mm
1149 505 1202 558 in
1227 500 1572 560 solitudinem;
1598 495 1685 552 sed
1711 491 2023 567 prohibuisti,

429 622 527 669 me.
557 613 606 658 et
631 600 942 670 conﬁrmasti
964 614 1042 650 me
1066 597 1236 652 dicens
1259 607 1278 647 .'
1305 609 1326 644 ι
1361 589 1486 646 Ideo
1510 604 1601 660 pro
1616 586 1843 643 omnibus
1862 583 2009 640 Chri-

431 707 538 753 stus
561 704 789 752 mortuus
809 702 952 753 estut
973 689 1059 761 qui
1078 690 1266 750 vivunt,
1273 686 1386 758 jam
1407 700 1506 738 non
1533 681 1625 736 sibi
1645 680 1830 742 visunt,
1857 675 1946 734 sed
1965 677 2010 730 ei

428 791 513 862 qui
541 805 633 860 pro
652 788 778 858 ipsis
801 794 1027 841 mortuus
1047 794 1116 838 est
1145 779 1225 852 (ll
1249 777 1364 834 Cor.
1382 793 1436 836 ν.
1466 774 1577 846 ll).
1605 772 1744 830 Nihil
1764 785 1890 844 ergo
1908 769 2009 826 sibi

432 881 690 952 reliquum
721 892 841 936 esse
866 875 1134 946 «ignovit,
1177 873 1275 928 nisi
1305 879 1362 928 ut
1399 869 1450 928 in
1478 869 1642 924 Deum
1663 866 1892 936 jactaret
1915 877 2008 918 cu-

431 991 546 1032 ram
572 988 722 1030 suam
741 1011 760 1036 ,
784 978 843 1027 ut
873 970 1073 1024 viveret
1103 964 1506 1038 (Confessiomnn
1531 961 1620 1016 lib.
1653 958 1750 1024 ιο,
1773 973 1890 1026 cap.
1921 955 2010 1020 l3,

432 1083 486 1122 η.
513 1066 624 1134 ⁸10).
653 1061 814 1120 Filios
841 1060 968 1119 tuos.
997 1059 1090 1124 ait,
1120 1074 1226 1113 esse
1250 1054 1450 1112 voluisti
1475 1053 1704 1108 dominos
1728 1065 1881 1115 meos,
1904 1046 2016 1113 qui-

434 1161 526 1214 bus
549 1155 749 1230 iussisti
779 1163 834 1206 ut
856 1151 1070 1208 serviam
1092 1191 1108 1216 ,
1147 1149 1192 1204 si
1228 1147 1338 1202 uolo
1365 1156 1525 1202 tecum
1551 1143 1614 1197 de
1642 1151 1688 1196 te
1725 1145 1899 1196 vivere.
1945 1137 2015 1194 Et

437 1251 531 1308 hoc
555 1246 679 1302 milii
707 1243 908 1300 uerbum
942 1250 1085 1296 luunt
1115 1253 1295 1308 parum
1320 1245 1424 1291 erat
1446 1276 1462 1302 ,
1488 1235 1533 1289 si
1563 1233 1809 1306 loquendo
1832 1230 2015 1302 praeci-

437 1351 592 1411 peret,
616 1339 710 1394 nisi
728 1349 772 1394 et
794 1334 1024 1408 faciendo
1045 1331 1266 1408 prpirct.
1295 1329 1361 1386 Et
1390 1346 1479 1400 ego
1497 1328 1550 1383 id
1575 1345 1670 1397 ago
1690 1326 1838 1398 factis
1859 1335 1906 1382 et
1935 1323 2014 1378 di-

436 1433 560 1495 ctis;
597 1429 651 1484 id
688 1443 784 1498 ago
820 1426 911 1482 sub
935 1424 1034 1480 alis
1072 1422 1171 1476 tuis
1213 1420 1364 1476 nimis
1401 1435 1517 1472 cum
1557 1418 1744 1488 ingenti
1775 1413 2014 1484 periculo,

438 1522 537 1577 nisi
553 1521 674 1591 quia
698 1517 788 1573 sub
812 1517 908 1574 alis
938 1515 1035 1570 tuis
1062 1513 1148 1566 tibi
1169 1511 1369 1566 subdita
1395 1518 1466 1564 est
1496 1509 1666 1562 intima
1690 1522 1799 1560 mea
1817 1546 1834 1571 ,
1861 1515 1906 1558 et
1933 1505 2018 1558 in—

437 1613 653 1683 ﬁrmitas
678 1627 790 1666 utra
809 1610 898 1666 tibi
919 1617 1037 1663 uota
1063 1615 1135 1659 est
1160 1602 1348 1676 (lbid.,
1372 1619 1487 1673 cap.
1506 1602 1562 1667 4,
1586 1617 1639 1656 n.
1667 1597 1753 1670 6).
1782 1599 2020 1665 Denique

441 1709 528 1764 vix
565 1703 852 1775 aliquando
885 1699 1159 1756 sufﬁceret
1185 1738 1202 1764 ,
1231 1706 1290 1752 ut
1317 1695 1443 1756 dicit
1468 1737 1485 1761 ,
1511 1694 1713 1750 calamo
1741 1691 2020 1747 enuntiare

437 1799 615 1856 omnia
645 1797 736 1852 Dei
761 1797 1116 1857 hortamenta,
1147 1805 1336 1846 omnes
1363 1800 1594 1844 terrores
1620 1795 1674 1842 et
1696 1783 2021 1840 consolatio-

440 1904 537 1948 nes
561 1900 618 1947 et
639 1889 1071 1962 susurrationes,
1101 1884 1296 1955 quibus
1328 1897 1450 1936 eum
1485 1879 1550 1934 ad
1575 1878 1901 1934 subeundam
1931 1890 2023 1944 pa-

443 1982 657 2039 storalis
702 1977 863 2035 oticii
919 1978 1183 2033 sarcinam
1238 1972 1484 2045 perduxit
1542 1969 1856 2039 (Ibid.,lib.
1913 1968 2019 2034 ll,

441 2091 555 2149 cep.
581 2073 639 2137 2,
668 2089 724 2128 η.
753 2071 830 2142 2).
857 2071 935 2127 Eo
955 2070 1275 2126 constitutus
1303 2067 1442 2132 loco,
1471 2081 1592 2120 cum
1620 2065 1671 2119 in
1698 2063 1874 2118 divina
1907 2061 2024 2131 lege

442 2163 693 2222 meditari
704 2165 830 2218 olim
854 2161 1233 2223 imrdesceret,
1249 2156 1463 2213 nolebat
1489 2157 1540 2211 in
1562 2153 1706 2210 aliud
1733 2153 1894 2209 horas
1917 2149 2024 2207 dil-

442 2257 627 2316 ﬁuere.
656 2271 790 2327 quas
816 2269 848 2309 a
887 2252 1292 2310 necessitatibus
1318 2250 1432 2304 sive
1475 2245 1746 2303 reﬁciendi
1785 2243 2026 2313 corporis

441 2346 552 2409 sui,
605 2346 718 2402 sive
754 2343 1018 2400 srrvimuli
1049 2340 1358 2398 hominibus
1392 2354 1535 2395 cura:
1563 2353 1676 2391 sine
1702 2334 2024 2398 commissis,

445 2437 641 2492 liberas
668 2435 1011 2490 inveniebat:
1043 2433 1274 2486 maxime
1301 2444 1422 2485 cum
1463 2441 1523 2484 se
1564 2425 1824 2496 ejusmodi
1852 2424 2029 2478 studio

445 2541 554 2582 non
593 2525 692 2581 sibi
747 2523 881 2589 soli,
936 2522 1032 2578 sed
1099 2520 1351 2577 fraterna:
1391 2518 1636 2575 cbaritati
1668 2515 1828 2571 simul
1871 2514 2032 2585 prod-

445 2636 566 2678 esse
600 2623 830 2692 optaret.
870 2617 1046 2674 Casum
1104 2615 1308 2671 deliciae
1371 2615 1536 2685 ipsius
1593 2621 1746 2668 erant
1791 2610 2033 2680 Scriptu-

446 2727 522 2767 ra:
558 2711 692 2775 Dei;
730 2710 882 2780 cujus
937 2722 1036 2764 vox
1086 2708 1253 2777 ipsius
1277 2705 1550 2778 gaudium,
1598 2703 1750 2774 cujus
1803 2718 1900 2756 vos
1953 2701 2028 2755 illi

451 2810 567 2858 erat
617 2814 780 2870 super
818 2799 1144 2856 nﬂlnentiam
1193 2799 1518 2868 voluptatum
1566 2795 1784 2868 (lbid.,
1828 2811 1881 2849 η.
1935 2792 2028 2865 5).

447 2893 803 2962 Prmterqnam
855 2891 997 2962 quod
1055 2893 1108 2947 in
1151 2905 1327 2944 rerum
1374 2891 1534 2944 etiam
1565 2897 1860 2943 creaturam
1901 2902 2035 2943 ωη-

445 2985 769 3041 sideratione
829 2985 993 3038 Deum
1046 2998 1333 3054 quarens,
1375 2996 1441 3038 ac
1490 2981 1558 3035 de
1613 2980 1862 3034 omnibus
1911 2994 2033 3033 eum

446 3078 750 3141 consulens,
781 3093 850 3129 an
884 3076 990 3130 sint
1010 3116 1027 3142 ,
1050 3075 1175 3145 quid
1202 3075 1308 3127 sint
1326 3113 1344 3138 ,
1373 3081 1427 3127 et
1446 3071 1629 3141 quanti
1656 3086 1877 3142 qumque
1910 3084 2036 3138 pen-

447 3167 622 3226 dentia
654 3169 797 3235 sint,
828 3167 1075 3222 audiebat
1113 3166 1378 3220 dicentem
1406 3162 1782 3232 aejubeutem.
1813 3160 1883 3214 Et
1904 3177 2039 3233 sape

449 3257 584 3318 istud
609 3260 763 3329 facio.
790 3260 993 3328 inquit;
1019 3258 1114 3312 hoc
1139 3273 1218 3311 me
1243 3256 1475 3316 delectat,
1499 3266 1547 3308 et
1576 3253 1637 3308 ob
1663 3252 1939 3308 actionibus
1960 3269 2041 3307 ns-

451 3353 696 3410 ceasitatis
723 3362 967 3420 quiritium
995 3349 1216 3404 relaxari
1236 3363 1458 3417 possum.
1477 3347 1546 3400 ad
1568 3348 1713 3401 istum
1733 3347 2040 3414 voluptatem

450 3443 667 3516 refugio.
701 3440 880 3514 Neque
905 3443 955 3496 in
977 3441 1058 3496 liis
1085 3441 1312 3495 omuibus
1337 3454 1448 3509 quia
1477 3454 1745 3508 percurro,
1771 3440 2040 3494 consulens

459 3546 525 3598 te,
559 3535 756 3590 invenio
783 3543 948 3587 tutum
973 3534 1137 3587 locum
1159 3532 1345 3586 anime
1364 3545 1504 3592 mese,
1527 3531 1623 3584 nisi
1647 3529 1700 3584 in
1719 3539 1784 3592 te,
1813 3546 1911 3596 quo
1931 3529 2038 3585 col-

455 3625 676 3697 ligantur
693 3639 873 3695 sparsa
901 3639 1010 3678 nica
1031 3664 1047 3689 ,
1078 3639 1168 3678 nec
1185 3639 1218 3676 α
1239 3631 1287 3675 te
1311 3623 1588 3692 quidquam
1625 3621 1824 3676 recedat
1846 3636 1913 3675 ea:
1939 3635 2037 3676 nte.

455 3715 526 3773 Et
552 3715 824 3784 aliquando
845 3715 1133 3770 intromittis
1153 3730 1234 3769 me
1259 3715 1311 3768 in
1337 3712 1574 3780 allectum
1594 3711 1805 3766 multum
1821 3712 2041 3766 inusita-

455 3804 562 3863 tum
587 3808 849 3870 introrsus,
882 3807 950 3861 ad
974 3807 1139 3860 nescio
1162 3821 1314 3877 quam
1334 3805 1687 3870 dulcedinem;
1711 3821 1824 3876 quia
1846 3805 1892 3860 si
1923 3820 2041 3875 per-

456 3903 662 3974 ficiatur
684 3903 736 3956 in
765 3917 875 3968 me,
907 3901 1072 3956 nescio
1093 3901 1211 3969 quid
1229 3900 1321 3954 erit
1342 3941 1357 3964 ,
1388 3900 1523 3963 quod
1553 3899 1653 3953 vita
1679 3899 1775 3953 ista
1804 3915 1903 3952 non
1924 3897 2038 3952 erit.

460 3993 567 4052 Sed
598 3995 766 4050 recide
791 3995 844 4049 in
871 3994 980 4049 lites
1007 3994 1304 4048 aerumnosis
1334 3989 1674 4062 ponderibus,
1712 3998 1760 4044 et
1786 3990 2046 4045 resorbeor

455 4085 630 4141 solutis
651 4127 665 4150 ,
691 4095 740 4140 et
764 4085 966 4152 teneor;
994 4093 1042 4139 et
1069 4083 1284 4139 multum
1311 4084 1410 4155 [leo
1429 4125 1444 4149 ,
1472 4083 1562 4137 sed
1594 4082 1806 4136 ouillum
1835 4091 2004 4136 teneor
2023 4097 2044 4138 :

459 4189 653 4234 tantum
679 4178 1053 4233 consuetudinis
1087 4178 1290 4233 sarcina
1318 4175 1596 4248 degravat!
1625 4174 1724 4228 llic
1753 4191 1858 4229 esse
1881 4176 2041 4243 valeo,

457 4287 548 4327 nec
570 4271 717 4337 colo;
743 4269 847 4325 illic
871 4269 1006 4335 nolo,
1034 4287 1122 4323 nec
1150 4270 1289 4323 ralco
1307 4286 1326 4332 ;
1345 4271 1495 4324 miser
1515 4269 1776 4337 utrobique
1799 4267 1958 4341 (Ibid.
1982 4268 2047 4322 li-

462 4364 551 4418 bro
581 4363 667 4430 10,
703 4379 820 4435 cap.
841 4363 934 4429 ιο,
963 4379 1014 4415 u.
1043 4361 1154 4430 65).
1185 4361 1260 4416 Ex
1297 4376 1403 4430 quo
1435 4361 1600 4416 Deum
1630 4361 1909 4424 didicerat.
1940 4376 2045 4417 non

456 4455 652 4512 frustra
676 4469 978 4511 manentem
999 4471 1120 4510 eum
1151 4453 1378 4508 habebat
1404 4453 1456 4508 in
1483 4468 1574 4508 sua
1603 4454 1860 4509 memoria
1892 4471 1904 4506 :
1938 4453 2049 4511 illic

459 4550 578 4602 eum
601 4547 937 4615 inveniebat,
965 4555 1019 4602 et
1044 4545 1408 4602 delectabatur
1434 4545 1486 4599 in
1529 4555 1614 4600 eo.
1655 4543 1751 4600 Har
1776 4553 1928 4608 sunt,
1965 4545 2049 4599 in-

459 4638 698 4708 quiebat,
724 4649 911 4694 sancta,-
931 4639 1131 4694 delicite
1156 4654 1297 4704 mere,
1315 4654 1440 4706 quas
1459 4636 1661 4692 donasti
1682 4637 1824 4701 mihi,
1847 4637 2049 4691 miseri-

460 4726 634 4779 cordia
648 4736 737 4780 tua
755 4728 1026 4798 respiciens
1047 4737 1394 4798 paupertatem
1416 4744 1579 4781 meum
1606 4726 1793 4799 (ibid.,
1814 4745 1929 4798 cap.
1951 4726 2045 4800 24,

463 4831 515 4870 n.
543 4817 666 4886 55).

534 4907 588 4964 5.
629 4908 781 4976 Quod
804 4909 870 4963 ad
899 4909 1098 4963 cultum
1129 4907 1370 4978 corporis
1395 4909 1584 4964 attinet
1609 4927 1622 4963 :
1664 4909 1835 4965 Vestes
1863 4911 1974 4981 ejus
2002 4918 2054 4966 et

464 5001 799 5054 calceamenta
821 4998 901 5053 vel
927 4998 1163 5053 lectualia
1183 5015 1245 5053 ea:
1264 4999 1524 5053 moderato
1547 5004 1850 5070 competenti
1878 5002 2051 5058 habitu

463 5100 626 5158 erant,
653 5106 743 5146 nec
774 5091 936 5145 nitida
963 5090 1175 5144 nimium
1191 5131 1207 5156 ,
1239 5106 1330 5144 nec
1361 5091 1560 5160 abjecta
1584 5092 1861 5163 plurimum
1884 5108 1906 5148 :
1931 5093 2053 5162 quia

465 5183 542 5237 his
571 5182 865 5254 plerumque
886 5182 964 5237 uel
981 5181 1182 5253 jactare
1217 5196 1273 5236 se
1299 5181 1570 5236 insolenter
1595 5181 1819 5238 homines
1847 5184 2050 5252 solent,

464 5271 542 5326 vel
560 5270 813 5342 abjicere;
843 5287 907 5326 ac
931 5281 1139 5342 utroque
1174 5286 1277 5326 non
1302 5286 1416 5340 qua
1436 5270 1564 5326 Iesu
1591 5269 1798 5341 Christi,
1830 5274 1921 5328 sed
1941 5289 2055 5344 qua:

462 5379 556 5418 sua
584 5372 700 5418 sunt
737 5362 889 5418 iidem
914 5373 1192 5434 qua-rentes
1219 5378 1240 5418 :
1257 5375 1309 5416 at
1341 5364 1435 5419 iste
1463 5362 1688 5438 (sanctus
1719 5365 2047 5437 Episcopus),

461 5463 518 5512 ut
542 5456 672 5522 dixi,
703 5456 921 5511 medium
943 5455 1157 5517 tenebat,
1188 5471 1346 5527 neque
1365 5455 1416 5510 in
1439 5457 1696 5511 dexteram
1722 5472 1878 5530 neque
1900 5457 1951 5510 in
1976 5457 2060 5512 sia

462 5550 675 5603 nistram
703 5547 958 5603 declinem
984 5544 1324 5615 (Possidius,
1353 5549 1405 5603 in
1444 5546 1557 5604 Vita
1592 5549 1830 5621 August,
1858 5566 1903 5604 c.
1935 5549 2048 5620 2‘2).

464 5639 660 5696 Scribit
701 5639 1026 5712 Augustinus
1065 5639 1232 5696 moris
1274 5640 1474 5707 luisse,
1504 5650 1566 5696 ut
1601 5641 1854 5697 interiora
1879 5641 2049 5700 vesti-

464 5742 640 5787 menta
679 5730 817 5788 linea
853 5742 1068 5800 essent,
1091 5735 1357 5792 exteriora
1395 5734 1544 5791 lanea
1573 5749 1776 5805 :seque
1809 5734 1890 5792 bis
1928 5750 2049 5792 ver-

1550 284 1708 342 VITA
1743 283 1804 340 S.
1843 274 2205 337 AUGUSTINI
2243 275 2560 337 EPISCOPI.

2118 394 2216 458 bis,
2241 396 2643 452 vestimentorum
2657 405 2966 466 nostrorum,
2989 413 3109 457 eum
3138 401 3255 459 aliis
3281 406 3690 476 comprehendit

2116 486 2137 560 (
2155 487 2322 558 Serm.
2355 490 2441 554 57,
2485 507 2539 546 n.
2570 489 2660 564 6).
2689 493 2843 550 Aliud
2876 509 3087 567 quoque
3112 496 3354 568 gestabat
3387 499 3690 562 indumenti

2114 598 2313 653 gentis,
2343 583 2597 656 byrrhum
2636 595 2826 653 vocat,
2853 603 2959 658 quo
2985 588 3103 644 laici
3144 593 3342 661 pariter
3380 594 3684 654 utebantur.

2117 676 2292 732 Habes
2319 677 2371 731 in
2400 677 2628 747 quodam
2653 693 2900 736 sermone
2933 680 3105 736 locum
3133 682 3200 737 de
3218 685 3558 746 vestimentis
3577 689 3692 760 ejus

2116 784 2244 826 sane
2272 770 2703 839 pulcherrimum.
2739 771 2932 836 Nemo,
2968 773 3171 843 inquit,
3201 775 3280 832 det
3305 776 3550 848 byan
3569 821 3588 846 ,
3620 780 3701 838 uel

2117 863 2301 919 lineam
2329 866 2568 924 tunicam.
2592 883 2680 923 seu
2707 866 2898 936 aliquid
2928 867 3028 926 nisi
3058 869 3110 922 in
3134 885 3395 930 continuus
3421 887 3440 928 :
3463 872 3540 934 de
3557 889 3691 932 uent-

2117 957 2258 1010 muni
2280 957 2474 1026 accipio
2499 966 2545 1012 et
2569 958 2692 1012 milii
2715 957 2846 1028 ipsi,
2879 975 2990 1014 cum
3013 961 3170 1016 sciam
3207 978 3473 1020 cont-trust:
3491 980 3579 1023 ne
3603 966 3690 1022 h-

2118 1045 2231 1101 bere
2249 1048 2372 1102 uelle
2391 1047 2636 1121 quidquid
2671 1051 2846 1106 habeo.
2889 1049 3026 1109 Nolo
3062 1051 3185 1108 talio
3219 1053 3404 1121 (idem
3435 1055 3693 1117 Sanctius

2120 1147 2280 1192 oestra
2299 1179 2316 1205 ,
2344 1138 2524 1208 quibus
2566 1156 2656 1210 ego
2691 1141 2828 1195 solus
2862 1141 3006 1210 quasi
3046 1141 3296 1200 decentius
3329 1155 3478 1209 uuis:
3514 1145 3694 1214 olant

2119 1231 2262 1292 mihi,
2293 1232 2425 1287 uerbi
2452 1233 2644 1302 gratia,
2673 1233 2910 1305 byrrltum
2942 1237 3212 1306 pretiosum
3227 1254 3245 1302 ε
3278 1240 3406 1309 {om
3431 1240 3691 1312 ἀωρεῴ

2119 1342 2344 1395 scopum,
2369 1328 2592 1396 quamvis
2623 1344 2720 1381 non
2746 1327 2919 1383 deceat
2949 1329 3303 1396 Augustinum.
3334 1332 3391 1387 id
3414 1343 3509 1390 est.
3529 1335 3689 1391 ω

2122 1434 2232 1472 nent
2257 1433 2546 1488 pauperem,
2573 1417 2638 1474 de
2661 1420 2962 1489 pauperibus
2986 1429 3176 1478 uatum.
3202 1421 3358 1478 Medo
3374 1425 3564 1482 dicturi
3581 1437 3694 1484 est!

2122 1509 2346 1565 homines
2365 1552 2380 1574 ,
2402 1511 2520 1580 quia
2547 1511 2712 1565 inveni
2743 1511 2986 1580 pretiosas
3012 1521 3196 1570 uestes.
3223 1529 3351 1584 artas
3379 1531 3483 1572 non
3510 1519 3696 1582 peteb-

2122 1617 2226 1654 sem
2260 1602 2438 1658 habere
2461 1603 2536 1657 vel
2559 1605 2612 1657 in
2641 1605 2788 1660 doma
2820 1606 2977 1676 patris
3011 1609 3107 1662 mei
3125 1649 3142 1673 ,
3165 1609 3242 1662 uel
3259 1610 3318 1664 in
3342 1608 3434 1665 illa
3469 1613 3693 1666 suaderi

2124 1692 2430 1760 professione
2452 1709 2579 1747 mea.
2606 1692 2725 1748 Non
2752 1694 2922 1752 decet:
2943 1697 3090 1753 talem
3111 1697 3484 1761 debentium.
3503 1702 3694 1771 qualem

2127 1796 2352 1848 possum,
2379 1783 2425 1837 si
2450 1800 2548 1838 non
2576 1783 2802 1840 habuerit
2820 1827 2836 1847 ,
2877 1791 3022 1857 fratri
3053 1805 3162 1842 meo
3188 1791 3330 1845 dare.
3363 1791 3583 1857 Qualem
3608 1807 3696 1861 pp-

2124 1881 2217 1929 tsst
2238 1873 2417 1929 habere
2438 1877 2712 1947 presbyter,
2735 1879 2932 1946 qualem
2959 1889 3114 1948 potest
3140 1881 3319 1936 habere
3337 1881 3574 1937 decenter
3594 1883 3695 1938 die»

2124 1980 2279 2019 conus
2305 1976 2351 2021 et
2375 1967 2730 2029 subdiaconus,
2758 1971 2908 2023 talem
2928 1971 3038 2024 uolo
3064 1973 3327 2043 accipere;
3351 1975 3474 2044 quia
3495 1975 3552 2030 iu
3570 1992 3694 2030 cern-

2125 2072 2277 2112 muue
2296 2059 2509 2125 accipio.
2543 2058 2605 2114 Si
2626 2060 2738 2130 quis
2764 2061 3019 2116 meliorem
3041 2063 3250 2124 dederit.
3274 2064 3474 2130 passio:
3496 2067 3630 2136 quod
3651 2075 3694 2122 ά

2129 2150 2294 2218 facere
2311 2151 2484 2213 soleo;
2511 2161 2564 2204 ut
2581 2153 2780 2220 quando
2803 2170 2903 2207 non
2927 2165 3084 2224 potest
3111 2156 3258 2210 uestis
3277 2172 3386 2211 esse
3399 2159 3693 2226 «mutuis,

2130 2243 2344 2312 pretium
2387 2244 2532 2297 uestis
2574 2245 2730 2314 possit
2772 2260 2878 2300 esse
2924 2262 3203 2301 commune.
3241 2245 3444 2313 Vende,
3474 2259 3528 2304 et
3555 2262 3695 2322 περ

2131 2332 2449 2402 pauperibus.
2481 2333 2544 2389 Si
2564 2335 2659 2389 hoc
2686 2352 2798 2390 eum
2819 2336 3049 2404 delectat,
3074 2346 3128 2391 ut
3155 2354 3244 2408 ego
3267 2337 3522 2404 habent;
3557 2340 3696 2394 solas

2131 2421 2214 2476 del
2243 2423 2374 2478 unde
2396 2441 2496 2479 non
2524 2427 2827 2481 erubescam.
2861 2426 3049 2483 Fateor
3069 2431 3207 2482 enim.
3229 2431 3383 2492 nobis,
3410 2431 3476 2485 de
3492 2432 3697 2502 pretiosa

2133 2527 2262 2569 veste
2285 2516 2514 2571 erubesco
2532 2533 2552 2572 :
2574 2519 2693 2590 quia
2715 2535 2818 2574 non
2844 2519 2982 2576 decet
3005 2520 3136 2575 lianc
3158 2524 3541 2594 professionem,
3579 2525 3699 2578 bene

2133 2605 2519 2663 admonitionem
2543 2650 2558 2674 ,
2590 2625 2690 2664 non
2717 2610 2856 2665 decet
2892 2611 2999 2666 lucc
3025 2612 3245 2668 membra
3265 2653 3284 2680 ,
3315 2630 3416 2668 non
3445 2613 3591 2669 deses
3618 2618 3699 2670 ba

2135 2712 2288 2751 canos
2317 2695 2506 2770 (Serm.
2541 2700 2666 2765 556,
2693 2718 2728 2754 is
2771 2703 2883 2770 l3).
2911 2703 3042 2760 Cum
3063 2711 3242 2760 macta
3268 2705 3513 2774 quietiam
3539 2706 3695 2778 virgo,

2135 2791 2218 2844 cui
2245 2791 2452 2863 Sapida:
2481 2808 2694 2854 nomen.
2723 2794 2789 2849 de
2808 2795 3070 2852 Timothei
3100 2797 3276 2854 fratris
3301 2800 3403 2863 sui,
3427 2799 3699 2872 Carthagi-

2137 2885 2317 2938 nensis
2343 2884 2572 2950 diaconi,
2603 2895 2772 2940 morte
2793 2889 3106 2957 gravissime
3128 2888 3356 2955 doleret,
3381 2892 3588 2962 rogavit
3611 2891 3706 2945 Att-

2137 2977 2426 3045 gustiuum,
2459 2988 2516 3032 ut
2544 2980 2606 3032 ad
2639 2978 2722 3034 sui
2748 2983 2989 3036 solatium
3009 2984 3259 3048 tunicam,
3283 2995 3448 3054 quam
3467 2985 3583 3041 suis
3606 2986 3701 3053 ipsa

2139 3067 2383 3123 manibus
2402 3069 2466 3122 ad
2489 3087 2639 3124 usum
2657 3074 2890 3139 germani
2921 3074 3004 3128 sui
3019 3084 3275 3140 texuerat,
3294 3077 3578 3146 acciperet.
3604 3071 3706 3132 Non

2140 3159 2318 3214 renuit
2332 3170 2547 3216 sanctus
2563 3161 2783 3228 Praesul,
2800 3177 2867 3218 ne
2878 3163 3019 3219 illam
3033 3167 3391 3230 contristat-et,
3410 3181 3580 3238 caque
3591 3167 3708 3221 timi-

2140 3267 2204 3307 ca
2232 3267 2357 3306 usus
2391 3260 2490 3308 est.
2533 3253 2679 3310 lllam
2713 3264 2884 3313 tamen
2916 3272 3009 3327 per
3027 3257 3230 3316 litteras
3251 3259 3492 3315 hortatus
3522 3269 3627 3327 est,
3659 3267 3710 3315 ut

2144 3343 2398 3399 meliores
2423 3359 2452 3398 a
2485 3345 2589 3400 ﬁde
2608 3363 2700 3401 sua
2724 3349 3116 3405 consolationes
3131 3358 3355 3421 peteret,
3384 3363 3542 3423 atque
3566 3367 3602 3406 ι
3626 3361 3712 3423 spe

2142 3433 2352 3489 vivendi
2379 3435 2666 3506 aliquando
2683 3453 2801 3492 cum
2832 3438 2991 3495 fratre
3009 3481 3026 3507 ,
3053 3442 3118 3496 de
3146 3442 3300 3511 cujus
3322 3451 3518 3500 celem
3553 3441 3710 3499 felici-

2145 3535 2251 3581 tate
2279 3541 2384 3580 non
2410 3527 2713 3596 dubitanter
2731 3529 2964 3601 loquitur
2989 3529 3196 3602 (Epist.
3224 3532 3350 3594 263,
3379 3549 3431 3588 n.
3462 3533 3542 3606 ι).
3567 3529 3708 3602 Quod

2143 3618 2207 3674 ad
2235 3621 2590 3676 calceamenta
2620 3623 2879 3690 pertinet,
2909 3639 3014 3678 non
3045 3626 3405 3680 arbitrabatur
3427 3669 3443 3691 ,
3476 3626 3641 3682 teneri
3660 3637 3710 3681 ss

2145 3714 2208 3768 ad
2253 3715 2571 3770 servandam
2613 3716 2760 3786 juxta
2803 3717 3033 3773 litteram
3066 3732 3252 3773 eorum
3297 3719 3708 3774 inbibitioeems

2145 3805 2357 3862 Christo
2387 3808 2609 3862 Domino
2639 3808 2864 3874 metam;
2895 3824 3014 3864 cum
3036 3826 3099 3865 ex
3135 3810 3427 3879 Evangelii)-
3441 3821 3714 3882 cognosco-

2147 3906 2248 3965 ret,
2277 3897 2544 3954 Christum
2574 3901 2744 3970 ipsum
2773 3899 2935 3958 fuisse
2963 3902 3256 3957 calceatum
3288 3919 3302 3956 :
3331 3901 3436 3958 hoe
3460 3902 3562 3957 sibi
3581 3902 3710 3957 suls-

2150 3991 2202 4045 tii
2233 3992 2563 4062 proponebat
2602 3995 2652 4047 in
2696 3994 2896 4048 inﬁrma
2937 3993 3271 4055 valetudine.
3309 3997 3432 4065 qute
3469 3992 3622 4064 hujus
3645 3989 3711 4049 ibi

2149 4083 2425 4138 leramiuis
2467 4084 2833 4138 necessitatem
2875 4084 3195 4152 imponebat.
3235 4082 3408 4140 Simul
3430 4098 3610 4140 eormn
3631 4081 3711 4154 qui

2150 4174 2291 4228 nudo
2321 4175 2456 4244 pede
2476 4175 2827 4241 ambularent,
2857 4174 3215 4231 fortitudinem
3243 4177 3461 4231 amabat
3486 4173 3714 4246 (Confes-

2151 4267 2348 4322 siouum
2374 4268 2459 4322 lib.
2490 4267 2544 4331 9,
2571 4284 2684 4340 cap.
2716 4270 2769 4334 6,
2801 4285 2849 4322 η.
2883 4269 2973 4339 Η)
3001 4286 3015 4322 :
3049 4283 3148 4324 nec
3175 4279 3350 4324 tamen
3370 4259 3712 4340 evangelicum

2154 4359 2323 4429 legem
2355 4358 2454 4414 hac
2482 4359 2534 4413 in
2563 4362 2929 4415 rcaccnratins
2949 4360 3015 4413 ab
3040 4359 3161 4423 illis,
3183 4374 3341 4430 quam
3363 4375 3392 4413 a
3411 4376 3472 4414 se
3501 4358 3708 4430 iinpleri,

2151 4456 2242 4503 aut
2269 4464 2362 4506 eos
2390 4459 2672 4520 propterea
2716 4449 3038 4506 insolescere
3077 4451 3301 4520 superba
3343 4441 3542 4506 duritia
3573 4459 3714 4522 ptisso

2151 4540 2523 4596 arbitrabatur.
2557 4541 2614 4594 In
2641 4541 2937 4611 hujusmodi
2979 4542 3137 4598 rebus
3165 4542 3338 4607 bonis,
3377 4543 3475 4598 sed
3507 4541 3710 4598 miniu’ie

2153 4629 2500 4696 necessariis,
2553 4639 2658 4686 tam
2708 4646 2801 4687 eos
2853 4633 2939 4703 qui
2979 4631 3096 4687 illas
3143 4633 3527 4696 observarent,
3569 4635 3712 4703 quali

2153 4723 2240 4792 qui
2291 4737 2396 4777 non
2439 4724 2818 4790 observarent,
2858 4725 3116 4780 charitate
3145 4725 3334 4780 sociari
3377 4724 3618 4790 volebat;
3659 4725 3712 4778 ut

2153 4829 2378 4883 quorum
2417 4825 2634 4871 externa
2684 4816 3050 4888 discreparent
3090 4833 3286 4887 onera,
3334 4823 3524 4874 eorum
3567 4813 3710 4873 cortis

2155 4907 2340 4962 eodem
2388 4921 2570 4961 amore
2619 4907 3006 4978 conﬁagrarent
3067 4909 3272 4974 (Serm.
3323 4911 3448 4976 Nil,
3493 4914 3603 4979 cep.
3643 4906 3705 4969 li.

2157 5014 2208 5051 η.
2239 4997 2316 5068 7).

2226 5089 2277 5144 ι.
2319 5087 2497 5145 Mensa
2525 5104 2651 5144 usus
2675 5097 2756 5144 est
2781 5087 2970 5161 fruguli
2991 5097 3048 5146 et
3069 5103 3252 5160 parca,
3277 5090 3334 5145 in
3360 5091 3710 5162 queniltilsu-

2158 5179 2445 5249 perﬁuum,
2489 5179 2616 5234 nihil
2643 5195 2749 5234 non
2777 5181 3137 5242 moderatum:
3182 5187 3306 5252 qua:
3333 5179 3548 5252 quide
3586 5183 3710 5236 inter

2157 5274 2299 5329 olera
2337 5282 2391 5327 et
2434 5273 2694 5342 legumina
2715 5314 2730 5338 ,
2760 5272 2920 5327 etiam
2955 5287 3147 5328 carnes
3189 5273 3477 5347 aliquando
3518 5280 3711 5346 propter

2163 5366 2394 5434 hospites
2414 5407 2427 5428 .
2460 5364 2544 5418 vel
2570 5379 2809 5434 quosque
2839 5361 3174 5432 inﬁrmiores,
3207 5373 3422 5437 semper
3445 5379 3616 5421 sinent
3646 5361 3712 5415 ri-

2160 5475 2282 5513 num
2314 5458 2538 5513 habebat
2567 5457 2884 5529 (Possidius.
2911 5459 2964 5512 in
2999 5457 3114 5513 Vita
3139 5461 3373 5531 August.,
3402 5476 3448 5514 c.
3480 5456 3598 5528 ﬁ).
3627 5454 3713 5511 Ne

2159 5564 2259 5620 que
2281 5550 2420 5605 enim
2439 5550 2820 5606 immunditiam
2844 5552 3069 5620 opsonii,
3093 5552 3188 5607 sed
3225 5554 3608 5610 immunditiam
3627 5561 3711 5606 co-

2160 5642 2390 5713 piditatis
2417 5643 2662 5708 timebat;
2696 5653 2751 5698 ut
2779 5645 2866 5712 qui
2898 5644 3058 5699 sciret
3082 5659 3294 5699 omnem
3320 5646 3412 5701 Dei
3435 5643 3707 5702 Creatorim

2161 5737 2346 5789 bonam
2379 5746 2527 5799 esse,
2570 5746 2623 5790 et
2656 5735 2971 5790 sanctiticari
3015 5751 3114 5805 per
3135 5736 3357 5792 verbum
3407 5737 3499 5795 Dei
3524 5747 3574 5792 et
3599 5739 3712 5790 ora"
