3868 6416
160 398 239 460 2n
1363 375 1565 471 mea
1601 373 1947 471 optatus.

157 511 318 576 tionem
345 503 718 576 (Confessionum
743 499 827 554 lib.
858 498 941 561 10,
964 511 1080 566 cap.
1109 495 1171 562 51
1195 537 1211 559 ,
1255 510 1313 558 rt.
1333 494 1409 562 46
1428 493 1471 566 ).
1502 492 1648 550 illius

152 582 348 662 convivis
367 585 594 665 prgclixus
614 595 720 646 erat
737 589 1042 662 poculorum
1071 580 1320 641 numerus
1341 600 1361 643 :
1389 594 1442 640 et
1461 585 1505 638 si
1530 580 1650 660 quis

149 685 408 745 clericorum
427 682 535 753 ejus
561 674 813 754 jttrasset,
846 693 1001 734 unam
1028 676 1094 732 de
1128 676 1336 731 statutis
1370 671 1645 750 potionem

146 782 354 855 perdebat
389 765 708 848 (Possidius,
735 775 785 827 in
825 771 936 826 Vita
962 771 1200 842 Δειράδι,
1231 785 1278 823 c.
1308 769 1434 840 ΞΒ).
1477 757 1647 855 Coch—

145 864 334 930 learibus
379 866 628 938 argenteis
687 861 958 926 utebatur;
1019 875 1204 916 verum
1266 870 1452 914 caetera
1495 872 1645 920 vasa,

140 963 298 1034 quibus
317 960 406 1017 cibi
428 971 615 1012 mensae
636 947 1009 1017 inferebantur,
1032 952 1112 1006 vel
1140 959 1327 1013 te~tea,
1347 950 1428 1004 vel
1456 948 1648 1016 lignea,

136 1056 204 1110 vel
230 1065 486 1110 marmorea
516 1055 668 1104 erant
694 1065 706 1100 :
735 1062 837 1100 non
869 1054 1040 1099 tamen
1072 1058 1136 1096 ex
1157 1042 1471 1098 necessitate
1495 1047 1652 1108 atque

135 1141 301 1215 inopia,
323 1142 407 1201 sed
423 1157 480 1197 ex
501 1147 804 1207 spenumer.
821 1133 1142 1205 paupertatis
1162 1149 1222 1186 ac
1242 1131 1514 1187 modestia:
1536 1139 1651 1185 stu-

131 1239 206 1293 dio
231 1235 447 1308 (lbid.,c.
468 1230 585 1304 29.).
623 1229 755 1283 Cum
785 1239 994 1296 semper
1021 1225 1430 1294 hospitalitatem
1459 1217 1652 1276 coluis-

129 1338 216 1389 set,
239 1326 469 1396 plurimos
493 1322 557 1378 ad
585 1334 821 1374 mensam
853 1332 1002 1372 suam
1034 1315 1341 1385 peregrinos
1368 1313 1653 1366 adhibebat

130 1415 305 1487 (Ibid).
325 1415 382 1470 Et
399 1415 574 1480 reapse
590 1411 656 1464 ab
679 1410 777 1464 hoc
795 1408 972 1462 ofﬁcio
997 1407 1292 1476 quibusque
1321 1404 1653 1457 venientibus

126 1522 174 1562 ac
205 1505 561 1562 transeuntibus
594 1500 892 1557 exhibendo
917 1541 931 1563 ,
955 1499 1070 1552 sine
1090 1496 1407 1551 detrimento
1427 1491 1650 1548 charita~

126 1599 178 1652 tis
202 1614 302 1668 qua:
327 1595 388 1648 ah
408 1596 654 1665 episcopo
677 1593 923 1661 exigitur,
953 1587 1188 1643 eximere
1227 1601 1284 1640 se
1317 1599 1418 1639 nou
1448 1592 1653 1653 poterat

124 1695 137 1750 l
151 1687 290 1745 Serm.
316 1687 432 1748 355,
456 1704 502 1739 tt.
526 1683 605 1755 2).
633 1683 891 1739 Eantdem
915 1680 1292 1734 immanitatem
1317 1676 1370 1731 in
1392 1675 1656 1744 recipien-

119 1783 186 1836 dis
203 1781 342 1836 etiam
376 1779 560 1849 ignotis
583 1774 878 1845 hospitibus
899 1771 1198 1832 exercebat,
1227 1767 1327 1823 hoc
1344 1767 1550 1821 axioma
1577 1781 1654 1821 se-

118 1885 281 1926 cutus:
311 1869 474 1940 Longe
493 1868 657 1923 satius
685 1881 806 1921 esse
836 1863 1032 1919 malum
1063 1862 1331 1917 hominem
1363 1858 1647 1928 excipere,

117 1979 250 2030 quam
273 1961 452 2014 bonum
479 1957 762 2014 excludere
785 1997 801 2024 ,
846 1955 969 2009 dum
1001 1969 1249 2009 cavemus
1275 1969 1340 2007 ne
1365 1951 1653 2020 recipiatur

122 2057 266 2111 malus
291 2051 459 2128 (Epiu.
488 2052 576 2120 58,
607 2068 659 2104 η.
691 2049 768 2121 3).
803 2048 855 2102 ld
883 2058 1059 2104 tamen
1080 2045 1318 2101 ordinem
1351 2045 1416 2098 ab
1443 2060 1506 2098 eo
1527 2059 1654 2097 con-

131 2145 334 2200 stitutum
367 2144 564 2199 minime
609 2139 971 2212 perturbabat.
1004 2138 1060 2192 In
1103 2136 1218 2206 ipsa
1266 2150 1444 2189 mensa
1485 2133 1653 2203 magis

130 2237 370 2290 lectionem
396 2234 467 2288 rei
501 2231 912 2302 disputationem
933 2271 946 2290 ,
986 2243 1141 2297 quam
1172 2225 1526 2294 epulationem
1556 2238 1651 2292 po-

126 2323 725 2394 tationemquediligebat;
748 2328 802 2374 ct
821 2331 1002 2373 contra
1026 2315 1377 2388 pestilentiam
1409 2313 1652 2368 humanae

124 2415 499 2481 consuetudinis,
528 2414 579 2467 irt
601 2427 662 2468 ea
692 2412 761 2466 ita
790 2410 1041 2479 scriptum
1070 2408 1330 2462 habebat:

180 2503 385 2573 Quisquis
411 2513 542 2557 amat
569 2503 716 2556 dictis
745 2499 1004 2554 absentum
1032 2499 1209 2552 rodere
1233 2498 1402 2560 vitam,

237 2593 367 2649 Ilum:
393 2610 612 2649 mensum
631 2593 892 2664 indignant
920 2590 1108 2643 noverit
1134 2605 1242 2642 esse
1257 2587 1369 2641 sibi.

121 2683 171 2741 Et
192 2684 294 2740 ideo
316 2700 516 2739 omnem
544 2683 825 2738 convivam
849 2699 874 2733 a
906 2677 1187 2749 superﬂuis
1214 2689 1266 2732 et
1298 2677 1469 2732 noxiis
1505 2675 1650 2732 fabu-

119 2773 171 2830 lis
187 2783 230 2830 et
247 2772 643 2830 detractionibus
662 2783 782 2827 sese
801 2771 1066 2824 abSti'uere
1091 2767 1288 2822 debere
1309 2766 1648 2820 admonebat.

117 2861 222 2920 Nam
246 2874 294 2920 et
320 2863 568 2934 quosdam
599 2876 725 2916 suos
756 2859 1194 2913 l'atnillarissintos
1221 2857 1564 2925 coepiseopos
1592 2856 1651 2908 il~

116 2951 201 3008 lius
224 2954 475 3026 scriptura:
503 2953 730 3017 oblitos,
759 2959 814 3005 et
841 2959 1028 3004 contra
1059 2961 1176 3002 eam
1205 2948 1482 3017 loquentes
1501 2989 1515 3010 ,
1545 2955 1649 3000 tam

117 3057 271 3114 aspere
305 3043 581 3116 aliquando
623 3041 964 3112 reprehendit
1003 3048 1298 3094 connnotus
1320 3080 1334 3103 ,
1362 3046 1418 3091 ut
1455 3037 1654 3091 diceret

119 3145 192 3190 aut
216 3133 447 3192 delendos
472 3149 592 3191 esse
631 3134 750 3189 illos
787 3133 856 3187 de
893 3146 1075 3186 mensa
1118 3145 1342 3194 versus,
1373 3137 1462 3183 aut
1497 3143 1557 3184 se
1585 3128 1650 3182 do

118 3219 260 3282 media
295 3227 568 3283 refectione
609 3225 674 3280 ad
724 3239 878 3278 suum
923 3222 1224 3278 cubiculum
1269 3229 1646 3277 surrecturum.

120 3316 242 3384 Quod
273 3331 384 3391 ego,
409 3319 479 3372 ait
497 3313 812 3377 Possidius.
848 3323 894 3368 et
925 3315 1013 3366 alii
1046 3313 1136 3385 qui
1169 3313 1246 3366 illi
1275 3326 1460 3365 mensae
1493 3311 1650 3365 inter-

115 3407 308 3479 fuimus,
340 3410 516 3480 experti
554 3423 727 3463 sumus
765 3402 1101 3478 (Possidius,
1145 3402 1201 3457 in
1251 3401 1366 3456 Vita
1409 3403 1644 3473 August.,

113 3513 152 3552 ε.
173 3488 291 3570 97).

173 3585 228 3644 5.
263 3587 442 3645 Victum
488 3588 590 3645 sibi
621 3587 803 3644 labore
841 3599 1095 3640 manuum
1125 3595 1230 3640 non
1275 3584 1649 3652 comparabat,

113 3692 225 3734 cum
273 3693 422 3752 neque
469 3697 565 3752 per
611 3679 890 3734 adversam
937 3679 1293 3733 valetudinem
1349 3677 1396 3730 id
1437 3676 1652 3746 exse-qui

112 3778 286 3840 posset,
312 3786 468 3843 neque
489 3788 586 3843 per
614 3768 993 3841 occupationes
1017 3768 1280 3832 assiduas,
1310 3766 1500 3837 quibus
1530 3781 1650 3819 eum

113 3857 332 3915 Ecclesim
356 3877 460 3917 stuc
481 3878 609 3917 cura
630 3861 748 3916 sine
776 3861 882 3914 ulla
924 3857 1316 3913 intermissione
1353 3855 1654 3925 itnpliatbat

116 3948 288 4020 (Epist.
317 3953 407 4009 136
429 3995 443 4010 .
471 3970 526 4007 tt.
554 3950 668 4024 ill).
700 3951 850 4019 Quod
892 3951 937 4004 si
967 3947 1109 4003 salva
1141 3947 1300 4001 ollicii
1337 3948 1418 4000 sui
1450 3945 1654 4000 ratione

117 4039 158 4097 id
175 4054 402 4114 piaculare
431 4045 726 4116 potuisset,
748 4044 908 4098 certis
930 4037 1164 4111 quotidie
1193 4039 1339 4093 horis
1355 4079 1369 4103 ,
1401 4045 1651 4107 quantum

119 4132 163 4188 in
183 4136 298 4190 bene
323 4137 535 4190 moratis
563 4134 904 4190 monasteriis
930 4129 1274 4185 Ctlnsl'iltllltlll
1303 4138 1385 4183 est
1409 4169 1424 4193 ,
1456 4125 1654 4196 liquid

116 4227 323 4283 mitibus
345 4229 572 4299 operari,
602 4237 656 4282 et
695 4235 915 4281 caeteras
960 4224 1120 4279 horas
1163 4221 1228 4276 ad
1275 4220 1556 4290 legendum
1601 4227 1658 4273 et

116 4317 372 4383 pratulum,
406 4329 496 4376 aut
521 4319 718 4374 divinis
758 4317 976 4374 Litteris
1002 4315 1294 4368 vacandum
1338 4313 1532 4368 liberas
1565 4310 1658 4366 ba-

115 4407 220 4467 bere
255 4411 513 4468 maluisset
553 4409 673 4481 (De
701 4410 867 4480 Opere
903 4407 1267 4462 monachorum
1287 4447 1302 4468 ,
1333 4419 1386 4459 tt.
1419 4403 1544 4476 57).
1580 4404 1660 4456 At!

118 4498 257 4568 istoin,
285 4505 444 4574 inquit
461 4547 476 4568 ,
504 4504 822 4558 securitatem
848 4499 1199 4554 otiosissimam
1233 4503 1377 4551 uento
1397 4513 1476 4550 me
1498 4498 1661 4550 vince-

117 4600 197 4646 nt.
221 4591 352 4649 Nihil
375 4606 442 4651 est
469 4595 671 4660 melius,
696 4591 828 4647 nihil
854 4591 1071 4656 dulcius,
1097 4606 1250 4661 quam
1271 4579 1493 4644 divinum
1520 4603 1661 4642 scru-

121 4683 234 4747 tari,
259 4683 382 4739 nullo
401 4697 670 4756 strepente,
704 4685 994 4738 theanin
1018 4697 1036 4736 :
1059 4683 1208 4735 dulce
1233 4690 1326 4744 est,
1355 4679 1538 4733 bonum
1566 4690 1657 4733 est.

122 4773 404 4847 Praedicare,
431 4797 671 4854 urguere,
693 4780 962 4850 corripere,
987 4777 1246 4845 adiﬁcore
1262 4817 1279 4842 ,
1307 4793 1401 4848 pro
1425 4790 1660 4843 unoquo-

123 4883 202 4937 φη
222 4881 446 4944 satagere,
474 4888 716 4945 magnum
741 4885 867 4925 onus
881 4910 896 4935 ,
926 4883 1166 4940 magnum
1193 4868 1391 4938 pondus
1408 4907 1425 4934 ,
1451 4881 1664 4937 magnus

126 4961 254 5018 ίώοτ.
283 4964 396 5032 Quis
420 4984 519 5022 non
539 4965 760 5036 refugiat
779 4964 929 5018 istm
950 4961 1169 5017 laborem
1183 4959 1212 5017 ἲ
1227 4961 1315 5015 sed
1334 4967 1481 5014 terret
1498 4956 1666 5012 Eran—

128 5053 277 5122 gelitlut
303 5053 486 5125 (Serm.
513 5055 642 5121 539,
671 5073 724 5110 tt.
756 5053 833 5127 ι).
855 5051 955 5110 Sic
981 5053 1103 5110 eum
1126 5051 1291 5107 cilicii
1324 5051 1406 5106 sui
1437 5049 1572 5105 ratio
1599 5049 1663 5104 ad

130 5142 304 5202 labores
334 5147 461 5202 alios
484 5188 500 5211 ,
539 5146 782 5217 aliasque
809 5143 1200 5200 sollicitudines
1225 5143 1514 5206 avocabat,
1547 5157 1665 5212 qua:

131 5233 368 5292 tutiorem
408 5238 480 5292 illi
529 5247 587 5293 et
632 5237 960 5305 asperiorem
1000 5233 1125 5292 ccli
1161 5234 1302 5288 viam
1343 5231 1662 5295 eﬂh-iebant,

131 5337 260 5394 qua
291 5329 333 5384 ί
372 5343 488 5386 sese
530 5329 714 5384 labore
747 5327 987 5396 corporis
1030 5327 1385 5388 exercuisset;
1429 5324 1667 5394 quamvis

133 5427 231 5468 eum
262 5433 371 5488 spes
411 5422 666 5477 continuo
708 5421 899 5488 gaudio
955 5416 1334 5488 perfunderet,
1377 5424 1431 5470 et
1474 5415 1667 5470 Christi

136 5500 309 5654 mi
330 5514 624 5583 exemplum
642 5512 827 5582 iugum
851 5511 926 5565 illi
956 5524 1112 5566 suum
1137 5523 1300 5565 suave
1318 5524 1382 5563 ac
1408 5507 1523 5562 leve
1551 5509 1666 5562 red-

192 5683 240 5746 ι.
267 5689 451 5750 ﬂatura
499 5695 666 5768 frigus
711 5692 854 5752 ferre
893 5708 998 5749 non
1044 5700 1252 5764 poterat
1298 5689 1502 5762 (Epist.
1546 5689 1668 5756 124,

143 5787 186 5829 I-
201 5777 277 5848 Ί),
297 5785 348 5838 et
371 5788 516 5842 tenui
547 5800 611 5841 ac
634 5786 842 5842 inﬁrma
865 5785 1168 5842 valetudine
1193 5783 1440 5840 utebatur
1467 5782 1488 5855 (
1507 5781 1668 5853 Epist.

3232 380 3338 440 sas
3360 438 3371 457 ,_

1764 494 1892 585 tea.
1920 511 1972 546 η.
2008 493 2063 564 ι)
2087 535 2112 585 ,ί
2144 498 2415 585 perspecta
2445 494 2691 556 omnibus
2724 494 2812 566 qni
2855 494 3164 552 familiarius
3209 513 3330 552 cui].
3368 481 3372 485 ’

1762 584 2016 641 neverant
2047 584 2232 654 (Epist.
2262 584 2384 651 151,
2409 602 2460 638 η.
2487 585 2597 664 13).
2630 587 2763 652 llinc
2790 601 2849 641 se
2875 589 3041 642 multo
3064 594 3188 643 ante
3212 603 3332 644 cor»
3368 656 3370 658 τ

1761 678 1905 748 poris
1929 677 2252 758 infirmitate,
2267 663 2595 748 qttam'a'tatc
2615 680 2853 735 senuisse
2872 665 3102 742 testatur
3129 683 3148 752 (
3164 681 3328 738 Serm.

1760 767 1885 828 255.
1916 786 1968 823 tt.
2000 757 2078 834 7).
2109 769 2398 825 Rarissime
2426 778 2599 826 tamen
2631 771 2697 826 de
2724 771 2920 828 morbis
2946 775 3053 828 suis
3085 776 3331 845 loquitur,
3367 757 3372 763 ”

1761 860 1847 929 qui
1875 871 1995 913 eum
2029 858 2096 915 ad
2131 859 2270 916 vires
2294 855 2610 936 recreandas
2639 859 2919 930 aliquando
2955 871 3047 918 rus
3071 865 3148 920 ire
3173 875 3334 936 Coge-

1763 950 1884 1004 bant
1909 948 2094 1023 (Epist.
2125 952 2146 1006 l
2163 947 2244 1015 l8,
2271 968 2321 1006 tt.
2347 951 2456 1022 54).
2486 947 2651 1024 Quam
2676 953 2934 1022 patienter
2953 965 3127 1011 autem
3153 958 3336 1012 solitas

1761 1042 2096 1118 aegritudines
2121 1044 2425 1108 sustineret,
2451 1059 2514 1100 ex
2543 1041 2786 1113 epistola,
2813 1061 2969 1116 quam
2994 1047 3046 1101 in
3075 1043 3334 1104 molestis-

1760 1133 1897 1189 simo
1921 1133 2162 1202 corporis
2203 1135 2388 1189 morbo
2418 1135 2664 1218 scripsit,
2696 1137 2823 1192 satis
2849 1136 3113 1208 eonjicere
3143 1140 3336 1212 pussu-

1760 1240 1879 1281 mus
1905 1225 2090 1296 (Epist.
2119 1224 2208 1293 58,
2240 1244 2290 1282 n.
2328 1226 2400 1294 l).
2428 1223 2812 1297 Occupationes
2839 1229 2952 1298 ejus
2977 1220 3203 1296 aesidute
3231 1239 3336 1287 tam

1762 1333 1944 1386 parum
1975 1321 2046 1374 illi
2073 1318 2444 1387 permittebant
2473 1321 2597 1386 otii,
2625 1329 2682 1376 ιιι
2711 1323 2779 1377 ab
2803 1323 3173 1377 ecclesiasticis
3197 1322 3340 1380 euris

1758 1412 1996 1480 paucula:
2026 1422 2319 1481 temporum
2348 1413 2499 1482 stillat
2522 1413 2622 1480 (sic
2642 1414 2785 1468 enim
2824 1413 3076 1484 loquitur)
3102 1402 3188 1471 vix
3214 1415 3336 1471 eum

1760 1514 2065 1560 recrearent
2084 1547 2097 1564 .
2130 1505 2210 1560 vel
2234 1507 2552 1576 Cogitautcm
2579 1493 2807 1578 aliquid,
2835 1507 2917 1561 vel
2943 1520 3004 1563 ea
3029 1520 3145 1578 qua!
3171 1511 3338 1580 magis

1759 1604 2026 1667 urgerent,
2054 1603 2108 1651 et
2133 1597 2372 1666 pluribus
2396 1610 2570 1652 essent
2604 1597 2894 1667 profutura,
2918 1589 3335 1662 dietante‘t‘n.'vel

1757 1686 2082 1741 reficientem
2121 1687 2359 1758 Corporis
2385 1689 2523 1744 vires
2560 1689 2723 1758 ipsius
2751 1691 3074 1747 noeeSsarias
3101 1691 3340 1748 servituti
3377 1695 3381 1700 ’

1760 1771 1952 1843 (Epist.
1980 1771 2078 1854 26l
2104 1817 2120 1842 ,
2151 1793 2203 1830 η.
2233 1773 2306 1848 1).
2343 1772 2448 1834 Sed
2479 1787 2529 1834 et
2558 1790 2738 1834 contra
2774 1777 3006 1836 ofﬁcium
3050 1795 3201 1836 suum
3236 1783 3339 1838 sibi

1759 1863 1993 1919 facturus
2013 1866 2320 1931 videbatur,
2362 1868 2407 1923 si
2448 1871 2527 1923 vel
2558 1871 2906 1939 paucissimas
2934 1869 3049 1926 illas
3080 1869 3334 1944 temporis

1757 1956 1988 2024 guttulas
2015 1957 2129 2012 aliis
2166 1959 2322 2013 rebus
2360 1958 2686 2027 impenderet
2714 1951 2927 2030 (Epist.
2981 1962 3113 2025 H0,
3159 1951 3268 2018 ius
3291 1959 3337 2034 ).

1758 2044 1952 2101 Scribit
1973 2047 2036 2101 ad
2056 2047 2428 2119 Hieronymum
2449 2063 2587 2102 anno
2610 2051 3129 2120 quadringentesimo
3148 2060 3339 2124 quarto

1758 2149 1818 2190 se
1836 2176 1848 2197 ,
1883 2135 1927 2189 si
1951 2136 2073 2204 quid
2093 2137 2142 2189 iu
2160 2138 2551 2205 Scriptumrum
2572 2140 2864 2194 divinarum
2889 2142 3105 2196 scientia
3122 2140 3339 2199 faculta-

1761 2229 1828 2284 tis
1861 2229 2112 2296 baberct,
2143 2229 2192 2284 id
2228 2230 2318 2284 ιιιιὶ
2355 2229 2550 2300 populo
2583 2231 2671 2286 Dei
2703 2232 2992 2289 erudiendo
3031 2242 3196 2288 totum
3234 2232 3337 2288 int-

1758 2320 1995 2388 pendere
2023 2339 2036 2376 :
2067 2335 2258 2377 vacare
2288 2332 2462 2377 autem
2491 2322 2681 2378 szulliis
2707 2337 2811 2378 non
2841 2337 3017 2393 posse,
3041 2324 3140 2380 nisi
3167 2338 3336 2395 quan-

1758 2418 1868 2465 tuut
1901 2412 2190 2467 necessitas
2219 2413 2392 2482 exigat
2422 2413 2487 2467 ad
2515 2419 2578 2468 ea
2606 2413 2854 2483 paranda,
2877 2427 2996 2483 qum
3019 2411 3334 2484 populorum

1757 2503 1928 2574 poscit
1959 2504 2214 2559 iustittttio
2246 2502 2435 2578 (Epist.
2467 2505 2534 2559 73
2554 2546 2569 2571 ,
2595 2521 2647 2560 tt.
2676 2505 2754 2576 5).
2787 2503 2901 2575 Ipse
2935 2493 3146 2576 quoque
3167 2518 3333 2578 pauca

1756 2593 1950 2664 legisse
1978 2608 2036 2648 se
2061 2595 2363 2648 conﬁtetur.
2393 2595 2726 2666 Quapropter
2755 2595 2910 2650 solito
2935 2595 3163 2664 majores
3182 2607 3337 2650 curas

1758 2692 1810 2739 et
1836 2685 2211 2753 occupationes
2243 2684 2469 2756 fugiebat
2500 2685 2701 2757 (Epist.
2726 2686 2823 2751 82,
2853 2702 2906 2739 tt.
2943 2684 3037 2755 23)
3067 2703 3081 2737 τ
3112 2699 3341 2754 cumque

1757 2773 1982 2830 Severus
2010 2776 2262 2842 prolixatn
2289 2776 2356 2828 ab
2381 2790 2445 2829 eo
2472 2777 2749 2843 epismlam
2785 2775 3068 2844 ﬂagitaret,
3102 2783 3251 2846 rogat
3278 2784 3334 2829 ut

1757 2883 1816 2922 se
1856 2867 2045 2921 habeat
2069 2878 2406 2928 excusatum;
2434 2866 2718 2932 subditque
2738 2881 2859 2921 eum
2897 2873 3226 2934 camirosque
3254 2865 3330 2918 [εις

1756 2956 2141 3010 tniliarissimos
2167 2973 2290 3011 suos
2334 2972 2444 3012 rem
2481 2955 2581 3011 sibi
2628 2967 2927 3027 pergratam
2969 2957 3233 3023 facturos,
3287 2955 3332 3011 si

1758 3049 1953 3102 nullam
1977 3065 2005 3102 a
2030 3064 2089 3104 se
2115 3049 2534 3103 lucubratioueut
2561 3057 2883 3117 exposcunt,
2914 3057 2966 3102 et
2999 3049 3132 3104 alios
3150 3049 3218 3102 ab
3245 3048 3335 3102 iis—

1756 3139 1880 3194 dem
1909 3139 2204 3209 "agitandis
2224 3146 2484 3205 avertant,
2510 3154 2596 3205 ne,
2619 3138 2663 3192 si
2679 3139 2815 3193 votis
2835 3153 3020 3194 eorum
3037 3135 3338 3192 satisfacere

1755 3241 1860 3282 non
1891 3229 2073 3298 possit,
2103 3227 2446 3284 oll'ensionem
2474 3227 2731 3298 accipiant
2758 3228 2956 3298 (Epist.
2992 3229 3118 3295 ΗΟ,
3152 3239 3203 3283 tt.
3230 3229 3262 3283 6
3291 3227 3332 3302 ).

1755 3322 1939 3392 Neque
1987 3322 2195 3377 silentio
2241 3321 2705 3392 prtctel'eundttm,
2750 3319 2891 3391 quod
2933 3321 3246 3392 prolixiores
3271 3317 3338 3374 ad

1727 3413 2197 3476 ,l’aniiliarissimos
2222 3429 2368 3478 Suos,
2401 3423 2492 3468 seu
2522 3413 2685 3467 laieos
2707 3454 2721 3476 ,
2753 3426 2844 3468 seu
2875 3413 3034 3468 etiam
3060 3411 3338 3482 episcopos

1755 3506 1908 3562 datas
1945 3505 2195 3576 epistolas
2223 3507 2421 3561 charta:
2448 3504 2730 3559 mandabat
2752 3506 2960 3574 propria
2992 3503 3216 3574 quadam
3247 3515 3336 3558 ra-

1759 3598 1900 3652 tione
1921 3611 1984 3650 ac
2014 3577 2216 3662 forma:
2233 3595 2366 3650 forte
2394 3596 2570 3649 minus
2597 3594 2858 3666 eleganti,
2890 3593 2982 3649 sed
3012 3592 3076 3647 ad
3105 3593 3206 3647 hoc
3225 3591 3339 3648 ido-

1757 3704 1855 3746 nea
1878 3730 1895 3756 ,
1925 3695 1980 3744 ut
2006 3698 2060 3744 et
2087 3688 2193 3743 cito
2215 3687 2597 3754 scriberentur,
2627 3698 2678 3744 et
2713 3687 2891 3742 charta
2919 3686 3031 3758 ipsa
3071 3693 3340 3741 teneretur

1757 3781 2088 3838 commodius
2112 3797 2231 3835 cum
2259 3781 2577 3852 legerentur.
2600 3779 2653 3834 ld
2682 3779 2908 3834 Maximo
2930 3776 3136 3832 medico
3157 3785 3338 3830 notum

1759 3872 1871 3928 ﬁeri
1898 3873 2058 3942 cupit,
2096 3887 2162 3928 ne
2189 3872 2321 3927 forte
2352 3873 2438 3928 ille
2461 3913 2474 3935 ,
2507 3871 2661 3925 inlllm
2691 3870 2804 3936 ejus
2844 3883 3044 3923 rnorem
3075 3867 3335 3934 nesciens,
3382 3879 3384 3882 '

1758 3963 1947 4018 factam
1975 3965 2074 4018 sibi
2116 3963 2361 4031 injuriam
2407 3963 2756 4016 arbitraretur
2783 3960 2803 4029 (
2828 3955 2986 4026 Epist.
3020 3957 3116 4013 ΠΙ
3145 3958 3181 4020 ).
3206 3955 3338 4025 Epi-
3381 3962 3384 3964 ’

1760 4054 1950 4109 Stolam
1975 4054 2193 4108 mittens
2221 4053 2286 4106 ad
2315 4051 2641 4105 Victorinum
2662 4090 2678 4115 ,
2711 4058 2893 4103 monet
2912 4048 3169 4116 signatam
3196 4044 3336 4100 illum

1761 4161 1882 4203 esse
1909 4146 2104 4201 annulo
2123 4187 2136 4206 ,
2161 4144 2250 4214 qui
2277 4143 2523 4213 exprimit
2551 4139 2736 4195 faciem
2764 4137 2992 4192 hominis
3020 4134 3340 4190 attendentis

1763 4239 1816 4295 itt
1847 4240 1986 4294 latus
2011 4238 2200 4310 (Epist.
2229 4234 2296 4291 59
2316 4277 2330 4299 ,
2355 4251 2406 4287 η.
2432 4233 2511 4302 2).
2551 4232 2679 4287 Cum
2711 4243 2975 4300 nunquam
3003 4227 3254 4283 annulum
3283 4225 3336 4281 in

1764 4345 1924 4385 manu
1954 4329 2192 4392 haberet,
2228 4334 2359 4381 teste
2394 4319 2630 4377 Possidio
2658 4317 2968 4394 (Possidius,
2995 4319 3052 4372 in
3091 4316 3204 4370 Vita
3233 4318 3337 4369 Ast-

1764 4429 1919 4493 gttst.,
1947 4435 1991 4472 c.
2020 4417 2152 4488 24),
2188 4415 2255 4470 ab
2283 4416 2456 4486 aliquo
2479 4412 2612 4468 forte
2647 4413 2804 4466 istum
2829 4452 2842 4474 ,
2867 4425 2970 4479 quo
2995 4414 3340 4464 memoratam

1764 4512 2040 4581 epistolam
2071 4508 2316 4577 signavit,
2349 4506 2599 4559 utendum
2628 4508 2921 4570 acceperat.

1836 4599 1887 4654 7.
1921 4598 2157 4652 Vidimus
2199 4596 2440 4666 superius
2481 4591 2863 4663 Augustinum,
2907 4587 3069 4644 simul
3109 4601 3170 4642 ac
3218 4599 3341 4656 pro-

1771 4692 1955 4764 sbyter
1981 4688 2262 4744 ordinatus
2288 4696 2408 4750 est,
2439 4686 2493 4738 in
2521 4681 2842 4753 Hipponensi
2868 4681 3080 4735 civitate
3111 4681 3343 4735 virorum

1770 4785 2060 4841 instituisse
2089 4777 2468 4836 monasterium
2493 4819 2509 4844 ,
2541 4792 2604 4832 ex
2635 4789 2740 4845 quo
2780 4773 2927 4830 velut
2970 4789 3034 4828 ex
3074 4772 3345 4828 uberrimo

1770 4877 1937 4934 fonte.
1969 4872 2259 4928 monastlca
2285 4871 2391 4924 vita
2418 4881 2536 4923 sese
2557 4883 2655 4938 per
2669 4867 2966 4921 universam
2990 4864 3218 4920 Africam
3239 4862 3347 4918 dit-

1770 4967 2044 5022 fundebat.
2081 4961 2192 5018 Illic
2220 4969 2330 5017 toto
2377 4959 2770 5031 presbyteratus
2797 4957 2879 5012 sui
2920 4967 3159 5026 tempore
3183 4956 3343 5009 vitam

1772 5057 1914 5128 degit
1942 5051 2126 5125 (lbid.,
2159 5066 2204 5106 ε.
2237 5050 2318 5117 5).
2353 5053 2419 5107 At
2441 5051 2528 5106 ubi
2555 5057 2767 5105 Crestus
2795 5055 2878 5102 est
2892 5049 3189 5118 episcopus,
3221 5059 3342 5102 cum

1772 5149 1838 5204 ad
1872 5147 2251 5202 humanitatem
2281 5143 2549 5198 assiduam
2579 5139 2875 5210 hospitibus
2903 5137 3256 5194 exhibendam
3282 5150 3345 5191 es

1773 5237 1948 5295 cilicio
1975 5238 2142 5293 teneri
2186 5251 2244 5291 se
2289 5234 2644 5304 intelligeret,
2689 5247 2751 5285 ac
2790 5230 2846 5285 id
2885 5231 3191 5284 monasticae
3227 5229 3352 5282 vita:

1775 5329 2136 5400 tranquillitati
2179 5327 2392 5382 oilicere
2438 5324 2816 5388 arbitraretur,
2866 5322 3030 5375 voluit
3072 5335 3248 5376 secum
3295 5317 3348 5372 in

1777 5423 1936 5478 domo
1960 5420 2209 5491 episcopti
2241 5419 2553 5472 clericorum
2581 5457 2594 5478 ,
2627 5415 2730 5471 hoc
2760 5418 2860 5477 cat,
2883 5414 3312 5484 presbyterorum
3336 5448 3348 5471 ,

1777 5515 2124 5570 diaconorutn
2148 5553 2163 5577 ,
2193 5510 2635 5565 subdiaconornm
2685 5505 2932 5560 Ecclesia:
2973 5517 3083 5557 sure
3115 5501 3349 5554 servien-

1779 5599 1910 5654 tium
1934 5637 1951 5662 ,
1981 5596 2174 5652 habere
2204 5594 2578 5648 monasterium
2611 5590 2801 5660 (Serm.
2833 5588 2957 5648 235,
2988 5602 3038 5637 tt.
3065 5583 3144 5655 2).
3194 5580 3352 5636 Vide-

1780 5699 1868 5746 tur
1892 5690 1937 5745 is
1960 5690 2090 5759 Spes
2109 5729 2125 5752 ,
2151 5688 2238 5758 qui
2266 5685 2402 5756 apud
2433 5684 2782 5754 Augustinum
2811 5678 3032 5746 degebat
3056 5715 3071 5739 ,
3110 5671 3270 5726 fuisse
3299 5674 3352 5728 in

1783 5793 1850 5837 eo
1873 5779 2204 5835 tumstorlo-
2218 5778 2390 5832 solum
2420 5775 2586 5831 laicus
2607 5812 2622 5838 ,
2665 5771 2795 5825 licet
2817 5764 3090 5822 clericatui
3117 5762 3348 5834 quodam
