3868 6382
465 498 628 558 modo
649 495 942 555 destinatus
967 491 1162 568 (Epist.
1193 491 1281 557 77,
1319 489 1454 558 n.2,
1486 496 1532 544 et
1569 486 1736 558 Epist.
1761 485 1850 550 78,
1885 500 1940 538 η.
1965 479 2046 555 2).

466 596 544 653 De
568 594 714 650 Laeto
764 603 977 664 quoque
1014 586 1373 649 adolescente,
1404 583 1494 656 qui
1523 582 1768 654 perfectas
1814 579 1938 634 vita:
1978 577 2047 632 ti-

465 685 732 744 rocinium
769 680 906 753 apud
951 680 1302 752 Augustinum
1334 684 1622 749 posuerat,
1666 683 1719 731 et
1746 669 2049 744 aliquandiu

463 795 587 836 cum
613 793 680 835 eo
716 781 1009 838 manserat,
1046 782 1139 829 aut
1163 772 1220 828 in
1266 771 1384 842 ejus
1410 769 1599 834 domo,
1631 769 1675 824 si
1702 767 1887 831 laicos,
1913 778 2049 836 quos

466 867 740 928 clericatui
783 864 1110 929 destinabat,
1157 863 1211 918 in
1238 877 1356 919 eam
1385 860 1708 923 admitteret,
1736 857 1875 914 idem
1904 854 2048 927 quod

467 967 535 1022 de
564 968 670 1038 Spe
692 963 1001 1020 existimare
1030 955 1174 1011 licet.
1211 953 1385 1010 Lzetus
1430 951 1519 1008 ille
1545 949 1708 1006 animi
1730 948 1810 1004 sui
1839 947 2048 1003 fervore

464 1037 750 1115 maximam
790 1052 1040 1110 fratribus
1066 1047 1303 1106 laetitiam
1350 1044 1618 1100 attulerat.
1663 1037 2050 1097 Animadvertit

465 1159 640 1206 tamen
683 1145 1042 1217 Augustinus,
1089 1155 1211 1196 eum
1256 1136 1567 1194 domesticis
1616 1134 1758 1190 curis
1795 1147 1825 1186 a
1866 1131 2048 1187 divino

464 1240 644 1299 studio
664 1237 989 1295 retardatum
1010 1276 1024 1297 ,
1052 1232 1176 1289 ferri
1211 1230 1387 1301 potius
1406 1237 1460 1284 et
1484 1225 1605 1283 duci
1631 1240 1662 1280 a
1690 1239 1848 1280 cruce
1873 1236 1969 1276 sua
1994 1228 2050 1276 et

465 1333 644 1391 carnis
672 1346 783 1388 sua:
810 1329 1116 1385 infirmitate
1137 1367 1152 1392 ,
1189 1339 1348 1395 quam
1383 1321 1527 1376 illam
1572 1319 1711 1374 ferre
1735 1331 1798 1372 ac
1826 1315 2042 1371 ducere.

467 1426 535 1482 Et
559 1423 732 1494 reipsa
773 1429 990 1478 coactus
1017 1425 1102 1474 est
1127 1415 1195 1471 ab
1222 1415 1514 1484 Augustino
1541 1408 1836 1472 discedere,
1868 1414 1923 1461 et
1946 1404 2047 1460 do-

464 1532 612 1574 mum
639 1530 788 1572 suam
813 1521 1079 1585 repetere,
1101 1517 1166 1565 ut
1192 1523 1284 1564 res
1309 1504 1629 1562 domesticas
1680 1507 2044 1571 componeret,

462 1623 529 1666 ea
553 1617 731 1664 mente
775 1614 835 1660 ut
879 1605 1008 1676 jngo
1047 1599 1333 1658 mundanae
1389 1595 1659 1653 servitutis
1697 1606 1952 1656 excusso,
1990 1604 2050 1645 se

464 1697 690 1755 vinculis
715 1695 990 1768 sapientiai
1016 1693 1172 1750 daret
1203 1692 1344 1747 ultro
1374 1683 1863 1758 constringendam.
1894 1683 2048 1737 Atta-

463 1809 588 1850 men
608 1791 751 1848 domi
779 1805 893 1846 sua:
913 1787 1156 1861 plurimis
1181 1782 1560 1841 tentationibus
1585 1776 1917 1834 conﬂictatus
1944 1781 2046 1830 est.

461 1884 686 1956 Reperit
711 1883 819 1939 illic
841 1881 980 1938 servi
1006 1879 1184 1951 fugam
1203 1919 1219 1942 ,
1242 1884 1468 1932 mortem
1489 1871 1820 1935 ancillarum,
1854 1881 2049 1938 aegram

462 1975 684 2033 ﬂatrum
704 1973 1090 2037 valetudinem,
1121 1978 1175 2025 et
1209 1967 1475 2040 prmeipue
1522 1964 1787 2035 lacrymas
1823 1959 2008 2016 matris
2031 2001 2046 2026 ,

463 2084 586 2140 qua:
611 2083 734 2124 eum
761 2066 1024 2122 irretitum
1052 2063 1120 2119 ab
1135 2063 1378 2118 instituto
1397 2073 1554 2114 cursu
1580 2055 1880 2112 revocabat.
1910 2053 2052 2120 Qua-

465 2165 686 2230 propter
723 2155 792 2212 ad
843 2154 1032 2211 fratres
1073 2168 1200 2210 suos
1247 2147 1652 2222 (Hipponensis
1702 2142 2046 2206 monasterii,

463 2263 559 2304 seu
582 2249 833 2304 laicorum
877 2261 970 2302 seu
1009 2238 1382 2313 clericorum),
1429 2237 1627 2309 aliquid
1652 2235 1824 2291 solatii
1854 2232 2054 2288 sollici-

461 2339 738 2395 tudinibus
781 2337 895 2393 suis
940 2335 1264 2408 quaesiturus
1304 2332 1585 2402 epistolam
1631 2327 1812 2393 misit,
1850 2326 1902 2380 in
1948 2338 2050 2394 qua

462 2432 768 2487 insinuabat
790 2427 1101 2483 desiderare
1130 2440 1189 2480 se
1215 2425 1422 2479 litteras
1466 2417 1762 2490 Augustini.
1793 2417 1946 2471 Hunc
1965 2415 2053 2470 do-

464 2523 548 2578 lor
571 2522 640 2578 de
665 2519 862 2576 infelici
887 2527 1025 2573 statu
1052 2515 1185 2571 Laati
1221 2521 1512 2582 conceptus
1554 2510 1684 2565 satis
1713 2507 1961 2578 urgebat,
1994 2513 2053 2559 ut

466 2613 636 2684 ipsius
662 2609 929 2666 desiderio
950 2623 1056 2664 non
1088 2613 1340 2677 negaret,
1367 2601 1508 2674 quod
1535 2616 1594 2656 se
1616 2599 1830 2654 videbat
1871 2595 2052 2652 officio

453 2704 658 2776 _debere
681 2701 974 2758 charitatis.
1003 2697 1446 2754 Ardentissimam
1486 2694 1646 2764 igitttr
1671 2691 1737 2746 ad
1771 2705 1894 2746 eum
1919 2687 2053 2743 scri-

460 2797 566 2868 psit
585 2781 864 2866 epistolam
891 2788 1096 2864 (Epist.
1125 2788 1288 2862 245),
1329 2802 1430 2858 qua
1461 2785 1607 2841 illum
1652 2781 1962 2838 hortabatur
1982 2777 2050 2834 ad

460 2894 794 2944 terrenarum
826 2900 1004 2940 rerum
1044 2889 1410 2951 contemptum
1433 2919 1450 2943 ,
1501 2885 1556 2932 et
1599 2875 1666 2931 ad
1695 2874 1880 2929 matris
1903 2886 2051 2926 amo-

458 2987 606 3040 rem,
654 2969 901 3027 charitati
948 2967 1149 3024 Christi
1189 2974 1244 3022 et
1289 2963 1586 3026 Ecclesiae,
1629 2973 1844 3028 sumque
1893 2953 2050 3010 saluti

460 3059 912 3134 postponendum.
940 3057 1142 3114 Suadet
1162 3057 1342 3126 itaque
1365 3061 1424 3108 ut
1450 3051 1725 3106 facultates
1746 3063 1872 3102 suas
1893 3045 2050 3100 matri

463 3160 519 3209 et
543 3151 854 3208 domesticis
878 3150 1012 3215 suis,
1041 3149 1086 3204 si
1118 3146 1296 3201 forsan
1319 3144 1402 3198 bis
1423 3141 1696 3211 indigeant
1715 3179 1728 3203 ,
1752 3139 2047 3207 relinquat;

460 3252 575 3299 tum
618 3242 724 3298 illis
773 3241 1018 3296 nuntium
1057 3238 1298 3293 remittat
1335 3249 1442 3288 :ne
1483 3231 1739 3300 majorem
1785 3229 2051 3285 tristitiam

461 3341 678 3404 torpore
706 3345 806 3387 suo
827 3329 1078 3385 fratribus
1104 3328 1304 3398 pariat,
1336 3339 1494 3396 quam
1522 3323 1756 3377 laetitiam
1777 3319 2052 3375 alacritate

466 3423 691 3496 pristina
715 3421 952 3478 dederat.
1000 3419 1180 3474 Monet
1208 3425 1265 3472 ut
1289 3415 1466 3470 studio
1495 3412 1878 3485 cognoscendae
1903 3411 2050 3467 veri-

465 3513 595 3571 tatis
640 3521 812 3577 vacet,
848 3525 1073 3582 seseque
1117 3508 1184 3563 ad
1213 3506 1532 3576 evangelica:
1558 3503 1948 3576 praedicationis
1973 3502 2052 3556 of-

463 3604 645 3661 ﬁcium
665 3610 976 3674 comparet:
1000 3601 1297 3657 Ecclesiam
1326 3598 1566 3669 indigere
1589 3596 1786 3652 auxilio
1813 3637 1828 3662 ,
1859 3603 1916 3650 ut
1951 3594 2049 3650 ad-

467 3711 657 3754 versus
692 3695 926 3751 hostium
953 3708 1172 3750 suorum
1200 3692 1443 3746 incursus
1476 3696 1859 3760 prepugnetur,
1891 3696 2051 3757 atque

463 3797 524 3846 ut
581 3787 784 3860 parvuli
841 3785 957 3856 ejus
1023 3784 1154 3852 ﬁlii,
1197 3791 1380 3840 contra
1425 3779 1779 3852 quorumdam
1821 3778 2050 3832 filiorum

465 3897 685 3940 suorum
717 3880 979 3952 ignaviam
1004 3886 1164 3949 atque
1203 3883 1477 3945 torporem
1496 3914 1510 3940 ,
1540 3872 1773 3927 aliorum
1800 3870 2047 3934 filiorum,

463 3989 691 4046 quorum
717 3988 749 4030 e
789 3985 1013 4028 numero
1037 3977 1185 4034 erat,
1219 3967 1399 4023 calore
1423 3963 1720 4020 foveantur.
1753 3961 1832 4018 Ex
1858 3961 2050 4034 quibus

466 4064 722 4136 colligere
755 4063 914 4129 licet,
965 4076 1088 4118 eum
1127 4056 1382 4116 Ecclesiae
1422 4054 1723 4112 ministerio
1772 4053 1936 4110 fuisse
1982 4052 2051 4109 ab

467 4155 766 4228 Augustino
789 4155 1133 4212 destinatum.

533 4249 588 4304 8.
614 4247 750 4303 Cum
777 4245 934 4318 igitur
968 4244 1298 4316 Augustinus
1326 4243 1379 4298 in
1406 4241 1660 4313 cpiscopii
1688 4241 1849 4295 domo
1869 4253 2049 4294 secum

462 4341 690 4398 clericos
716 4354 845 4396 suos
882 4337 1136 4404 haberet,
1168 4352 1290 4392 cum
1329 4335 1522 4391 iisdem
1552 4333 1776 4389 formam
1802 4331 1924 4386 vitae
1945 4331 2050 4401 pri-

467 4447 677 4489 morum
701 4429 1133 4486 Christianorum
1172 4425 1522 4497 Jerosolymis
1572 4422 1909 4494 degentium,
1935 4421 2052 4492 qui-

461 4524 564 4582 bus
582 4532 738 4580 erant
761 4523 937 4579 omnia
958 4519 1282 4586 communia,
1310 4517 1443 4574 nihil
1472 4515 1766 4588 pr0prium,
1795 4521 2050 4585 quantum

465 4622 701 4686 poterat,
727 4613 1029 4670 sectabatur
1050 4612 1242 4688 (Serm.
1262 4611 1389 4679 555,
1418 4626 1464 4664 c.
1485 4611 1538 4678 l,
1556 4626 1609 4664 n.
1631 4607 1704 4675 2;
1738 4607 1906 4663 Serm.
1923 4605 2050 4670 556,

465 4724 520 4762 n.
544 4707 622 4776 1).
647 4704 703 4760 ln
729 4705 868 4760 illius
888 4705 1145 4762 societate
1177 4704 1306 4760 nulli
1337 4703 1529 4760 licebat
1556 4715 1712 4757 suum
1739 4697 1942 4770 aliquid
1965 4697 2050 4753 di-

465 4813 621 4866 cere,
649 4795 744 4853 sed
772 4797 949 4852 omnia
983 4797 1232 4852 omnibus
1259 4804 1411 4852 erant
1453 4793 1758 4851 communia
1783 4809 1797 4845 :
1825 4800 1879 4847 et
1897 4800 2052 4861 quot-

465 4899 600 4963 quot
625 4889 678 4943 in
705 4903 824 4944 eam
849 4888 1288 4952 admittebantur,
1318 4887 1457 4941 hanc
1485 4887 1585 4941 sibi
1612 4887 1783 4957 legem
1813 4884 2055 4940 sciebant

468 4979 772 5051 impositam
793 4979 987 5050 (Serm.
1007 4978 1131 5040 555,
1153 4977 1255 5041 c.2,
1277 4994 1330 5031 η.
1346 4976 1411 5040 2;
1432 4976 1598 5030 Serm.
1622 4975 1746 5040 556,
1770 4992 1824 5029 n.
1845 4973 1923 5045 2).
1948 4972 2054 5029 Ne-

466 5085 574 5142 que
590 5084 716 5124 vero
735 5069 900 5124 ullum
919 5067 1198 5122 ordinabat
1213 5067 1486 5127 clericum,
1509 5066 1610 5120 nisi
1633 5066 1720 5135 qui
1748 5080 1929 5120 secum
1951 5064 2052 5120 sub

472 5176 536 5217 ea
563 5158 868 5215 conditione
893 5173 1110 5214 manere
1139 5158 1337 5214 vellet:
1371 5165 1434 5211 ut
1455 5157 1502 5212 si
1527 5157 1647 5228 quis
1671 5155 1995 5211 descisceret
2020 5171 2052 5210 a

465 5250 772 5324 proposito,
805 5251 883 5306 illi
909 5250 1218 5307 clericatum
1245 5247 1499 5315 auferret,
1530 5262 1760 5316 eumque
1799 5247 1944 5302 velut
1965 5262 2052 5302 sa-

466 5359 575 5400 crae
617 5342 889 5398 societatis
935 5349 1223 5412 susceptae,
1253 5347 1309 5397 et
1344 5348 1542 5395 sancta:
1578 5337 1927 5410 professionis
1953 5337 2050 5396 de-

467 5443 729 5492 sertorem
761 5433 828 5490 de
855 5432 1021 5505 gradu
1047 5432 1301 5504 dejiceret
1321 5431 1512 5503 (Serm.
1540 5431 1663 5498 556,
1697 5447 1787 5486 nn.
1827 5430 1890 5498 6,
1922 5431 1988 5488 14
2007 5429 2049 5504 ).

467 5527 558 5584 Sic
605 5542 794 5582 omnes
846 5525 1030 5582 clerici
1081 5541 1203 5582 cum
1246 5514 1313 5582 eo
1350 5541 1611 5597 pauperes
1660 5533 1847 5591 erant,
1894 5525 2052 5582 simul

468 5620 837 5691 praestolantes
868 5619 1288 5676 misericordiam
1318 5618 1410 5674 Dei
1441 5634 1505 5672 ex
1548 5617 1805 5674 reditibus
1840 5633 2052 5689 posses-

470 5711 677 5764 sionum
719 5711 1005 5779 Ecclesiae,
1037 5710 1121 5766 vel
1161 5726 1225 5766 ex
1255 5709 1610 5766 oblationibus
1641 5709 1896 5780 fidelium,
1931 5726 2053 5781 quas

470 5799 691 5871 singulis
717 5819 812 5874 pro
831 5803 1088 5876 cujusque
1109 5802 1396 5877 indigentia
1421 5802 1874 5863 distribuebantur
1893 5799 2054 5875 (Pos-

1562 372 1723 429 VITA
1761 369 1819 426 s.
1851 363 2216 425 AUGUSTlNl
2253 362 2574 422 EPISCOPl.
3620 365 3719 429 εει

2155 479 2348 548 sidius,
2381 479 2435 533 in
2471 476 2589 534 Vita
2615 476 2912 550 Augustini,
2956 494 3007 532 c.
3034 477 3149 550 25).
3194 478 3396 549 Quibus
3439 480 3613 553 aliqua
3640 499 3719 540 res

2155 567 2434 626 familiaris
2474 578 2621 636 erat,
2653 585 2770 626 eam
2805 579 2899 626 aut
2921 585 3142 642 erogare
3171 571 3485 642 pauperibus
3505 613 3522 640 ,
3553 574 3714 631 autin

2155 675 2440 716 commune
2463 659 2709 718 conferre
2729 703 2745 730 ,
2775 670 2868 717 aut
2894 663 3081 734 quovis
3109 661 3266 717 modo
3284 663 3557 719 remittere
3581 673 3720 721 tene-

2153 751 2350 807 bantur
2373 751 2564 824 (Serm.
2595 753 2723 820 555,
2748 769 2804 807 n.
2831 751 2913 825 2).
2944 752 3044 820 Qui
3093 753 3226 808 nihil
3247 753 3599 822 contulerant,
3625 769 3720 812 non

2154 840 2595 899 discernebantur
2632 841 2702 898 ab
2739 843 2818 898 eis
2865 843 2956 914 qui
2982 841 3184 915 aliquid
3211 843 3513 900 attulissent
3541 843 3718 914 (Serm.

2155 933 2260 989 556
2283 975 2297 999 ,
2348 951 2402 989 n.
2450 934 2533 1006 8).
2559 934 2616 991 Si
2667 949 2802 1006 quos
2830 950 3005 1006 aegros
3033 947 3125 991 aut
3167 951 3232 992 ex
3273 936 3461 991 morbo
3485 939 3721 996 convale-

2152 1036 2366 1083 scentes
2388 1028 2678 1084 necessitas
2693 1036 2906 1099 cogeret
2921 1036 3042 1083 ante
3064 1027 3249 1083 horam
3265 1028 3470 1100 prandii
3496 1030 3720 1101 reﬁcere,

2153 1132 2263 1172 non
2307 1118 2628 1188 prohibebat
2683 1120 2898 1190 quidem
2948 1120 3273 1190 Augustinus
3314 1119 3380 1175 iis
3416 1120 3553 1176 mitti
3596 1123 3722 1193 quod

2153 1208 2379 1262 aliorum
2403 1209 2572 1278 pietas
2600 1209 2893 1276 offerebat;
2920 1208 3016 1265 sed
3063 1225 3158 1265 eos
3187 1209 3466 1280 prandium
3497 1221 3588 1266 aut
3629 1227 3722 1268 cte-

2152 1315 2276 1355 nam
2325 1311 2483 1358 extra
2535 1316 2747 1358 sumere
2773 1317 2880 1358 non
2925 1303 3271 1374 permittebat
3300 1303 3486 1376 (Ibid.,
3527 1322 3581 1360 n.
3619 1305 3716 1376 15).

2152 1389 2286 1446 Cum
2318 1392 2381 1447 iis
2407 1407 2620 1462 semper
2647 1394 2972 1464 Augustinus
3000 1409 3104 1449 una
3154 1393 3337 1462 domo,
3372 1411 3476 1451 una
3516 1411 3719 1463 mensa,

2153 1482 2562 1554 sumptibusque
2604 1484 2980 1540 communibus
3020 1485 3259 1541 alebatur
3301 1496 3358 1543 et
3398 1487 3720 1544 vestiebatur.

2153 1572 2378 1630 Nolebat
2406 1575 2607 1631 habere
2631 1575 2904 1648 quidpiam
2931 1577 3035 1632 nisi
3051 1593 3368 1646 commune,
3394 1579 3478 1636 vel
3503 1581 3722 1651 accipere

2154 1665 2256 1720 nisi
2288 1666 2340 1720 in
2371 1680 2654 1722 commune
2687 1684 2700 1722 :
2729 1675 2783 1723 et
2806 1668 2850 1722 si
2879 1667 3000 1738 quis
3023 1667 3221 1739 aliquid
3251 1669 3381 1739 ipsi,
3407 1670 3554 1740 quod
3588 1685 3719 1726 com-

2156 1769 2315 1810 mune
2342 1770 2462 1812 esse
2507 1772 2615 1812 non
2644 1765 2859 1828 posset,
2901 1757 3154 1824 offerret;
3204 1759 3368 1824 illud,
3418 1769 3476 1816 ut
3515 1761 3720 1832 pretium

2155 1857 2299 1904 esset
2323 1864 2606 1906 commune
2625 1891 2640 1916 ,
2670 1850 2948 1906 vendebat.
2979 1850 3476 1923 Indisciplinutiones
3503 1870 3686 1926 quoque
3707 1894 3720 1919 ,

2155 1941 2230 1996 ait
2262 1941 2559 2009 Possidius,
2587 1953 2634 1998 ct
2674 1946 3094 2016 transgressiones
3123 1961 3331 2000 suorum
3349 1963 3383 2000 a
3408 1947 3587 2018 regula
3610 1957 3722 2002 recta

2153 2041 2204 2086 et
2250 2033 2507 2088 honestate
2528 2073 2546 2100 ,
2575 2035 2816 2106 arguebat
2841 2045 2888 2090 et
2931 2035 3213 2102 tolerabat,
3255 2046 3504 2106 quantum
3548 2038 3723 2092 decebat

2156 2132 2203 2177 et
2227 2124 2484 2194 oportebat
2511 2141 2530 2179 :
2556 2126 2610 2179 in
2629 2127 2814 2181 talibus
2859 2127 3111 2198 praecipue
3134 2127 3339 2191 docens,
3365 2144 3428 2182 ne
3449 2129 3723 2199 cujusquam

2155 2231 2243 2270 cor
2269 2217 2603 2272 declinaretur
2627 2218 2682 2272 in
2715 2219 2861 2273 uerba
2889 2220 3114 2291 maligna
3141 2219 3209 2273 ad
3235 2220 3556 2276 excusandas
3595 2237 3724 2276 excu-

2156 2309 2373 2362 sationes
2419 2310 2473 2364 in
2521 2311 2753 2380 peccatis.
2797 2310 2864 2364 Et
2905 2313 3025 2366 dum
3052 2313 3260 2384 quisque
3287 2312 3492 2380 offerret
3567 2331 3723 2370 manus

2156 2413 2304 2451 suum
2343 2399 2412 2452 ad
2456 2401 2636 2466 altare,
2691 2410 2738 2456 et
2763 2403 2869 2456 illic
2906 2403 3196 2460 recordatus
3226 2403 3402 2475 fuisset
3422 2405 3562 2474 quod
3592 2408 3724 2477 frater

2155 2504 2276 2544 suus
2295 2489 2496 2545 haberet
2517 2492 2710 2563 aliquid
2737 2493 2974 2549 adversus
2990 2495 3169 2562 illum,
3213 2495 3602 2567 relinquendum
3639 2514 3726 2554 esse

2165 2595 2351 2635 munus
2389 2591 2508 2636 ante
2530 2583 2710 2650 altare,
2742 2596 2891 2656 atque
2915 2587 3134 2640 eundum
3158 2603 3256 2658 quo
3285 2587 3435 2657 fratri
3459 2589 3726 2643 reconcilie-

2157 2680 2285 2738 tur;
2324 2683 2373 2729 et
2423 2683 2542 2729 tunc
2591 2677 2914 2743 ueniendum,
2949 2687 2995 2733 et
3029 2696 3212 2734 munus
3243 2679 3312 2733 ad
3338 2681 3501 2735 altare
3535 2681 3726 2749 offeren-

2156 2767 2298 2822 dum.
2355 2769 2418 2824 Si
2467 2786 2583 2826 uero
2639 2773 2748 2842 ipse
2805 2772 3046 2829 adversus
3101 2777 3311 2846 fratrem
3354 2791 3505 2829 suum
3562 2775 3726 2846 aliquid

2157 2859 2376 2927 haberet,
2402 2863 2656 2932 corripere
2682 2881 2793 2918 eum
2812 2864 2990 2920 debere
3008 2866 3061 2919 in
3089 2876 3230 2935 parte
3251 2881 3272 2930 ,'
3295 2875 3344 2920 et
3367 2867 3410 2920 si
3438 2883 3557 2921 eum
3581 2866 3727 2920 audis-

2156 2961 2253 3019 set,
2278 2953 2505 3008 lucratus
2531 2965 2656 3010 esset
2696 2972 2843 3010 suum
2869 2956 3076 3025 fratrem
3098 2972 3118 3010 :
3147 2957 3226 3011 sin
3267 2957 3436 3011 minus
3455 2998 3471 3023 ,
3503 2957 3724 3011 adhiben-

2157 3043 2278 3096 dum
2297 3059 2403 3099 esse
2431 3061 2583 3099 unum
2623 3055 2712 3100 aut
2737 3046 2863 3100 duos
2893 3062 2912 3101 .°
2938 3047 3073 3118 quod
3101 3048 3146 3102 si
3184 3056 3230 3101 et
3271 3048 3411 3117 ipsos
3455 3058 3721 3103 contemno

2155 3142 2263 3197 ret,
2291 3133 2573 3190 Ecclesium
2598 3136 2933 3198 adhibendam
2957 3153 2976 3192 :
3001 3139 3081 3192 sin
3120 3153 3234 3192 uero
3259 3147 3303 3193 et
3340 3139 3459 3193 huic
3485 3157 3590 3195 non
3614 3139 3715 3194 obe-

2157 3224 2304 3291 diret,
2356 3235 2482 3282 esset
2532 3229 2610 3282 illi
2652 3238 2706 3282 ut
2752 3229 2978 3286 ethnicus
3012 3239 3062 3286 et
3115 3230 3434 3301 publicanus.
3475 3231 3546 3285 Et
3613 3230 3723 3286 illud

2156 3314 2375 3381 addens,
2435 3325 2491 3371 ut
2543 3319 2698 3390 fratri
2748 3321 2972 3390 peccanti
3015 3329 3061 3374 et
3124 3321 3318 3375 ueniant
3374 3323 3594 3393 petenti,
3643 3337 3726 3376 non

2155 3407 2356 3477 septies,
2386 3409 2475 3463 sed
2508 3413 2791 3482 septuagies
2818 3413 3000 3482 septies
3023 3412 3261 3467 delictum
3303 3414 3584 3481 relaxetur,
3617 3414 3723 3469 sicut

2156 3499 2364 3569 quisque
2396 3517 2429 3552 a
2475 3499 2695 3556 Domino
2722 3504 2944 3572 quotidie
2968 3504 3064 3558 sibi
3093 3505 3312 3575 postulat
3341 3506 3568 3561 relaxari
3590 3505 3724 3577 (Pos-

2156 3590 2346 3660 sidius,
2374 3592 2428 3646 in
2464 3591 2579 3648 Vita
2601 3594 2892 3666 Augustini,
2923 3613 2968 3649 c.
3007 3596 3124 3668 25).
3171 3597 3312 3652 Istud
3338 3598 3581 3669 profecto
3615 3597 3724 3654 Pos-

2155 3683 2322 3740 sidius
2353 3684 2494 3740 inter
2519 3686 2798 3758 Augustini
2847 3696 2963 3743 acta
2995 3704 3099 3744 non
3130 3689 3201 3744 ob
3225 3688 3367 3744 aliud
3396 3689 3611 3756 retulit,
3640 3687 3724 3744 nisi

2155 3786 2213 3832 ut
2256 3777 2372 3849 ejus
2416 3779 2681 3849 propriam
2709 3780 2996 3851 quamdam
3043 3782 3459 3838 sollicitudinem
3488 3781 3724 3839 studiumv

2155 3886 2258 3942 que
2281 3872 2700 3940 commendaret,
2723 3889 2830 3944 quo
2855 3874 3100 3930 videlicet
3125 3883 3341 3930 sanctus
3369 3874 3662 3945 Episcopus
3679 3871 3724 3926 in

2156 3962 2259 4018 hoc
2285 3965 2517 4021 maxime
2549 3965 2918 4031 incumbebat,
2947 3975 3004 4021 ut
3027 3966 3159 4021 citra
3182 3965 3562 4036 exceptionem
3588 3964 3724 4020 ullam

2155 4055 2333 4123 fieret,
2361 4057 2501 4127 quod
2527 4073 2590 4113 ea
2617 4057 2684 4113 de
2713 4073 2772 4114 re
2809 4058 3066 4114 Dominus
3089 4066 3270 4114 noster
3294 4058 3595 4128 imperavit.

2235 4149 2290 4205 9.
2344 4148 2673 4203 Feminarum
2724 4150 2859 4204 intra
2914 4149 3121 4204 domum
3185 4150 3296 4217 ejus
3339 4150 3485 4204 nulla
3529 4161 3723 4218 unqu

2157 4252 2447 4298 conuersata
2466 4253 2566 4310 est,
2602 4243 2746 4298 nulla
2767 4244 2971 4310 mansit,
3001 4260 3064 4298 ne
3081 4243 3284 4314 quidem
3316 4260 3558 4314 germana
3581 4256 3718 4304 soror,

2157 4351 2273 4408 quae
2295 4335 2448 4390 uidua
2490 4335 2599 4390 Deo
2633 4337 2850 4391 seruiens
2891 4336 3052 4390 multo
3097 4345 3320 4405 tempore
3361 4353 3520 4407 usque
3545 4337 3594 4390 in
3612 4334 3722 4388 dias

2157 4425 2320 4482 obitus
2362 4427 2442 4482 sui
2508 4427 2780 4497 prwposita
2834 4426 3138 4482 ancillarum
3188 4426 3284 4482 Dei
3331 4428 3494 4493 vixit;
3537 4429 3620 4484 sed
3648 4439 3722 4480 nec

2158 4516 2328 4588 patrui
2372 4518 2450 4571 sui
2485 4517 2626 4587 ﬁliae,
2677 4526 2725 4572 et
2753 4517 2928 4588 fratris
2968 4518 3048 4572 sui
3080 4517 3204 4587 ﬁlia:
3228 4559 3242 4584 ,
3279 4534 3395 4588 quer
3422 4521 3609 4590 pariter
3632 4515 3722 4570 Deo

2157 4609 2431 4664 serviebant
2455 4625 2474 4664 :
2493 4627 2619 4680 quas
2659 4627 2900 4682 personas
2927 4619 3217 4666 sanctorum
3233 4612 3585 4683 episcoporum
3622 4626 3721 4664 con-

2157 4700 2276 4754 cilia
2312 4700 2367 4754 in
2408 4701 2625 4772 exceptis
2657 4711 2953 4772 posuerunt.
2985 4701 3196 4757 Dicebat
3244 4719 3383 4771 vero,
3411 4705 3533 4776 quia
3567 4703 3653 4758 etsi
3671 4701 3723 4754 de

2159 4807 2330 4846 sorore
2359 4801 2408 4846 et
2458 4791 2687 4862 neptibus
2721 4809 2890 4848 secum
2933 4794 3358 4848 commorantibus
3411 4795 3553 4849 nulla
3601 4790 3720 4846 nasci

2161 4893 2326 4954 posset
2377 4883 2514 4938 mala
2574 4885 2834 4956 suspicio;
2872 4894 3040 4940 tamen
3086 4885 3322 4955 quoniam
3374 4887 3482 4940 illa:
3523 4895 3722 4953 persona

2157 4974 2268 5029 sine
2293 4974 2408 5028 aliis
2441 4975 2736 5031 necessariis
2768 4991 3036 5046 secumque
3081 4976 3394 5030 manentibus
3422 4974 3613 5047 {culinis
3632 4981 3719 5024 esst

2158 5084 2260 5121 non
2286 5077 2518 5138 possent,
2545 5077 2592 5122 et
2629 5067 2764 5137 quod
2789 5068 2859 5120 ad
2881 5083 2967 5121 eas
2995 5068 3115 5122 alite
3165 5067 3318 5120 etiam
3365 5085 3398 5121 a
3431 5068 3554 5139 foris
3580 5067 3697 5118 intra

2157 5170 2288 5225 rent,
2322 5159 2385 5214 de
2408 5160 2487 5214 his
2513 5176 2663 5230 posse
2685 5159 3051 5228 offendiculum
3066 5171 3153 5214 aut
3171 5161 3468 5215 scandalum
3492 5156 3696 5229 infinitio

2158 5250 2297 5306 ribus
2336 5251 2520 5316 nasci;
2559 5259 2607 5306 et
2645 5252 2764 5306 illos
2819 5252 2907 5322 qui
2952 5268 3068 5306 cum
3117 5253 3354 5324 episcopo
3391 5253 3467 5307 vel
3519 5247 3701 5323 quolibe

2160 5343 2342 5398 clerico
2366 5345 2496 5413 forte
2521 5352 2798 5411 manerent,
2825 5360 2889 5398 ea:
2910 5344 3012 5399 illis
3040 5344 3268 5399 omnibus
3296 5345 3596 5415 feminarum
3613 5353 3712 5410 per-

2161 5435 2298 5490 sonis
2327 5451 2474 5506 posse
2522 5451 2625 5489 una
2653 5434 3075 5490 commorantibus
3101 5433 3179 5490 uel
3206 5435 3604 5498 adventantibus,
3644 5436 3718 5482 tu“

2165 5525 2518 5582 tentationibus
2549 5527 2784 5582 humanis
2806 5527 2969 5598 perire
2989 5568 3002 5592 ,
3035 5537 3122 5581 aut
3142 5537 3275 5582 certe
3300 5530 3453 5583 malis
3482 5525 3719 5582 hominum

2162 5619 2530 5687 suspicionibus
2565 5620 2777 5690 pessime
2799 5617 3078 5686 di/famari.
3113 5620 3188 5674 0b
3241 5621 3335 5674 hoc
3363 5637 3480 5691 ergo
3508 5614 3682 5672 dicebat
3701 5648 3716 5674 ο

2163 5727 2417 5780 nunquam
2443 5709 2620 5764 debere
2643 5711 2858 5780 feminas
2885 5727 2999 5764 cum
3025 5711 3178 5765 servis
3206 5709 3320 5777 Dei,
3347 5711 3496 5765 etiam
3516 5700 3718 5761 castita"

2163 5803 2290 5871 mis,
2334 5817 2436 5856 una
2478 5817 2682 5857 manere
2722 5801 2891 5870 domo,
2944 5817 3023 5871 ne,
3055 5811 3108 5854 nt
3154 5802 3344 5854 dictum
3373 5810 3484 5867 est,
3538 5785 3721 5860 aliquod
