3868 6404
139 404 146 408 ·
179 383 269 450 ﬁl
1470 382 1671 447 LIBER
1707 384 2046 460 QUARTUS.

187 502 451 558 scandalum
491 509 580 557 aut
624 497 995 568 oﬁ‘endiculum
1057 497 1148 556 tali
1200 501 1427 571 exemplo
1473 509 1742 572 poneretur

192 600 514 667 inﬁrmioribus
544 609 632 654 :et
674 601 722 655 si
751 603 888 670 forte
909 601 968 653 ab
996 599 1242 669 aliquibus
1266 599 1485 669 feminis,
1520 609 1572 653 ut
1597 600 1733 654 vide-

196 702 328 751 retsa,
354 691 424 745 vel
445 691 772 757 salutaretur,
795 692 1102 761 rogabatur;
1129 707 1383 757 nunquam
1409 691 1516 744 sine
1542 689 1737 744 clericis

204 785 377 836 testibus
397 782 457 836 ad
480 798 588 835 eum
614 781 909 848 intrabant,
942 781 1017 835 vel
1056 782 1193 835 solus
1222 796 1333 834 cum
1372 782 1493 835 solis
1519 796 1740 850 unquam

206 887 264 929 est
304 877 491 941 locutus,
519 891 604 928 nec
638 874 685 929 si
724 883 1026 929 secretorum
1049 873 1244 942 aliquid
1269 873 1519 927 interesset
1555 870 1737 943 (lbid.,

211 985 248 1020 ς.
272 965 372 1037 26).

795 1053 1023 1112 CAPUT
1059 1053 1146 1110 lll.

215 1147 234 1200 l
264 1148 530 1218 Augustinus
562 1163 757 1219 seraper
778 1148 947 1201 animo
976 1146 1100 1201 liber
1139 1147 1195 1202 in
1224 1144 1465 1202 Ecclesia
1496 1162 1604 1202 sua
1653 1147 1741 1202 bo-

276 1241 342 1293 nis
377 1240 780 1294 administrandis.
819 1241 856 1292 2
883 1237 950 1293 In
991 1239 1167 1294 iisdem
1211 1238 1332 1293 data
1368 1241 1612 1311 facultate
1647 1258 1739 1296 alt-

272 1332 422 1402 gendis
445 1342 667 1401 quantum
696 1330 896 1386 alienus
923 1331 986 1386 ab
1013 1332 1150 1384 omni
1177 1331 1470 1402 cupiditate.
1511 1332 1546 1386 '5
1575 1331 1735 1388 Obla-

273 1423 408 1476 tiones
437 1424 538 1494 pias
569 1422 812 1495 approbat
850 1431 899 1477 et
931 1423 1159 1492 suscipit.
1198 1423 1233 1477 4
1270 1420 1442 1494 Ipsius
1478 1434 1524 1477 et
1565 1424 1740 1496 Alypii

268 1516 321 1567 de
337 1512 561 1568 Honorati
587 1513 861 1586 presbyteri
897 1514 1193 1568 hareditate
1223 1531 1374 1584 quam
1403 1514 1740 1586 discrepantes

267 1604 502 1658 sententia.
566 1604 598 1660 5
656 1602 905 1659 Basilicas
979 1612 1028 1658 et
1081 1603 1451 1658 modochium
1514 1605 1738 1660 construi

265 1703 401 1748 curat.

269 1786 311 1840 l.
348 1785 516 1840 Domus
533 1783 769 1840 Ecclesia
784 1799 1290 1859 curamtomnemque
1312 1783 1644 1838 substantiam
1670 1785 1738 1839 ad

209 1879 314 1932 vices
332 1879 652 1933 valentioribus
665 1879 861 1934 clericis
879 1879 1140 1950 delegabat
1165 1887 1210 1932 et
1225 1877 1455 1932 credebat
1475 1875 1736 1949 (Possid.,

207 1973 252 2026 in
275 1970 376 2026 Vita
397 1974 606 2044 August.,
628 1990 673 2026 c.
696 1971 812 2042 24).
839 1971 1040 2042 Singuli
1081 1987 1176 2041 per
1208 1986 1440 2025 annuum
1461 2011 1476 2034 ,
1505 1980 1561 2025 ut
1587 1969 1735 2026 vide-

212 2072 304 2130 tur,
324 2063 517 2134 spatium
537 2064 583 2118 id
601 2064 858 2128 muneris,
883 2065 966 2118 cui
993 2063 1357 2133 praepositum
1380 2076 1572 2117 nomen
1594 2068 1730 2126 erat,

210 2154 426 2220 obibant;
451 2155 615 2225 quibus
641 2155 804 2209 etiam
848 2163 1081 2208 mutuam
1112 2167 1326 2208 sumere
1361 2151 1636 2222 pecuniam
1668 2151 1737 2205 li-

209 2245 347 2299 cebat
373 2244 538 2316 (Serm.
560 2245 678 2312 356,
711 2263 766 2300 n.
801 2246 906 2314 15).
938 2242 1056 2314 Ipse
1082 2259 1338 2312 nunquam
1357 2243 1578 2309 clavem,
1609 2257 1740 2297 nun-

203 2347 331 2402 quam
354 2335 570 2388 annulum
593 2337 643 2389 in
675 2342 827 2388 mlum
854 2334 1040 2388 habens
1067 2348 1086 2387 :
1112 2331 1200 2386 sed
1228 2332 1291 2385 ab
1332 2331 1518 2386 eisdem
1557 2331 1738 2386 domus

203 2426 442 2495 prapositis
459 2437 628 2481 cuncta
654 2437 700 2481 et
719 2435 926 2496 accepta
950 2434 999 2480 et
1023 2435 1229 2494 erogata
1253 2423 1554 2478 notabantur
1582 2439 1601 2477 :
1625 2437 1741 2494 qua

201 2532 312 2570 anno
335 2519 560 2588 completo
591 2518 752 2573 eidem
776 2517 1133 2581 recitabantur,
1160 2531 1258 2585 quo
1285 2516 1497 2569 sciretur
1513 2556 1529 2581 ,
1571 2531 1737 2585 quan-

203 2616 287 2659 tum
325 2619 564 2678 acceptum
583 2651 598 2675 ,
643 2617 983 2681 quantumque
1026 2606 1368 2678 dispensatum
1410 2605 1618 2676 fuisset,
1661 2604 1740 2658 vel

209 2697 304 2764 quid
320 2699 691 2768 dispensandum
718 2699 1071 2762 remansisset;
1101 2708 1148 2751 et
1176 2697 1229 2751 in
1255 2696 1424 2751 multis
1444 2695 1601 2750 titulis
1631 2712 1742 2749 ma-

205 2794 264 2865 gis
283 2795 402 2848 illius
426 2795 674 2866 prapositi
701 2794 883 2848 domus
906 2793 1057 2862 fidem
1085 2807 1313 2864 sequens,
1354 2806 1506 2861 quam
1544 2787 1731 2859 proba-

207 2899 287 2942 tum
306 2890 750 2960 manifestatumque
770 2905 1091 2961 cognoscens.
1115 2887 1357 2955 Domum,
1399 2903 1577 2959 agrum
1597 2927 1612 2951 ,
1648 2901 1740 2942 seu

207 2982 342 3035 villam
365 3000 604 3054 nunquam
629 3000 792 3038 emere
813 2983 987 3037 voluit.
1020 2980 1086 3036 In
1113 2982 1176 3036 iis
1202 2998 1399 3053 quoque
1423 3022 1439 3048 ,
1477 2995 1594 3052 qua
1632 2978 1738 3034 Ec-

211 3071 326 3126 clesia
348 3074 540 3130 habebat
568 3085 614 3130 et
643 3074 952 3147 possidebat,
983 3074 1204 3128 intentus
1234 3089 1434 3138 amore,
1460 3074 1539 3126 vel
1563 3072 1738 3142 impli-

212 3171 320 3218 catus
357 3182 446 3220 non
481 3177 583 3220 erat
607 3181 628 3221 :
655 3165 744 3220 sed
771 3164 1045 3235 majoribus
1074 3163 1252 3234 magis,
1296 3180 1356 3217 ac
1395 3163 1740 3234 spiritualibus

216 3267 436 3323 suspensus
461 3266 506 3310 et
529 3257 779 3311 inharens
804 3255 965 3319 rebus,
999 3255 1084 3309 vix
1106 3254 1378 3324 aliquando
1402 3270 1457 3308 se
1482 3254 1648 3325 ipsum
1672 3253 1740 3306 ad

219 3342 288 3396 illa
319 3348 584 3416 temporalia
621 3347 683 3400 ab
721 3355 1020 3402 aternorum
1057 3345 1355 3416 cogitatione
1398 3344 1657 3399 relaxabat
1693 3353 1742 3398 et

219 3432 468 3505 deponebat.
498 3438 684 3504 Quibus
721 3439 809 3492 ille
851 3437 1104 3507 dispositis
1127 3446 1174 3490 et
1197 3436 1441 3490 ordinatis
1459 3477 1474 3503 ,
1503 3445 1740 3504 tanquam

215 3538 244 3574 a
263 3525 386 3579 rebus
406 3528 702 3583 mordacibus
721 3545 780 3580 ac
810 3526 1048 3592 molestis,
1073 3525 1231 3580 animi
1268 3541 1524 3580 recursum
1550 3524 1619 3578 ad
1655 3525 1738 3578 in-

219 3615 374 3669 teriora
396 3621 547 3673 metuis
565 3630 612 3673 et
636 3619 899 3690 superiora
924 3618 1160 3688 faciebat,
1185 3634 1282 3689 quo
1301 3617 1377 3672 vel
1402 3618 1465 3670 de
1488 3617 1741 3672 invenien-

215 3707 281 3760 dis
304 3708 455 3764 divinis
478 3712 617 3766 rebus
647 3711 888 3782 cogitaret
914 3751 928 3772 ,
961 3709 1038 3763 vel
1065 3709 1128 3763 de
1160 3709 1266 3775 iam
1309 3708 1519 3761 inventis
1547 3706 1742 3776 aliquid

211 3798 404 3863 dictaret,
427 3811 506 3855 aut
526 3813 656 3858 certe
682 3819 746 3857 ea:
762 3803 875 3872 jam
902 3801 1100 3854 dictatis
1132 3809 1280 3870 atque
1304 3799 1617 3869 transcriptis
1645 3797 1740 3850 ali-

211 3892 313 3961 quid
329 3896 606 3950 emendaret.
634 3894 701 3949 Et
721 3895 775 3948 id
800 3893 976 3966 agebat
996 3895 1047 3947 in
1072 3893 1152 3946 die
1177 3892 1431 3957 laborans,
1455 3901 1500 3945 et
1524 3892 1577 3945 in
1598 3900 1741 3946 nocte

210 3981 454 4042 lucubrans.
485 3988 545 4042 Et
583 3997 692 4042 erat
731 3996 967 4058 tanquam
998 3985 1090 4040 illa
1130 3985 1504 4057 religiosissima
1534 3983 1736 4052 Maria,

209 4083 353 4145 typum
376 4089 561 4149 gestans
587 4095 823 4151 superna
845 4078 1122 4145 Ecclesia,
1162 4078 1224 4131 de
1252 4094 1350 4148 qua
1379 4077 1620 4148 scriptum
1644 4085 1736 4145 est,

202 4169 315 4233 quod
337 4171 506 4226 sederet
529 4173 597 4226 ad
622 4173 772 4243 pedes
803 4172 1036 4237 Domini,
1072 4181 1221 4242 atque
1255 4170 1445 4224 intenta
1479 4170 1588 4235 eius
1630 4186 1740 4223 ver-

199 4256 297 4312 bum
317 4263 492 4317 audiret
522 4262 772 4331 (Possid.,
799 4264 854 4317 in
885 4261 998 4316 Vita
1023 4262 1154 4331 Aug.
1177 4303 1192 4327 ,
1225 4277 1272 4314 c.
1299 4259 1412 4331 24).
1435 4258 1740 4314 Videbimus

196 4349 312 4405 infra
338 4370 446 4409 eum
473 4357 868 4426 possessionum
903 4353 1159 4410 Ecclesia:
1187 4368 1299 4408 sua
1327 4351 1743 4407 administratio-

195 4454 301 4496 nem
324 4457 527 4514 prorsus
554 4446 806 4517 abjicere,
837 4454 998 4516 atque
1041 4445 1106 4500 iis
1149 4445 1368 4499 omnino
1412 4444 1604 4498 cedere
1647 4459 1740 4498 vo-

196 4533 339 4591 luisse
365 4537 544 4609 (lbid.,
567 4556 615 4594 c.
640 4537 758 4611 23).
787 4538 879 4593 Ille
905 4539 1018 4609 ipse
1045 4553 1206 4608 apum
1240 4544 1606 4606 contemptus,
1633 4550 1740 4606 quo

193 4625 295 4694 jam
321 4630 424 4686 inde
448 4649 476 4688 a
501 4648 595 4688 sua
631 4632 988 4690 conversione
1028 4629 1304 4686 facultates
1337 4643 1462 4684 suas
1489 4628 1738 4700 pauperi-

194 4715 286 4772 bus
304 4724 531 4793 erogavit,
560 4724 611 4780 ei
644 4723 807 4778 totius
831 4722 1185 4793 Hipponensis
1211 4720 1389 4791 populi
1420 4719 1739 4774 benevolen-

194 4809 307 4866 tiam
334 4817 688 4870 conciliaverat
715 4812 908 4885 (Epist.
946 4813 1082 4877 126,
1103 4829 1156 4866 n.
1187 4813 1241 4883 7)
1277 4826 1290 4865 :
1322 4826 1440 4881 qua:
1480 4810 1645 4864 virtus
1685 4809 1738 4864 in

189 4899 297 4971 illo,
339 4921 402 4961 ex
447 4924 549 4979 quo
596 4915 813 4964 creatus
841 4913 923 4962 est
952 4903 1262 4975 episcopus,
1311 4901 1588 4956 imminuta
1633 4915 1739 4956 non

191 4990 293 5048 fuit.
323 4995 440 5052 Nam
468 4999 709 5069 quamvis
756 4995 1011 5052 Ecclesia:
1054 4995 1192 5050 bona
1221 5008 1282 5049 re
1322 5007 1418 5047 sua
1455 4990 1736 5059 familiari,

189 5099 326 5153 quam
353 5089 642 5158 dimiserat,
673 5089 842 5144 multo
885 5086 1086 5157 majora
1127 5084 1404 5156 possidere
1429 5084 1696 5138 videretur
1718 5124 1735 5152 ,

188 5190 352 5233 eorum
395 5192 564 5238 tamen
609 5179 950 5237 solummodo
987 5178 1298 5234 distributor
1337 5185 1390 5232 ct
1429 5191 1740 5233 meonomus

188 5277 304 5322 erat.
332 5271 494 5339 Quare
523 5289 644 5328 cum
669 5271 954 5343 aliquando
981 5270 1034 5324 in
1055 5269 1358 5340 cupiditatis
1383 5267 1736 5338 suspicionem

191 5355 310 5412 falso
341 5365 598 5429 venisset,
642 5364 808 5418 Deum
849 5362 1021 5432 ipsum
1050 5361 1211 5415 animi
1252 5360 1332 5414 sui
1375 5368 1562 5413 testem
1589 5358 1737 5413 adhi-

191 5445 292 5505 buit
317 5470 329 5506 :
359 5453 482 5510 Deus
510 5455 648 5510 testis
671 5462 781 5517 est,
814 5452 1014 5522 inquit,
1053 5452 1200 5506 istam
1231 5466 1427 5505 omnem
1461 5466 1626 5504 rerum
1655 5466 1738 5504 ec-

194 5535 550 5598 tlesiasticarum
582 5542 1006 5612 procurationem,
1045 5558 1258 5612 quarunt
1293 5538 1546 5592 credimur
1570 5555 1742 5593 amare

196 5632 490 5704 destinatum,
539 5647 747 5709 propter
788 5637 1070 5690 servitutem
1109 5651 1259 5706 quant
1305 5633 1458 5687 debeo
1504 5631 1740 5685 charitati

196 5721 384 5792 fratrum
407 5739 451 5783 et
485 5730 654 5784 timori
689 5727 808 5795 Dei,
840 5730 1050 5783 tolerare
1075 5743 1152 5782 me
1176 5768 1192 5794 ,
1223 5742 1323 5781 non
1363 5739 1563 5788 amare;
1588 5724 1658 5777 ita
1683 5731 1740 5788 ut

199 5819 321 5898 ﬁsi
332 5821 462 5879 salvo
481 5821 641 5897 oﬁcio
663 5821 870 5896 possim,
892 5837 1058 5878 carere
1070 5819 1346 5878 desiderem
1374 5815 1421 5894 (l
1431 5817 1529 5872 bid.
1540 5857 1554 5884 ,
1579 5833 1610 5873 u
1620 5855 1632 5872 .
1657 5813 1734 5896 9).

3317 388 3425 457 116

1853 502 2032 558 Videri
2055 501 2229 558 adhuc
2257 509 2496 575 possunt,
2525 520 2663 576 qua,
2691 500 2755 562 ad
2784 495 3096 566 refellendas
3119 500 3422 568 Denatista-

1850 610 1966 649 rum
1997 595 2285 652 calumnias
2308 639 2323 664 ,
2370 613 2530 670 super
2555 599 2652 655 hac
2683 616 2741 656 re
2778 603 2991 671 scribit,
3037 605 3318 661 occasione
3341 605 3420 661 le-

1849 703 1992 758 gum,
2025 705 2141 759 qua
2170 691 2558 747 ecclesiasticas
2585 693 2794 748 illorum
2820 698 3183 766 possessiones
3213 700 3420 771 episco-

1848 782 1929 848 pis
1957 779 2205 835 Ecclesia
2233 781 2508 838 catholica:
2533 783 2864 840 addicebant.

1918 869 1972 924 2.
2007 871 2202 926 Verum
2245 888 2311 928 ex
2343 873 2458 944 ejus
2484 875 2649 944 gestis
2681 876 2903 943 clarius,
2943 893 3102 949 quam
3139 895 3204 936 ex
3242 881 3420 939 verbis

1847 961 2123 1032 elucebat,
2166 976 2420 1036 quantum
2447 983 2475 1022 a
2504 969 2742 1038 pecunia
2767 970 3053 1041 cupiditate
3089 988 3282 1029 vacuus
3309 963 3421 1029 cxi-

1847 1064 2030 1112 steret.
2078 1058 2208 1113 Cum
2243 1061 2385 1116 enim
2434 1061 2624 1131 aliquis
2664 1063 2918 1119 Ecclesia:
2953 1065 3218 1135 quidpiam
3262 1075 3421 1120 testa-

1846 1160 2027 1206 mento
2053 1150 2295 1222 legasset,
2321 1154 2549 1209 malebat
2574 1154 2702 1209 illud
2718 1155 2814 1210 sibi
2841 1155 3041 1222 olierri,
3063 1173 3218 1227 quam
3248 1172 3342 1227 per
3366 1172 3423 1212 se

1845 1242 2004 1310 exigi.
2037 1242 2174 1297 Nam
2204 1257 2251 1299 et
2279 1245 2475 1317 aliquas
2503 1264 2617 1301 eum
2650 1247 2964 1303 haredilates
2998 1267 3254 1306 recusasse
3278 1251 3420 1304 novi-

1845 1349 1986 1400 mus,
2018 1335 2092 1389 ait
2118 1336 2422 1402 Possidius,
2463 1355 2561 1391 non
2603 1339 2722 1411 quia
2754 1340 3056 1410 pauperibus
3084 1341 3287 1397 inutiles
3313 1359 3423 1398 esse

1845 1432 2063 1492 possent,
2089 1424 2178 1478 sed
2197 1427 2430 1496 quoniam
2448 1429 2647 1498 justum
2675 1438 2720 1482 et
2744 1445 2943 1500 aquum
2973 1447 3078 1486 esse
3106 1431 3322 1498 videbat,
3363 1440 3422 1486 ut

1844 1529 1876 1565 a
1902 1524 2212 1568 mortuorum
2237 1517 2313 1570 vel
2340 1517 2479 1586 filiis,
2507 1519 2583 1572 vel
2609 1521 2920 1590 parentibus,
2955 1521 3032 1575 vel
3058 1521 3284 1591 affinibus
3313 1539 3421 1576 nta-

1843 1605 1920 1676 gis
1949 1606 2334 1676 possiderentur,
2369 1608 2546 1678 quibus
2589 1626 2671 1664 eas
2712 1610 2999 1680 deﬁcientes
3037 1613 3284 1668 dimittere
3327 1628 3422 1667 no-

1847 1695 2047 1750 luerunt
2069 1695 2318 1767 (Possid.,
2346 1698 2399 1752 in
2433 1697 2542 1751 Vita
2568 1699 2804 1771 August.,
2837 1718 2884 1755 c.
2913 1701 3027 1773 24).
3055 1702 3200 1757 Etad
3223 1701 3270 1758 id
3294 1718 3420 1757 nar-

1845 1787 1999 1842 rabat
2023 1789 2222 1844 Aurelii
2271 1789 2699 1862 Cartliaginensis
2742 1795 2936 1850 factum
2961 1837 2977 1862 ,
3009 1795 3146 1866 quod
3176 1797 3422 1852 omnibus

1843 1879 2056 1935 virtutis
2086 1881 2352 1950 specimen
2385 1883 2703 1952 praebuerat.
2731 1885 2894 1952 Quam
2919 1886 3193 1947 laudabile.
3222 1887 3419 1953 aiebat,

1843 1970 2036 2040 factum
2055 1972 2216 2026 sancti
2239 1981 2285 2026 et
2305 1975 2574 2027 venerandi
2591 1975 2813 2046 episcopi
2840 1975 3032 2030 Aurelii
3057 1975 3423 2048 Carthaginen-

1843 2065 1938 2129 sis,
1969 2065 2218 2134 quomodo
2259 2065 2480 2135 implevit
2507 2066 2735 2121 omnibus
2763 2068 2849 2138 qui
2870 2068 3035 2123 sciunt
3059 2107 3074 2135 ,
3111 2085 3167 2123 os
3190 2069 3423 2123 laudibus

1842 2153 1986 2210 Dei?
2016 2155 2232 2222 Quidam
2259 2173 2374 2210 cum
2416 2158 2550 2226 filios
2587 2175 2688 2212 non
2726 2159 2958 2224 haberet,
2991 2176 3145 2229 neque
3166 2167 3420 2229 speraret,

1843 2262 1924 2301 res
1951 2262 2072 2300 suas
2097 2262 2266 2302 omnes
2292 2256 2480 2302 retento
2506 2248 2600 2302 sibi
2632 2251 2897 2320 usufructu
2924 2248 3128 2303 donavit
3159 2248 3420 2304 Ecclesia.

1846 2335 1974 2392 Nati
2001 2348 2117 2392 sunt
2153 2338 2230 2392 illi
2267 2339 2396 2408 ﬁlii,
2435 2349 2482 2393 et
2520 2339 2739 2393 reddidit
2765 2338 3050 2411 Episcopus
3083 2357 3172 2394 nec
3195 2340 3423 2411 opinanti

1843 2445 1957 2499 qua
1981 2431 2067 2484 ille
2089 2430 2382 2485 donaverat.
2415 2430 2481 2485 In
2512 2440 2753 2501 potestate
2779 2431 2986 2486 habebat
3011 2430 3294 2502 Episcopus
3321 2448 3421 2486 non

1843 2522 2084 2587 reddere;
2103 2523 2191 2578 sed
2207 2525 2326 2594 jure
2352 2523 2476 2594 fori,
2504 2540 2602 2578 non
2620 2524 2740 2594 jure
2765 2523 2870 2595 poli
2898 2523 3088 2593 (Serm.
3115 2524 3238 2589 355,
3265 2541 3317 2577 η.
3341 2521 3418 2596 5).

1843 2611 1970 2667 Hinc
1993 2628 2203 2684 quoque
2230 2613 2408 2684 regula
2437 2611 2712 2668 retinenda
2743 2613 2838 2683 ipsi
2869 2612 3146 2668 videbatur
3167 2654 3182 2680 ,
3223 2620 3282 2666 ut
3325 2628 3422 2683 pa-

1845 2703 1963 2769 tris,
1986 2703 2073 2772 qni
2106 2703 2268 2757 lilium
2297 2717 2449 2758 suum
2479 2702 2642 2758 iratus
2672 2701 3082 2767 exharedasset,
3116 2717 3221 2758 non
3251 2703 3422 2758 susci-

1845 2803 1998 2864 peret
2023 2793 2384 2849 hareditatem
2405 2836 2421 2861 ,
2447 2793 2541 2849 sed
2578 2794 2686 2849 ﬁlio
2721 2793 2987 2850 redderet.
3029 2793 3182 2850 Unde
3215 2795 3421 2850 consilii

1844 2887 1926 2942 sui
1948 2886 2208 2943 rationem
2230 2886 2369 2956 plebi
2393 2901 2503 2942 sua:
2520 2886 2843 2954 redditurus,
2868 2887 2944 2942 sic
2961 2901 3078 2941 eam
3100 2887 3382 2956 compellat
3405 2905 3421 2942 :

1846 2978 2005 3034 Pater
2023 2979 2066 3033 si
2092 2982 2291 3046 viveret,
2319 2995 2419 3033 non
2439 2995 2553 3033 eum
2577 2978 2872 3050 placarem?
2890 2995 2990 3032 non
3017 2979 3060 3032 ei
3089 2979 3252 3048 ﬁlium
3275 2993 3422 3032 suum

1844 3071 2164 3126 reconciliare
2193 3069 2460 3126 deberem?
2491 3068 2755 3136 Quomodo
2783 3085 2900 3141 ergo
2925 3086 3037 3123 cum
3063 3069 3170 3138 ﬁlio
3191 3085 3282 3123 suo
3311 3067 3422 3123 volo

1845 3175 1898 3217 ut
1926 3163 2103 3217 habeat
2145 3179 2317 3234 pacem
2343 3204 2360 3230 ,
2407 3163 2552 3234 cujus
2603 3171 2785 3233 appeto
2831 3161 3209 3216 hareditatem.’
3258 3157 3423 3214 Plane

1845 3256 2047 3326 quando
2073 3255 2254 3308 donavi
2283 3254 2412 3324 filio,
2434 3253 2569 3324 quod
2592 3254 2752 3308 iratus
2777 3261 2919 3324 pater
2940 3253 3158 3307 moriens
3181 3252 3420 3320 abstulit,

1847 3344 1970 3399 bene
1993 3345 2090 3417 feci
2113 3361 2130 3398 :
2159 3344 2383 3408 laudent,
2405 3345 2491 3415 qui
2515 3343 2717 3409 volunt;
2737 3352 2967 3415 parcant,
2994 3344 3081 3415 qui
3105 3343 3314 3398 laudare
3333 3360 3425 3398 no-

1846 3437 1976 3490 lunt.
2016 3435 2342 3505 Quandoque
2383 3435 2544 3490 etiam
2570 3434 2852 3489 verebatur
2880 3432 3218 3488 liareditates
3257 3431 3424 3488 susci-

1847 3544 1973 3600 pere
1999 3571 2014 3591 .
2043 3544 2112 3584 ne
2140 3527 2276 3583 forte
2306 3527 2748 3582 sollicitudinibus
2788 3534 2842 3581 et
2877 3524 3087 3580 damnis
3127 3524 3422 3581 Ecclesium

1847 3618 2198 3689 implicarent.
2252 3618 2586 3687 Quapropter
2633 3617 2731 3672 hac
2771 3615 2824 3671 in
2866 3631 2926 3671 re
2968 3631 3139 3687 neque
3185 3615 3420 3683 laudari,

1847 3723 2018 3779 neque
2067 3707 2356 3779 vituperari
2388 3707 2616 3762 volebat.
2663 3706 2915 3777 Bonifacii
2939 3706 3309 3771 hareditatem,
3339 3706 3421 3761 in-

1844 3800 1988 3872 quit,
2018 3802 2271 3870 suscipere
2314 3799 2483 3866 nolui;
2523 3816 2623 3853 non
2665 3799 3038 3865 misericordia,
3091 3799 3180 3854 sed
3223 3800 3418 3853 timore.

1848 3890 2227 3946 Naviculariam
2271 3891 2410 3945 nolui
2435 3907 2540 3945 esse
2582 3889 2862 3944 Ecclesium
2891 3889 3096 3944 Christi.
3127 3889 3280 3944 Multi
3304 3899 3422 3943 sunt

1845 3981 2066 4047 cuidem,
2097 3981 2183 4049 qui
2225 3981 2374 4036 etiam
2416 3981 2480 4034 de
2516 3981 2720 4034 navibus
2761 3979 3043 4049 acquirunt.
3088 3977 3275 4032 Tamen
3318 3994 3421 4032 una

1845 4071 2050 4125 tentatio
2077 4079 2240 4137 esset,
2287 4071 2379 4124 iret
2407 4070 2548 4124 navis
2569 4110 2583 4134 ,
2616 4078 2661 4123 et
2691 4072 3014 4140 naufragaret
3045 4083 3064 4122 :
3090 4068 3315 4123 homines
3353 4067 3422 4122 ad

1845 4170 2088 4215 tormenta
2113 4161 2280 4213 daturi
2303 4176 2521 4223 eramus,
2551 4167 2606 4213 ut
2636 4157 2698 4212 de
2722 4159 3057 4213 submersione
3082 4157 3222 4213 navis
3245 4174 3423 4212 secun-

1846 4251 1966 4305 dum
2003 4250 2409 4305 consuetudinem
2435 4259 2766 4320 quareretur,
2807 4257 2853 4302 et
2889 4257 3235 4319 torquerentur
3269 4264 3300 4302 a
3325 4249 3420 4321 ju-

1845 4343 1958 4398 dice
1983 4345 2068 4414 qui
2094 4354 2254 4398 essent
2284 4343 2346 4397 de
2373 4341 2607 4414 fluctibus
2636 4340 2877 4396 liberati?
2901 4341 3005 4396 Sed
3035 4357 3133 4395 non
3161 4357 3243 4395 eos
3268 4339 3420 4395 dare-

1846 4453 1958 4490 mus
1984 4453 2002 4490 :
2028 4435 2169 4490 nullo
2195 4446 2341 4506 pacto
2385 4435 2516 4488 enim
2550 4434 2645 4488 hoc
2688 4438 2854 4504 facere
2887 4433 3077 4487 deceret
3116 4430 3418 4487 Ecclesium.

1850 4527 1990 4582 Onus
2031 4545 2146 4599 ergo
2181 4528 2354 4596 fiscale
2397 4525 2738 4598 persolveret?
2779 4523 2884 4579 Sed
2912 4523 3042 4576 unde
3084 4523 3422 4594 persolveret?

1845 4619 2121 4673 Enthecam
2149 4619 2290 4672 nobis
2319 4619 2497 4672 habere
2521 4634 2619 4670 non
2648 4617 2780 4670 licet.
2813 4615 2984 4670 Locus
3017 4615 3103 4670 hic
3131 4632 3198 4670 ex
3238 4617 3302 4672 iis
3336 4616 3419 4673 in-

1845 4710 2124 4780 telligitur,
2155 4725 2273 4780 qua:
2316 4707 2575 4762 habentur
2607 4707 2658 4762 in
2702 4709 2822 4778 jure
2852 4707 3125 4773 Romano;
3173 4708 3419 4764 nimirum

1845 4815 1939 4856 eos
1966 4801 2054 4871 qui
2082 4801 2402 4855 frumentum
2433 4799 2698 4870 publicum
2743 4798 2965 4854 Romam
2996 4808 3087 4854 aut
3121 4799 3421 4856 Constanti-

1844 4893 2077 4963 nopolim
2109 4891 2451 4948 transvehere
2491 4901 2829 4958 tenerentur,
2863 4893 3212 4948 navicularios
3257 4892 3420 4950 fuisse

1843 4983 2134 5054 appellatos
2153 5025 2168 5050 ,
2202 4983 2520 5053 illorumque
2561 4983 2799 5038 harcdes
2831 4983 3004 5038 eidem
3034 4984 3182 5038 oneri
3211 4997 3423 5040 succes-

1844 5075 1996 5130 sisse.
2027 5073 2178 5142 Quod
2209 5075 2253 5129 si
2284 5075 2611 5145 naufragium
2651 5075 2962 5142 accidisset,
2999 5074 3127 5130 ﬁsco
3167 5075 3420 5132 damnum

1845 5175 2102 5236 praestare
2125 5167 2479 5238 cogebantur,
2508 5167 2608 5221 nisi
2635 5168 2894 5235 jacturam
2921 5167 3030 5222 sola
3062 5168 3112 5222 vi
3138 5177 3422 5239 tempesta-

1845 5259 1941 5324 tis,
1968 5273 2072 5314 non
2099 5259 2252 5328 culpa
2280 5274 2372 5314 sua
2394 5299 2409 5326 ,
2441 5258 2725 5328 contigisse
2750 5258 3120 5328 approbarent.
3144 5257 3214 5315 Ut
3244 5268 3419 5314 autem

1845 5349 2003 5421 hujus
2025 5351 2098 5405 rei
2133 5350 2288 5404 (idem
2317 5349 2554 5404 facerent
2577 5392 2592 5416 ,
2625 5349 2814 5405 saltem
2861 5350 2966 5404 dno
2996 5351 3075 5406 vel
3103 5359 3210 5406 tres
3249 5361 3420 5406 nauita:

1843 5441 2004 5497 dandi
2035 5450 2187 5498 erant
2217 5439 2269 5496 in
2300 5441 2650 5512 quaestionem
2672 5484 2686 5508 ,
2715 5451 2769 5497 et
2798 5441 2850 5495 in
2874 5443 3061 5513 primis
3090 5440 3417 5506 navarcbus,

1844 5535 1933 5604 qui
1978 5533 2307 5603 naufragium
2354 5531 2571 5587 fecerat.
2615 5531 2938 5587 Vocabulum
2977 5541 3152 5585 autem
3195 5531 3419 5586 cntlieca

1847 5624 1978 5679 nihil
2012 5625 2154 5681 aliud
2181 5638 2246 5678 eo
2275 5623 2376 5677 loci
2412 5632 2595 5689 sonat,
2637 5639 2793 5693 quam
2821 5639 2962 5692 gaza:
3002 5620 3372 5690 repositorium
3398 5662 3416 5689 ,

1843 5734 1963 5774 cum
1991 5719 2168 5774 statim
2196 5715 2386 5772 subdat
2411 5715 2736 5785 Augustinus
2765 5734 2777 5768 :
2811 5712 2929 5766 Non
2953 5721 3022 5765 est
3042 5712 3174 5765 enim
3199 5712 3420 5783 episcopi

1845 5827 2041 5871 servare
2081 5825 2292 5878 aurum,
2321 5817 2367 5864 et
2414 5822 2644 5863 revocare
2681 5825 2712 5861 a
2749 5827 2802 5862 se
2844 5808 3171 5866 mmdicattlis
3212 5819 3421 5868 manum
