3868 6454
455 434 483 553 ξ
509 434 671 533 ΠΜ..
726 480 815 520 nn.
842 461 899 530 4.
919 460 956 522 5
981 459 1023 531 ).
1054 457 1179 515 Erat
1219 464 1398 511 tamen
1451 447 1745 553 Augustino
1762 442 2028 553 quoddam

456 534 887 634 gazophylacium
918 549 1242 623 escipiendis
1267 545 1498 601 lldelium
1521 538 1907 602 oblationibus,
1933 534 2029 592 sed

456 629 585 712 illud
616 629 677 706 inv
697 662 986 722 pauperum
1026 658 1155 699 usus
1196 638 1343 698 brevi
1389 634 1796 698 exhaurit-batur
1821 629 2026 704 (Ibid.,

455 748 513 801 ιι.
545 741 668 812 ts).

524 835 580 892 ὅ.
621 810 995 902 improbabant
1035 818 1315 891 nonnulli,
1346 810 1489 894 quod
1527 812 1867 879 harreditates
1892 828 2032 886 mgre

453 926 769 996 Susciperet.
803 920 970 976 Erant
990 919 1081 990 qui
1107 917 1603 996 obmurtnnrarent,
1644 918 1699 967 et
1738 908 1866 965 nihil
1900 906 2030 995 [lip-

451 980 678 1093 ponensi
705 1004 961 1072 Ecclesia:
991 980 1127 1067 hanc
1164 1008 1234 1066 ob
1267 990 1481 1088 causam
1526 1004 1711 1060 donari
1740 980 2030 1073 quereren-

450 1086 560 1168 iur.
588 1108 701 1165 iioc
726 1118 994 1161 murmure
1021 1103 1155 1160 adeo
1194 1117 1225 1157 a
1255 1086 1460 1157 ratione
1495 1099 1672 1154 alieno
1702 1110 1807 1152 non
1846 1109 2031 1150 move-

450 1200 611 1258 batur
635 1196 961 1268 Augustinus
989 1213 1005 1254 :
1031 1195 1124 1252 sed
1153 1209 1246 1250 sua
1281 1208 1403 1250 cum
1434 1192 1692 1261 sapientia
1717 1187 2031 1260 quibusdam

452 1293 506 1348 in
533 1290 693 1348 rebus
732 1290 902 1345 factm:
943 1285 1330 1359 co‘apellebat,
1367 1281 1507 1354 quod
1554 1281 1606 1339 in
1659 1277 1780 1335 aliis
1815 1277 2033 1334 minime

453 1375 673 1440 faceret.
703 1373 815 1438 Etsi
839 1378 981 1436 enim
1020 1378 1316 1435 oblationes
1338 1376 1423 1430 Vel
1468 1360 1751 1445 probroSas
1770 1412 1787 1438 ,
1812 1369 1898 1426 vel
1933 1370 2034 1424 Ec-

438 1466 632 1529 clesia:
679 1482 869 1544 graves
922 1469 1280 1537 maiestasque
1334 1451 1658 1535 respuebat:
1691 1458 2035 1534 proﬁtebatur
2098 1496 2107 1506 .

448 1569 631 1619 tamen
661 1577 720 1617 se
743 1560 1037 1617 oblationes
1058 1567 1271 1614 sanctas
1299 1557 1605 1627 sumiperc;
1636 1563 1690 1609 et
1719 1553 1891 1623 reipsa
1922 1552 2037 1620 plu-

452 1654 545 1713 res
571 1653 623 1710 id
649 1654 862 1727 generis
881 1650 1115 1723 sussepit
1137 1648 1324 1721 (Ibid,
1353 1666 1409 1704 n.
1438 1647 1514 1720 ιι).
1540 1645 1595 1703 Si
1617 1646 1736 1717 quis
1761 1644 1919 1715 igitur
1939 1639 2036 1699 Ec-

454 1736 632 1803 clesia:
661 1744 747 1801 vel
775 1744 1039 1809 donaret,
1070 1742 1155 1795 vel
1186 1747 1505 1796 testamento
1543 1738 1742 1801 legaret
1775 1735 1990 1788 domum
2017 1773 2033 1799 ,

456 1830 548 1894 aut
562 1846 771 1907 agrum,
791 1845 881 1889 aut
898 1834 1100 1899 villam,
1125 1847 1228 1885 non
1246 1830 1547 1899 reSpttehat.
1567 1826 1660 1883 sed
1674 1825 1866 1894 suscipi
1880 1823 2037 1892 jube-

456 1926 547 1989 bat
572 1924 828 2000 (Possid.,
845 1928 895 1982 in
921 1924 1035 1982 Vita
1062 1920 1298 1998 August,
1317 1939 1365 1977 c.
1382 1919 1498 1991 9.9).
1528 1918 1856 1991 Frequenter
1879 1917 2038 1973 etiam

459 2016 647 2077 ﬁdeles
673 2017 1064 2079 commonebat,
1098 2025 1155 2071 ut
1182 2012 1453 2070 Christum
1485 2011 1537 2066 in
1564 2026 1785 2065 numero
1813 2006 2036 2063 liliorutn

458 2108 751 2177 haberent,
778 2117 835 2165 et
876 2108 929 2163 in
977 2116 1177 2177 partem
1222 2100 1545 2158 ha'reditatis
1584 2108 1867 2158 vocarent;
1898 2095 2037 2168 quod

460 2202 550 2259 ubi
589 2196 875 2269 fecissent,
922 2198 1055 2253 hanc
1102 2195 1329 2251 libenter
1372 2192 1669 2263 portionem
1721 2186 2043 2258 suscipiebat

463 2290 654 2365 (Serm.
676 2290 799 2355 555,
827 2306 881 2345 n.
903 2288 982 2357 ι).
1020 2287 1126 2343 Eos
1156 2286 1353 2357 pariter
1374 2282 1716 2346 hortabatur,
1749 2287 1807 2335 ut
1834 2277 2044 2333 curiose

460 2385 853 2456 perquirerent,
883 2396 948 2437 an
976 2381 1115 2437 servi
1143 2379 1234 2434 Dei
1266 2383 1321 2432 et
1344 2375 1598 2432 Ecclesiae
1621 2369 1851 2456 ministri
1871 2368 2043 2436 aliqua

461 2444 524 2531 re
550 2444 867 2544 indigerent;
897 2479 951 2526 et
979 2483 1162 2524 eorum
1184 2478 1373 2538 preces
1401 2444 1717 2518 liberalitatis
1743 2472 1835 2513 sua
1856 2471 2044 2529 quam-

462 2562 693 2634 primum
724 2560 1081 2632 praevenirent
1104 2554 1317 2629 (Enarr.
1347 2553 1400 2609 in
1441 2549 1582 2607 Psal.
1618 2564 1708 2608 cut
1729 2591 1745 2617 ,
1785 2563 1936 2604 serat.
1981 2546 2044 2607 5,

465 2670 556 2709 nn.
592 2651 693 2721 ιο,
721 2653 834 2722 η).
865 2648 1000 2707 Illud
1026 2657 1202 2704 autem
1229 2661 1295 2703 eo
1330 2644 1583 2702 libentius
1609 2641 1858 2706 dicebat,
1906 2640 2047 2710 quod

470 2746 720 2801 omnibus
754 2745 1086 2816 exploratum
1120 2748 1303 2804 esset,
1344 2750 1465 2794 eum
1507 2737 1605 2792 hac
1647 2735 1700 2791 in
1738 2750 1797 2791 re
1832 2734 2050 2788 minime

470 2846 702 2905 curare,
740 2843 801 2891 ut
841 2834 975 2890 hanc
1020 2833 1073 2888 itt
1122 2833 1291 2902 ipsum
1334 2828 1733 2885 beneﬁcentiam
1777 2833 1830 2881 et
1869 2837 2050 2879 curam

466 2924 1005 2998 adhibetent(En‘arr.
1030 2923 1081 2978 in
1114 2918 1260 2977 Psal.
1290 2934 1486 2980 csum.
1510 2935 1563 2974 η.
1597 2917 1688 2984 l7,
1713 2925 1762 2971 et
1791 2913 1977 2970 Enarr.
1999 2913 2053 2967 in

470 3011 614 3091 Petti.
645 3028 735 3074 ctu
755 3060 772 3085 ,
803 3029 954 3073 serm.
984 3016 1018 3068 ει
1035 3058 1051 3082 ,
1079 3030 1131 3069 n.
1164 3012 1273 3083 l2).
1303 3010 1408 3069 Sed
1432 3021 1481 3067 ct
1500 3009 1563 3065 de
1586 3009 1807 3081 neglecto
1834 3023 1867 3061 a
1891 3006 2055 3076 βάρη-

471 3111 565 3167 bus
605 3110 968 3182 gazophylacio
1004 3117 1051 3162 et
1093 3106 1363 3162 secretario
1385 3144 1401 3173 ,
1444 3102 1578 3157 unde
1602 3100 1760 3155 altari
1780 3098 2056 3153 necessaria

473 3199 762 3275 inferuntur
780 3241 795 3262 ,
824 3196 1049 3254 Possidii
1076 3197 1238 3251 verba
1268 3202 1429 3260 sunt,
1460 3190 1736 3262 aliquando
1771 3190 1824 3243 in
1850 3187 2056 3243 ecclesia

474 3278 685 3363 loquens
724 3290 1056 3354 admonebat;
1096 3278 1230 3357 qhod
1277 3287 1429 3340 etiam
1468 3282 1808 3337 beatissimum
1848 3280 2056 3334 Ambro-

478 3380 617 3439 sium
642 3396 697 3436 se
723 3392 969 3449 praesente
994 3379 1047 3432 in
1070 3376 1276 3432 ecclesia
1304 3374 1591 3429 tractauisse
1618 3372 1759 3426 nobis
1787 3372 2057 3441 aliquando

474 3471 718 3552 retulerat
741 3468 965 3541 (Possid.
988 3470 1041 3524 in
1072 3463 1188 3523 Vita
1219 3468 1456 3538 August.,
1482 3481 1528 3518 c.
1555 3462 1682 3534 24).
1722 3461 1973 3517 Securius
1997 3476 2061 3515 ac

478 3565 646 3623 tutius
671 3563 953 3629 censebat,
978 3563 1089 3618 sola
1133 3568 1448 3616 testamento
1469 3558 1638 3629 legata
1663 3598 1677 3620 ,
1707 3571 1862 3625 quam
1892 3555 2060 3609 luere-

479 3656 672 3715 ditates
700 3658 931 3727 integras
961 3654 1028 3711 ab
1054 3652 1292 3710 Ecclesia
1336 3650 1533 3725 suscipi
1560 3668 1573 3705 :
1607 3648 1944 3705 hmreditates
1983 3656 2061 3703 ta-

480 3736 602 3805 men
645 3748 904 3804 interdum
937 3746 1259 3815 suscipiebat
1282 3790 1295 3809 ,
1347 3753 1404 3800 ut
1435 3743 1630 3800 Juliani
1661 3741 2057 3807 htercditatem,

479 3838 621 3910 quod
656 3839 793 3893 nulla
823 3838 970 3908 prole
1004 3835 1188 3893 relicta
1229 3836 1447 3895 obiisset
1490 3833 1680 3904 (Serm.
1715 3832 1852 3898 535,
1896 3847 1948 3885 ιι.
1980 3829 2057 3902 4).

484 3924 703 3996 Quidam
733 3929 885 3992 etiam
923 3945 984 3983 ea:
1011 3928 1269 3982 honoratis
1310 3924 1745 3997 Hipponensium,
1774 3922 1848 3978 ait
1887 3922 2063 3976 Possi-

481 4018 633 4084 dius,
663 4019 803 4091 apud
844 4012 1200 4090 Carthaginem
1234 4019 1426 4082 vivens,
1472 4015 1712 4070 Ecclesia
1744 4010 2063 4085 Hipponensi

485 4112 841 4183 possessionem
885 4111 1074 4165 donare
1114 4110 1270 4163 uoluit
1290 4150 1305 4175 ,
1349 4118 1395 4162 et
1427 4109 1678 4178 confectas
1709 4106 1904 4159 tabulas
1927 4146 1939 4166 ,
1971 4103 2062 4158 sibi

481 4205 746 4274 usup'uctu
772 4210 960 4257 retento
983 4244 999 4268 ,
1042 4203 1177 4256 ultro
1213 4200 1371 4254 cidem
1400 4210 1585 4252 sancta:
1610 4182 1862 4251 memoriae
1888 4196 2061 4266 Angu-

485 4290 615 4348 stino
640 4292 774 4348 misit
804 4308 822 4347 :
849 4293 997 4364 cujus
1020 4291 1107 4346 ille
1134 4291 1435 4345 oblationem
1456 4291 1663 4344 libenter
1689 4290 1915 4357 accepit,
1945 4304 2066 4342 con-

483 4383 745 4455 gratularis
771 4384 816 4438 ei
841 4382 978 4453 quod
1004 4390 1203 4437 aeterna:
1228 4397 1333 4436 suae
1366 4398 1556 4435 memor
1580 4389 1706 4435 esset
1730 4380 1928 4434 salutis.
1970 4377 2067 4434 Ve-

480 4488 596 4530 rum
624 4485 737 4545 post
770 4476 965 4546 aliquot
1001 4491 1163 4529 annos
1191 4472 1331 4529 nobis
1354 4476 1485 4546 forte
1509 4489 1621 4525 cum
1646 4473 1817 4527 eodem
1841 4471 2065 4525 cominus

483 4568 782 4633 constitutis,
807 4585 916 4624 ecce
938 4568 1025 4622 ille
1046 4568 1264 4622 donator
1282 4565 1474 4621 litteras
1492 4582 1582 4638 per
1600 4582 1745 4620 suum
1772 4565 1934 4635 ﬁlium
1951 4564 2066 4619 mit-

485 4669 615 4724 tens,
643 4660 834 4730 rogavit
858 4671 911 4714 ut
952 4658 1059 4714 illa:
1096 4659 1422 4714 donationum
1458 4656 1643 4712 tabula!
1674 4674 1767 4712 suo
1794 4657 2064 4714 reddcrcno

486 4761 568 4805 tur
594 4750 742 4819 lilio;
769 4751 1070 4821 pauperibus
1095 4769 1208 4806 vero
1238 4752 1518 4824 erogandos
1542 4751 1722 4805 direxit
1740 4749 1929 4805 solidos
1953 4767 2066 4803 ceu.

486 4852 613 4895 tum.
647 4838 759 4906 Quo
785 4840 871 4895 ille
894 4852 1096 4896 sanctus
1119 4843 1318 4913 cOgttito
1343 4885 1358 4908 ,
1388 4844 1656 4913 ingemuit,
1703 4841 1955 4895 hominem
1990 4843 2067 4894 vel

486 4931 694 5002 ﬁnxisse
722 4931 1071 4997 donationem,
1103 4933 1179 4988 uel
1204 4950 1314 4986 eum
1336 4933 1399 4986 de
1431 4937 1557 4988 bono
1577 4952 1729 5005 opere
1757 4935 2061 5005 pteniluisse,

490 5031 537 5075 et
562 5032 753 5092 quanta
783 5023 965 5092 potuit,
994 5021 1102 5077 Deo
1125 5033 1417 5095 suggerente
1441 5025 1580 5078 cordi
1613 5025 1744 5094 ejus,
1760 5041 1874 5079 cum
1896 5026 2067 5080 dolore

490 5110 649 5165 animi
676 5126 739 5167 ea:
759 5113 934 5168 eadem
969 5113 1306 5184 refragatione
1329 5113 1486 5181 dixit,
1516 5114 1568 5167 in
1596 5114 1734 5168 illius
1760 5115 1946 5169 scilicet
1984 5116 2063 5169 ia-

486 5203 826 5271 erepationem
886 5212 934 5259 et
983 5206 1339 5258 correctionem
1376 5217 1394 5257 :
1433 5213 1479 5258 et
1521 5202 1718 5258 tabulas
1735 5245 1750 5268 ,
1804 5221 1927 5275 quas
1982 5204 2067 5259 ille

489 5302 667 5366 sponte
690 5295 931 5360 miserat,
962 5310 1054 5350 nec
1079 5294 1403 5359 desideratas,
1441 5309 1530 5349 nec
1553 5305 1772 5356 exactas.
1806 5298 2066 5367 confestim

489 5386 746 5450 reddidit;
787 5384 1144 5458 pecuniamque
1174 5386 1316 5441 illam
1356 5388 1585 5456 respuit,
1632 5395 1780 5457 atque
1814 5388 2068 5458 rescriptis

491 5478 741 5543 uiridem,
771 5478 900 5533 sicut
943 5481 1194 5549 oportuit,
1235 5490 1280 5533 et
1309 5480 1477 5551 arguit
1503 5490 1549 5534 et
1590 5480 1863 5550 corripuit;
1887 5480 2067 5535 admo«

490 5585 614 5626 nens
648 5581 703 5623 ut
740 5570 804 5625 de
829 5587 923 5626 sua
949 5570 1271 5626 simulatione
1293 5570 1369 5625 vel
1402 5570 1664 5639 iniquitate
1693 5586 1804 5625 cum
1828 5572 2068 5642 pwniten-

490 5660 576 5716 lia:
602 5661 882 5717 humilitate
907 5661 1012 5718 Deo
1029 5662 1357 5735 satisfaceret,
1383 5677 1444 5716 ne
1467 5676 1579 5715 cum
1603 5670 1702 5717 tam
1728 5663 1867 5735 gravi
1886 5657 2065 5720 delicto

490 5751 555 5813 de
576 5758 759 5813 seculo
783 5757 939 5815 exiret
972 5755 1223 5830 (Post-id"
1249 5754 1306 5813 in
1337 5754 1449 5811 Vita
1478 5754 1716 5829 August.,
1746 5773 1792 5815 ο.
1822 5756 1943 5830 24).

1526 334 1684 395 νιτει
1709 332 1768 392 s.
1809 322 2173 409 sucusrtut
2213 317 2543 391 artscort.

3604 302 3725 377 -238

2205 437 2259 493 ι.
2285 434 2508 505 Quidam
2535 430 2854 495 iionoratns,
2879 422 3213 483 facultatibus
3246 420 3356 477 suis
3385 431 3497 474 non
3536 415 3722 472 dimis-

2135 528 2230 594 sis,
2263 530 2316 585 itt
2355 524 2663 597 Tagastensi
2690 514 2935 578 cinnohlo
2964 517 3308 573 monasticam
3334 514 3500 567 vitam
3528 510 3727 579 amplc-

2136 626 2258 689 xus,
2284 616 2617 691 postmodum
2655 614 2708 669 in
2738 606 3018 667 ’l‘hiavt-nsi
3048 605 3283 664 Ecclesia
3322 604 3621 677 presbyter
3645 617 3727 655 ur-

2136 704 2351 769 tlinatus
2376 718 2480 764 est.
2515 706 2639 762 Post
2665 704 2783 776 ejus
2810 702 3012 757 obitum
3041 698 3365 754 Thiavenscs
3394 694 3546 751 illius
3577 692 3724 756 bona,

2137 804 2252 883 sive
2274 804 2376 858 hoc
2403 816 2508 854 uno
2528 797 2767 858 nomine.
2791 793 2931 865 quod
2951 790 3090 862 apud
3119 789 3266 859 ipsos
3294 786 3585 856 presbyter
3606 781 3725 836 luis.

2112 876 2224 951 ‘s‘et
2248 892 2546 957 Ordinatus,
2575 888 2688 944 sive
2711 887 2891 956 aliquo
2910 881 3210 938 donationis
3235 879 3387 934 titulo
3412 877 3517 932 sibi
3552 871 3713 930 τί.ιῶ-

2138 993 2347 1041 carunt.
2369 983 2565 1037 Contra
2585 994 2710 1035 vero
2734 977 2955 1049 Alypius
2976 974 3089 1029 lucc
3108 974 3244 1027 bona
3266 978 3534 1026 monastet
3548 966 3603 1023 iu
3620 977 3725 1031 suo,

2137 1076 2283 1148 quod
2316 1076 2613 1130 llonoratus
2644 1072 2697 1127 in
2727 1083 2793 1125 co
2831 1067 3177 1124 monasticam
3203 1062 3394 1119 fuisset
3435 1062 3725 1118 institutum

2115 1174 2387 1232 let-tatus,
2417 1176 2656 1221 asserere
2685 1161 2990 1226 nitebatur;
3018 1166 3071 1213 et
3097 1166 3216 1217 cum
3260 1157 3565 1211 monachus
3607 1152 3726 1209 nihil

2139 1259 2414 1332 proprium
2440 1256 2710 1327 possidere
2731 1255 2942 1317 debeat,
2965 1249 3215 1324 quidquid
3239 1250 3327 1305 ille
3352 1247 3652 1311 habuisset,
3671 1247 3725 1299 ad

2140 1350 2523 1407 monasterium
2550 1362 2703 1404 suum
2732 1348 2999 1417 pertinere
3025 1341 3401 1398 c0tttendehat.
3431 1338 3528 1394 Sin
3556 1338 3728 1393 decer-

2140 1456 2363 1501 neretur
2389 1441 2680 1499 monachus
2721 1452 2877 1512 posse
2911 1437 3177 1509 quidpiam
3212 1432 3529 1505 possidere,
3566 1432 3728 1485 locum

2140 1535 2209 1592 iis
2235 1534 2350 1591 dari
2377 1533 2450 1589 ad
2468 1530 2982 1605 procrastinandam,
3005 1534 3259 1597 quantum
3290 1530 3534 1594 pOSsettl,
3563 1534 3728 1576 rerum

2141 1632 2359 1683 Suarum
2404 1626 2779 1682 venditionem.
2811 1622 2923 1678 iiac
2945 1620 3013 1676 de
3046 1628 3204 1674 causa
3235 1616 3492 1672 Thiavam
3531 1626 3595 1671 se
3620 1627 3728 1668 cum

2142 1718 2332 1790 Alypio
2351 1716 2574 1772 contulit
2597 1713 2959 1785 Augustinus:
2988 1710 3082 1766 sed
3110 1724 3230 1765 cum
3276 1705 3540 1776 temporis
3578 1718 3730 1773 augu-

2142 1812 2259 1869 stius
2284 1818 2562 1878 utrumque
2587 1807 2675 1861 ditt
2706 1806 2805 1860 hac
2826 1805 2892 1860 de
2922 1818 2980 1859 re
3008 1802 3307 1857 deliberare
3336 1815 3442 1853 non
3468 1796 3730 1877 sivissent’

2138 1904 2279 1975 juri,
2316 1901 2456 1973 quod
2485 1898 2812 1955 Thiavenses
2842 1895 2942 1951 sibi
2985 1892 3318 1948 vindicabant
3346 1930 3362 1955 ,
3405 1885 3728 1943 intercessit:

2144 1998 2396 2067 visusque
2447 2000 2531 2049 est
2576 1992 2829 2063 probasse
2871 1987 3187 2043 sententiam
3236 1981 3434 2065 Alypﬁ,
3465 1979 3557 2051 qui
3586 1976 3727 2033 dimi-

2146 2088 2288 2155 diam
2308 2062 2848 2143 huttorumlionomti
2867 2088 3066 2151 partem
3088 2062 3499 2139 Titiavettsibus,
3523 2071 3728 2128 alterum

2146 2184 2276 2234 vero
2304 2177 2644 2249 pauperibus,
2671 2173 2771 2228 hoc
2799 2179 2882 2227 est
2908 2167 3182 2226 monachis
3208 2166 3442 2231 cmuobii
3468 2163 3553 2219 sui
3580 2162 3731 2233 Taga-

2148 2272 2365 2334 stensis,
2389 2268 2560 2325 addici
2593 2268 2832 2330 vo'eltat;
2864 2264 2942 2319 sic
2968 2272 3143 2317 tamen
3166 2268 3216 2315 ut
3249 2258 3356 2315 illis
3381 2255 3599 2311 dimidia
3626 2266 3734 2325 pars

2149 2378 2309 2435 quam
2350 2361 2446 2416 ista
2477 2359 2739 2414 divisione
2762 2355 3089 2420 amitterent,
3117 2352 3186 2406 ab
3209 2348 3509 2416 Augustino
3534 2342 3733 2400 aliunde

2153 2454 2538 2525 provideretur.
2573 2447 2690 2506 Non
2725 2446 2917 2519 placuit
2962 2441 3348 2499 Thiavmtsibus
3384 2439 3486 2495 ista
3513 2436 3729 2509 partitio.

2153 2545 2291 2617 Quin
2320 2546 2479 2601 etiam
2511 2542 2756 2598 videntur
2784 2537 3118 2596 insimulasse
3154 2534 3415 2607 Alypium,
3456 2529 3609 2600 quasi
3642 2527 3732 2584 mi-

2156 2655 2257 2695 nus
2287 2637 2463 2693 hacin
2491 2652 2551 2693 re
2588 2637 2925 2706 :cquitatem,
2960 2646 3119 2703 quam
3160 2643 3287 2685 snas
3320 2625 3490 2698 ipsius
3517 2625 3733 2680 rationes

2155 2718 2545 2801 eomtnodaque
2569 2727 2886 2785 attenderet.
2912 2724 2967 2782 in
2993 2740 3059 2780 eo
3081 2736 3255 2779 tamen
3281 2729 3422 2776 statu
3442 2729 3733 2776 conth

2157 2827 2237 2883 sia
2266 2838 2391 2881 tunc
2416 2826 2515 2880 ista
2551 2823 2731 2878 relicta
2761 2832 2862 2876 est.
2888 2817 3086 2875 Verum
3128 2833 3249 2874 cum
3282 2814 3610 2888 Augustinus
3635 2819 3734 2883 post

2165 2918 2395 2974 reditum
2425 2931 2637 2971 causam
2668 2915 2821 2969 istam
2853 2920 3123 2967 momento
3148 2924 3247 2965 suo
3266 2908 3354 2964 diu
3383 2905 3731 2978 pandet-asset.

2160 3013 2297 3070 vidit
2341 3011 2483 3066 illam
2529 3019 2886 3064 controversa:
2922 3002 3159 3076 pecunia:
3203 3001 3537 3073 partitionem
3580 2994 3735 3066 suspi-

2161 3099 2648 3174 cionecnp‘tditatis
2671 3115 2776 3153 non
2804 3111 3009 3163 carere,
3041 3106 3362 3164 prorsusque
3392 3087 3633 3145 redolere
3654 3082 3737 3140 iso-

2163 3195 2359 3259 mines,
2382 3192 2470 3262 qui
2497 3191 2564 3245 de
2588 3186 2891 3259 pecuniario
2911 3183 3212 3248 Commodo,
3242 3199 3345 3237 non
3367 3180 3436 3236 de
3451 3177 3650 3250 iustitia
3672 3174 3734 3230 ls-

2162 3282 2415 3341 borarent
2439 3301 2454 3337 :
2485 3281 2564 3337 sic
2590 3280 2824 3336 incidere
2856 3294 2915 3334 se
2949 3277 3000 3332 in
3026 3292 3142 3331 eam
3172 3273 3294 3335 mali
3316 3270 3567 3343 speciem,
3595 3283 3626 3322 a
3648 3280 3735 3338 qua

2164 3390 2264 3431 nos
2291 3371 2578 3445 Apostolus
2612 3372 2764 3443 jubet
2803 3370 3069 3427 abstinere
3108 3365 3159 3440 (Ι
3191 3364 3370 3421 Thess.
3398 3379 3450 3429 ν,
3486 3360 3555 3419 ει
3578 3362 3634 3433 );
3668 3356 3733 3415 ιτ-

2163 3470 2288 3527 bem
2317 3483 2375 3524 se
2413 3452 2762 3538 praesulibus,
2789 3464 2880 3536 qui
2914 3463 3087 3535 magni
3127 3460 3266 3532 apud
3309 3458 3555 3532 pOpulutn
3600 3461 3734 3511 erant

2166 3560 2399 3616 nominis
2422 3601 2438 3627 ,
2467 3574 2787 3631 asttergcre;
2816 3572 2981 3628 seque
3011 3555 3344 3611 inﬁrmorum
3381 3549 3567 3607 animis
3604 3565 3732 3606 utor-

2168 3666 2275 3711 tem
2301 3652 2521 3717 inferre,
2552 3668 2778 3724 quorum
2810 3649 2879 3707 ad
2909 3650 3132 3706 salutent
3160 3640 3434 3720 permagni
3455 3646 3730 3703 interesset,

2167 3745 2627 3819 persuasissimum
2658 3743 2876 3810 habere,
2909 3741 3162 3811 praesules
3195 3740 3244 3793 itt
3275 3731 3636 3807 hujuscemodi
3657 3747 3729 3787 re-

2166 3834 2266 3891 bus
2302 3835 2514 3891 sordida
2548 3835 2783 3905 pecunia:
2809 3832 3099 3906 cupiditate
3143 3845 3248 3886 nou
3283 3829 3424 3887 duci.
3456 3825 3600 3898 Quod
3630 3822 3730 3895 qui~

2167 3928 2291 3983 dem
2331 3936 2453 3982 tunc
2496 3927 2750 3996 temporis
2794 3939 2861 3980 eo
2892 3926 3058 3995 magis
3084 3920 3381 3978 cavendum
3424 3927 3565 3981 erat,
3608 3912 3731 3988 quod

2169 4033 2337 4087 nuper
2364 4017 2417 4070 lti
2447 4017 2622 4086 populi
2645 4015 2917 4071 catholica:
2940 4013 3055 4085 paci
3081 4013 3453 4075 accessissent,
3482 4017 3592 4081 post
3614 4003 3730 4060 mul-

2171 4118 2253 4163 tos
2292 4109 2502 4163 labores
2532 4124 2591 4163 ea
2620 4109 2687 4162 de
2715 4122 2875 4162 eausa
2897 4116 3202 4177 susceptos;
3234 4121 3458 4176 quorum
3494 4101 3731 4173 particeps

2170 4201 2223 4256 in
2266 4200 2449 4271 primis
2481 4198 2653 4255 fuerat
2680 4200 3036 4271 Augustinus,
3077 4214 3199 4255 cum
3230 4206 3452 4253 testatur
3488 4210 3545 4251 se
3578 4191 3641 4247 ab
3678 4191 3730 4243 iis

2170 4294 2474 4350 nullatenus
2494 4309 2648 4365 posse
2672 4280 2990 4352 desciscere.
3015 4293 3287 4350 Possidius
3300 4293 3419 4363 ipse
3438 4292 3580 4347 binas
3600 4292 3729 4345 nota!

2169 4386 2448 4456 Augustini
2472 4386 2674 4440 litteras
2698 4384 2764 4439 ad
2788 4384 3113 4441 Tbiavenses
3137 4395 3321 4441 contra
3348 4383 3639 4439 Donatista
3651 4370 3727 4451 (in

2174 4475 2368 4544 Indic.,
2408 4494 2523 4547 cap.
2555 4477 2646 4549 3).
2675 4475 2826 4543 Quod
2853 4476 3041 4529 attinet
3063 4475 3129 4530 ad
3159 4472 3587 4540 incommodum,
3606 4464 3727 4549 quod

2172 4568 2394 4640 Alypius
2416 4546 2477 4622 in
2512 4546 2790 4625 hisbonis
2834 4566 3085 4623 Ecclesiae
3123 4556 3407 4621 Thiavensi
3453 4546 3727 4621 addiceudis

2172 4658 2405 4723 videbat,
2438 4670 2656 4731 propter
2685 4660 2821 4715 hanc
2846 4658 3058 4714 scilicet
3075 4673 3308 4724 causam,
3340 4656 3482 4729 quod
3510 4648 3725 4710 monachi

2171 4753 2413 4806 nuntium
2439 4752 2591 4807 bonis
2616 4752 2726 4807 suis
2750 4751 3019 4809 remittere
3047 4759 3357 4805 tenerentur
3373 4792 3390 4815 ,
3430 4749 3557 4805 satis
3580 4732 3726 4801 anitu-

2170 4842 2480 4897 advertebat
2532 4840 2934 4914 Augustinusid
2984 4842 3305 4901 incommodi
3335 4844 3385 4897 in
3424 4844 3521 4898 ista
3548 4853 3726 4913 quoque

2171 4935 2433 4991 divisione
2463 4932 2725 5006 reperiri;
2768 4935 2841 4991 ita
2867 4944 2924 4990 ut
2963 4936 3139 4991 minus
3181 4934 3397 5005 periculi
3430 4939 3543 4991 lore
3564 4948 3652 4990 ceu
3668 4946 3725 4984 c-

2172 5034 2293 5093 ret,
2346 5024 2391 5080 si
2446 5024 2575 5080 ttiltil
2636 5027 2853 5081 omnino
2909 5022 3298 5081 'l‘hiavcnsibtts
3352 5023 3723 5080 concederetur.

2168 5115 2401 5172 "Aliunde
2427 5118 2685 5172 rationem
2717 5117 2895 5190 Αιγιιῆ
2930 5133 3033 5172 non
3070 5118 3247 5173 valere
3274 5117 3651 5176 arbitrabatur,
3681 5120 3728 5165 et

2174 5207 2223 5261 itt
2256 5206 2339 5263 his
2366 5207 2607 5262 civilibus
2645 5206 2798 5261 bouis
2836 5208 3081 5261 standum
3118 5222 3239 5262 esse
3280 5207 3500 5277 putabat
3535 5199 3726 5274 imperio

2171 5296 2343 5369 legum
2371 5299 2635 5363 civilium;
2666 5297 2821 5368 juxta
2852 5313 2982 5368 quas
3019 5296 3263 5352 monachi
3293 5296 3398 5352 illts
3430 5292 3723 5368 temporibus

2170 5403 2259 5445 res
2307 5403 2431 5444 suas
2464 5390 2766 5446 obtinebant
2787 5432 2800 5450 ,
2828 5388 2997 5446 donec
3022 5405 3114 5445 eas
3139 5390 3518 5456 vendidissent,
3546 5398 3631 5443 aut
3651 5375 3722 5438 θεὲ

2170 5496 2286 5536 rum
2329 5482 2666 5538 donatioaetn
2712 5481 2957 5538 fet'issettl
2997 5501 3010 5537 :
3048 5482 3182 5537 adeo
3221 5492 3278 5538 ut
3316 5482 3587 5537 tttonacltis
3623 5480 3722 5535 ειιω

2168 5575 2513 5632 constitutam
2550 5577 2889 5632 donationem
2929 5566 3304 5637 merientibns,
3340 5592 3445 5631 tton
3486 5580 3720 5645 monaste-

2170 5669 2328 5747 rium.
2356 5667 2450 5725 sed
2479 5668 2668 5740 privati
2694 5667 2997 5723 earumdem
3025 5683 3087 5722 ex
3112 5668 3286 5738 legum
3314 5667 3615 5738 pra'scripttt
3639 5662 3723 5716 lla-

2172 5757 2330 5827 redcs
2356 5758 2722 5820 succederent.
2753 5758 2917 5833 Cujus
2934 5761 3015 5827 rei
3037 5760 3238 5833 aliquot
3255 5761 3492 5835 exempla
3517 5763 3718 5833 pm
