3868 6406
147 372 154 376 .
213 353 306 415 ω
1470 347 1670 410 LIBER
1705 349 2043 424 ausurus.

211 471 379 525 serant.
421 459 711 540 Augustinus
763 463 914 534 igitur
969 463 1292 533 monachos,
1348 468 1492 538 prius
1539 482 1695 540 quam

210 562 536 626 κόνει-θυίων,
570 554 632 608 ad
662 569 831 610 rerum
859 570 1068 610 suarum
1097 559 1449 614 venditionem
1479 569 1570 615 aut
1605 563 1700 616 do-

207 651 427 707 nationem
463 645 694 717 astringl,
735 645 885 702 valde
916 647 1167 716 probabat
1199 667 1214 706 :
1251 651 1331 706 sin
1375 667 1433 707 re
1464 667 1558 707 sua
1593 669 1698 709 non

206 729 382 799 tentiita‘
411 726 496 796 nec
529 754 618 810 per
649 738 980 796 donationem
1019 741 1070 796 In
1109 745 1405 814 quempiam
1448 747 1696 801 translata

201 818 507 895 morerentur,
546 843 720 886 eorum
753 825 893 885 bona
929 830 1064 902 juris
1103 833 1272 888 civilis
1319 835 1467 904 sequi
1503 837 1698 893 debere

198 909 526 998 proscriptum;
561 930 612 977 ut
651 923 903 992 pra-sules
940 925 1006 978 ab
1043 925 1155 995 ipsa
1196 927 1353 980 etiam
1397 929 1693 997 cupiditatis

197 1003 340 1091 “me
363 1023 546 1086 prorsus
570 1015 716 1070 vacui
745 1024 799 1072 et
823 1003 938 1088 puri
965 1019 1276 1084 existerent,
1317 1031 1369 1075 et
1398 1021 1532 1076 hanc
1558 1023 1692 1077 inle-

194 1109 364 1180 gritatis
383 1107 546 1172 famam
587 1107 964 1178 dispensationi
1006 1126 1114 1165 sum
1145 1121 1414 1184 tantopere
1455 1130 1694 1172 IlCCl‘SSil-

197 1202 310 1256 riam
341 1193 420 1256 sibi
437 1209 686 1256 servarent
710 1201 1050 1256 incolumem.
1083 1201 1160 1258 Es
1200 1201 1298 1261 hac
1330 1208 1529 1276 regula,
1560 1207 1694 1262 bona

193 1287 398 1346 Honorati
419 1291 475 1356 ad
499 1287 818 1350 Thiavenses
869 1294 1214 1362 pertinebant.
1250 1295 1352 1350 Sed
1383 1307 1438 1352 ιιι
1465 1315 1524 1353 ea
1565 1298 1689 1353 falsa

189 1375 368 1448 tutan;
391 1383 606 1452 quoniam
647 1383 786 1438 illius
828 1381 1028 1439 falsitas
1058 1383 1440 1441 Thiavensihus
1469 1387 1689 1443 demon-

143 1470 150 1476 ’
187 1472 314 1525 Itrarl
333 1485 418 1525 non
441 1483 644 1542 poterat,
671 1475 838 1529 satius
866 1488 985 1531 esse
1007 1477 1256 1532 censebat
1277 1481 1616 1549 Augustinus,
1639 1493 1690 1535 et

185 1569 333 1621 dorum
359 1561 612 1620 inﬁrmitati
639 1569 883 1640 obsequi,
912 1579 962 1624 et
990 1568 1293 1625 oll'eusionis
1315 1571 1540 1625 vitandas
1568 1579 1688 1642 gra-

141 1653 148 1658 ’
185 1652 418 1732 [laborum
439 1658 681 1712 battornm
715 1661 1104 1732 possessionem
1138 1663 1242 1716 illis
1272 1663 1480 1718 cedere.
1511 1663 1688 1720 Move-

183 1741 310 1800 ilallll'
331 1730 539 1818 exemplo
563 1730 755 1804 Christi
801 1745 1009 1804 Domini
1031 1792 1044 1814 ,
1075 1751 1164 1822 qui
1200 1753 1480 1820 tt'ibttttlm,
1515 1767 1544 1808 a
1585 1771 1689 1823 quo

183 1835 276 1904 ipse
300 1831 487 1892 liberum
510 1851 561 1892 se
591 1837 859 1906 professus
888 1851 990 1906 est,
1016 1855 1131 1896 eam
1159 1842 1226 1897 ob
1245 1857 1455 1898 eausam
1488 1848 1690 1914 persol-

183 1925 268 1993 vit;
287 1927 396 1984 sicut
420 1938 464 1983 et
492 1930 644 1995 gestis
677 1931 918 2002 Apostoli
942 1975 954 1997 ,
983 1934 1070 2003 qui
1100 1944 1152 1989 ut
1175 1934 1326 1988 fama:
1355 1953 1463 1991 sure
1491 1953 1685 1993 consu-

183 2014 311 2080 leret,
331 2016 377 2072 in
399 2016 496 2087 ipso
521 2018 768 2075 Ecclesia:
791 2023 908 2090 jure
934 2025 1165 2094 pepercit
1191 2026 1430 2089 infirmis,
1463 2037 1516 2083 et
1540 2027 1686 2082 debi-

191 2111 283 2159 lttm
308 2105 568 2177 stipendium
602 2112 886 2180 aliquando
923 2128 1024 2168 non
1070 2117 1261 2185 exegit.
1301 2117 1550 2182 Quamvis
1581 2121 1684 2172 Au—

181 2197 387 2266 [Itstinus
398 2199 466 2258 liis
479 2203 753 2259 rationibus
769 2204 1026 2262 adductus
1043 2207 1092 2262 id
1113 2223 1417 2278 persuasum
1440 2211 1652 2266 haberet
1671 2230 1682 2270 .‘

181 2297 326 2344 tamen
349 2305 407 2345 ac
430 2293 472 2347 in
495 2299 802 2352 semt-ntiam
844 2313 991 2353 suam
1019 2301 1302 2371 proclivior
1322 2314 1540 2363 erraret,
1573 2320 1685 2359 rem

171 2375 399 2436 Samsucio
420 2385 654 2454 episcopo
679 2385 930 2443 Turrensi
961 2391 1223 2460 exposuit,
1255 2391 1408 2461 eique
1443 2393 1491 2445 id
1523 2409 1683 2447 unum

169 2467 331 2536 retulit,
351 2473 476 2543 Quod
496 2474 604 2544 ipse
622 2492 744 2532 eum
767 2479 954 2550 Alypio
977 2483 1199 2549 primum
1224 2484 1511 2537 statuisset.
1534 2481 1686 2537 Sam-

164 2564 312 2619 sucius
351 2566 396 2620 in
431 2567 729 2624 liberalibus
768 2573 977 2640 quidem
1027 2573 1213 2628 litteris
1253 2590 1356 2628 non
1396 2574 1682 2629 admodum

167 2656 456 2730 exercitatus,
483 2659 572 2715 sed
593 2677 716 2718 vera
744 2661 848 2717 l‘tde
875 2665 1133 2732 eruditus,
1162 2667 1226 2720 ad
1256 2667 1368 2720 haec
1389 2665 1678 2731 exhorruit,

161 2751 204 2804 et
224 2754 314 2803 tam
334 2749 510 2806 foedam
538 2769 646 2807 rem
669 2754 949 2824 cujuslibet
975 2758 1075 2810 vita
1100 2765 1151 2811 et
1177 2757 1410 2810 moribus
1432 2757 1682 2828 indiguis-

160 2837 332 2908 Iltnatn,
358 2844 404 2899 in
431 2847 704 2920 Augustini
736 2857 789 2901 et
818 2848 989 2920 Alypii
1022 2859 1250 2903 mentem
1283 2852 1490 2904 venisse
1521 2851 1681 2905 mira-

161 2941 226 3010 tus
246 2947 332 2992 est.
361 2935 679 3008 Quapropter
718 2943 1058 3010 Augustinus,
1091 2951 1147 2996 ut
1191 2942 1547 2997 hauri-ditatem
1581 2943 1683 2998 llo-

156 3027 293 3082 annui
325 3025 701 3084 Thiavensibus
727 3031 944 3086 omnino
972 3032 1213 3095 cederet,
1253 3034 1461 3101 scripsit
1499 3036 1561 3087 ad
1589 3050 1680 3090 eos

156 3116 404 3194 epistolam,
434 3135 588 3194 quam
619 3121 684 3175 ad
717 3122 833 3191 Alyl
856 3122 963 3177 inm
1003 3122 1212 3185 direxit,
1243 3140 1436 3193 rogans
1465 3136 1517 3178 ut
1553 3126 1677 3180 sub-

158 3186 362 3277 ieriplatn
400 3186 466 3266 ad
499 3227 593 3268 eos
630 3186 1018 3285 quamprimum
1064 3218 1464 3271 transmitteret.
1511 3215 1680 3272 Simul

158 3291 217 3370 illi
241 3302 443 3359 rationes
464 3345 478 3364 .
508 3305 700 3374 quibus
732 3304 796 3359 ad
830 3307 1145 3361 sententiam
1177 3307 1482 3362 mutandam
1525 3308 1680 3363 indu-

158 3395 250 3464 ctus
273 3403 362 3458 est,
383 3396 607 3466 graviter
631 3397 867 3466 exponit.
899 3397 1042 3453 llanc
1061 3414 1267 3467 quoque
1295 3399 1525 3470 regulam
1556 3402 1680 3456 reti-

157 3480 251 3536 neri
272 3483 385 3548 vult,
416 3496 465 3540 ut
488 3487 741 3559 quidquid
771 3488 890 3560 jure
915 3489 1052 3544 civili
1090 3490 1265 3544 clerici
1299 3490 1471 3552 fuerit,
1503 3491 1566 3546 ad
1601 3493 1680 3562 ip-

161 3570 252 3626 sius
275 3565 528 3633 Etclesiatit
563 3579 843 3650 pertineat.
875 3579 1054 3652 Neque
1084 3597 1211 3636 vero
1238 3584 1401 3650 ionit,
1435 3583 1512 3638 vel
1552 3583 1602 3639 id
1631 3586 1681 3639 vi

158 3655 407 3724 donationis
426 3681 574 3727 antea
599 3673 898 3728 Constitutae
925 3674 1056 3738 ﬁeri,
1081 3677 1161 3728 vel
1185 3676 1503 3732 Honomlnm
1530 3681 1682 3750 quid-

155 3767 283 3826 quam
306 3760 364 3817 de
389 3762 540 3819 rebus
565 3765 679 3819 suis
702 3768 966 3820 statuis-e.
1007 3764 1252 3823 Cauoues
1297 3778 1468 3824 tamen
1499 3771 1680 3826 Antio-

153 3846 279 3906 chr-ni
309 3852 477 3924 (Cone.
507 3858 737 3911 Antioch.
765 3875 954 3913 canone
993 3860 1095 3923 2L;
1125 3859 1308 3924 Labbe,
1340 3871 1458 3915 tant.
1487 3861 1522 3917 Ξ
1544 3905 1556 3926 ,
1588 3882 1676 3936 pp.

122 3929 232 4016 ’571
250 3945 395 4015 .580,
431 3950 556 4022 etc.)
581 3958 632 4004 et
667 3949 1031 4019 llipi-Ouenses
1069 3949 1289 4019 (Codice
1315 3955 1486 4008 Conon
1516 3929 1676 4025 Afiic.

151 4045 240 4107 tau.
263 4033 358 4110 32)
381 4041 684 4110 permittunt
725 4041 934 4096 clericis
953 4057 1068 4108 sua,
1097 4043 1283 4112 quibus
1315 4044 1495 4110 velint,
1521 4048 1678 4101 retin-

150 4137 311 4202 (μισθς
339 4144 430 4186 nec
456 4147 638 4186 eorum
672 4132 920 4186 Ecclesiis
955 4131 1224 4197 addicunt,
1254 4134 1350 4187 nisi
1380 4150 1495 4204 quze
1520 4137 1677 4191 cleri-

149 4221 266 4290 catus
285 4220 357 4273 sui
378 4229 610 4291 tempore
635 4223 848 4277 nomine
872 4238 968 4276 suo
993 4226 1431 4293 comparaverint.
1465 4226 1681 4283 Videtur

149 4312 277 4376 porro
309 4311 412 4366 lia‘c
449 4313 671 4370 laeultas
696 4314 1009 4385 quibusdam
1048 4317 1208 4371 veluti
1251 4317 1501 4372 cancellis
1530 4329 1677 4387 post-

147 4396 323 4454 modum
352 4401 505 4460 fuisse
545 4405 822 4470 restricta;
864 4407 1189 4477 legimusque
1227 4407 1507 4463 concilium
1545 4407 1676 4465 Car-

151 4481 413 4570 thaginiense
430 4497 643 4550 tertium
666 4498 836 4551 idibus
852 4497 1167 4568 septembrls
1179 4500 1522 4564 celebratum,
1537 4517 1677 4557 anno

150 4577 619 4660 qmdritlteutesitno
658 4586 848 4656 Ρτίιηοι
873 4587 1016 4656 ipsos
1048 4590 1205 4642 “iam
1241 4592 1518 4660 episcopﬂs
1551 4607 1676 4645 ana.

150 4659 337 4728 themate
359 4685 652 4746 percutere,
683 4677 772 4746 qui
808 4675 1030 4743 alienos,
1064 4679 1142 4732 vel
1171 4659 1329 4731 etiam
1360 4659 1675 4749 consangui-

144 4767 376 4820 neassuos
410 4769 638 4837 gentiles
664 4775 754 4820 aut
792 4767 1086 4832 haereticos,
1129 4768 1380 4822 Ecclesiae
1410 4772 1673 4838 protulis-

143 4859 235 4912 teat
255 4851 434 4924 (Ibid'.,
457 4873 570 4911 cun.
606 4859 667 4912 8i
691 4857 733 4929 ).
767 4856 965 4913 Forsan
995 4874 1200 4928 quoque
1232 4862 1502 4914 decretum
1536 4862 1672 4917 istud

143 4935 182 4994 lu
206 4929 550 5012 materiaribus
578 4949 819 5003 conciliis
847 4951 1220 5024 ampliﬁcatqu
1251 4962 1351 5017 est,
1379 4961 1431 5005 et
1453 4953 1673 5022 alicujus

143 5021 415 5105 inipet'atorii
455 5025 617 5097 edicti
649 5042 959 5095 auctoritate
997 5021 1324 5096 roboratum.
1365 5041 1515 5110 Quod
1545 5021 1672 5098 vero

141 5127 333 5206 ilict-Iret
348 5131 585 5206 Alypius,
606 5131 954 5204 Augustinum
974 5131 1242 5188 dimidiam
1269 5145 1490 5201 partem,
1512 5149 1667 5202 quam

141 5205 474 5278 Thimét’tsibus
510 5207 730 5278 concedi
757 5223 984 5288 Volebat,
1016 5224 1335 5276 monasterio
1361 5219 1666 5292 Tagastensi

141 5297 481 5378 persoluturum
499 5357 515 5379 ,
546 5323 769 5369 testatur
794 5315 1117 5385 Augustinus
1139 5355 1154 5379 ,
1187 5314 1344 5367 modo
1372 5314 1420 5367 id
1448 5314 1668 5385 Alypius

138 5391 292 5466 justum
314 5413 425 5482 esse
453 5407 651 5480 liquido
677 5409 989 5482 perspiciat,
1031 5424 1133 5463 non
1179 5409 1412 5463 abnuere
1451 5421 1544 5468 Se;
1572 5407 1666 5463 scd

142 5497 232 5549 cm
253 5479 475 5564 habuerit
501 5479 850 5564 redditurum,
875 5503 925 5557 id
953 5512 1052 5568 est,
1084 5513 1205 5556 cum
1235 5509 1377 5556 tanta
1403 5501 1500 5554 sibi
1527 5501 1668 5555 cleo-

141 5593 313 5662 manu
339 5575 640 5658 obvenerit,
673 5577 730 5655 ut
771 5595 892 5656 hinc
934 5609 994 5649 ea
1023 5607 1230 5649 summa
1262 5592 1526 5656 detracta,
1559 5607 1662 5646 non

143 5665 276 5748 bitter
459 5684 678 5758 aequalis
697 5671 818 5758 pars
837 5701 932 5756 pro
954 5700 1176 5740 numero
1202 5686 1418 5738 fratrum
1441 5681 1506 5737 ad
1534 5681 1663 5754 [lip-

371 5765 740 5838 monasterium
787 5781 1072 5850 perveniat.
1117 5777 1664 5852 Quandonamporro

1809 473 2087 544 contigerit
2120 484 2224 531 tota
2248 471 2367 535 inec
2389 475 2742 541 controversia
2779 479 2983 559 (Epist.
3013 481 3135 560 83).
3169 490 3383 563 ignora-

1806 579 1941 619 mus.
1974 565 2028 622 ltl
2056 582 2218 624 tinum
2252 571 2434 640 liquet,
2465 573 2793 633 Samsucium
2815 581 3166 652 episc0paietu
3199 587 3377 640 sedem

1803 658 2036 715 tenuisse
2079 661 2225 716 initio
2273 665 2606 734 episcopatus
2644 671 2953 738 Augustini,
2993 688 3163 742 neque
3204 675 3273 730 de
3313 691 3380 732 eo

1802 747 2084 817 quidquam
2110 755 2393 825 comperiri
2428 767 2547 825 post
2582 769 2778 812 annum
2804 760 3374 833 quadringentesimum

1802 840 2105 908 septimum.

1871 929 1924 984 5.
1955 931 2204 999 Quamvis
2234 935 2368 1004 ipse,
2404 950 2522 990 cum
2551 939 2785 993 animum
2809 940 2875 993 ab
2899 943 3040 996 omni
3068 932 3371 1012 cupiditate.

1799 1028 1854 1075 et
1875 1021 1940 1075 ab
1962 1021 2260 1093 importuno
2290 1029 2615 1097 negotiorum
2646 1029 2866 1085 tumultu
2893 1033 3125 1089 maxime
3143 1035 3375 1092 alienum

1798 1124 2036 1184 gereret,
2071 1132 2336 1188 nunquam
2365 1120 2580 1174 domum
2601 1165 2613 1184 ,
2640 1138 2846 1192 agrum,
2878 1131 2969 1179 aut
2994 1126 3170 1181 villam
3196 1143 3375 1185 emere

1801 1209 2022 1263 voluerit
2063 1209 2341 1279 (Possm,
2383 1215 2435 1267 in
2483 1214 2599 1268 Vita
2637 1217 2870 1287 August,
2910 1233 2954 1272 c.
2995 1216 3137 1286 is);
3168 1221 3374 1276 cuidam

1801 1306 1973 1353 tamen
2005 1316 2036 1356 e
2075 1301 2280 1358 clericis
2309 1307 2420 1359 suis
2450 1316 2718 1361 auctorem
2749 1323 2807 1363 se
2845 1309 3005 1365 luisse
3049 1319 3274 1366 testatur
3308 1313 3375 1370 ad

1798 1393 2184 1460 possessionem
2215 1396 2442 1464 aliquam
2475 1397 2526 1450 in
2575 1396 2825 1452 Ecclesia!
2855 1401 3189 1456 commodum
3224 1417 3372 1458 como

1796 1483 2082 1551 parandam
2126 1502 2139 1538 :
2182 1485 2276 1540 sed
2318 1499 2384 1540 eo
2427 1496 2600 1543 tamen
2641 1490 2883 1557 consilio,
2915 1501 2973 1546 ut
3014 1493 3056 1546 si
3102 1491 3276 1548 l'orsau
3321 1495 3374 1551 in

1794 1571 1958 1640 gradu
1987 1589 2088 1627 non
2114 1575 2442 1643 persisterel,
2472 1591 2564 1631 sua
2593 1578 2639 1630 ei
2670 1581 2932 1646 possessio
2960 1581 3288 1650 redderetur,
3318 1594 3375 1641 ut

1796 1661 1894 1730 ipsi
1920 1663 2135 1733 ejusque
2155 1667 2558 1736 eonsanguiueis
2581 1667 2754 1723 omnis
2775 1671 3139 1738 expostulandi
3162 1674 3374 1730 tollere-

1795 1760 1880 1806 tttr
1912 1755 2118 1809 occasio
2149 1755 2353 1826 (Serm.
2389 1756 2511 1821 53.6,
2543 1775 2591 1812 η.
2621 1758 2714 1831 7).
2755 1753 3106 1826 Fabricarum,
3141 1763 3208 1817 ait
3240 1761 3370 1819 Pos-

1792 1843 1957 1898 sidlus
1977 1887 1991 1912 ,
2028 1863 2267 1900 novarum
2304 1864 2556 1918 nunquam
2583 1852 2801 1904 studium
2830 1853 3032 1918 habuit,
3069 1854 3290 1910 devitans
3318 1856 3370 1911 in

1793 1933 1860 1985 eis
1889 1933 2277 2004 implicationem
2306 1939 2384 1991 sui
2412 1940 2562 1992 aninu'
2583 1981 2598 2007 ,
2629 1957 2773 2012 quem
2806 1957 2998 2010 semper
3028 1944 3234 1998 liberum
3274 1947 3369 1998 na~

1791 2025 1905 2080 bere
1925 2028 2115 2081 volebat
2135 2028 2196 2080 ab
2217 2030 2353 2082 onmi
2373 2031 2596 2084 molestia
2624 2034 2886 2102 imparati
2913 2049 2930 2087 :
2959 2051 3059 2088 non
3089 2044 3252 2090 tamen
3277 2035 3368 2090 illa

1790 2119 2042 2181 uolentes,
2074 2128 2118 2172 et
2157 2120 2464 2188 tediﬁcantes
2493 2122 2780 2189 prohibebat
2800 2167 2814 2190 ,
2847 2125 2944 2178 nisi
2971 2134 3164 2179 tantum
3188 2127 3368 2182 immo-

1791 2211 1989 2263 deratos
2030 2211 2048 2280 (
2069 2209 2298 2274 Possid.,
2329 2212 2381 2266 in
2419 2211 2533 2265 Vita
2570 2214 2801 2284 August.,
2843 2230 2889 2268 c.
2931 2216 2999 2271 Si
3015 2214 3053 2288 ).
3089 2219 3366 2288 Lepurium

1791 2301 2158 2371 presbyterum
2190 2311 2496 2356 construere
2524 2302 2681 2372 jussit
2720 2304 3107 2360 Xenodochium
3147 2311 3366 2377 pecunia

1791 2392 2042 2446 Ecclesiae
2068 2393 2119 2446 in
2150 2393 2288 2446 hunc.
2316 2393 2471 2448 linem
2507 2393 2718 2448 collata.
2751 2393 2998 2463 Ejusdem
3026 2399 3189 2453 sancti
3223 2399 3364 2453 Prte-

1788 2482 1917 2536 sttlis
1936 2482 2086 2552 jussu
2113 2483 2367 2553 Leporius
2387 2485 2558 2539 adhuc
2580 2484 2845 2539 basilicam
2871 2491 2935 2542 ad
2958 2486 3090 2543 Octo
3114 2491 3366 2563 Martyres

1789 2575 1995 2629 residua
2027 2576 2244 2644 pecunia
2275 2576 2549 2631 mdiiiCilVil
2574 2575 2779 2648 (Serm.
2810 2578 2937 2644 536,
2968 2595 3019 2633 n.
3055 2579 3178 2650 10).
3205 2580 3367 2638 Hera-

1785 2665 1938 2732 clius,
1957 2667 2045 2736 qui
2075 2667 2139 2720 ad
2170 2681 2433 2722 Summum
2458 2667 2710 2723 diaconus
2737 2680 2879 2735 erat,
2907 2675 3213 2728 memoriam
3240 2689 3362 2730 san-

1788 2758 1856 2810 eti
1905 2758 2149 2827 martyris
2189 2755 2482 2825 Stephani,
2516 2769 2571 2812 ut
2617 2759 2864 2825 videtur,
2916 2762 3026 2816 suis
3069 2766 3364 2833 sumptibus

1787 2847 1950 2901 erexit
1979 2846 2175 2919 (lbid..
2196 2865 2248 2900 n.
2277 2847 2309 2902 7
2329 2847 2672 2916 ).Verisimile
2698 2860 2779 2905 est
2809 2853 3083 2922 Augustini
3108 2857 3360 2924 tempori-

1739 2947 1742 2950 ’
1789 2939 1884 2993 bus
1922 2938 2192 2993 conditam
2233 2940 2393 2994 fuisse
2431 2941 2738 2994 memoriam
2773 2941 2991 2995 Protasii
3028 2952 3083 2998 et
3124 2943 3364 3001 Gcrvasii

1789 3040 2100 3102 martyrum,
2135 3030 2184 3082 in
2215 3044 2315 3099 qua
2358 3043 2655 3085 sermonem
2681 3030 2767 3084 die
2793 3031 3152 3087 nutriret-sario
3177 3047 3364 3091 eorum

1787 3121 1920 3189 apud
1945 3120 2290 3174 Mediolanum
2311 3120 2624 3175 inventionis
2646 3121 2824 3176 habuit
2841 3123 3032 3195 (Serm.
3055 3122 3181 3182 286.
3204 3143 3238 3182 rt
3280 3125 3358 3200 ι).

1789 3225 1890 3265 non
1922 3211 2034 3280 ipso
2079 3211 2260 3276 natali,
2306 3220 2360 3264 ut
2392 3211 2440 3264 itt
2473 3212 2740 3266 veteribus
2777 3213 2919 3268 libris
2952 3218 3355 3282 prmuotahattr.

1788 3302 1914 3356 Erat
1950 3310 2004 3356 et
2040 3303 2139 3356 alia
2190 3303 2438 3357 memoria
2484 3303 2793 3357 cut-uindem
2835 3314 3126 3374 martyrum
3156 3308 3206 3361 in
3239 3308 3358 3362 villa

1791 3392 2087 3448 \‘ietotiaua
2119 3393 2367 3448 dimccsis
2396 3394 2746 3463 Hipponensis
2777 3411 2792 3448 :
2819 3394 2911 3449 sed
2948 3396 3036 3450 illa
3065 3397 3246 3454 decem
3271 3409 3358 3454 aut

1785 3485 2061 3539 duodecim
2095 3486 2255 3540 leucis
2282 3485 2350 3539 ab
2383 3485 2514 3540 urbe
2537 3484 2719 3539 aberat
2753 3483 2863 3550 (De
2889 3483 3098 3542 Civitate
3124 3486 3234 3554 Hei,
3268 3489 3353 3544 lib.

1783 3576 2002 3646 22.60;).
2035 3575 2088 3639 8,
2116 3593 2168 3629 n.
2200 3575 2286 3647 7).

2416 3664 2642 3721 CAPUT
2681 3663 2763 3720 IV.

1786 3764 1811 3816 1
1844 3759 2174 3814 Sublevandis
2200 3758 2502 3829 pauperibus
2528 3757 2758 3811 intendit.
2783 3755 2821 3811 2
2850 3757 2914 3812 In
2939 3760 3155 3831 gratiam
3189 3759 3358 3816 b‘as’cii

1853 3867 1950 3906 tere
1975 3852 2135 3905 alieno
2160 3851 2315 3920 pressi
2333 3849 2501 3903 scribit
2522 3849 2590 3901 ad
2604 3849 2795 3919 plebem
2823 3847 3214 3920 IIlpp‘onertmn.
3239 3850 3273 3904 5
3291 3848 3359 3904 In

1854 3942 2281 3998 commendatione
2315 3957 2410 3994 sua
2449 3948 2493 3994 et
2529 3939 2879 3993 intercessione
2911 3942 3049 4010 apud
3082 3938 3359 3995 Parmam

1853 4034 1966 4087 aliis
2006 4032 2292 4104 prwstanda
2320 4030 2541 4084 modeste
2575 4045 2629 4083 se
2658 4029 2804 4099 gerit.
2834 4030 2866 4083 4
2901 4029 2967 4084 In
2992 4031 3356 4085 rusticanorum

1852 4124 2064 4198 gratiam
2080 4123 2248 4178 scribit
2277 4121 2344 4174 ad
2370 4119 2657 4174 Romulum.

1853 4219 1905 4274 ι.
1935 4215 2017 4271 Nil
2047 4228 2178 4284 opus
2206 4225 2290 4269 est
2325 4211 2661 4277 testimoniis,
2697 4217 2756 4266 ut
2777 4210 3118 4267 ostendamus
3144 4211 3198 4266 in
3223 4221 3358 4282 quos

1785 4323 1911 4365 usus
1951 4307 2272 4378 Augustinus
2318 4302 2568 4360 Ecclesiae
2607 4317 2718 4357 sua:
2759 4302 2962 4358 reditus
3008 4303 3351 4373 impenderet.

1783 4402 2188 4459 Observabimus
2218 4408 2390 4453 tamen
2409 4439 2424 4464 ,
2464 4407 2582 4452 eum
2613 4395 2878 4461 scribere,
2908 4395 3046 4464 quod
3084 4408 3117 4450 e
3150 4393 3354 4449 Piniani

1783 4496 2136 4567 eleetnosynis
2175 4494 2496 4562 accepisset,
2539 4504 2785 4560 erogasse
2826 4501 2916 4554 se,
2957 4499 3012 4543 ttt
3053 4488 3350 4558 placuerat;

1783 4597 1984 4656 partem
2015 4584 2225 4653 quidem
2265 4582 2473 4636 clericis
2499 4579 2770 4633 monachis
2789 4621 2805 4642 ,
2831 4589 2884 4632 et
2913 4579 3242 4649 paucissimis
3267 4581 3350 4634 in-

1781 4675 2081 4747 digentibus
2122 4686 2273 4730 extra
2308 4673 2683 4727 monasterium
2718 4671 3005 4727 contulisse
3039 4691 3053 4726 :
3094 4686 3257 4744 penes
3293 4682 3352 4730 Se

1781 4769 2044 4823 residuum
2066 4781 2204 4826 esse,
2227 4765 2366 4835 quod
2395 4765 2503 4834 pari
2526 4762 2684 4817 modo
2713 4763 2781 4817 sit
2803 4772 3114 4833 erogaturus
3139 4763 3158 4834 (
3186 4763 3348 4831 Epist.

1781 4861 1903 4924 126,
1933 4876 1985 4911 ιι.
2017 4857 2106 4928 8).
2146 4857 2248 4910 llos
2275 4869 2409 4911 unos
2433 4855 2752 4909 oblationtuu
2782 4853 2869 4909 Ecl
2889 4855 3032 4910 lesiat
3071 4858 3348 4927 participes

1779 4949 2018 5004 faciebat.
2048 4947 2281 5002 Diximus
2322 4947 2592 5015 superius,
2621 4945 2817 5000 nullam
2848 4961 2967 5000 eum
2997 4948 3134 5016 apud
3171 4961 3230 5001 sc
3254 4962 3346 5017 pe-

1775 5043 1983 5097 cuniam
2014 5041 2260 5094 habuisse
2280 5039 2587 5108 sepositam.
2611 5037 2730 5093 Nan
2751 5049 2822 5092 est
2837 5039 2966 5093 enim
2994 5039 3235 5110 episcopi,
3255 5038 3348 5107 ait,

1774 5148 1968 5186 servare
2006 5148 2187 5185 aurum
2207 5173 2220 5196 ,
2251 5138 2299 5186 et
2326 5147 2556 5186 revocare
2599 5146 2632 5184 a
2666 5147 2720 5184 se
2759 5131 3088 5185 mendicantis
3122 5147 3345 5187 manum.

1779 5223 2012 5290 Quotidie
2038 5233 2138 5275 tam
2161 5222 2306 5276 multi
2330 5230 2518 5292 petunt,
2546 5231 2643 5273 tam
2669 5221 2814 5274 multi
2831 5228 3051 5292 gemunt,
3075 5230 3176 5274 tant
3202 5223 3345 5276 multi

1775 5331 1867 5369 nos
1892 5316 2064 5386 inopes
2096 5314 2453 5384 interpellant;
2487 5323 2540 5367 ut
2576 5313 2741 5382 plures
2783 5313 2946 5366 tristes
2982 5315 3343 5381 relinquamus,

1771 5408 1888 5478 quia
1917 5407 2051 5478 quod
2079 5406 2325 5476 possimus
2343 5405 2466 5458 dare
2488 5405 2735 5470 omnibus,
2759 5419 2858 5457 non
2881 5404 3116 5456 habemus
3138 5406 3154 5468 (
3176 5403 3341 5456 Strat.

1773 5499 1896 5560 555.
1927 5515 1978 5552 n.
2004 5495 2092 5569 5).
2117 5497 2410 5566 Paupermu
2442 5509 2652 5564 semper
2682 5508 2884 5548 memor
2901 5503 3035 5556 erat,
3063 5494 3246 5560 eisque
3265 5493 3345 5544 in-

1769 5589 1838 5644 de
1863 5589 2136 5657 erogabat,
2169 5589 2307 5642 unde
2330 5595 2384 5642 et
2406 5587 2502 5641 sibi
2527 5589 2741 5655 suisque
2765 5585 3010 5640 omnibus
3036 5594 3218 5636 secum
3245 5581 3340 5634 htt-

1769 5682 2055 5738 bitantibus
2090 5681 2442 5750 erogabatur;
2471 5681 2572 5734 hoc
2595 5689 2696 5744 est,
2737 5678 2818 5732 vel
2848 5689 2911 5732 ex
2947 5673 3201 5731 reditibus
3220 5689 3343 5747 pos-

1769 5785 2064 5840 scssionum
2105 5772 2389 5839 Ecclesiae,
2425 5771 2510 5828 vel
2547 5775 2702 5827 etiam
2727 5787 2790 5827 ex
2829 5768 3181 5828 oblationibus
3207 5767 3343 5829 tida-
