3838 6270
615 287 714 350 131

1710 284 1868 343 vm
1905 286 1963 344 s.
2002 285 2368 346 AUGUSTINI
2407 283 2729 344 EPISCOPI.
3171 255 3177 260 ’
3686 296 3755 356 περ

616 404 763 458 lium.
787 401 922 455 Dum
941 397 1180 456 Ecclaia!
1198 399 1409 470 pecunia
1424 399 1677 470 deﬁceret,
1702 401 1798 455 hoc
1815 402 1980 472 ipsum
2003 403 2189 473 popqu
2297 403 2377 456 sui
2405 401 2493 472 pia
2522 400 2832 456 liberalitate
2858 397 3184 470 depromere,
3216 405 3276 454 ut
3297 405 3434 456 esset
3455 400 3594 461 veluti
3617 409 3752 471 fructm

613 494 894 548 Christiano
921 493 1265 558 denuntiabat,
1294 508 1393 546 non
1407 509 1462 547 se
1489 492 1670 545 habere
1692 493 1826 557 quod
1850 491 2188 564 indigentibus
2295 504 2445 549 ortus
2468 509 2498 549 e
2522 493 2829 548 cmlestibus
2844 492 3054 564 pluviis,
3071 493 3386 563 quibuseam
3409 495 3534 552 Deus
3552 514 3628 568 per
3645 503 3750 572 ipsiu

610 594 835 655 erogaret
854 584 1116 656 (Possid.,
1137 585 1191 639 in
1226 583 1342 638 Vita
1361 584 1661 656 August.,c.
1691 583 1757 638 2t
1783 586 1820 654 ).
1845 583 1975 640 Illud
2015 585 2186 654 ipsum

607 677 782 734 facere
801 678 1007 734 videtur
1030 679 1083 733 in
1110 692 1356 733 sermone
1405 694 1560 748 quem
1592 676 1774 733 habuit
1801 679 1850 732 in
1877 677 2185 734 anniversa-

607 775 688 825 rio
725 771 1040 841 episcopalis
1080 770 1426 826 ordinationis
1465 785 1576 826 sua:
1605 769 1811 838 (Serm.
1853 770 1976 832 559.
2006 788 2057 823 η.
2093 769 2181 840 5).

605 863 910 919 Gratulatur
937 863 1059 917 alibi
1088 863 1229 932 plebi
1254 878 1382 926 sum,
1405 879 1522 933 qum
1547 862 1765 916 curabat
1791 869 1847 916 ut
1871 878 1939 917 ne
1965 861 2076 932 ipse
2096 862 2185 916 ali-

604 957 755 1024 cujus
783 955 861 1010 rei
889 955 1176 1025 indigeret;
1214 964 1268 1010 et
1297 953 1580 1009 fraternam
1607 953 1856 1009 fratribus
1881 955 2182 1009 misericor-

604 1049 746 1104 diam
775 1050 1057 1105 exhibebat
1077 1049 1096 1122 (
1119 1049 1281 1120 Epist.
1311 1050 1435 1114 268,
1464 1068 1518 1104 n.
1557 1051 1646 1121 1).
1677 1051 1778 1118 Qui
1803 1061 1978 1106 tamen
1999 1051 2184 1107 Eccle-

605 1142 699 1196 sia:
723 1141 925 1198 reditus
949 1141 1406 1209 administrabant,
1429 1152 1662 1197 mutuam
1685 1144 1996 1214 quandoque
2026 1159 2182 1213 pecu-

605 1232 746 1286 niam
774 1248 1018 1300 sumere,
1064 1243 1116 1287 et
1145 1249 1219 1287 tes
1260 1235 1486 1288 alienum
1513 1235 1826 1288 contrahere
1863 1234 2181 1304 cogebantur

605 1321 624 1387 (
646 1321 806 1376 Serm.
839 1323 964 1387 336,
990 1339 1043 1375 η.
1085 1321 1205 1390 15).
1232 1323 1686 1392 Supervacaneum
1713 1331 1856 1378 esset
1881 1324 2070 1378 seriem
2095 1323 2178 1378 lo-

602 1426 783 1466 corum
805 1421 1064 1478 altexere,
1097 1412 1149 1466 in
1187 1413 1378 1484 quibus
1404 1413 1651 1485 populum
1677 1412 1743 1468 ad
1769 1414 1958 1483 stipem
1983 1429 2179 1486 paupe-

601 1504 748 1558 ribus
788 1503 1105 1574 erogandam
1133 1503 1460 1559 cohortatur.
1498 1505 1745 1558 Annuam
1785 1504 2177 1560 vestiendorum

600 1593 944 1662 indigentium
987 1594 1422 1649 consuetudinem
1456 1594 1510 1649 in
1546 1595 1741 1665 populo
1779 1610 1876 1649 suo
1909 1594 2178 1650 constituit

599 1681 803 1754 (Epist.
849 1682 974 1751 122,
1005 1701 1057 1738 n.
1102 1683 1168 1754 2)
1195 1703 1209 1738 :
1241 1685 1308 1739 de
1349 1700 1454 1755 quo
1491 1700 1637 1739 more
1679 1685 1908 1756 loquitur
1949 1685 2173 1755 quoda

595 1787 860 1838 sermone,
893 1785 946 1828 et
970 1773 1086 1843 ejus
1109 1773 1533 1830 exhortationem
1565 1775 1770 1845 publica
1799 1776 1992 1830 laetitia:
2015 1777 2175 1846 signi-

598 1861 842 1918 ficatione
882 1865 1103 1935 populus
1127 1866 1335 1934 excepit
1362 1864 1569 1935 (Serm.
1592 1863 1648 1931 2,
1681 1882 1733 1918 n.
1765 1863 1860 1936 8).
1895 1866 1972 1920 Eo
1997 1874 2173 1922 tamen

593 1954 810 2010 absente
845 1957 1175 2011 consuetudo
1202 1957 1298 2012 ista
1326 1957 1489 2011 semel
1524 1955 1820 2011 intermissa
1845 1965 1946 2011 est.
1977 1957 2171 2012 Verum

595 2044 822 2100 subinde
848 2062 944 2116 per
967 2047 1188 2108 litteras,
1210 2062 1341 2117 quas
1365 2047 1510 2101 clero
1534 2060 1630 2102 suo
1653 2057 1707 2101 et
1731 2047 2050 2116 Hipponensi
2077 2061 2171 2118 po-

598 2135 725 2205 pulo
762 2137 991 2205 scripsit,
1023 2137 1156 2191 hanc
1183 2137 1502 2192 oblivionem
1543 2136 1900 2206 reprehendit.
1933 2138 1999 2192 Et
2031 2151 2166 2208 quo-

594 2227 735 2280 niam
766 2228 1069 2282 calamitosa
1097 2237 1219 2282 tune
1247 2237 1399 2283 erant
1428 2240 1686 2299 tempora,
1716 2230 1927 2299 quibus,
1951 2239 2008 2284 ut
2026 2231 2172 2286 vide-

594 2328 697 2379 tur,
723 2319 915 2374 Alarici
944 2320 996 2373 in
1022 2319 1255 2376 Africam
1278 2322 1502 2391 irruptio
1522 2323 1874 2385 metuebatur,
1900 2333 2077 2378 monet
2103 2339 2169 2378 eo

588 2411 755 2479 magis
817 2410 998 2465 lideles
1049 2412 1118 2465 ad
1172 2412 1400 2482 inopiam
1446 2429 1734 2483 pauperum
1791 2413 2166 2470 sublevandam

589 2501 842 2571 obstringi
863 2503 882 2570 (
900 2501 1064 2572 Epist.
1091 2502 1244 2575 tas).

658 2589 712 2642 2.
756 2588 1086 2647 Christianus
1131 2592 1340 2662 quidam
1386 2592 1677 2648 catholicus
1719 2595 1935 2662 (Fascio
1972 2611 2165 2653 nomen

586 2678 714 2750 fuit)
742 2693 860 2734 cum
907 2697 937 2733 a
978 2681 1324 2737 creditoribus
1357 2684 1468 2737 suis
1507 2685 1576 2738 ob
1613 2683 1846 2739 debitum
1886 2685 2070 2740 decem
2111 2696 2167 2742 et

583 2785 784 2842 septem
815 2773 1104 2830 solidorum
1135 2784 1429 2846 urgeretur,
1469 2789 1568 2830 nec
1605 2776 1858 2831 solvendo
1891 2785 2063 2843 esset,
2096 2779 2161 2833 ad

583 2866 820 2920 ecclesia:
847 2866 1098 2921 auxilium
1120 2907 1136 2931 ,
1170 2883 1235 2922 ne
1265 2867 1316 2920 in
1345 2867 1554 2921 vincula
1584 2876 1878 2937 raperetur,
1909 2868 2160 2924 convola-

581 2960 676 3012 vit.
711 2958 1039 3013 Theodosius
1064 2959 1327 3028 Augustus
1351 2973 1491 3011 anno
1523 2960 1893 3012 trecentesimo
1922 2973 2158 3028 nonage-

581 3049 719 3104 simo
746 3050 971 3119 septimo
1009 3048 1274 3112 edixerat,
1309 3047 1419 3102 tisci
1445 3047 1712 3101 debitores
1731 3088 1746 3112 ,
1777 3049 1866 3117 qui
1895 3046 1963 3101 ad
1990 3048 2160 3102 eccle-

584 3141 716 3194 siam
744 3139 1105 3210 confugissent
1129 3180 1144 3205 ,
1175 3138 1298 3192 inde
1325 3138 1710 3204 extrahendos,
1736 3148 1826 3193 aut
1852 3140 2158 3209 episcopos,

582 3244 614 3284 a
640 3229 830 3298 quibus
858 3229 1265 3292 occultarentur,
1307 3243 1381 3282 ms
1427 3228 1658 3282 alienum
1682 3269 1695 3292 ,
1723 3247 1828 3298 quo
1871 3230 1944 3283 illi
1980 3241 2160 3285 essent

587 3319 848 3386 obstricti,
873 3320 1240 3374 dissoluturos.
1273 3318 1440 3386 Quam
1469 3320 1636 3389 legem
1661 3320 1725 3374 ad
1751 3321 1955 3392 privata
1983 3321 2158 3376 debita

585 3411 896 3467 extenderat
938 3411 1196 3466 Arcadius
1234 3425 1374 3464 anno
1415 3413 1783 3466 trecentesimo
1820 3413 2158 3483 nonagesimo

583 3511 789 3556 octavo.
837 3501 1000 3572 Igitur
1040 3502 1152 3556 sive
1198 3501 1401 3555 illarum
1448 3501 1618 3572 legum
1663 3503 2000 3568 auctoritate,
2045 3503 2158 3559 sive

584 3593 748 3662 ipsius
790 3607 965 3648 causae
1012 3592 1256 3662 aequitate
1306 3592 1422 3646 freti
1471 3592 1761 3648 creditores
1800 3593 2005 3661 Fascii,
2035 3609 2156 3650 cum

583 3681 848 3752 proﬁcisci
877 3691 1209 3752 cogerentur,
1254 3690 1309 3737 et
1338 3682 1438 3737 hac
1464 3681 1530 3737 de
1575 3697 1732 3737 eausa
1774 3683 2078 3739 dilationem
2105 3686 2155 3740 ei

580 3772 708 3828 dare
737 3789 840 3827 non
871 3782 1105 3844 possent,
1132 3788 1250 3828 cum
1281 3773 1397 3843 ipso
1426 3774 1720 3842 Augustino
1749 3789 1812 3829 ea
1841 3775 1908 3829 de
1944 3791 2004 3830 re
2026 3791 2156 3830 con-

580 3866 750 3935 questi
779 3866 1122 3920 vehementer
1158 3864 1523 3931 instituerunt,
1552 3875 1609 3919 ut
1642 3875 1732 3919 aut
1775 3864 2016 3921 Fascium
2053 3866 2154 3921 sibi

581 3957 830 4024 traderet,
858 3967 951 4012 aut
975 3959 1088 4027 ipse
1114 3957 1416 4028 provideret
1435 3958 1573 4013 unde
1597 3957 1765 4014 Fascii
1787 3958 2021 4014 debitum
2046 3959 2156 4014 sol-

577 4060 808 4104 veretur.
838 4049 1040 4104 Obtulit
1081 4049 1267 4104 Fascio
1302 4051 1656 4120 Augustinus,
1689 4060 1746 4105 ut
1772 4051 1838 4106 de
1864 4052 2031 4121 ipsius
2055 4068 2152 4108 nc-
2187 4120 2196 4127 ι

579 4142 723 4210 gotio
745 4141 809 4195 ad
835 4141 1089 4212 populum
1118 4141 1317 4196 diceret
1342 4160 1355 4196 :
1387 4141 1481 4196 sed
1514 4142 1604 4197 ille
1640 4142 1839 4212 pudore
1868 4141 2153 4200 deterritus

579 4243 818 4286 sanctum
851 4232 1148 4303 praasulem,
1179 4233 1482 4296 nelaceret,
1513 4232 1824 4304 deprecatus
1844 4243 1944 4288 est.
1972 4235 2152 4306 Itaque

579 4337 700 4376 cum
729 4323 828 4377 alia
854 4322 969 4391 ejus
997 4321 1279 4391 adjuvandi
1308 4324 1443 4376 ratio
1464 4338 1569 4377 non
1596 4334 1916 4395 suppeteret,
1939 4335 2150 4383 mutuos

576 4410 606 4466 it
636 4409 941 4466 Macedonio
966 4409 1152 4466 decem
1189 4419 1245 4466 et
1281 4419 1486 4481 septem
1517 4412 1717 4467 solidos
1750 4415 1985 4484 accepit,
2015 4431 2148 4487 quos

577 4501 744 4556 Fascii
773 4501 1125 4556 creditoribus
1151 4499 1318 4556 dedit.
1360 4501 1458 4556 Hic
1494 4503 1724 4558 vicissim
1766 4504 1898 4560 hanc
1924 4507 1973 4561 ei
1999 4521 2147 4562 sum-

575 4608 712 4647 mam
724 4593 790 4648 ad
805 4603 1007 4648 certum
1021 4593 1161 4647 diem
1177 4591 1501 4648 redditurum
1523 4609 1579 4648 sc
1594 4595 1858 4665 pollicitus
1877 4606 1958 4652 est
1972 4615 1986 4663 ;
2005 4597 2146 4668 quod

576 4684 676 4739 nisi
706 4693 994 4753 pnestaret,
1016 4683 1176 4740 verba
1197 4684 1294 4738 hac
1311 4683 1377 4738 de
1394 4700 1452 4739 re
1467 4684 1532 4738 ad
1553 4687 1797 4755 p0pulum
1821 4686 1998 4742 haberi
2020 4704 2147 4745 con-

577 4776 761 4830 sensit.
785 4775 864 4829 Ad
887 4775 1224 4830 constitutam
1246 4785 1419 4830 tamen
1439 4775 1579 4831 diem
1604 4794 1707 4832 non
1735 4780 1881 4834 venit
1901 4779 2142 4846 Fascius;

574 4883 677 4940 qua
696 4868 764 4923 de
782 4883 843 4923 re
861 4869 981 4939 quia
998 4868 1346 4924 commonitus
1367 4884 1469 4926 non
1487 4869 1584 4924 fuit
1597 4873 1936 4942 Augustinus,
1956 4883 2011 4929 ut
2031 4875 2146 4946 ipso

572 4960 659 5014 die
687 4959 1053 5029 Pentecostes,
1083 4975 1188 5031 quo
1211 4961 1396 5017 aderat
1417 4963 1586 5034 major
1614 4967 1787 5036 populi
1817 4967 2106 5038 frequentia
2124 5010 2142 5036 ,

574 5063 872 5106 sermonem
900 5051 1022 5107 inde
1049 5050 1272 5116 faceret,
1299 5061 1456 5123 atque
1483 5069 1605 5108 mox
1633 5055 1807 5111 itineri
1835 5071 1893 5112 se
1917 5057 2144 5113 commi-

573 5143 675 5208 sit;
699 5141 819 5198 ideo
836 5141 1016 5208 eloco,
1040 5144 1092 5198 in
1111 5159 1217 5214 quo
1234 5153 1357 5200 tunc
1376 5145 1698 5213 versabatur,
1724 5148 1926 5218 plebem
1949 5149 2146 5221 Hippoc

573 5248 791 5290 nensem
809 5250 902 5305 per
920 5235 1121 5292 litteras
1139 5236 1364 5308 rogavit,
1384 5245 1443 5291 ut
1460 5236 1596 5290 hanc
1612 5254 1892 5306 summam,
1909 5255 2015 5294 non
2037 5250 2143 5294 tam

573 5327 838 5396 Fascium,
867 5344 1023 5399 quam
1053 5328 1208 5384 tidem
1238 5345 1340 5400 qua
1366 5328 1482 5400 ipse
1508 5343 1567 5384 se
1595 5329 1949 5385 obstrinxerat
1972 5330 2145 5388 Mace-

572 5419 754 5486 donio,
778 5421 1058 5476 liberatura
1084 5421 1437 5492 eleemosyua:
1460 5419 1672 5475 nomine
1693 5421 1974 5476 conferret.
1998 5422 2144 5480 Scri-

575 5513 678 5583 psit
701 5513 859 5567 simul
887 5512 952 5568 ad
977 5513 1177 5567 clerum
1202 5527 1379 5576 suum,
1402 5520 1460 5565 ut
1483 5512 1526 5565 si
1547 5511 1736 5566 collata
1764 5527 1794 5566 a
1825 5514 2017 5584 populo
2047 5531 2140 5586 pe-
2175 5531 2190 5626 ι

577 5605 721 5626 ---μμ
775 5618 877 5626 __-_
930 5604 1197 5626 ---νέμω
1290 5617 1350 5626 --
1396 5602 1632 5626 ---.--=_
1679 5602 1827 5626 ..-μμ

573 5605 726 5658 cunia
775 5618 881 5659 non
929 5604 1235 5666 sufﬁceret,
1287 5617 1356 5657 ex
1393 5602 1634 5658 ecclesia:
1678 5602 1831 5659 bonis
1877 5607 2143 5664 residuum

574 5697 950 5770 complerctur.
975 5695 1201 5752 ualebat
1224 5702 1402 5750 tamen
1431 5693 1567 5750 hanc
1594 5710 1853 5754 summam
1879 5715 1941 5756 ex
1965 5702 2141 5772 populi

2293 585 2639 640 ministerium
2664 584 2859 653 jugiter
2885 583 3131 653 irrigabat
3149 581 3335 655 (Epist.
3355 583 3495 653 268).
3517 585 3646 644 Natat
3667 591 3748 649 Pos-

2292 674 2480 740 sidius,
2509 674 2648 729 illius
2675 687 2799 743 erga
2826 671 3048 728 miseros
3067 671 3311 743 pietatem
3330 687 3393 729 eo
3414 673 3556 731 fuisse
3577 692 3749 751 Mm.

2289 779 2425 830 sam,
2456 774 2515 820 ut
2543 765 2609 820 ad
2643 763 2946 834 complures
2963 763 3197 832 captivos
3213 772 3268 819 et
3295 779 3534 835 pauperes
3553 769 3746 827 sublevan-

2288 854 2386 911 dos
2410 870 2534 911 vasa
2559 855 2797 911 ecclesia:
2822 855 3021 910 initiata
3058 853 3224 925 frangi
3258 854 3559 926 conﬂarique
3584 859 3744 926 jusserit

2289 946 2344 1000 In
2374 962 2478 1018 quo
2509 947 2555 1001 si
2579 946 2846 1001 carnalem
2885 945 3253 1000 nonnullorum
3289 961 3492 1001 sensum
3513 947 3746 1018 oh‘enderet,

2285 1047 2430 1092 certe
2457 1036 2721 1092 Ambrosii
2745 1035 3037 1091 doctrinam
3065 1045 3119 1090 et
3148 1036 3442 1105 exemplum
3466 1036 3603 1093 alacri
3630 1043 3745 1096 animo

2285 1128 2582 1183 sectabatur
2611 1126 2918 1200 (Possidius,
2943 1127 2998 1181 in
3034 1123 3146 1180 Vita
3165 1127 3398 1197 .4ugust.,
3422 1143 3467 1181 c.
3487 1126 3592 1191 24).

2354 1229 2407 1284 5.
2437 1228 2580 1296 Quos
2621 1227 2756 1282 Deus
2793 1241 2934 1281 cura:
2976 1233 3032 1281 et
3054 1225 3321 1281 dilectioni
3344 1241 3448 1282 suae
3470 1230 3742 1298 commiserat,

2282 1319 2440 1374 etiam
2453 1316 2909 1373 commendatione
2919 1331 3036 1379 sua,
3049 1315 3247 1371 etdatis
3257 1315 3500 1386 epistolis,
3512 1319 3624 1388 apud
3631 1323 3744 1376 seculi

2283 1417 2568 1477 potestates
2591 1406 2888 1476 adjuvabat.
2919 1404 3024 1460 Sed
3052 1405 3187 1459 hanc
3215 1419 3359 1459 suam
3382 1421 3411 1459 a
3435 1406 3742 1464 melioribum-

2280 1498 2380 1554 bus
2409 1500 2811 1568 occupationem
2833 1507 3079 1568 tanquam
3107 1497 3372 1568 angariam
3396 1497 3652 1568 deputabat,
3671 1517 3744 1556 sua-

2278 1604 2398 1644 vem
2425 1605 2634 1659 semper
2661 1587 2864 1644 habens
2887 1588 2956 1643 de
2981 1588 3044 1642 iis
3068 1603 3189 1657 qua:
3227 1587 3316 1642 Dei
3340 1596 3486 1654 sunt,
3513 1589 3584 1645 vel
3611 1591 3742 1646 allocu-

2278 1680 2507 1747 tionem,
2558 1680 2641 1734 vel
2691 1679 3098 1734 collocutionem
3151 1677 3394 1732 fraterna:
3433 1693 3492 1734 ac
3530 1679 3741 1736 domestica

2275 1771 2644 1826 familiaritatis
2665 1770 2852 1843 (Ibid.,
2873 1787 2919 1824 c.
2950 1770 3069 1841 l9).
3097 1767 3391 1825 Sacerdotii
3417 1770 3491 1824 sui
3513 1785 3611 1828 esse
3625 1787 3741 1827 cense-

2274 1864 2398 1930 bat,
2440 1879 2537 1934 pro
2573 1863 2682 1918 reis
2721 1862 2860 1932 apud
2897 1862 3106 1932 judices
3149 1861 3487 1918 intercedere.
3523 1863 3629 1918 Cum
3653 1865 3738 1918 enim

2273 1953 2494 2022 alicujus
2522 1954 2626 2007 vita
2670 1953 3056 2023 periclitaretur
3083 1953 3135 2006 in
3173 1952 3398 2022 judicio,
3433 1952 3738 2008 ooncmrehatu

2273 2045 2326 2100 in
2353 2046 2668 2108 ecclesiam;
2700 2043 2981 2114 rogabatur
3003 2042 3285 2112 episcopus
3303 2083 3318 2109 ,
3344 2051 3398 2096 ut
3420 2042 3673 2097 intermissis
3687 2057 3738 2096 oc-

2272 2135 2642 2205 cupationibus
2675 2135 2758 2190 vel
2795 2135 3156 2204 gravissimis,
3197 2149 3292 2204 pro
3326 2148 3416 2188 reo
3445 2133 3735 2203 deprecaretur.

2271 2224 2422 2292 Quod
2454 2233 2628 2280 tamen
2673 2225 2996 2296 Augustinus
3024 2225 3326 2279 verecunde
3349 2231 3401 2279 et
3425 2224 3647 2279 moderate
3663 2239 3737 2293 age-

2272 2313 2380 2368 bat.
2406 2314 2460 2368 Ν
2463 2316 2653 2370 animus
2677 2332 2810 2382 eum,
2841 2316 2916 2369 ait
2941 2314 3232 2380 Possidius,
3256 2332 3286 2368 a
3309 2315 3410 2370 suis
3434 2314 3736 2369 charissintislit-

2270 2416 2490 2460 terarum
2518 2408 2841 2462 intercessum
2877 2407 3015 2477 apud
3051 2407 3225 2461 διεθηιὲ
3252 2415 3501 2478 potestates
3524 2405 3736 2477 postulatur

2268 2515 2368 2553 non
2385 2499 2599 2564 dedisse,
2623 2499 2865 2552 dicentem
2885 2499 3150 2569 cujusdam
3171 2500 3406 2571 sapientis
3427 2497 3736 2552 servandarum

2267 2592 2582 2653 sententiam,
2610 2591 2674 2644 de
2691 2608 2788 2660 quo
2811 2592 3052 2661 scripturn
3072 2601 3222 2656 esset,
3245 2591 3376 2661 quod
3393 2592 3534 2644 multa
3548 2604 3630 2642 sua
3643 2591 3736 2658 [me

2266 2683 2682 2752 contemplatione
2716 2683 2890 2736 amicis
2934 2698 3032 2735 non
3060 2683 3385 2750 prtestitisset.
3413 2682 3471 2736 Et
3495 2679 3601 2735 illud
3619 2677 3735 2731 nihila-

2264 2773 2428 2826 minus
2453 2789 2599 2827 suum
2623 2772 2842 2836 addens,
2872 2772 3108 2842 quoniam
3145 2772 3434 2843 plerumque
3467 2779 3643 2844 potestas
3669 2780 3735 2835 qu

2265 2873 2491 2934 prestat,
2520 2864 2719 2934 premit.
2747 2861 2873 2917 Cum
2898 2878 3012 2916 vero
3051 2862 3452 2916 intercedendum
3485 2875 3575 2916 esse
3603 2868 3735 2929 rogatu

2266 2956 2481 3021 videbat,
2511 2967 2613 3010 tam
2639 2956 2693 3010 id
2717 2959 2920 3010 honeste
2945 2973 3006 3009 ac
3033 2965 3305 3026 temperate
3327 2956 3510 3027 agebat,
3537 2963 3582 3008 ut
3601 2969 3671 3006 nos
3687 2964 3736 3003 so-

2265 3047 2370 3102 lum
2398 3064 2638 3101 onerosus
2673 3055 2760 3100 aut
2798 3047 3034 3100 molestus
3070 3063 3170 3099 non
3197 3048 3465 3113 videretur,
3488 3061 3625 3099 verum
3642 3040 3734 3095 etiam

2265 3139 2509 3194 mirabilis
2553 3140 2781 3193 existeret
2817 3137 3014 3211 (Ibid,
3051 3153 3097 3191 c.
3119 3137 3193 3193 20
3209 3140 3248 3208 ).
3277 3137 3451 3193 Refert
3483 3134 3636 3192 deinde
3653 3132 3734 3186 Pos-

2265 3230 2431 3285 sidius
2457 3230 2815 3285 testimonium
2838 3271 2853 3295 ,
2879 3227 3020 3299 quod
3065 3229 3400 3285 Macedonius
3448 3227 3608 3283 Africa:
3641 3224 3734 3275 vica-

2262 3321 2370 3375 rius
2420 3321 2493 3375 illi
2541 3320 2639 3376 hac
2665 3320 2732 3375 de
2769 3336 2828 3375 re
2873 3320 3133 3374 tribuebat
3162 3340 3175 3374 :
3204 3330 3429 3375 attamen
3457 3318 3556 3388 ejus
3575 3312 3734 3370 modesta

2262 3412 2516 3467 demissio
2558 3421 2612 3467 et
2663 3414 2839 3466 innata
2886 3411 2957 3465 illi
2997 3411 3188 3465 lenitas
3222 3426 3326 3465 non
3364 3408 3629 3470 obstabant,
3653 3415 3734 3471 (ιιιοι

2261 3504 2438 3557 minus
2473 3502 2701 3572 graviori
2743 3500 3057 3571 quandoque
3085 3510 3140 3556 et
3169 3501 3316 3556 velut
3342 3498 3520 3555 minaci
3551 3493 3670 3551 modo
3686 3491 3734 3543 in-

2261 3593 2557 3647 tercederet
2584 3609 2597 3644 :
2619 3591 2878 3662 siquidem
2903 3591 3097 3646 veritas
3121 3599 3178 3646 et
3202 3590 3370 3645 dulcis
3404 3597 3497 3654 est,
3520 3595 3565 3642 et
3583 3595 3729 3639 amara:

2259 3685 2471 3757 quando
2500 3685 2669 3741 dulcis
2684 3693 2786 3750 est,
2803 3682 3225 3754 pareit;quando
3249 3698 3442 3751 amara,
3463 3687 3591 3736 curat
3607 3673 3731 3749 (Epist-

2259 3779 2388 3847 247,
2420 3796 2472 3832 η.
2504 3778 2579 3846 t).
3285 3764 3303 3776 ‘

2327 3880 2382 3935 4.
2410 3878 2632 3947 Quidam
2663 3877 2946 3944 Romulus,
2975 3891 3130 3947 quem
3157 3875 3472 3948 Augustinus
3504 3885 3584 3943 per
3611 3865 3729 3922 Evan-

2256 3970 2449 4041 gelium
2470 3971 2522 4024 in
2540 3969 2749 4024 Christo
2762 3978 3034 4040 genuerat,
3059 3968 3401 4024 Ponticanum
3418 3974 3617 4021 actorem
3631 3967 3729 4013 suum
3797 3973 3800 4019 ἱ

2257 4062 2310 4117 in
2342 4061 2676 4131 possessione
2715 4075 2810 4114 sua
2855 4061 3208 4126 collocatum,
3253 4057 3452 4115 colonis
3481 4053 3623 4110 eidem
3644 4044 3731 4101 *111³

2257 4154 2510 4225 subjectis
2538 4151 2865 4222 prmfecerat.
2894 4152 2943 4206 ls
2961 4167 3080 4206 cum
3103 4151 3294 4206 tributa
3321 4147 3531 4205 Romulo
3547 4133 3730 4225 debitatli

2259 4220 2370 4302 illis
2391 4220 2687 4315 exegisset,
2715 4243 2854 4314 quod
2882 4243 2992 4312 ipse
3023 4242 3243 4296 inﬁciari
3271 4256 3374 4295 non
3402 4243 3609 4310 poterat,
3629 4220 3730 4324 ea}!

2257 4353 2316 4394 se
2345 4337 2660 4394 intervenit.
2708 4335 2963 4390 Romulus
2985 4377 3000 4402 ,
3041 4335 3127 4389 cui
3162 4332 3375 4388 aliunde
3411 4323 3650 4386 nonnullus
3671 4317 3730 4371 Dei

2257 4429 2418 4484 timor
2445 4429 2633 4485 inerat.
2663 4425 2760 4479 hos
2795 4425 3109 4491 rusticanos,
3139 4424 3230 4495 qui
3256 4424 3340 4479 vix
3368 4418 3518 4478 semel
3549 4404 3730 4470 solvendo

2254 4520 2480 4583 fuerant,
2517 4517 2582 4572 ad
2624 4515 2900 4587 pendenda
2924 4515 3098 4571 denuo
3122 4517 3312 4571 tributa
3337 4511 3491 4569 teneri
3519 4497 3729 4564 conle

2254 4609 2364 4666 bat.
2391 4609 2569 4679 Iniqua
2591 4600 2705 4662 haec
2726 4607 2914 4678 agendi
2935 4606 3070 4662 ratio
3089 4605 3430 4677 Augustinum
3451 4589 3730 4658 vehementius

2256 4701 2512 4772 perculit,
2541 4699 2714 4754 minus
2741 4709 2916 4753 tamen
2946 4700 3209 4769 egentium
3246 4698 3566 4759 colonorum,
3587 4687 3654 4760 qui
3671 4696 3732 4750 ον’

2255 4791 2634 4862 pritnebantur,
2651 4805 2806 4860 quam
2824 4790 2988 4859 ipsius
3004 4789 3212 4844 Romuli
3228 4803 3402 4853 causa,
3415 4785 3497 4858 qui
3512 4785 3596 4839 hac
3607 4787 3729 4849 tyran'

2254 4881 2377 4936 nide
2404 4880 2634 4935 divinam
2659 4879 2710 4934 in
2731 4895 2790 4934 se
2809 4881 3089 4934 vindictam
3114 4879 3440 4951 provocabat.
3474 4873 3623 4943 Neque
3645 4863 3732 4920 αιίκ

2254 4981 2356 5026 tam
2380 4970 2531 5024 miser
2552 4985 2684 5034 sum,
2708 4969 2893 5039 inquit,
2918 4978 2963 5024 et
2991 4969 3185 5023 alienus
3203 4986 3236 5022 a
3255 4967 3505 5023 uisceribus
3523 4954 3732 5050 Clarium.“

2253 5077 2354 5116 non
2394 5060 2686 5132 grauissimo
2713 5059 2915 5113 uulnere
2945 5060 3155 5129 feriatur
3180 5075 3267 5114 cor
3302 5073 3474 5123 meum,
3505 5047 3730 5125 quando“

2252 5159 2539 5223 aguntquos
2549 5151 2602 5203 in
2617 5151 2725 5220 ejus
2742 5146 3011 5220 Evangelia
3023 5150 3190 5221 genui.
3209 5148 3478 5205 Romulum
3493 5143 3731 5214 igiturcom'

2253 5245 2486 5316 pallavit,
2516 5244 2922 5301 contendentem
2947 5245 3045 5300 hos
3063 5245 3279 5301 colonos
3297 5243 3562 5326 Ponticauo
3584 5230 3732 5327 ωιτξεξο

2252 5352 2358 5392 non
2384 5335 2664 5403 debuisse;
2693 5336 2882 5408 quibus
2911 5345 3084 5393 tamen
3114 5338 3226 5408 ipse
3258 5317 3556 5393 contrarium
3580 5337 3656 5398 per
3675 5317 3732 5372 Ιί¹⁶

2253 5437 2395 5497 teras
2418 5442 2522 5482 non
2551 5425 2983 5499 praescripserat;
3009 5427 3138 5483 citra
3163 5441 3292 5498 quas
3319 5424 3427 5482 ﬁeri
3449 5437 3543 5478 non
3563 5409 3730 5488 ροιθηίν

2251 5527 2310 5574 ut
2331 5519 2599 5586 rusticani,
2623 5520 2714 5590 qui
2735 5519 3076 5576 Ponticanum
3107 5518 3354 5576 videbant
3373 5516 3438 5572 ab
3454 5529 3514 5571 eo
3533 5505 3617 5566 sibi
3642 5509 3733 5572 Ρη·

2251 5609 2502 5680 positum,
2525 5610 2804 5680 pecuniam
2823 5609 3039 5666 domino
3057 5609 3283 5667 debitam
3306 5596 3733 5690 pendere

2253 5711 2391 5757 rent.
2415 5700 2546 5758 Cum
2575 5700 2898 5775 Augustinus
2926 5701 3055 5759 nihil
3087 5701 3223 5776 apud
3263 5697 3529 5758 Romulum
3550 5689 3634 5749 hac
