3868 6406
228 530 402 601 getiam
421 523 562 579 adhuc
581 521 832 592 presbyter
853 529 944 590 pro
969 516 1105 571 virili
1121 531 1217 572 sua
1247 523 1395 584 parte
1428 513 1708 568 annuntia-

228 630 337 684 ret;
361 623 510 691 {unum
547 625 627 684 est,
669 627 721 671 ut
757 616 1006 687 episcopus
1033 614 1192 668 multo
1213 614 1483 668 instantius
1505 627 1569 666 ac
1597 613 1704 682 fer-

225 714 406 776 vastius,
426 711 585 780 πίονι
608 708 904 770 auctoritate,
926 722 1025 760 non
1053 705 1220 758 adhuc
1261 707 1315 759 in
1363 721 1467 758 una
1509 712 1706 758 tantum

224 806 408 875 regione.
434 802 506 857 sed
527 800 798 870 ubicumque
820 808 1021 870 rogatus
1043 800 1272 862 venisset,
1298 799 1499 854 uerbum
1525 799 1705 854 ululis

226 893 599 951 cteraaalocriter
628 908 688 945 ac
720 893 938 963 gnaviter
965 891 1249 963 pullulante
1284 902 1435 961 atque
1457 903 1704 947 crescente

223 987 391 1042 Domini
405 984 592 1039 Ecclaia
613 986 896 1053 praticaret
911 982 1222 1054 (Possidius,
1240 985 1293 1038 in
1323 983 1437 1039 Vita
1461 985 1697 1056 August,

227 1096 266 1132 c.
296 1079 379 1150 l9).
398 1077 582 1134 Possidii
608 1078 758 1132 verba
801 1076 883 1131 illa
909 1086 1065 1142 sunt;
1107 1077 1198 1147 qui
1225 1091 1434 1133 rursum
1464 1078 1532 1134 de
1555 1077 1699 1148 ejus-

225 1168 318 1224 dem
343 1169 383 1224 in
416 1167 752 1239 praedicatione
788 1168 965 1223 labore
991 1167 1204 1223 assiduo
1245 1169 1447 1223 tradit:
1487 1167 1701 1224 Verbum

221 1258 299 1314 Dei
317 1275 434 1330 usqu
465 1259 522 1312 ad
558 1259 714 1327 ipsum
750 1275 894 1313 suam
922 1268 1195 1313 extremam
1221 1260 1568 1330 aegritudinem
1597 1262 1696 1314 im-

215 1351 489 1421 pruemisse,
513 1352 735 1406 alacriter
773 1361 818 1406 et
858 1352 1075 1422 fortiter,
1113 1368 1239 1406 sana
1266 1364 1445 1418 mente,
1477 1370 1697 1425 sonoque

212 1444 432 1499 δοκᾰᾶοὰ
458 1443 662 1497 Ecclesia
708 1443 999 1515 pradicet-it
1027 1442 1226 1513 (Ibid,
1255 1461 1299 1498 c.
1329 1444 1439 1516 5i).
1469 1445 1695 1501 Tantum

206 1537 242 1592 ei
261 1537 324 1591 vel
355 1535 501 1605 juveni
538 1536 789 1591 tributum
822 1544 919 1602 est,
950 1545 1007 1590 ut
1044 1536 1360 1608 ubicumque
1388 1537 1618 1604 adesset,
1651 1539 1694 1593 si

202 1628 421 1684 dicendum
439 1638 540 1684 erat
559 1628 620 1683 ad
648 1629 920 1699 populum,
948 1629 1000 1684 id
1030 1628 1267 1685 muneris
1284 1631 1334 1685 ei
1356 1645 1566 1700 semper
1601 1631 1696 1687 de-

198 1719 394 1784 ferretur,
418 1730 465 1774 et
497 1721 603 1790 ipse
635 1733 757 1775 raro
785 1729 961 1776 tacere
986 1728 1144 1790 atque
1183 1721 1317 1776 alios
1345 1721 1530 1777 audire
1569 1737 1692 1791 per-

196 1811 434 1866 mitteretur
458 1810 698 1883 (Retract.
732 1809 965 1882 prologo,
999 1827 1054 1866 n.
1081 1811 1160 1884 2).
1191 1811 1261 1867 Et
1288 1827 1414 1868 vero
1443 1812 1555 1882 ipse
1578 1828 1694 1868 mo-

192 1902 306 1958 deste
325 1919 376 1959 se
404 1918 600 1975 gerens,
630 1917 693 1958 ac
717 1905 873 1959 utrius
900 1905 1252 1974 Hipponensis
1281 1904 1536 1960 Ecclesiae
1560 1919 1688 1961 cura

192 2001 431 2058 contentus,
468 1994 514 2048 in
555 1994 670 2048 aliis
723 1994 1024 2050 civitatibus
1072 1995 1429 2050 ecclesiastica
1481 1997 1689 2066 negotia

197 2090 356 2138 tantum
385 2085 591 2148 curabat,
620 2093 874 2154 quantum
912 2085 1218 2140 earumdem
1248 2086 1518 2141 civitatum
1555 2100 1690 2156 prat-

189 2173 353 2230 δαίεεεί
372 2176 722 2245 permitterent,
737 2176 818 2230 vel
837 2177 1012 2246 potius
1034 2177 1366 2246 imponerent
1381 2175 1579 2247 (Epist.
1595 2177 1684 2244 54,

187 2283 226 2322 n.
248 2267 311 2338 5).
329 2268 428 2323 tam
448 2269 661 2323 vidimus
679 2284 826 2335 eum,
850 2269 1102 2340 quidquid
1131 2269 1238 2324 fere
1259 2270 1408 2322 vacui
1436 2269 1688 2338 temporis

181 2356 368 2426 haberet,
395 2359 452 2414 iis
479 2375 592 2432 qua:
632 2361 699 2416 ad
727 2362 978 2432 populum
1007 2361 1243 2416 dicturus
1279 2369 1412 2426 erat,
1442 2362 1688 2431 parandis

176 2448 392 2506 insumere
433 2453 765 2507 consuevisse
807 2451 1011 2523 (Epist.
1045 2452 1132 2518 73,
1177 2469 1232 2506 η.
1257 2451 1333 2523 5).
1360 2449 1549 2507 Sermo
1581 2460 1688 2507 tre.

170 2541 434 2596 centesimus
460 2542 924 2613 quinquagesimus
967 2543 1168 2613 primus
1212 2543 1419 2598 videtur
1463 2542 1528 2598 ad
1569 2559 1688 2598 ver-

165 2629 263 2684 bum
286 2629 430 2688 fuisse
459 2633 815 2704 prmscriptns,
863 2642 917 2688 et
946 2634 1223 2688 mandatus
1247 2635 1539 2689 memoriae.
1581 2635 1684 2690 Ex-

163 2723 453 2790 temporalem
497 2723 780 2793 aliquando
822 2724 1137 2779 concionem
1183 2725 1428 2779 habebat.
1470 2724 1570 2780 Ubi
1617 2727 1684 2782 de

157 2807 271 2864 illius
291 2811 336 2865 in
362 2811 607 2868 Joannem
638 2814 971 2870 Tractatibus
1005 2829 1242 2885 agemus,
1283 2815 1577 2871 videbimus
1622 2818 1684 2871 il-

154 2899 246 2956 lum
268 2903 433 2960 diebus
457 2905 685 2978 quinque
709 2907 976 2963 continuis
992 2907 1154 2962 fuisse
1170 2909 1562 2966 concionatum.
1586 2911 1682 2966 Ge-

153 2993 298 3049 minos
319 2995 368 3050 in
401 2997 664 3053 Psalmum
701 3000 1084 3070 octogesimum
1114 3009 1362 3056 octavum
1409 3016 1683 3058 sermones

150 3084 307 3142 eodem
342 3089 420 3144 die
446 3091 653 3158 habuit;
701 3094 929 3150 alterum
959 3094 1232 3150 matutinis
1260 3094 1424 3162 horis,
1453 3096 1701 3181 pomeri--

150 3177 291 3235 dianis
332 3183 566 3240 alterum.
609 3185 721 3242 Nec
762 3202 792 3241 a
837 3187 983 3243 verbi
1031 3189 1324 3243 ministerio
1363 3187 1679 3258 abstinebat,

149 3272 284 3326 etiam
305 3287 412 3328 cum
441 3275 660 3346 languor
698 3278 747 3332 ei
789 3279 1170 3348 propemodum
1201 3280 1362 3334 verba
1391 3279 1683 3348 praeclude-

148 3372 225 3418 ret
242 3369 715 3442 :etviresloquendo
735 3373 1080 3444 recuperabat
1110 3373 1302 3445 (Serm.
1325 3372 1414 3438 42,
1436 3389 1510 3428 cc.
1529 3375 1580 3440 l,
1600 3371 1678 3445 '5).

149 3457 296 3517 Tanto
319 3465 547 3524 nimirum
575 3469 848 3538 profectus
878 3472 1056 3540 populi
1088 3472 1170 3526 sui
1196 3471 1371 3526 studio
1404 3470 1678 3543 ﬂagrabat,

151 3559 210 3606 ut
231 3551 394 3610 laboris
414 3574 469 3615 ac
496 3559 700 3616 doloris
717 3576 877 3617 sensu
900 3577 1083 3618 carere
1111 3563 1394 3618 videretur.

217 3641 262 3697 2.
296 3646 360 3702 Ex
396 3649 616 3707 fortuitis
652 3652 938 3724 aliquando
981 3653 1189 3708 casibus
1223 3653 1520 3724 judicabat,
1554 3652 1681 3724 quid

142 3733 236 3790 sibi
271 3738 389 3795 Deus
428 3744 491 3798 ad
536 3745 792 3815 p0pulum
841 3743 1018 3800 dicere
1066 3745 1393 3814 praeciperet.
1441 3742 1680 3814 Exempli

140 3840 302 3896 causa,
326 3832 366 3886 si
391 3833 568 3901 lector,
599 3836 689 3906 qui
717 3836 909 3906 saepius
935 3851 1064 3906 puer
1091 3845 1223 3904 erat,
1264 3836 1520 3906 psalmum
1567 3835 1681 3905 ipse

139 3916 407 3991 delegisset,
436 3933 523 3981 aut
551 3934 783 3982 errasset
803 3926 994 4000 (Serm.
1025 3926 1150 3994 352,
1175 3928 1290 3996 αι,
1317 3943 1369 3981 n.
1406 3927 1492 3998 l);
1519 3926 1602 3980 vix
1626 3926 1680 3981 in

138 4010 345 4068 animum
373 4015 617 4074 inducere
651 4028 880 4090 poterat,
921 4027 976 4075 ut
998 4020 1159 4075 certis
1199 4019 1266 4076 de
1299 4018 1678 4091 quaestionibus

137 4100 194 4156 ad
217 4107 448 4176 populum
495 4111 656 4166 verba
699 4109 936 4178 faceret;
976 4111 1115 4183 quod
1166 4122 1337 4166 tamen
1377 4127 1534 4183 agere
1572 4127 1676 4166 non

135 4195 400 4264 omittebat,
417 4216 534 4257 cum
561 4218 627 4258 ex
650 4203 892 4259 interiori
919 4204 1094 4259 cordis
1123 4213 1268 4258 motu
1287 4204 1449 4258 Deum
1473 4203 1522 4256 id
1545 4204 1678 4258 velle

134 4288 520 4364 sentiret(Serm.
540 4291 631 4359 52,
647 4312 693 4347 c.
711 4294 767 4360 8,
787 4311 838 4348 n.
853 4295 964 4364 20).
983 4294 1278 4364 Aliquando
1302 4293 1439 4348 Deus
1451 4293 1590 4347 aliud
1605 4293 1673 4359 ei,

135 4390 274 4446 quam
304 4382 431 4453 quod
471 4386 640 4441 luerat
665 4386 1082 4456 praemeditatns,
1119 4385 1431 4456 suggerebat
1470 4384 1672 4456 (Serm.

133 4465 263 4535 7l,c.
287 4471 337 4539 5,
361 4490 409 4528 n.
423 4472 498 4548 8).
519 4473 683 4546 Cujus
703 4478 780 4532 rei
801 4476 1070 4532 Possidius
1086 4477 1290 4548 insigne
1311 4477 1473 4532 refert
1492 4493 1676 4531 exem-

135 4555 260 4623 lllttm
286 4561 332 4617 in
354 4564 461 4622 lucc
485 4567 648 4622 verba
677 4583 690 4620 :
732 4566 851 4622 Scio
879 4567 997 4622 item
1035 4585 1135 4622 non
1175 4568 1312 4622 solus
1355 4569 1480 4639 ipse,
1509 4584 1676 4621 verum

137 4647 271 4704 etiam
299 4655 375 4708 alii
409 4661 593 4726 fratres
617 4667 664 4712 et
705 4659 948 4725 conservi,
972 4657 1058 4728 qui
1097 4657 1350 4713 nobiscum
1398 4669 1514 4712 tunc
1542 4658 1675 4712 intra

140 4733 478 4811 Πὶρροιεηεεπι
501 4747 779 4802 Ecclesium
793 4764 908 4801 cum
929 4747 1100 4802 eodem
1115 4759 1284 4801 sancto
1305 4748 1409 4801 viro
1431 4749 1670 4813 vivebant,

133 4829 252 4886 nobis
278 4837 454 4905 pariter
489 4839 557 4893 ad
596 4857 821 4894 mensam
851 4840 1134 4894 constitutis
1170 4857 1282 4894 eum
1309 4840 1494 4895 dixisse
1518 4856 1536 4894 :
1566 4841 1674 4893 Ad-

135 4921 314 4978 M'listis
337 4925 477 4983 hodie
517 4930 570 4983 in
596 4929 802 4984 ecclesia
833 4947 997 4985 meum
1036 4946 1334 4996 sermonem,
1367 4931 1568 5000 ejusque
1599 4932 1674 4983 in-

137 5005 274 5082 ίιίκηι,
301 5026 346 5071 et
368 5018 519 5088 ﬁnem
541 5030 720 5074 contra
745 5038 905 5075 meam
931 5021 1334 5077 consuetudinem
1357 5021 1670 5089 processisse,

135 5103 329 5164 Mam
343 5126 439 5162 non
454 5127 562 5165 eam
579 5128 686 5166 rem
700 5113 1012 5166 terminatam
1031 5110 1372 5182 eaplicuerim,
1389 5127 1538 5181 quam
1558 5128 1675 5181 pro-

139 5203 383 5268 Maam,
404 5202 493 5258 sed
518 5203 812 5275 pendentem
828 5203 1111 5274 reliquerim
1128 5204 1154 5258 7
1178 5202 1268 5257 Cui
1293 5203 1674 5273 respondimus:

139 5276 305 5347 "nos
326 5293 376 5348 in
399 5304 618 5367 tempore
639 5297 844 5351 miratos
872 5297 1024 5368 fuisse
1047 5296 1253 5362 scimus,
1285 5305 1329 5348 et
1359 5295 1672 5366 recognosci-

142 5383 246 5458 με.
268 5381 430 5440 Atille
452 5401 471 5439 :
497 5385 682 5452 Credo,
712 5386 804 5454 ait,
835 5386 970 5457 quod
1012 5389 1139 5458 forte
1179 5387 1392 5457 aliquem
1425 5393 1673 5439 errantem

143 5457 361 5548 ξξιιιοιηιιι)
395 5474 644 5531 Dominus
670 5493 760 5548 per
801 5457 1020 5532 nostram
1061 5477 1355 5531 oblivionem
1383 5484 1427 5531 et
1455 5491 1674 5531 errorem

143 5544 276 5612 ιοαιί
296 5569 341 5616 et
359 5563 525 5618 curari
564 5564 813 5633 voluerit;
842 5568 893 5621 in
919 5569 1062 5640 cujus
1087 5585 1239 5622 manu
1262 5577 1378 5622 sunt
1403 5578 1450 5622 et
1490 5583 1583 5623 nos
1625 5577 1672 5622 et

145 5653 537 5712 “claustri.
568 5653 707 5711 Nam
727 5675 840 5712 cum
861 5661 1130 5732 propositte
1148 5661 1434 5732 quwstionis
1456 5660 1670 5716 latebras

1779 5758 1882 5804 tum
1912 5751 2043 5805 enim
2065 5751 2199 5820 quod
2219 5750 2464 5822 intelligo,
2486 5752 2598 5806 uolo
2623 5761 2681 5805 ut
2697 5751 2783 5821 qui
2804 5765 2884 5804 me
2903 5749 3047 5804 audit
3062 5748 3310 5822 iiuelligat
3325 5791 3340 5815 ,

145 5744 472 5823 Mem,
507 5750 564 5804 in
589 5749 733 5805 aliud
765 5753 1007 5807 sermonis
1031 5770 1237 5807 excursu
1267 5753 1463 5822 perrexi
1476 5767 1494 5816 ;
1524 5760 1670 5823 atque

146 5817 201 5878 ⁵⁸⁸
219 5845 299 5890 Mn
324 5817 555 5896 conclusa
581 5839 663 5896 vel
687 5842 933 5897 explicata
956 5846 1244 5910 nutatione,
1278 5843 1660 5915 disputationem
1721 5823 1737 5840 .-

1450 399 1650 477 ωηεν.
1683 389 2030 466 Quantus.

1817 514 2096 581 terminavi,
2121 517 2280 587 magis
2295 517 2556 573 adversum
2584 518 2978 578 Manichaeorum
2991 539 3231 591 errorem,
3249 527 3386 582 unde

1814 609 1941 663 nihil
1965 609 2130 665 dicere
2149 611 2481 678 decreveram,
2505 612 2790 682 disputem,
2811 632 2960 685 quam
3073 619 3136 672 iis
3153 635 3270 692 que
3293 637 3381 676 as-

1809 717 1972 756 serere
1995 718 2372 772 proposueram.
2405 702 2469 757 Et
2509 713 2621 774 post
2662 705 2784 772 lucc,
2815 707 2914 762 nisi
2939 689 3114 777 fallor,
3140 689 3252 765 ecce
3276 711 3383 766 alia

1810 793 1909 860 die,
1940 793 2019 850 vel
2043 805 2154 865 post
2170 795 2397 864 biduum,
2423 796 2551 850 venit
2575 797 2782 866 quidam
2815 797 3018 854 Firmus
3047 805 3264 869 nomine,
3293 821 3377 859 ne.

1809 885 2044 954 gotiator,
2067 895 2114 940 et
2137 887 2270 941 intra
2299 889 2652 942 monasterium
2675 889 2872 945 sedente
2896 902 3066 946 sancto
3098 895 3378 965 Augustino
3407 899 3412 908 '

1807 967 1950 1029 nobis
1973 993 2163 1044 coram,
2183 977 2252 1030 ad
2274 977 2422 1048 pedes
2446 979 2558 1050 ejus
2580 978 2786 1050 genibus
2801 981 3088 1050 provolutus
3102 1000 3205 1036 sese
3209 986 3405 1054 jacta-,

1810 1069 1896 1137 vit,
1919 1071 2169 1141 lacrgmas
2191 1071 2426 1140 fundens,
2448 1081 2496 1127 et
2522 1089 2705 1144 rogans
2735 1084 2787 1127 ut
2820 1092 2914 1146 pro
2937 1076 3043 1129 suis
3069 1077 3265 1132 delictis
3292 1095 3375 1133 sa-

1806 1167 1979 1220 cerdos
2001 1182 2114 1219 cum
2133 1167 2318 1221 sanctis
2351 1164 2625 1221 Dominum
2652 1178 2953 1238 precaretur,
2975 1171 3219 1240 conﬁtens
3241 1170 3376 1242 quod

1806 1256 2206 1312 Manichaeorum
2243 1267 2430 1312 sectam
2473 1269 2669 1315 secutus
2711 1262 2905 1327 fuisset,
2953 1271 3001 1316 et
3025 1263 3079 1316 in
3121 1279 3182 1317 ea
3219 1281 3375 1334 quam

1803 1348 2034 1419 plurimis
2058 1349 2204 1403 annis
2226 1350 2444 1418 nituisset,
2487 1360 2533 1405 et
2574 1362 2832 1421 propterea
2859 1354 3121 1423 pecuniam
3164 1355 3377 1411 multum

1801 1441 1925 1510 ipsis
1951 1441 2248 1496 Haniclscis
2281 1443 2359 1496 uel
2392 1443 2464 1497 eis
2498 1459 2620 1514 quos
2647 1445 2819 1498 dicunt
2857 1443 3077 1512 Eiectos,
3120 1447 3374 1503 incassum

1801 1543 2084 1604 erogasset;
2109 1551 2170 1588 ac
2195 1551 2248 1590 se
2271 1535 2324 1590 in
2345 1534 2593 1603 Ecclesia,
2617 1535 2715 1592 Dei
2731 1539 3070 1593 misericordia
3095 1540 3376 1612 fuisseejus

1801 1626 2094 1680 tractatibus
2127 1643 2288 1696 nuper
2333 1638 2628 1694 correctum,
2659 1638 2812 1698 atque
2834 1631 3133 1685 catholicum
3161 1632 3373 1700 factum.

1802 1713 1950 1780 Quod
1967 1725 2013 1769 et
2038 1717 2145 1787 ipse
2170 1717 2462 1772 venerabilis
2489 1719 2820 1790 Augustinus,
2840 1731 2886 1776 et
2909 1738 2999 1777 nos
3023 1723 3108 1790 qui
3133 1732 3251 1777 tunc
3273 1725 3373 1777 ad-

1798 1822 2015 1874 eramus,
2046 1809 2108 1862 ab
2133 1810 2307 1862 eodem
2339 1810 2604 1881 diligenter
2621 1813 2942 1882 inquirentes,
2982 1831 3046 1869 ea:
3067 1831 3169 1887 qua
3199 1833 3253 1870 re
3275 1833 3370 1887 po-

1797 1898 2042 1954 tissimum
2064 1899 2117 1954 in
2157 1901 2248 1976 illo
2288 1909 2502 1956 tractatu
2527 1903 2621 1958 sibi
2641 1904 2790 1975 fuerit
2810 1905 3141 1974 satisfactum,
3168 1916 3218 1960 ct
3238 1911 3373 1978 refe-

1794 1997 1934 2042 rente
1959 2005 2036 2052 eo,
2060 1990 2296 2059 nobisque
2311 1992 2536 2048 omnibus
2555 1994 2798 2048 sermonis
2816 1995 2993 2048 seriem
3016 2012 3368 2066 recognoscen-

1795 2077 1942 2144 tibus,
1973 2079 2280 2149 profuudum
2315 2083 2582 2136 consilium
2610 2082 2707 2136 Dei
2746 2101 2838 2154 pro
2883 2086 3045 2140 salute
3081 2088 3364 2142 animarum

1795 2172 2101 2227 admirantes
2138 2183 2185 2227 et
2225 2183 2499 2242 stupentes,
2545 2177 2936 2247 gloriﬁcavimus
2981 2190 3210 2234 sanctum
3256 2183 3367 2252 ejus

1793 2279 1993 2330 nomen,
2021 2275 2069 2319 et
2094 2265 2470 2330 benediximus;
2495 2269 2581 2338 qui
2615 2284 2731 2322 cum
2761 2270 2991 2336 soluerit,
3021 2282 3068 2326 et
3101 2274 3235 2327 unde
3275 2289 3364 2328 vo—

1792 2354 1958 2421 luerit,
1977 2365 2025 2410 et
2043 2358 2289 2427 quomodo
2306 2358 2532 2424 uoluerit,
2560 2367 2605 2413 et
2624 2377 2711 2430 per
2725 2362 2956 2429 scientes,
2972 2372 3019 2417 et
3037 2379 3128 2434 per
3145 2365 3368 2419 nescien-

1791 2457 1863 2501 tes
1901 2449 2115 2503 salutem
2154 2461 2391 2521 operatur
2427 2452 2730 2506 animarum.
2776 2451 2844 2506 Et
2882 2471 2944 2509 ea:
2985 2470 3046 2509 eo
3086 2455 3175 2510 ille
3216 2455 3366 2511 homo

1791 2540 2044 2610 proposito
2065 2557 2323 2595 servorum
2360 2540 2456 2596 Dei
2487 2545 2772 2610 adhcrens,
2819 2546 3143 2616 negotiatoris
3179 2546 3370 2602 dimisit

1789 2634 2055 2696 actionem,
2075 2643 2125 2688 et
2150 2635 2416 2703 proﬁciens
2440 2637 2492 2690 in
2522 2634 2763 2691 Ecclesia
2780 2639 3032 2704 meinbris,
3057 2639 3112 2692 in
3135 2639 3242 2692 alia
3284 2655 3368 2700 rer

1787 2726 1936 2797 gione
1955 2727 2023 2780 ad
2049 2727 2340 2798 presbyterii
2365 2745 2580 2800 quoque,
2609 2729 2702 2784 Dei
2725 2730 2979 2785 voluntate
3005 2733 3186 2803 petitus
3207 2741 3254 2787 et
3279 2749 3368 2788 co-

1787 2827 1950 2886 actus,
1977 2821 2181 2873 accessit
2210 2820 2444 2891 ofﬁcium,
2472 2831 2643 2876 tenens
2663 2832 2813 2890 atque
2852 2824 3138 2880 custodiens
3173 2843 3362 2897 propo-

1786 2907 1870 2963 siti
1894 2910 2207 2963 sanctitatem
2229 2926 2248 2964 :
2266 2921 2312 2965 et
2337 2915 2467 2981 forte
2503 2912 2670 2966 adhuc
2692 2929 2848 2981 usque
2872 2916 2925 2968 in
2953 2915 3099 2970 rebus
3125 2917 3358 2973 humanis

1785 3001 1901 3054 vivit
1929 3009 2067 3056 trans
2089 3019 2226 3056 mare
2243 3005 2536 3059 constitutus
2561 3003 2884 3078 (Possidius,
2909 3008 2963 3062 in
2986 3007 3099 3062 Vita
3119 3009 3328 3080 August.
3342 3049 3358 3075 ,

1786 3092 1980 3163 ε.15).

1855 3185 1910 3240 3.
1955 3183 2013 3239 In
2050 3193 2320 3242 senectute
2347 3201 2467 3243 cum
2509 3189 2768 3258 gravitate
2808 3189 3013 3260 majori,
3042 3189 3136 3246 sed
3165 3190 3358 3246 minori

1786 3276 2085 3346 prolixitate
2099 3279 2511 3333 concionabatnr
2527 3279 2543 3350 (
2562 3279 2728 3335 Serm.
2751 3280 2874 3346 350,
2892 3298 2942 3335 η.
2966 3282 3044 3352 5).
3066 3281 3361 3351 Aliquando

1785 3381 1895 3436 prae
1923 3367 2084 3422 nimia
2122 3367 2427 3439 fatigatione
2453 3371 2653 3426 viribus
2679 3371 2879 3439 fractis,
2920 3373 3207 3442 cogebatur
3236 3387 3357 3428 ser-

1784 3472 1998 3513 monem
2024 3458 2360 3529 abrumpere,
2401 3469 2459 3514 ut
2487 3461 2599 3530 ipsa
2645 3461 2734 3518 die
2776 3462 2991 3518 Pascha;
3029 3463 3240 3530 accidit,
3291 3463 3359 3518 ob

1785 3549 2042 3616 laborem,
2073 3568 2229 3622 quem
2268 3553 2322 3608 in
2359 3554 2634 3624 pervigilio
2660 3553 2778 3609 l'csti
2803 3555 3014 3626 jejunus
3041 3557 3362 3612 tolerarent

1785 3637 1986 3711 (Serm.
2020 3641 2168 3712 320).
2199 3640 2546 3699 Sermonibus
2575 3645 2732 3699 tinem
2761 3645 3086 3716 frequentius
3121 3649 3360 3716 impono-

1784 3730 1895 3798 bat,
1929 3747 1996 3787 ne
2033 3733 2207 3787 nimiis
2232 3734 2500 3790 auditores
2515 3751 2642 3791 suos
2665 3735 2998 3792 documentis
3024 3748 3291 3793 oneraret.
3310 3740 3353 3793 Δ

1785 3824 2158 3894 prtedicatione
2186 3827 2448 3882 interdum
2474 3829 2789 3895 abstinebat,
2819 3840 2879 3885 ut
2906 3833 3129 3901 spatium
3166 3835 3360 3902 populo

1783 3914 1933 3971 daret
1959 3916 2023 3971 ad
2042 3930 2124 3979 ea,
2151 3933 2266 3988 quze
2294 3927 2417 3974 ante
2439 3919 2680 3986 dixisset,
2698 3930 2896 3976 attenta
2919 3933 3096 3978 mente
3115 3923 3358 3977 recolen-

1783 4006 1848 4062 da
1873 4006 2064 4078 (Serm.
2089 4008 2211 4074 352,
2230 4027 2276 4064 c.
2297 4011 2346 4075 Ι,
2369 4027 2421 4064 n.
2446 4009 2520 4083 l).
2543 4010 2737 4065 Verum
2754 4028 2873 4066 cum
2899 4015 3124 4083 populus
3147 4029 3354 4069 senue-

1783 4112 1877 4152 nes
1906 4099 2020 4167 ejus
2057 4099 2208 4153 avide
2235 4115 2298 4155 ac
2329 4101 2614 4156 salubriter
2646 4103 2937 4171 exciperet,
2964 4105 3027 4158 iis
3059 4104 3352 4174 [nu-itaba-

1782 4196 1868 4241 tur
1895 4189 2034 4242 illius
2055 4189 2238 4255 fames,
2265 4190 2458 4245 nedum
2482 4192 2790 4248 satiabatur.
2820 4193 2999 4264 Itaque
3027 4196 3129 4266 piis
3150 4197 3270 4266 ejus
3296 4206 3352 4251 et.

1781 4279 2000 4334 utilibus
2027 4281 2163 4336 votis
2189 4281 2380 4337 cedere
2409 4283 2716 4354 cogebatur.
2743 4284 2986 4341 Studium
3013 4303 3166 4342 suum
3196 4303 3357 4356 popu-

1780 4369 1862 4425 lus
1909 4381 1964 4426 et
2001 4374 2346 4430 attentionem
2375 4377 2537 4431 animi
2562 4376 2629 4431 ad
2659 4393 2778 4432 eum
2803 4379 3118 4433 audiendum
3153 4379 3355 4448 signiﬁ-

1781 4461 1966 4526 cabat;
2001 4463 2234 4519 indicans
2274 4465 2432 4520 modo
2456 4466 2748 4536 intelligere
2777 4482 2835 4522 se
2866 4483 2955 4523 res
2992 4468 3350 4536 dilliciltimas,

1779 4567 1912 4621 quas
1941 4554 2229 4621 enodaret;
2272 4557 2431 4611 modo
2455 4572 2542 4622 ea,
2569 4572 2688 4626 qua:
2713 4558 2948 4613 ditatum
2988 4568 3120 4622 erat,
3153 4573 3357 4630 praeoc-

1779 4660 1998 4716 cupans,
2021 4654 2074 4701 et
2101 4647 2294 4715 saepius
2309 4662 2428 4702 eum
2447 4650 2678 4703 maximo
2697 4650 2953 4718 applausu
2973 4650 3316 4722 interpellans
3337 4672 3350 4708 :

1779 4738 1868 4808 qui
1897 4737 2244 4808 Augustinum
2271 4737 2482 4808 quidem
2509 4738 2703 4810 gaudio
2729 4738 3011 4810 alliciebat,
3044 4743 3187 4814 quod
3233 4744 3352 4800 illo-

1779 4843 1895 4886 rum
1921 4845 2045 4900 erga
2082 4830 2354 4885 veritatem
2377 4830 2610 4886 studium
2634 4841 2691 4888 et
2716 4846 2952 4888 amorem
2978 4851 3044 4889 ex
3065 4849 3131 4890 eo
3154 4850 3355 4906 cogno-

1778 4930 1977 4986 sceret;
2004 4921 2097 4976 sed
2124 4921 2213 4992 qui
2239 4921 2356 4990 ejus
2374 4921 2646 4978 modestia
2669 4937 2733 4979 ac
2757 4923 3064 4981 demissioni
3091 4937 3346 4983 terrorem

1779 5012 2084 5067 incutiebat.
2106 5010 2164 5066 In
2193 5011 2350 5067 rebus
2377 5013 2634 5084 gravioris
2660 5017 2912 5070 momenti
2945 5017 3216 5087 plausibus
3252 5034 3349 5074 eo-

1778 5117 1895 5158 rum
1927 5119 2030 5157 non
2062 5112 2363 5168 contentus,
2390 5105 2642 5175 pergebat
2665 5105 2860 5171 dicere,
2893 5107 3065 5162 donec
3089 5109 3351 5181 larrymas

1778 5210 1840 5250 ex
1859 5208 2044 5249 eorum
2065 5194 2230 5250 oculis
2243 5192 2464 5248 ﬂuentes
2483 5204 2726 5251 cerneret
2741 5194 2842 5268 (De
2857 5196 3034 5252 Doctr.
3053 5199 3347 5265 christiana,

1779 5284 1862 5339 lib.
1894 5285 1949 5351 4,
1977 5301 2031 5339 n.
2063 5285 2179 5356 53).
2212 5283 2344 5338 Mihi
2367 5301 2524 5356 prope
2545 5301 2758 5356 semper,
2783 5288 2878 5356 ait,
2904 5305 3068 5345 sermo
3092 5307 3230 5346 meus
3248 5293 3352 5347 dis.

1778 5377 1947 5448 plicet.
1979 5376 2209 5432 Melioris
2245 5378 2378 5432 enim
2402 5378 2580 5432 atridas
2603 5394 2735 5446 nutu,
2771 5397 2874 5452 quo
2905 5397 3040 5455 ιαμ
3061 5385 3350 5456 mm.

1777 5473 1903 5540 rius,
1931 5482 2195 5543 antequam
2215 5489 2330 5527 eum
2352 5473 2607 5543 explicare
2623 5474 2783 5530 verbis
2808 5477 3100 5533 sonantibus
3115 5493 3307 5548 δωρον-ο
3323 5495 3345 5533 :

1776 5567 1909 5635 quod
1934 5566 2021 5620 ubi
2047 5571 2231 5634 minus,
2271 5582 2422 5637 quam
2447 5567 2568 5622 mihi
2598 5578 2745 5623 notus
2773 5579 2866 5635 est,
2895 5571 3348 5636 commemini-

1775 5665 1878 5711 star
1896 5655 2122 5729 linguam
2151 5674 2313 5712 meam
2327 5659 2467 5714 cordi
2483 5675 2592 5715 meo
2607 5677 2710 5716 non
2727 5662 2950 5732 potuisse
2973 5659 3208 5730 sumsere.
3241 5659 3313 5714 To
3331 5692 3346 5702 -

1778 5853 1825 5897 et
1854 5844 2014 5898 srntio
2051 5860 2128 5897 me
2157 5859 2256 5896 non
2295 5844 2368 5896 ita
2407 5842 2560 5911 loqui,
2606 5852 2660 5896 ut
2698 5841 2789 5897 hoc
2815 5839 3024 5910 φάσκει
3063 5857 3079 5894 :
3127 5846 3347 5898 maxime
