3838 6270
511 471 630 542 quia
657 467 744 522 ille
769 465 1044 521 intellectus
1066 466 1210 536 quasi
1242 464 1424 536 rapida
1456 464 1794 518 coruscatione
1830 463 2083 534 perfundit

511 563 735 616 annuum
757 578 778 626 ;
805 560 896 614 illa
918 570 1085 613 autem
1102 559 1286 613 locutio
1307 557 1452 611 tarda
1478 567 1526 612 et
1553 557 1702 627 longa
1724 565 1814 622 est,
1844 557 2084 626 longeque

511 652 807 715 dissimilis;
850 660 896 705 et
935 651 1057 703 dum
1087 650 1187 704 ista
1213 650 1444 714 volvitur,
1481 649 1596 718 jam
1620 665 1674 702 se
1696 648 1784 702 ille
1805 649 1857 701 in
1895 656 2082 701 secreta

508 760 602 797 sua
629 743 854 797 condidit
885 758 904 796 :
926 749 1092 796 tamen
1115 742 1234 811 quia
1258 741 1464 811 vestigia
1496 739 1728 809 quadam
1767 739 1891 792 miro
1932 739 2080 793 modo

508 836 756 905 impressit
784 834 1055 897 memorie,
1087 834 1358 904 perdurant
1381 833 1472 886 illa
1493 848 1607 886 cum
1635 830 1944 903 syllabarum
1973 847 2081 885 mo-

503 926 631 979 rulis
648 942 668 990 ;
700 934 851 994 atque
871 941 933 979 ex:
959 925 1142 980 eisdem
1188 923 1402 995 vestigiis
1432 924 1664 978 sonantia
1708 927 1851 994 signa
1881 924 2078 994 peragi-

506 1032 638 1069 mus.
668 1014 779 1070 Nos
799 1024 965 1069 autem
1002 1016 1286 1086 plerumque
1311 1016 1364 1068 in
1403 1015 1648 1069 auditoris
1681 1015 1948 1069 utilitatem
1988 1032 2074 1070 ve-

506 1105 758 1159 hementer
804 1107 1051 1172 ardentes,
1095 1106 1167 1159 ita
1201 1106 1336 1175 loqui
1365 1106 1608 1172 volumus,
1656 1106 2076 1175 quemadmodum

503 1207 622 1250 tunc
645 1196 990 1267 intelligimus,
1019 1213 1132 1250 cum
1154 1214 1242 1268 per
1269 1198 1430 1268 ipsam
1450 1198 1772 1251 intentionem
1814 1197 1949 1267 loqui
1975 1215 2074 1252 non

500 1303 786 1356 possumus.
821 1287 887 1340 Et
910 1289 1027 1357 quia
1056 1304 1154 1340 non
1182 1288 1430 1353 succedit,
1469 1288 1702 1358 angimur
1731 1297 1776 1340 et
1812 1289 1941 1341 velut
1965 1292 2074 1358 [ru-

496 1385 608 1429 stra
645 1393 849 1446 operam
872 1378 1197 1444 insumamus,
1240 1377 1387 1432 taedio
1420 1379 1807 1444 marcescimus;
1832 1388 1980 1448 atque
2012 1395 2074 1432 ea:

496 1468 609 1537 ipso
637 1469 786 1522 lautia
825 1469 1110 1540 languidior
1133 1471 1190 1538 ﬁt
1216 1470 1349 1524 idem
1381 1486 1541 1524 sermo
1565 1479 1612 1525 et
1654 1471 1888 1538 hebetior,
1921 1487 2072 1540 quam

497 1569 606 1612 erat
631 1559 762 1614 unde
793 1559 1024 1630 perduxit
1065 1559 1133 1613 ad
1175 1560 1399 1615 tcedium.
1429 1560 1534 1616 Sed
1563 1561 1685 1614 mihi
1726 1577 1858 1631 scepe
1882 1560 2072 1614 indicat

495 1667 671 1706 eorum
711 1652 953 1716 studium,
998 1653 1082 1723 qui
1117 1670 1196 1706 me
1236 1654 1413 1706 audire
1456 1653 1685 1723 cupiunt,
1724 1670 1822 1707 non
1865 1653 1938 1706 ita
1965 1669 2072 1707 esse

495 1743 740 1813 frigidum
764 1743 1013 1812 eloquium
1040 1759 1223 1810 meum,
1251 1753 1305 1796 ut
1328 1743 1520 1796 videtur
1552 1744 1674 1796 mihi
1695 1759 1715 1807 ;
1735 1753 1780 1797 et
1828 1759 1910 1797 eos
1951 1744 2071 1798 inde

496 1833 690 1902 aliquid
727 1833 850 1887 utile
884 1850 1078 1903 capere,
1120 1849 1183 1888 ea:
1219 1850 1389 1888 eorum
1430 1834 1753 1889 delectatione
1785 1850 2068 1904 cognosco;

494 1942 786 1990 mecumque
808 1943 904 1996 ago
930 1925 1124 1990 sedulo,
1150 1934 1204 1978 ut
1225 1925 1340 1978 huic
1363 1925 1640 1980 exhibendo
1669 1925 1940 1978 ministerio
1966 1940 2068 1977 non

491 2018 670 2081 desim,
700 2018 753 2071 in
779 2033 877 2087 quo
904 2015 1019 2070 illos
1058 2015 1200 2070 video
1245 2017 1368 2071 bene
1408 2017 1630 2087 accipere
1655 2015 1788 2087 quod
1813 2015 2068 2070 exhibetur

489 2107 605 2181 (De
625 2109 1003 2163 Catechizandis
1039 2107 1266 2173 rudibus,
1301 2124 1393 2163 nn.
1433 2109 1484 2173 5,
1518 2108 1596 2178 4).
1638 2107 1692 2162 In
1720 2109 1835 2177 ejus
1876 2107 1941 2162 ad
1967 2123 2064 2178 po-

487 2201 667 2269 pulum
694 2200 1025 2256 sermonibus
1053 2199 1356 2269 complures
1385 2199 1523 2254 baud
1549 2199 1709 2255 dubie
1749 2207 1870 2253 sunt
1895 2199 1946 2252 in
1969 2213 2064 2254 eoo

486 2306 604 2345 rum
642 2291 865 2362 gratiam
893 2290 1192 2360 compositi,
1222 2292 1337 2360 qui,
1365 2306 1486 2345 cum
1532 2291 1766 2344 muneris
1792 2288 2064 2358 officiique

485 2381 566 2436 sui
591 2383 727 2437 ratio
753 2381 821 2437 ab
858 2382 924 2436 iis
960 2381 1193 2451 postulet
1219 2389 1282 2437 ut
1309 2383 1362 2437 in
1403 2382 1627 2437 ecclesia
1657 2381 2060 2447 concionentur,

485 2490 817 2546 nequaquam
838 2475 1036 2530 habent
1062 2475 1366 2533 facultatem
1388 2477 1717 2549 excogitandi
1734 2493 1850 2548 quae
1863 2476 2063 2532 dicant.

485 2565 654 2634 Huius
679 2566 891 2636 generis
915 2573 1043 2621 sunt
1066 2565 1173 2621 duo
1192 2568 1263 2624 ad
1291 2567 1759 2639 Carthaginensem
1786 2567 2065 2624 diaconum

484 2655 636 2711 missi
662 2657 715 2711 in
745 2656 878 2712 libro
901 2656 967 2711 de
1003 2656 1408 2714 Catechizandis
1451 2660 1688 2726 rudibus,
1734 2674 1937 2716 necnon
1977 2659 2067 2714 ille

484 2746 622 2804 forte
648 2749 739 2818 qui
766 2748 820 2802 in
859 2747 1025 2819 ipsius
1061 2746 1385 2806 Sermonum
1422 2751 1733 2806 collectione
1759 2759 1841 2806 est
1867 2750 2066 2805 ducen-

486 2839 705 2893 tesimus
730 2838 968 2894 decimus
992 2849 1236 2910 quartus.
1285 2841 1416 2896 Nam
1448 2842 1574 2897 utile
1599 2857 1718 2897 esse
1747 2841 2062 2909 affirmabat,

483 2937 541 2983 ut
568 2929 651 2984 vel
676 2931 753 2984 sic
781 2931 927 2986 multi
955 2930 1335 3000 praedicatores
1362 2934 1597 2988 veritatis
1623 2933 1809 2988 ﬁerent
1831 2932 1934 3002 (De
1954 2931 2064 2986 Do-

484 3022 645 3074 ctrina
663 3021 961 3086 christiana,
981 3022 1072 3074 lib.
1093 3023 1152 3090 4,
1173 3042 1220 3078 c.
1235 3024 1326 3089 29,
1345 3042 1396 3078 η.
1419 3026 1529 3094 62).
1562 3025 1618 3078 ln
1647 3025 1944 3079 elocutione
1973 3040 2066 3079 sua

483 3111 843 3181 grammatica:
869 3112 1017 3181 leges
1041 3112 1244 3170 violare
1272 3131 1378 3171 non
1411 3115 1706 3182 dubitabat,
1735 3131 1839 3186 quo
1863 3116 1930 3170 ab
1958 3117 2063 3171 im-

484 3203 672 3273 peritis
690 3212 744 3257 et
782 3203 1001 3258 rudibus
1029 3203 1241 3263 facilius
1265 3209 1664 3279 intelligeretur.
1693 3209 1942 3277 Quamvis
1967 3227 2064 3267 au-

487 3299 597 3347 tem
627 3291 681 3346 in
706 3292 817 3346 suis
835 3291 902 3347 ad
929 3293 1141 3362 plebem
1168 3299 1480 3354 tractatibus
1505 3299 1627 3354 stilo
1651 3301 1806 3370 paulo
1835 3302 2065 3358 submis-

485 3380 630 3436 siore
673 3382 750 3436 uti
789 3385 1152 3455 consueverit,
1187 3390 1446 3446 sermonis
1497 3400 1669 3446 tamen
1726 3407 1905 3448 curam
1958 3409 2063 3448 non

488 3485 660 3542 usque
683 3473 817 3528 adeo
843 3475 1060 3544 abjeCil,
1097 3490 1153 3534 ut
1187 3480 1398 3536 sordida
1422 3481 1491 3536 sit
1517 3481 1630 3552 ejus
1655 3484 1841 3538 oratio.
1871 3483 2064 3539 Verum

489 3561 631 3618 hanc
655 3578 760 3618 non
778 3565 1055 3624 minimam
1084 3571 1329 3626 oratoria:
1351 3573 1478 3627 artis
1504 3584 1705 3643 partem
1727 3575 1958 3645 putabat,
1980 3590 2069 3630 ac-

489 3654 828 3711 wmmodare
856 3671 978 3714 sese
993 3662 1058 3716 ad
1085 3673 1295 3731 captum
1321 3663 1577 3719 auditoris
1605 3682 1618 3717 :
1648 3674 1701 3720 et
1726 3666 1955 3722 malebat
1978 3682 2066 3721 re-

490 3745 674 3818 dargui
705 3763 763 3802 se
790 3764 818 3801 a
842 3754 1221 3824 grammaticis,
1250 3770 1406 3825 quam
1425 3771 1453 3808 a
1475 3757 1682 3825 populis
1711 3774 1816 3813 non
1847 3759 2066 3829 intelligi

493 3840 516 3904 ί
533 3839 689 3898 Εηαν.
736 3842 792 3900 in
822 3840 967 3900 Psal.
995 3862 1190 3901 xxxvm
1211 3887 1225 3910 ,
1261 3864 1313 3900 n.
1335 3846 1404 3902 20
1421 3857 1459 3917 ).
1499 3848 1761 3903 Probabat
1790 3849 1841 3903 in
1883 3850 2066 3919 primis

494 3935 690 3992 dictum
710 3938 956 4002 oratoris,
973 3939 1252 4008 quamdam
1280 3939 1331 3993 in
1349 3939 1610 4010 loquendo
1634 3940 1932 4011 diligentem
1949 3957 2066 3997 esse

493 4026 864 4096 negligentiam
892 4027 1166 4092 docentis;
1195 4027 1283 4082 ubi
1318 4038 1492 4083 tamen
1515 4029 1598 4082 illa
1615 4030 1691 4084 sic
1709 4030 1954 4086 detrahat
1981 4046 2066 4086 or-

497 4125 679 4171 natum
708 4127 764 4171 ul.
793 4117 978 4173 sordes
1003 4135 1108 4173 non
1137 4119 1430 4174 contrahat.
1459 4119 1714 4176 Bonorum
1732 4123 2062 4193 ingeniorum,

493 4207 587 4271 ait,
618 4205 828 4278 insignis
861 4217 931 4262 est
972 4207 1186 4274 indoles,
1230 4209 1283 4262 in
1322 4210 1479 4264 verbis
1518 4226 1686 4264 verum
1732 4228 1921 4279 amare,
1966 4230 2066 4267 non

492 4297 660 4353 verba.
691 4295 829 4362 Quid
853 4298 985 4352 enim
1009 4298 1211 4369 prodest
1239 4299 1392 4353 clavis
1418 4316 1592 4364 aurea,
1636 4301 1682 4354 si
1717 4303 1911 4370 aperire
1932 4302 2067 4372 quod

490 4391 721 4445 volumus
745 4407 847 4445 non
892 4392 1084 4460 potest?
1125 4400 1212 4444 aut
1235 4391 1358 4462 quid
1384 4392 1519 4445 obest
1545 4391 1728 4463 lignea,
1758 4395 1802 4446 si
1834 4393 1926 4447 hoc
1969 4411 2063 4463 po-

491 4484 624 4538 test?
649 4484 852 4553 quando
880 4482 1010 4536 nihil
1035 4483 1327 4554 qua'rimus,
1359 4484 1456 4537 nisi
1481 4493 1648 4553 patere
1673 4485 1808 4549 quod
1839 4485 2064 4540 clausum

492 4581 564 4627 est
591 4572 689 4641 (De
708 4573 953 4626 Doctrina
973 4574 1265 4636 christiana,
1289 4574 1377 4628 lib.
1394 4575 1449 4640 4,
1467 4575 1607 4642 σ.10,
1623 4593 1674 4629 n.
1690 4575 1779 4648 26)
1792 4576 1815 4629 ?
1830 4576 2062 4633 Tandem

492 4663 821 4732 plerumque,
843 4673 903 4718 ut
925 4665 1037 4734 ipse
1057 4665 1320 4730 observat,
1339 4665 1500 4721 dictio
1517 4667 1627 4737 ipsa
1652 4668 1911 4722 submissa
1936 4669 2061 4723 dum

494 4752 651 4806 solvit
674 4751 1014 4807 difficillimas
1040 4756 1377 4823 quaestiones,
1419 4757 1652 4813 maxime
1677 4759 1887 4828 quando
1915 4759 2065 4814 adest

496 4842 547 4897 ei
573 4841 837 4911 quoddam
864 4841 1027 4897 decus
1053 4859 1156 4897 non
1187 4847 1494 4914 appetitum,
1527 4846 1619 4902 sed
1646 4848 1874 4917 quodam
1902 4848 2062 4903 modo

498 4930 756 4994 naturale,
790 4939 958 4985 tantas
987 4933 1392 4989 acclamationes
1419 4936 1633 5002 excitat,
1667 4946 1720 4992 ut
1750 4938 1834 4992 vix
1864 4938 2061 4993 intelli-

492 5027 646 5090 gatur
673 5033 792 5074 esse
814 5020 1070 5077 submissa
1090 5022 1272 5093 (lbid.,
1296 5041 1346 5078 n.
1375 5025 1489 5095 56).
1515 5025 1626 5080 Hoc
1648 5041 1806 5097 porro
1826 5043 2062 5099 persaepe

497 5111 590 5167 illo
612 5111 678 5166 ad
703 5113 951 5181 populum
978 5113 1187 5171 dicente
1211 5117 1564 5188 contingebat.

565 5205 620 5258 4.
662 5203 885 5259 Dubium
933 5222 1036 5262 non
1081 5215 1182 5274 est,
1213 5210 1338 5280 quin
1369 5211 1530 5266 latine
1566 5225 1691 5266 suos
1719 5209 1784 5266 ad
1825 5213 2054 5280 plebem,

492 5297 677 5369 quales
699 5308 926 5366 exstant,
958 5314 1230 5357 sermones
1261 5302 1496 5358 haberet.
1526 5305 1603 5358 Ac
1621 5318 1680 5358 re
1708 5303 1916 5373 quidem
1945 5305 2058 5374 ipsa

489 5405 610 5447 cum
638 5389 1034 5462 Hippo-Regius
1059 5401 1201 5448 esset
1228 5393 1352 5448 urbs
1375 5394 1618 5460 celebris,
1659 5394 1898 5449 Romana
1925 5395 2057 5450 civi-

492 5491 591 5550 tas,
635 5498 733 5539 seu
763 5483 989 5540 colonia:
1020 5485 1138 5554 jure
1163 5483 1417 5554 gaudens,
1449 5499 1513 5539 ac
1545 5485 1840 5540 maritimus
1877 5497 2059 5556 portus

491 5574 557 5628 ad
572 5590 730 5645 quem
751 5573 1162 5645 frequentissimi
1182 5574 1398 5628 advenae
1415 5575 1739 5643 appellerent
1758 5575 1945 5646 (Epist.
1963 5578 2055 5647 55,

491 5681 547 5719 n.
570 5665 634 5729 3;
655 5665 730 5718 De
742 5663 890 5720 Civil.
907 5664 1026 5732 Dei,
1049 5664 1136 5719 lib.
1153 5664 1245 5732 2‘2,
1263 5680 1376 5736 cap.
1396 5664 1459 5730 8;
1483 5662 1630 5720 Cont.
1649 5665 1771 5720 Litt.
1795 5665 2054 5734 Petiliani,

490 5754 578 5812 lib.
595 5755 653 5824 Ξ,
671 5771 716 5811 c.
734 5756 820 5823 85,
836 5773 888 5811 η.
909 5757 1053 5828 184),
1072 5757 1366 5830 generatim
1396 5757 1648 5828 populum
1667 5758 1826 5816 latine
1841 5761 2057 5817 scivisse

1664 343 1819 399 V'l'l'A
1857 342 1914 398 S.
1957 337 2317 400 AUGUSTINI
2341 340 2666 402 EPISCOPI.
3149 341 3249 354 ’ψ’
3602 360 3680 419 2M)

2191 458 2442 516 credibile
2469 469 2569 516 est.
2600 461 2657 516 in
2685 460 2912 532 quodam
2948 475 3193 520 sermone
3218 466 3524 536 proverbium
3553 476 3672 542 puni.

2187 565 2305 604 cum
2331 551 2492 606 latine
2534 552 2741 608 reddit:
2766 553 2963 622 Latine,
3004 555 3190 626 inquit,
3230 557 3357 612 vobis
3391 559 3672 636 dicant;qu

2185 650 2365 715 punice
2382 664 2482 701 non
2497 663 2666 701 omnes
2686 649 2840 702 nostis
2861 648 3052 717 (Serm.
3075 650 3194 715 167,
3209 666 3254 702 c.
3275 651 3325 713 5,
3346 667 3396 704 n.
3413 652 3676 722 4).Clericos

2183 739 2544 808 conquirebat,
2577 739 2667 810 qui
2696 740 2910 794 latinam
2936 741 3165 810 linguam
3201 743 3442 798 callerent
3467 762 3480 798 :
3506 751 3674 818 etquod

2181 829 2378 882 mirum
2409 829 2574 883 videri
2610 829 2797 899 possit,
2839 829 2902 883 iis
2925 844 2985 884 se
3009 829 3312 885 destitutum
3347 848 3476 900 esse,
3501 847 3547 890 et
3570 838 3622 892 ob
3640 839 3675 893 id

2181 919 2494 988 evangeliae
2532 919 2918 990 praedicationis
2946 935 3278 991 progressum
3319 923 3549 980 retardari
3583 942 3676 982 con-

2179 1011 2434 1080 queritur.
2459 1011 2534 1066 Ea
2561 1011 2628 1067 de
2653 1027 2809 1067 causa
2837 1012 3093 1068 Lucillum
3119 1013 3409 1080 diaconum,
3431 1033 3566 1087 quem
3583 1019 3678 1074 edu-

2178 1117 2329 1158 casse
2348 1102 2573 1169 videtur,
2601 1119 2632 1158 a
2658 1117 2715 1158 se
2743 1103 3007 1159 dimittere
3034 1104 3220 1159 noluit.
3251 1105 3472 1163 anillus
3491 1109 3574 1164 iste
3589 1126 3674 1180 ger-

2179 1209 2367 1248 manus
2411 1203 2527 1250 erat
2573 1194 2781 1262 Novati,
2823 1193 3102 1262 Sitifensis,
3145 1207 3201 1251 ut
3238 1197 3442 1253 videtur
3476 1201 3674 1271 episcopi,

2177 1285 2268 1353 qui
2294 1300 2412 1338 eum
2441 1285 2508 1340 ab
2548 1285 2842 1356 Augustino
2868 1287 3096 1357 repetiit,
3119 1297 3176 1342 ut
3202 1289 3411 1344 diteeesi
3440 1305 3536 1345 suae
3557 1293 3674 1362 prod-

2176 1384 2335 1431 esset.
2374 1377 2478 1432 Sed
2506 1392 2626 1433 cum
2673 1377 2935 1434 Sitifensis
2980 1380 3212 1435 Ecclesia
3243 1382 3501 1448 ministris,
3524 1385 3596 1454 qui
3624 1385 3676 1439 la-

2176 1467 2284 1522 tine
2311 1468 2524 1532 scirent,
2555 1469 2770 1525 minime
2794 1469 3070 1540 indigeret,
3100 1470 3356 1526 Novatum
3387 1474 3566 1542 rogavit
3595 1476 3674 1529 Au-

2173 1561 2430 1628 gustinus,
2465 1570 2521 1615 ut
2557 1561 2806 1616 Ecclesiae
2846 1578 2955 1618 sua:
2993 1563 3396 1619 necessitatibus
3431 1565 3674 1633 consulens,

2173 1650 2274 1705 sibi
2302 1651 2558 1706 Lucillum
2585 1653 2900 1708 concederet
2924 1668 3028 1707 non
3060 1653 3195 1707 ultra
3222 1653 3567 1723 repetendum.
3595 1657 3675 1710 An-

2173 1743 2286 1796 nuit
2313 1742 2546 1799 Novatus
2573 1744 2912 1815 modo.longe
2939 1746 3274 1814 suavissimo,
3306 1762 3573 1817 agnoscens
3589 1749 3674 1818 qui-

2171 1832 2290 1888 dem
2311 1833 2500 1889 durum
2528 1851 2666 1900 esse,
2693 1851 3004 1907 germanum
3034 1852 3288 1906 germano
3322 1837 3587 1910 denegare;
3608 1855 3672 1894 suo

2170 1939 2229 1980 se
2257 1925 2465 1980 aﬂectui
2487 1926 2589 1980 vim
2618 1927 2897 1981 maximam
2928 1926 3158 1993 inferre;
3183 1937 3242 1982 ut
3270 1936 3441 1984 tamen
3468 1927 3515 1984 id
3535 1943 3676 1984 conce-

2169 2014 2338 2082 deret,
2365 2032 2423 2071 se
2448 2024 2504 2071 et
2531 2017 2694 2086 ipsius
2718 2018 3033 2088 episcopalis
3070 2018 3228 2074 officii
3267 2033 3394 2074 cura
3420 2028 3472 2074 et
3494 2020 3672 2076 fidelium

2169 2107 2336 2161 salute
2381 2107 2587 2163 adduci.
2619 2108 2838 2164 Videtur
2877 2109 3130 2177 Novatus,
3174 2111 3334 2165 simul
3360 2125 3421 2167 ac
3455 2112 3675 2181 episcopus

2169 2207 2379 2253 creatus
2430 2207 2544 2265 est,
2605 2198 2820 2255 fratrem
2867 2215 3019 2255 suum
3064 2202 3342 2270 repetiisse
3393 2201 3563 2273 (Epist.
3602 2203 3674 2267 84,

2169 2305 2255 2342 nn.
2287 2291 2338 2355 1,
2367 2289 2443 2363 2).
2475 2291 2804 2360 Quapropter
2831 2291 2882 2346 id
2915 2293 3194 2363 contigerit
3229 2301 3356 2349 ante
3391 2308 3567 2349 annum
3585 2308 3675 2364 qua-

2169 2378 2639 2450 dringentesimum
2677 2382 3036 2449 undecimum,
3067 2399 3172 2454 quo
3208 2383 3440 2440 Novatus
3462 2385 3678 2455 Carthagi-

2168 2471 2320 2525 nensi
2345 2471 2612 2527 collationi
2639 2473 2893 2528 interfuit.

2239 2563 2294 2618 5.
2335 2561 2504 2634 Leges
2527 2563 2740 2634 quidem
2775 2565 2827 2620 in
2857 2566 3078 2636 publicis
3115 2567 3521 2623 institutionibus
3545 2567 3680 2623 obsa-

2171 2655 2369 2710 vandas
2404 2657 2727 2726 praescripsit
2763 2669 2976 2713 sanctus
3013 2659 3205 2714 Doctor
3232 2660 3290 2714 in
3317 2661 3446 2715 libro
3464 2669 3619 2731 quarto
3633 2659 3680 2713 de

2169 2746 2418 2800 Doctrina
2466 2747 2750 2801 christiana
2786 2763 2958 2818 :quas
3007 2758 3185 2804 autem
3230 2751 3289 2805 in
3340 2751 3541 2821 privatis
3573 2749 3680 2819 sequi

2169 2848 2432 2908 oporteat,
2466 2840 2517 2894 in
2541 2841 2725 2910 primis
2754 2857 2876 2911 erga
2908 2842 3189 2897 initiandos
3207 2842 3479 2899 adnotavit
3502 2843 3548 2898 in
3567 2843 3680 2903 libro,

2168 2931 2259 3002 qui
2299 2931 2373 2985 De
2405 2931 2786 2986 Catechizandis
2821 2933 3030 2988 rudibus
3069 2935 3398 2990 inscribitur.
3438 2936 3492 2990 ln
3513 2932 3680 3002 colegi-

2169 3034 2288 3074 mus
2329 3021 2753 3076 concionatorem
2795 3023 2848 3076 in
2893 3023 3135 3078 Africana
3177 3024 3434 3090 Ecclesia,
3479 3021 3680 3078 stantibus
3781 3021 3788 3094 ξ

2169 3109 2518 3176 auditoribus,
2549 3112 2719 3166 solum
2741 3112 2942 3168 sedisse
2967 3130 2979 3164 :
3009 3114 3059 3167 in
3091 3114 3410 3183 quibusdam
3439 3124 3592 3169 autem
3608 3111 3680 3165 Ec-

2169 3202 2345 3258 clesiis
2383 3203 2773 3268 transmarinis,
2821 3204 3068 3274 populum
3109 3205 3288 3274 ipsum
3331 3207 3579 3261 sedentem
3611 3217 3681 3254 au-

2169 3291 2350 3348 diisse.
2387 3293 2555 3359 Quam
2589 3294 3026 3350 consuetudinem
3071 3297 3240 3365 magis
3280 3296 3465 3364 probat
3487 3293 3683 3364 Augusti-

2169 3400 2290 3450 nus,
2321 3384 2462 3455 quod
2493 3386 2663 3440 standi
2692 3385 2843 3440 labor
2866 3395 2921 3441 et
2956 3385 3238 3441 dilﬁcultas
3267 3388 3496 3442 animum
3517 3402 3543 3439 a
3564 3383 3683 3438 verba

2170 3474 2263 3529 Dei
2301 3484 2502 3530 attente
2545 3475 2809 3530 audiendo
2845 3485 3048 3531 avertat
3092 3476 3194 3546 (De
3231 3477 3480 3532 Catechiz.
3508 3473 3684 3536 ntdibus,

2170 3582 2222 3618 n.
2248 3565 2359 3633 19).
2389 3565 2575 3621 Exstat
2610 3567 2823 3623 Ca'sarii
2853 3582 3049 3634 sermo,
3077 3567 3378 3640 adscriptus
3402 3569 3518 3624 olim
3551 3568 3686 3634 Augu-

2171 3655 2332 3720 stino,
2378 3657 2431 3711 in
2471 3671 2576 3726 quo
2616 3656 2875 3727 significat
2916 3658 3279 3724 concionator,
3324 3675 3384 3715 se
3416 3657 3578 3729 paucis
3599 3661 3688 3709 ante

2171 3747 2356 3802 diebus
2382 3764 2596 3819 rogasse
2623 3749 2825 3804 debiles
2852 3759 2905 3804 et
2925 3751 3182 3816 infirmos,
3213 3761 3274 3806 ut
3297 3752 3422 3806 dum
3450 3754 3565 3806 Acta
3586 3760 3687 3800 maio

2171 3846 2344 3908 tyrum
2363 3848 2418 3893 et
2441 3840 2752 3908 prolixiores
2779 3838 3063 3910 Scriptura:
3093 3841 3350 3897 lectiones
3376 3842 3686 3898 recitarentur.

2169 3928 2505 3984 considerent
2530 3948 2542 3982 :
2570 3930 2792 3986 subinde
2819 3946 2946 3985 vero
2969 3946 3155 3985 omnes
3178 3932 3550 4001 propemodum
3574 3925 3687 3981 femi-

2169 4033 2285 4085 nas,
2329 4020 2487 4074 etiam
2531 4021 2660 4074 citra
2691 4020 3077 4075 incommodam
3116 4021 3493 4088 valetudinem,
3532 4029 3686 4074 morem

2171 4124 2276 4163 non
2321 4111 2560 4166 modeste
2602 4111 2819 4166 sedendi
2860 4111 2926 4166 ad
2963 4127 3046 4178 ea,
3077 4128 3194 4182 quae
3224 4114 3536 4183 legerentur,
3564 4117 3690 4163 atten-

2170 4201 2276 4254 tius
2309 4202 2588 4269 audienda,
2637 4201 2729 4257 sed
2777 4202 3116 4258 recumbendi
3147 4203 3292 4258 velut
3332 4205 3383 4258 in
3425 4202 3561 4259 lectis
3592 4197 3687 4258 suis,

2170 4301 2225 4347 et
2271 4294 2534 4363 garriendi
2572 4293 2839 4349 induxisse
2884 4294 3056 4364 (Apud
3103 4293 3460 4364 Augustinum,
3503 4287 3686 4380 Append-

2170 4383 2334 4437 Serm.
2363 4383 2486 4448 500,
2525 4400 2577 4436 n.
2606 4382 2680 4455 l).
2711 4383 2822 4450 Qua
2844 4383 2910 4438 de
2945 4399 3005 4438 re
3039 4383 3157 4438 illas
3181 4383 3237 4438 in
3268 4383 3373 4438 hoc
3396 4393 3614 4439 sermone
3632 4390 3689 4430 re-

2169 4473 2450 4542 prehendit
2471 4475 2827 4540 concionalor,
2857 4473 3117 4544 docetque
3144 4489 3247 4544 qua
3283 4475 3533 4546 religione
3565 4479 3608 4524 et
3628 4482 3689 4521 re-

2168 4566 2404 4620 verentia
2451 4564 2672 4620 verbum
2718 4565 2810 4619 Dei
2855 4565 3098 4634 excipere
3142 4565 3394 4621 debeant.
3438 4565 3558 4620 Cum
3595 4569 3690 4612 vero

2167 4655 2320 4725 pauci
2357 4655 2600 4724 privatim
2636 4654 2998 4720 instituuntur,
3028 4655 3211 4710 scribit
3239 4656 3556 4728 Augustinus
3576 4663 3690 4705 εποσ

2165 4745 2394 4817 gantiam
2421 4760 2540 4800 esse
2565 4761 2670 4800 non
2709 4746 3000 4814 ferendam,
3031 4746 3076 4800 si
3111 4747 3415 4802 erudiendis
3441 4745 3592 4802 sessio
3612 4751 3688 4794 non

2165 4838 2448 4904 offeratur;
2489 4837 2855 4894 animadverso
2895 4840 3185 4908 prmsertim
3221 4839 3517 4894 auditorum
3553 4832 3688 4894 tudio.

2165 4929 2306 5000 quod
2325 4945 2418 4984 eos
2442 4929 2703 4984 interdum
2729 4929 2870 4985 aliud
2903 4939 3254 5000 praetexentes
3283 4931 3350 4985 ad
3378 4923 3689 4986 excedendum

2165 5031 2339 5093 potest
2376 5023 2670 5093 impellere.
2715 5023 2827 5077 Hoc
2867 5023 2978 5093 ipse
3031 5032 3303 5094 expertus,
3357 5038 3475 5078 cum
3511 5016 3689 5075 rustica—

2163 5131 2291 5170 num
2331 5115 2598 5169 hominem
2631 5113 2911 5183 aliquando
2955 5114 3219 5186 mysteriis
3258 5113 3535 5176 imbueret,
3569 5115 3690 5177 quam

2163 5206 2290 5262 illud
2312 5205 2711 5276 praecavendum
2732 5213 2894 5272 esset,
2917 5205 3100 5261 didicit
3117 5204 3218 5275 (De
3234 5203 3484 5260 Catechiz.
3501 5197 3690 5257 rudibus.

2162 5317 2217 5354 η.
2245 5299 2357 5370 19).
2389 5299 2694 5354 Advertitur
2727 5299 2940 5353 solitum
2975 5298 3134 5352 fuisse
3171 5311 3454 5353 sermones
3481 5306 3593 5348 suos
3617 5286 3692 5341 hac

2163 5391 2499 5448 conclusione
2542 5390 2814 5446 absolvere
2839 5388 3108 5445 :Conversi
3144 5388 3212 5442 ad
3256 5387 3526 5442 Dominum
3564 5379 3690 5431 De“

2165 5483 2371 5538 Patrem
2415 5483 2820 5554 omnipotentem,
2860 5497 2986 5551 puro
3019 5481 3169 5535 corde
3196 5479 3266 5542 ei,
3301 5484 3536 5547 quantum
3565 5469 3692 5540 ροιαί

2165 5577 2385 5645 paruitas
2417 5584 2608 5636 nostra,
2637 5573 2883 5627 maximas
2907 5581 3052 5640 atque
3077 5568 3250 5623 uberes
3273 5567 3461 5638 gratias
3487 5565 3690 5632 agam";

2162 5674 2416 5734 precantes
2436 5672 2536 5716 toto
2555 5663 2723 5716 animo
2742 5661 3046 5731 singularem
3068 5656 3498 5712 mansuetudinem
3517 5650 3629 5721 ejus,
3648 5646 3693 5694 ατ

2163 5774 2330 5829 preces
2351 5766 2546 5811 nostras
2571 5757 2624 5810 in
2652 5753 2956 5824 beneplacito
2978 5767 3070 5806 suo
3097 5750 3339 5806 exaudire
3365 5748 3610 5818 digna".
3627 5735 3689 5791 ίσ·
