3868 6408
172 379 256 439 ω
1052 389 1058 398 -
1459 362 1660 418 LIBER
1697 359 2043 430 QUARTUS.

171 493 350 548 iunicum
371 488 592 543 citasti-is
613 484 806 541 actibus
828 492 875 540 et
897 480 1266 555 cogitationibus
1289 495 1382 534 sua
1405 479 1586 533 virtute
1609 493 1700 532 ea:-

169 583 322 657 pellat,
347 579 491 634 nobis
523 578 818 647 multiplicet
847 577 1014 646 ﬁdem,
1036 575 1270 646 gubernet
1295 581 1527 636 mentem,
1553 570 1705 641 spiri-

168 674 307 728 tuales
321 671 630 741 cogitationes
647 667 900 734 concedat,
922 675 966 721 et
981 666 1047 720 ad
1062 665 1411 720 beatitudinem
1424 680 1565 719 suam
1586 679 1700 734 per-

167 764 316 830 ducat,
333 759 602 833 perJesum
619 759 871 816 Christum
890 757 1078 814 Filium
1117 759 1245 830 ejus.
1291 759 1467 812 Amen.
1504 755 1698 830 (Serm.

167 857 244 922 67,
275 853 432 916 n.l0;
457 852 620 909 Serm.
644 853 767 919 106,
797 870 850 906 n.
895 853 929 908 4
956 868 973 918 ;
1005 851 1171 908 Serm.
1195 850 1318 918 185,
1348 867 1400 904 n.
1445 851 1541 916 15;
1590 859 1702 921 post

165 946 330 1003 Enarr.
359 947 408 999 in
431 944 574 999 Psal.
601 959 682 1011 cc,
713 944 834 1013 etc.)

752 1037 973 1094 CAPUT
1012 1036 1119 1092 VII.

165 1134 188 1190 1
218 1130 456 1188 Invenitur
481 1130 533 1183 in
559 1129 693 1183 vitia.
728 1128 764 1182 2
790 1128 917 1200 Ejus
948 1129 999 1182 in
1026 1127 1354 1198 corripiendis
1381 1128 1698 1199 peccantibus

228 1223 470 1296 prudentia
503 1230 550 1274 et
577 1220 817 1274 cltaritas.
852 1219 887 1274 5
921 1220 962 1272 Α
987 1218 1352 1289 ﬂagitiosorum
1385 1217 1698 1273 Christiano-

223 1330 324 1368 rum
349 1314 501 1383 magis
535 1329 683 1382 quam
707 1310 769 1365 ab
796 1310 1123 1364 Ethnicorum
1148 1312 1376 1365 convictu
1403 1327 1511 1366 sese
1540 1309 1696 1365 absti-

221 1415 310 1461 net.
327 1407 360 1461 4
384 1403 456 1459 0b
483 1404 694 1476 alicujus
719 1414 978 1476 peccatum
1014 1412 1168 1457 totam
1195 1405 1299 1474 ejus
1323 1404 1569 1473 familiam
1606 1420 1696 1459 ex-

220 1497 558 1552 communicari
578 1513 678 1550 non
704 1494 900 1567 probat.
938 1494 973 1551 5
997 1493 1412 1550 Mathematicum
1433 1495 1698 1564 quemdam

219 1591 264 1643 in
298 1588 621 1657 penitentiam
661 1603 923 1641 numerum
959 1587 1152 1658 recipit.
1193 1586 1228 1642 6
1268 1585 1607 1658 Lampadium
1641 1587 1697 1641 in

217 1681 466 1750 quastione
491 1679 552 1732 de
574 1687 828 1732 astrorum
853 1678 960 1748 fato
986 1677 1254 1732 luerentem
1278 1679 1459 1733 erudit.

220 1775 266 1828 l.
303 1772 446 1828 Afros
483 1771 549 1826 ad
587 1771 871 1835 luxuriam,
912 1769 1224 1825 ebrietatem
1262 1779 1316 1826 et
1336 1771 1696 1842 juramentum

164 1865 391 1934 proclives
429 1865 585 1918 fuisse
627 1864 933 1919 observant.
979 1862 1309 1933 Quapropter
1346 1865 1694 1934 Augustinus,

165 1965 280 2011 teste
310 1954 551 2018 Possidio,
589 1953 867 2008 laborabat
905 1953 958 2007 in
998 1953 1204 2023 primis,
1237 1961 1296 2008 ut
1336 1954 1574 2009 inclitam
1609 1955 1694 2024 ju-

170 2051 300 2104 randi
339 2047 758 2104 consuetudinem
797 2062 829 2102 e
857 2047 1052 2117 populo
1090 2060 1187 2100 suo
1229 2046 1441 2116 penitus
1485 2047 1696 2103 tolleret

172 2139 441 2210 (Possidius,
458 2140 504 2193 in
527 2137 645 2193 Vita
664 2139 906 2209 August.,
927 2154 973 2190 c.
994 2135 1109 2209 25).
1135 2137 1356 2192 Exstant
1379 2138 1553 2207 reipsa
1579 2154 1696 2194 ser-

167 2244 331 2283 mones
354 2229 530 2298 aliquot
571 2228 642 2283 ab
683 2228 800 2298 ipso
831 2227 884 2281 in
918 2226 1033 2280 haec
1061 2226 1185 2281 vitia
1216 2225 1398 2282 habiti.
1430 2228 1504 2282 Ea
1536 2227 1602 2283 de
1636 2243 1696 2284 re

163 2319 297 2375 verba
323 2319 482 2377 facere
519 2336 737 2392 semper
770 2320 1068 2386 distulerat,
1094 2321 1294 2376 veritus
1329 2335 1398 2376 ne
1426 2321 1694 2376 monendo

157 2411 392 2466 auditores
429 2427 558 2467 suos
599 2412 936 2466 nocentiores
979 2411 1214 2466 faceret:
1238 2411 1330 2466 sed
1373 2411 1585 2467 tandem
1628 2413 1695 2467 ti-

156 2501 283 2568 muit,
310 2517 368 2556 ne
403 2502 652 2557 mandato
688 2502 802 2572 ipse
837 2517 943 2557 non
970 2509 1198 2572 pareret,
1247 2502 1386 2572 quod
1429 2503 1527 2558 sibi
1569 2518 1693 2558 cum

153 2590 312 2645 Jacobi
351 2592 585 2661 Epistola
626 2592 914 2661 legeretur,
968 2592 1144 2646 divino
1181 2591 1359 2646 afﬂatu
1401 2593 1693 2662 injunctum

153 2679 287 2738 fuisse
307 2682 655 2738 arbitrabatur
672 2682 868 2754 (Serm.
885 2683 1006 2748 180,
1020 2700 1067 2738 c.
1084 2683 1169 2750 12,
1184 2701 1236 2738 n.
1259 2684 1364 2755 14).
1384 2684 1440 2739 lu
1466 2685 1694 2740 ebrieta-

155 2782 243 2828 tem
267 2790 461 2846 quoque
487 2777 688 2846 passim
717 2775 998 2831 invehitur.
1027 2776 1277 2832 Ebriosos
1302 2777 1583 2848 aliquando
1598 2779 1693 2833 ob-

153 2865 451 2937 jurgaturus:
478 2867 548 2924 Si
569 2885 666 2923 non
698 2886 776 2922 me
811 2870 1092 2937 audieritis,
1119 2871 1307 2941 inquit,
1337 2880 1383 2924 et
1413 2880 1575 2925 tamen
1601 2888 1691 2943 ego

155 2971 238 3010 non
266 2969 468 3021 tacucro,
507 2958 728 3012 animam
769 2975 930 3013 meam
959 2959 1193 3014 liberabo.
1239 2960 1342 3015 Sed
1380 2961 1496 3015 nolo
1524 2963 1692 3018 salvus

155 3062 240 3100 esse
256 3049 352 3102 sine
375 3049 511 3104 vobis
535 3049 721 3116 (Serm.
746 3049 831 3114 17,
850 3066 896 3103 c.
913 3050 967 3112 2,
983 3067 1035 3103 n.
1058 3049 1136 3119 2).
1166 3049 1316 3118 Quod
1337 3050 1402 3105 ad
1430 3051 1692 3106 luxuriam

158 3149 343 3209 spectat,
372 3150 595 3197 conatur
621 3142 675 3196 in
711 3141 894 3211 primis
923 3141 1224 3206 ostendere,
1262 3142 1480 3197 maritos
1501 3141 1691 3198 eadem

160 3228 242 3284 ﬁde
252 3245 359 3300 erga
377 3233 629 3302 conjuges
644 3246 768 3286 suas
789 3232 1067 3302 obstringi,
1085 3247 1243 3302 quam
1271 3231 1368 3301 ipsi
1398 3232 1466 3288 ab
1493 3233 1556 3288 iis
1580 3235 1691 3288 exi-

159 3330 261 3389 gant
275 3321 447 3394 (Serm.
466 3323 526 3391 9,
543 3340 590 3378 c.
610 3323 664 3391 9,
683 3341 772 3378 nn.
788 3325 874 3389 11,
895 3323 986 3390 12;
1007 3323 1173 3380 Serm.
1191 3324 1374 3390 592,c.
1389 3325 1443 3392 5,
1461 3343 1515 3380 η.
1533 3325 1612 3397 5).
1631 3326 1689 3382 In

160 3425 243 3478 quo
263 3412 494 3474 Romanae
520 3415 666 3485 leges
703 3415 771 3472 ab
812 3415 1129 3486 evangelicis
1160 3416 1441 3488 plurimum
1483 3417 1688 3474 discre-

161 3500 341 3567 nabant.
361 3501 507 3559 Unde
546 3504 888 3576 contingebat
915 3520 1101 3561 omnes
1141 3505 1520 3576 propemodum
1545 3506 1688 3563 viros

167 3589 212 3643 in
234 3591 346 3648 hanc
363 3596 553 3664 prolabi
589 3613 796 3653 morum
837 3597 1209 3668 corruptelam,
1237 3613 1354 3670 quae
1393 3607 1568 3654 tamen
1611 3599 1686 3654 si-

166 3678 304 3738 lentio
327 3689 584 3758 tegebatur
608 3689 1005 3760 fovebaturque.
1043 3689 1114 3744 At
1138 3690 1323 3745 maluit
1359 3691 1687 3761 Augustinus

162 3771 392 3831 veritatem
417 3794 520 3834 non
551 3779 798 3845 tacendo,
819 3780 1076 3846 omnium,
1097 3781 1186 3852 qui
1212 3795 1329 3835 eam
1357 3782 1548 3836 sectari
1573 3782 1688 3837 nol-

163 3859 267 3929 lent,
289 3866 408 3923 odiis
429 3885 488 3925 se
512 3870 765 3939 objicere,
796 3886 951 3941 quam
975 3872 1029 3926 in
1056 3871 1401 3926 dissimulata:
1425 3873 1682 3938 veritatis,

161 3953 281 4020 cujus
304 3955 510 4027 imperio
530 3960 673 4030 loqui
695 3961 999 4030 jubebatur,
1028 3962 1227 4016 crimen
1256 3965 1545 4019 incurrere.
1575 3964 1686 4020 Hoc

162 4041 300 4110 ipsum
325 4056 400 4102 est
431 4050 752 4120 praecipuum
784 4061 1151 4121 argumentum
1197 4054 1476 4119 sermonis,
1524 4069 1684 4124 quem

160 4129 220 4185 De
253 4135 400 4192 decem
443 4138 654 4194 Chordis
693 4140 977 4211 inscripsit,
1025 4151 1300 4212 propterea
1330 4142 1468 4213 quod
1497 4142 1680 4200 decem

161 4222 235 4280 Dei
258 4230 502 4296 mandata,
533 4249 652 4302 qua:
686 4234 739 4287 in
767 4233 869 4288 hoc
897 4248 1138 4289 sermone
1177 4235 1412 4305 exponit,
1447 4250 1566 4290 cum
1593 4235 1685 4291 de-

160 4316 380 4375 eachordo
403 4323 673 4391 psalterio,
714 4332 768 4378 ut
806 4323 1079 4393 Scriptura
1108 4324 1358 4396 loquitur,
1390 4337 1678 4396 comparat.

214 4407 258 4460 2.
293 4410 459 4482 Leges,
483 4431 616 4486 quas
638 4415 922 4485 Apostolus
946 4415 1225 4470 Timotheo
1251 4416 1316 4471 ad
1348 4418 1568 4472 verbum
1590 4419 1680 4474 Dei

163 4499 500 4563 pmdicandum
546 4506 862 4575 praescribit,
913 4514 1159 4561 accurate
1207 4507 1484 4573 servabat;
1530 4516 1585 4562 et
1626 4517 1682 4564 ut

161 4591 329 4645 ceteris
364 4604 550 4651 metum
600 4596 860 4666 injiceret,
901 4597 1109 4667 publice
1152 4608 1430 4667 peccantes
1473 4599 1683 4668 publice

163 4682 344 4746 arguere
366 4699 460 4740 non
483 4686 702 4741 timebat
717 4685 1028 4756 (Possidius,
1050 4688 1100 4741 in
1126 4686 1240 4742 Vita
1255 4690 1489 4760 August.,
1509 4705 1553 4742 c.
1570 4689 1679 4757 19).

165 4761 283 4823 llnde
316 4771 608 4831 laudabatur
635 4777 704 4831 ab
743 4777 1018 4843 omnibus;
1059 4779 1153 4833 sed
1197 4793 1255 4833 se
1284 4779 1395 4849 ipse
1436 4780 1680 4849 privatim

163 4864 260 4910 ante
281 4865 522 4932 arguebat.
552 4867 718 4921 Erant
744 4876 920 4922 tamen
946 4868 1070 4923 vitia
1101 4869 1176 4924 sic
1201 4870 1414 4934 usitata,
1440 4879 1496 4923 ut
1515 4886 1682 4940 quan-

167 4951 325 5006 tumvis
347 4956 537 5023 publica
572 4958 769 5026 forent,
809 4974 873 5014 ea
897 4960 984 5013 vix
1023 4961 1160 5014 lente
1193 4969 1246 5014 et
1272 4961 1513 5016 arridens
1542 4962 1682 5016 inse-

167 5040 267 5093 ctari
291 5058 347 5098 ac
362 5049 632 5114 prohibere
652 5050 890 5117 auderet,
918 5066 983 5106 ne
1005 5063 1285 5122 peccantes
1309 5053 1375 5108 ad
1399 5055 1528 5108 iram
1554 5069 1679 5124 pro-

161 5136 342 5214 :ocaret.
359 5147 410 5191 et
426 5141 535 5208 ipse
550 5148 774 5194 novator
792 5138 1076 5194 haberetur
1093 5139 1284 5214 (Serm.
1303 5142 1389 5207 17,
1416 5159 1462 5196 c.
1478 5144 1530 5210 5,
1547 5159 1596 5196 η.
1613 5145 1678 5210 5;

156 5209 286 5282 EPist.
308 5228 378 5280 ad
400 5229 569 5284 Galat.
603 5229 822 5301 Expos,
842 5247 894 5284 n.
923 5231 1032 5304 55).
1059 5209 1272 5286 occulta
1293 5249 1416 5290 vero
1445 5244 1677 5305 peccata,

163 5309 349 5369 maxime
373 5333 482 5374 eum
515 5322 696 5391 gravia
732 5335 913 5376 secum
941 5323 1288 5392 importarent
1321 5325 1677 5395 incommoda,

176 5404 221 5448 ut
243 5411 346 5457 sunt
367 5407 635 5466 homicidia
682 5421 738 5468 et
771 5411 1048 5479 adulteria,
1073 5415 1302 5471 charitas
1331 5432 1450 5472 eum
1475 5419 1683 5490 publice

179 5499 356 5582 Salvere
372 5515 460 5558 non
485 5503 709 5559 sinebat.
738 5505 920 5576 Neque
947 5515 1120 5563 tamen
1149 5525 1212 5564 ea
1238 5511 1550 5581 negligebat.
1578 5512 1684 5568 llu-
1717 5551 1755 5582 ές,

178 5576 360 5647 lmdi
383 5596 658 5652 sceleribus
679 5597 960 5656 obstrictos
996 5603 1213 5656 remotis
1256 5576 1469 5658 arbitris
1501 5604 1683 5660 admo-

184 5685 307 5765 nens,
331 5697 490 5743 eorum
515 5690 686 5746 oculis
713 5690 876 5746 divini
899 5693 1082 5762 judicii
1112 5695 1248 5750 diem
1277 5695 1604 5765 subjiciebat,
1631 5708 1685 5752 et

185 5764 338 5830 liuore
360 5777 447 5840 illis
472 5783 681 5840 incusso
705 5785 1060 5856 paenitentiam
1087 5787 1452 5860 persuadebat.
1489 5790 1680 5846 Eorum

3270 372 3376 432 2η

1807 475 2037 549 denique
2059 478 2341 549 medelam,
2371 481 2500 536 citra
2520 481 2836 552 judiciorum
2861 483 3146 542 forensium
3170 488 3372 542 severi-

1807 579 1989 636 tatem,
2013 585 2111 640 pro
2134 571 2272 627 virili
2295 582 2443 642 parte
2471 576 2796 644 procurabat.
2817 576 3072 646 Quocirca
3097 578 3374 650 continge-

1807 665 1899 721 bat
1924 665 2226 737 aliquando,
2256 674 2311 721 ut
2334 666 2524 737 quibus
2545 677 2667 723 nota
2685 679 2836 724 erant
2863 670 2950 724 illa
2969 671 3210 738 crimina,
3239 687 3372 727 con-

1806 766 2154 828 quererentur
2176 758 2315 829 quod
2340 758 2430 814 illa
2451 775 2555 814 non
2580 770 2843 831 argueret,
2873 777 2991 817 cum
3017 765 3217 821 scilicet
3245 779 3368 820 eum

1805 858 1896 903 aut
1920 849 2212 919 prudentiae
2253 849 2368 920 lege
2403 849 2661 915 cohiberi,
2692 861 2782 907 aut
2814 868 2920 908 non
2949 868 3157 925 semper
3190 857 3372 912 omnia

1804 941 1942 997 scire
1953 941 2510 998 minimeattenderent
2529 941 2719 1014 (Serm.
2734 942 2821 1008 82,
2837 944 2921 998 c.7
2933 954 2980 998 et
2994 944 3046 1012 8,
3063 946 3241 1011 nmio,
3253 948 3276 1001 1
3288 948 3310 1002 1
3323 949 3365 1018 ).

1875 1031 1928 1085 5.
1968 1031 2013 1085 Α
2048 1031 2464 1088 Christianorum
2506 1031 2762 1104 flagitiose
2799 1034 3083 1090 viventium
3122 1038 3366 1092 convictu

1803 1123 2116 1194 quandoque
2141 1123 2454 1190 abstinebat,
2488 1133 2544 1180 ut
2578 1140 2671 1180 eos
2711 1135 2766 1180 et
2796 1125 2998 1197 pudore
3024 1126 3367 1195 suﬂ‘underet,

1803 1223 1858 1271 et
1875 1215 1941 1271 ad
1968 1215 2241 1270 meliorem
2264 1214 2467 1286 frugem
2497 1214 2594 1271 hac
2613 1216 2814 1271 ratione
2840 1226 3133 1272 revocaret.
3164 1213 3368 1271 Convi-

1802 1325 1926 1365 vere
1951 1309 2156 1366 solebat
2175 1311 2348 1381 potius
2367 1327 2488 1366 cum
2510 1311 2746 1366 Ethnicis
2769 1321 2822 1365 et
2849 1311 3042 1381 impiis,
3073 1326 3231 1381 quam
3247 1326 3368 1366 cum

1802 1402 2085 1459 Catholicis
2108 1405 2411 1469 sceleratis;
2443 1405 2497 1458 in
2525 1419 2629 1475 quo
2649 1419 2849 1459 morem
2874 1404 3092 1474 gerebat
3118 1404 3372 1474 Apostolo

1803 1494 2012 1568 (Enarr.
2048 1498 2101 1550 in
2138 1495 2282 1552 Psal.
2323 1512 2374 1562 c,
2406 1514 2456 1550 η.
2489 1496 2565 1566 8).
2602 1496 3216 1552 Excommuuicationem
3245 1512 3371 1552 vero

1801 1589 1853 1642 in
1884 1589 2192 1644 criminibus
2217 1604 2332 1644 eam
2363 1589 2689 1660 exigentibus
2709 1588 3011 1655 adhibebat,
3040 1597 3289 1659 quantum
3317 1589 3370 1644 id

1801 1695 1903 1750 pax
1932 1679 2186 1734 Ecclesia:
2215 1680 2432 1746 sineret,
2464 1688 2518 1734 et
2541 1680 2654 1750 ipse
2680 1679 3043 1748 peccatoribus
3067 1679 3195 1735 utile
3224 1679 3371 1734 arbi-

1801 1780 2048 1826 traretur.
2079 1770 2208 1826 Nam
2237 1771 2494 1838 ebriosos,
2519 1772 2746 1842 exempli
2766 1786 2946 1840 causa,
2973 1788 3079 1844 quo
3105 1773 3273 1843 magis
3300 1772 3374 1827 vi-

1802 1863 1930 1916 tium
1972 1861 2100 1916 illud
2135 1877 2415 1917 commune
2452 1871 2505 1917 et
2534 1872 2870 1934 pervagatum
2901 1872 3032 1929 erat,
3080 1879 3144 1918 eo
3173 1863 3365 1928 minus,

1800 1953 2017 2007 meritos
2042 1952 2181 2020 licet,
2207 1952 2543 2008 anathemate
2573 1953 2749 2017 ferire,
2773 1962 2827 2008 et
2847 1952 2915 2008 de
2940 1953 3179 2009 Ecclesia
3207 1951 3371 2023 proji-

1800 2056 1921 2097 cere
1948 2042 2192 2098 audebat.
2231 2042 2362 2097 Nam
2404 2058 2524 2097 cum
2566 2043 2639 2097 illi
2680 2044 2916 2100 criminis
2943 2044 3026 2099 sui
3058 2045 3369 2115 gravitatem

1799 2148 1904 2188 non
1944 2134 2070 2188 satis
2099 2143 2465 2205 agnoscerent,
2495 2136 2713 2191 timebat
2755 2152 2822 2192 ne
2865 2137 2980 2208 ipso
3006 2135 3244 2192 fortassis
3269 2134 3368 2190 ﬂa-

1796 2225 1936 2295 gello
1963 2225 2170 2295 pejores
2194 2225 2400 2294 ﬁerent,
2432 2228 2522 2296 qui
2543 2227 2888 2283 caederentur.
2921 2229 3255 2298 QuaprOpter
3282 2242 3370 2283 so-

1799 2315 1866 2370 lis
1885 2317 2076 2386 smpius
2091 2316 2266 2372 verbis
2285 2331 2378 2372 eos
2404 2317 2722 2387 corripiebat
2744 2316 2931 2390 (Serm.
2960 2320 3045 2386 17,
3069 2336 3114 2372 c.
3134 2320 3188 2385 5,
3211 2335 3263 2372 n.
3289 2318 3363 2388 5).

1797 2405 2033 2472 Maritos,
2064 2407 2152 2477 qui
2182 2407 2291 2462 suis
2317 2408 2566 2463 uxoribus
2595 2407 2749 2463 fidem
2777 2424 2881 2462 non
2906 2407 3206 2476 servabant,
3237 2422 3369 2478 quo-

1797 2497 1918 2552 dam
1945 2511 2191 2553 sermone
2214 2497 2554 2568 compellans,
2580 2499 2622 2551 Α
2645 2499 3010 2565 communione,
3042 2499 3136 2564 ait,
3163 2514 3215 2553 se
3237 2497 3371 2551 cohi-

1798 2587 1960 2652 beant,
1987 2588 2075 2660 qui
2098 2589 2261 2642 sciunt
2287 2589 2404 2658 quia
2430 2589 2543 2642 noui
2571 2598 2773 2658 peccata
2800 2589 3052 2660 ipsorum;
3082 2604 3144 2642 ne
3162 2587 3226 2641 de
3249 2604 3369 2641 can-

1797 2678 1935 2732 cellis
1960 2678 2290 2748 projiciantur
2315 2677 2504 2751 (Serm.
2526 2679 2650 2743 592,
2667 2695 2711 2732 c.
2734 2680 2788 2746 5,
2808 2695 2859 2732 η.
2880 2679 2958 2749 5).
2982 2678 3293 2748 Quanquam
3314 2678 3366 2732 in

1796 2767 1939 2822 hunc
1963 2783 2281 2834 sermonem,
2307 2785 2463 2838 quem
2484 2769 2622 2824 inter
2645 2769 2833 2824 dubios
2857 2769 3222 2824 collocandum
3244 2783 3370 2824 cen-

1796 2859 2018 2925 suimus,
2057 2858 2143 2913 illa
2183 2860 2442 2914 sententia
2473 2859 2707 2914 innnissa
2739 2859 2904 2914 videri
2931 2868 3122 2928 potest,
3153 2873 3275 2913 cum
3303 2858 3369 2912 ad

1795 2948 1926 3005 illud
1945 2947 2212 3004 confertur
2239 2949 2381 3019 quod
2401 2950 2720 3020 Augustinus
2739 2950 2792 3003 in
2825 2964 3073 3005 sermone
3101 2956 3368 3006 trecente-

1793 3040 1930 3094 simo
1974 3041 2407 3111 quinquagesimo
2451 3041 2619 3110 primo
2661 3040 3002 3110 pronuntiat:
3029 3037 3140 3094 Nos
3178 3054 3292 3093 vero
3333 3054 3368 3092 a

1795 3131 2142 3185 communione
2161 3131 2418 3202 prohibere
2432 3147 2726 3201 quemquam
2746 3147 2847 3185 non
2873 3146 3138 3202 possumus
3160 3130 3364 3202 (quam-

1793 3224 1867 3278 vis
1886 3223 1992 3277 hac
2009 3223 2274 3293 prohibitio
2303 3223 2522 3276 nondum
2545 3222 2609 3275 sit
2632 3221 2874 3287 mortalis,
2897 3220 2986 3275 sed
3007 3221 3364 3292 medicinalis),

1795 3312 1890 3370 nisi
1917 3322 2002 3366 aut
2031 3321 2206 3383 sponte
2247 3315 2545 3383 confessum,
2574 3320 2660 3364 aut
2693 3311 2745 3364 in
2773 3311 2942 3382 aliquo
2971 3311 3072 3365 sive
3107 3309 3364 3378 steculari,

1793 3403 1896 3456 sive
1941 3402 2272 3456 ecclesiastico
2312 3402 2507 3471 judicio
2538 3403 2847 3455 nominatum
2893 3410 3041 3471 atque
3088 3402 3364 3456 conuictum

1794 3492 1986 3566 (Serm.
2006 3493 2129 3558 551,
2143 3509 2189 3546 c.
2203 3494 2256 3559 εί,
2271 3492 2439 3564 η.10).
2459 3491 2708 3559 Quamvis
2724 3493 2792 3547 ob
2811 3492 3158 3563 quorumdam
3176 3493 3368 3548 facino-

1791 3600 1850 3639 ra
1862 3584 2115 3639 adversus
2129 3584 2417 3639 Ecclesium
2436 3585 2733 3640 immaniter
2750 3594 3046 3655 perpetrata
3059 3585 3368 3657 gravissime

1790 3677 2073 3748 aliquando
2112 3687 2565 3744 commoveretur;
2609 3693 2874 3748 nunquam
2906 3670 3082 3734 tamen
3123 3694 3218 3734 eos
3243 3694 3365 3734 cum

1791 3776 1900 3823 tota
1940 3768 2133 3822 familia
2172 3769 2509 3824 anathemate
2555 3779 2831 3839 percutere
2878 3785 3040 3826 ausus
3087 3779 3210 3825 est:
3241 3785 3361 3825 cum

1790 3878 1893 3934 qua
1927 3863 2132 3917 ratione
2158 3871 2339 3934 posset
2375 3861 2427 3917 id
2461 3871 2606 3917 recte
2648 3863 2761 3918 ﬁeri
2793 3878 2898 3918 non
2933 3863 3214 3928 inveniret,
3243 3862 3366 3917 licet

1789 3951 1891 4008 hoc
1919 3954 1986 4008 ab
2011 3953 2128 4008 aliis
2153 3951 2370 4007 forsitan
2397 3963 2741 4022 usurparetur
2761 3953 2949 4024 (Epist.
2973 3954 3097 4021 250,
3120 3971 3173 4008 n.
3209 3953 3287 4022 2).

1859 4043 1911 4096 4.
1943 4042 2071 4096 Cum
2093 4043 2352 4107 nonnulli,
2381 4044 2469 4112 qui
2492 4057 2584 4112 per
2609 4043 2948 4112 Evangelium
2968 4044 3356 4115 pejeraverant,

1787 4131 1842 4186 in
1868 4131 2147 4187 ecclesiam
2169 4131 2562 4202 confugissent,
2593 4141 2649 4186 ut
2677 4133 2882 4186 violata:
2913 4132 3032 4188 ﬁdei
3061 4132 3358 4204 perfugium

1786 4223 1840 4278 in
1870 4224 1982 4294 ipsa
2010 4223 2132 4278 ﬁdei
2172 4223 2332 4278 domo
2357 4225 2721 4294 requirerent;
2755 4226 3088 4296 magistratus
3115 4225 3359 4281 christia-

1785 4331 1888 4370 nus
1913 4315 2084 4370 ﬁdelis
2113 4313 2468 4387 (Classiciano
2483 4331 2676 4371 nomen
2698 4319 2840 4387 erat)
2870 4331 2965 4388 pro
2989 4316 3240 4388 dignitate
3264 4332 3359 4372 sua

1786 4407 2070 4461 comitatus
2117 4406 2169 4460 in
2210 4406 2487 4462 ecclesiam
2519 4407 2698 4475 venit,
2741 4418 2956 4462 acturus
2997 4423 3116 4462 cum
3148 4407 3358 4462 Auxilio

1785 4495 2085 4550 dimcesano
2107 4496 2374 4565 episc0po,
2401 4511 2466 4549 ne
2486 4504 2665 4550 contra
2682 4496 2771 4566 jus
2795 4512 2946 4550 suum
2969 4495 3112 4549 hisce
3134 4496 3362 4565 perjuris

1787 4585 2005 4641 faveret.
2023 4586 2197 4656 IEqua
2223 4601 2353 4642 sane
2383 4585 2699 4656 postulabat.
2727 4585 3077 4639 Nihilominus
3092 4586 3358 4655 Auxilius,

1787 4680 1874 4749 qui
1903 4693 2021 4733 cum
2046 4678 2219 4732 adhuc
2245 4685 2387 4731 esset
2419 4676 2827 4731 catechumenus
2852 4718 2868 4742 ,
2901 4675 3224 4731 Classiciano
3263 4676 3360 4732 be-

1785 4770 2085 4826 nevolentia
2128 4769 2440 4839 conjunctus
2490 4768 2696 4835 fuerat,
2749 4783 2916 4839 usque
2959 4766 3092 4822 adeo
3143 4767 3364 4823 indulsit

1786 4862 2069 4920 iracundiae
2093 4903 2107 4928 ,
2159 4871 2213 4915 ut
2243 4870 2361 4931 post
2384 4861 2646 4931 exscripta
2671 4860 2746 4915 rei
2778 4871 2939 4930 gesta:
2967 4868 3085 4915 acta
3104 4901 3118 4926 ,
3161 4859 3363 4916 Classi-

1785 4961 1993 5014 cianum
2021 4973 2139 5012 cum
2181 4966 2290 5012 tota
2321 4957 2480 5012 domo
2523 4973 2616 5012 sua
2652 4957 2987 5013 anathemate
3019 4957 3356 5027 percusserit.

1785 5047 2153 5105 Contendebat
2193 5047 2333 5102 haud
2367 5048 2524 5102 dubie
2565 5064 2773 5103 sacrum
2813 5048 3051 5104 ecclesia:
3094 5046 3297 5118 asylum
3329 5060 3362 5099 a

1785 5143 2108 5200 Classiciano
2130 5141 2291 5198 fuisse
2307 5142 2578 5207 violatum,
2606 5152 2659 5197 et
2683 5156 2802 5198 reos
2820 5141 2940 5196 inde
2959 5156 3050 5210 per
3075 5140 3178 5194 vim
3202 5139 3364 5195 fuisse

1787 5235 2061 5291 abductos.
2090 5234 2286 5290 Verum
2309 5233 2660 5289 Classicianus
2685 5233 2751 5286 de
2777 5232 2875 5288 hac
2895 5232 3082 5302 injuria
3107 5246 3200 5302 per
3222 5231 3363 5287 litte-

1787 5344 1876 5384 ras
1893 5328 2031 5398 apud
2047 5327 2392 5398 Augustinum
2415 5334 2821 5394 conquesturus,
2846 5332 3064 5379 testatus
3082 5331 3162 5378 est
3182 5329 3364 5377 sontes

1789 5423 2006 5480 sceleris
2033 5422 2112 5476 sui
2140 5419 2462 5477 conscientia
2489 5433 2700 5488 pressos
2723 5458 2738 5484 ,
2768 5418 2899 5472 citra
2929 5418 3034 5471 vim
3053 5430 3119 5470 ex
3138 5411 3362 5469 ecclesia

1789 5525 1977 5584 sponte
2005 5526 2096 5566 sua
2128 5511 2289 5565 fuisse
2313 5509 2595 5579 digressos.
2620 5507 2838 5563 Juvenis
2860 5506 3032 5560 adhuc
3055 5509 3170 5558 erat
3192 5501 3361 5554 Auxi-

1790 5604 1912 5668 lins,
1939 5611 1996 5658 et
2019 5618 2216 5657 annum
2239 5602 2292 5656 in
2312 5599 2594 5670 episc0pali
2617 5613 2835 5651 munere
2853 5595 3072 5650 necdum
3088 5595 3356 5657 exegerat:

1791 5695 2116 5765 Augustinus
2143 5702 2317 5748 autem
2349 5699 2427 5744 tot
2446 5690 2553 5758 jam
2580 5701 2835 5740 annorum
2867 5682 3142 5752 episcopus
3165 5690 3360 5730 senue-

1733 5777 1751 5788 ”
1780 5794 1890 5842 ται.
1943 5785 2165 5856 Scripsit
2190 5791 2364 5837 tamen
2408 5779 2470 5834 ad
2521 5776 2806 5841 Auxilium,
2831 5772 3004 5843 siqua
3041 5767 3126 5822 ille
3155 5765 3359 5824 ratione

2131 5923 2168 5966 δ
