3868 6448
404 486 1981 592 νοσεοιοοιὲηὰοιοωδπιυορθοοθωωιοξωῐῖωῆἱω

394 580 521 685 jure
541 598 987 665 «communicari
1004 639 1022 666 ,
1060 610 1121 653 se
1148 599 1389 666 peratum
1553 585 1629 687 pb
1650 597 1719 639 eo
1734 580 1982 687 discere:

408 794 558 865 cujus
583 790 842 847 rationem
875 782 1105 840 reddere
1132 793 1240 834 non
1265 775 1445 865 valeat
1459 813 1474 865 ,
1503 769 1662 865 fuerit
1684 777 1985 838 aggressus.

406 860 671 943 Eumdem
697 884 876 950 rogat,
906 883 968 931 ut
995 873 1040 928 si
1058 871 1215 941 culpa
1239 872 1388 922 vacet
1416 860 1774 919 Classicianus
1794 868 1990 950 ,_erroc

410 991 528 1033 rem
555 986 712 1031 suum
736 1012 753 1037 ,
768 948 783 950 θ
801 968 855 1023 in
879 979 1041 1037 quem
1060 977 1127 1019 ex
1156 959 1385 1015 humana
1410 953 1691 1025 fragilitate
1712 948 1995 1022 prdapsus

412 1077 497 1125 est
519 1108 537 1134 ,
563 1065 794 1135 corrigat
821 1102 836 1126 ,
875 1066 932 1116 et
964 1064 1112 1130 gesta
1137 1049 1492 1110 ecclesiastica
1521 1046 1579 1102 in
1603 1058 1723 1101 eum
1750 1040 1993 1098 confecta

415 1157 704 1217 rescindat.
736 1153 846 1208 Nec
869 1147 1122 1205 arbitreris
1140 1187 1156 1215 ,
1184 1144 1387 1213 inquit,
1414 1138 1531 1194 ideo
1556 1135 1699 1192 nobis
1726 1149 1827 1188 non
1853 1144 2001 1202 posse

418 1249 692 1317 subrepere
712 1245 954 1317 injustam
968 1237 1371 1301 commotionem,
1399 1232 1519 1303 quia
1540 1227 1761 1299 episcopi
1784 1239 1957 1281 sumus
1978 1236 2001 1277 :

419 1343 508 1398 sed
533 1340 697 1413 potius
715 1338 988 1410 cogitemus
1012 1334 1143 1388 inter
1165 1329 1365 1399 laqueos
1393 1324 1721 1413 tentationum
1746 1335 1841 1374 nos
1863 1317 1997 1413 peri-

423 1409 735 1487 culosissinte
772 1429 935 1482 vivere
954 1464 969 1491 ,
1009 1425 1127 1496 quia
1151 1420 1373 1476 homines
1399 1431 1573 1472 sanius
1606 1412 1799 1485 (Ibid.,
1828 1427 1881 1463 η.
1905 1409 1993 1477 3).

425 1521 704 1581 Collationl
747 1513 1149 1586 Carthagincnsi
1190 1510 1433 1568 Auxilius
1490 1502 1848 1562 Nurconensis
1889 1499 2003 1570 epi-

426 1627 623 1684 scopus
648 1612 924 1667 laterent.
959 1606 1101 1662 Idem
1121 1603 1168 1660 si
1193 1604 1281 1670 sit,
1309 1615 1415 1657 non
1443 1597 1613 1670 potuit
1639 1595 1755 1650 haec
1782 1591 2006 1684 epistola

428 1683 603 1763 serius
649 1717 769 1759 esse
811 1700 1042 1770 scripta,
1094 1710 1255 1767 quam
1300 1706 1441 1748 anno
1483 1683 2011 1761 quadringentesimo

427 1799 764 1857 duodecimo.
784 1794 892 1852 Sed
905 1802 961 1849 et
980 1805 1123 1863 πει-θ
1138 1789 1372 1845 animum
1395 1781 1684 1846 induxeris,
1706 1792 1826 1834 eam
1844 1775 2014 1831 multo

432 1902 557 1949 ante
580 1888 933 1959 conscriptam
975 1898 1135 1949 esse;
1180 1893 1303 1935 cum
1340 1874 1661 1946 Augustinus
1693 1882 1834 1925 anno
1874 1880 2012 1937 qua-

431 1980 855 2054 dringentesimo
876 1974 1193 2033 duodecimo
1213 1978 1414 2026 tantum
1438 1965 1702 2023 decimum
1726 1960 2014 2054 septimum

434 2052 793 2146 episcopatus,
834 2067 1007 2124 atatis
1023 2073 1199 2121 autem
1227 2076 1337 2118 sua:
1360 2058 1642 2131 septimum
1752 2052 2014 2146 quinqua-

435 2141 696 2236 gesimum
715 2173 913 2215 annum
932 2163 1140 2228 ageret;
1161 2168 1267 2224 quo
1280 2164 1409 2206 sane
1429 2157 1668 2217 tempore
1680 2141 2021 2199 vixrideatur

437 2255 567 2309 satis
597 2260 880 2323 provectus
900 2290 915 2316 ,
950 2254 1009 2302 ut
1031 2260 1153 2303 cum
1179 2242 1392 2298 Auxilio
1424 2248 1675 2308 tanquam
1700 2248 1864 2290 senes
1894 2246 2021 2288 cum

432 2347 666 2418 juvene,
714 2351 872 2413 atque
912 2339 1194 2411 episcOpus
1238 2342 1315 2390 tot
1351 2344 1613 2387 annorum
1660 2340 1781 2418 cum
1818 2322 2021 2418 collega

440 2414 665 2491 necdum
707 2432 957 2488 anniculo
994 2430 1259 2499 loquatur.
1305 2423 1410 2493 Ipsi
1449 2428 1626 2475 autem
1673 2414 2019 2478 Classiciano,

439 2544 471 2582 a
496 2542 604 2597 quo
632 2528 837 2581 litteras
862 2537 1024 2593 super
1053 2522 1141 2574 illa
1166 2534 1228 2573 re
1254 2523 1560 2585 accepant,
1602 2510 1861 2580 rescripto
1892 2522 2024 2562 oon-

441 2617 623 2676 silium
669 2630 820 2670 suum
863 2620 1204 2681 mentemque
1243 2605 1450 2678 aperuit
1480 2622 1495 2658 :
1529 2602 1642 2675 Ego
1679 2608 1886 2672 propter
1919 2613 2024 2666 eos,

445 2708 650 2782 inquit,
677 2707 765 2778 qui
786 2721 877 2777 pro
901 2711 1104 2776 peccato
1118 2701 1267 2755 unius
1286 2698 1473 2753 animat
1496 2704 1650 2750 totam
1669 2692 1875 2747 domum
1892 2689 2024 2761 ejus,

446 2800 503 2856 id
528 2809 599 2856 est
624 2841 638 2865 ,
666 2797 912 2871 plurimas
939 2793 1137 2849 animos
1160 2790 1478 2846 anathemate
1501 2787 1697 2857 ligant,
1723 2782 1943 2838 maxime
1967 2797 2035 2837 ne

446 2893 517 2951 ibi
555 2893 819 2966 quisquam
864 2889 975 2944 sine
996 2885 1311 2959 Baptismate
1343 2882 1406 2937 de
1429 2894 1637 2952 corpore
1676 2874 1947 2944 abscedat;
1982 2879 2036 2929 et

447 2994 614 3041 utrum
635 2999 736 3038 non
763 2982 917 3039 etiam
961 2978 1026 3034 de
1049 2976 1256 3033 ecclesia
1284 2973 1503 3047 pellendi
1525 2979 1642 3028 sunt
1663 3013 1679 3039 ,
1708 2971 1794 3042 qui
1821 2984 1880 3023 eo
1906 2983 2032 3022 con-

452 3075 692 3147 fugiunt,
738 3090 836 3144 quo
865 3071 1019 3142 ﬁdem
1043 3066 1420 3140 ﬁdejussoribus
1448 3064 1726 3135 frangant,
1764 3060 2036 3131 adjuvante

451 3164 704 3229 Domino,
748 3171 797 3217 et
838 3163 892 3216 in
921 3158 1134 3215 concilio
1160 3166 1330 3211 nostra
1372 3169 1523 3227 agere
1545 3152 1727 3223 cupio,
1763 3160 1811 3205 et
1840 3150 1886 3205 si
1910 3165 2038 3220 Opus

456 3254 607 3326 fuerit
636 3252 704 3305 ad
734 3250 919 3307 Sedem
946 3246 1276 3317 apostolicam
1311 3244 1565 3305 scribere;
1604 3249 1662 3294 ut
1689 3241 1743 3295 in
1771 3240 1850 3294 his
1874 3240 2040 3293 causis

456 3343 579 3415 quid
602 3342 740 3412 sequi
765 3339 1050 3403 debeamus,
1087 3335 1323 3390 concordi
1346 3333 1571 3388 omnium
1589 3331 1891 3385 auctoritate
1911 3345 2036 3384 con-

456 3432 696 3485 stituatur
719 3439 868 3499 atque
882 3428 1124 3497 ﬁrmetur.
1156 3424 1300 3480 Illud
1320 3424 1470 3496 plane
1488 3439 1588 3477 non
1607 3431 1786 3477 temere
1808 3422 2037 3489 dixerim,

459 3523 593 3595 quod
628 3524 673 3577 si
709 3521 973 3593 quisquam
1001 3518 1226 3589 ﬁdelium
1258 3518 1412 3587 fuerit
1435 3515 1784 3570 anathematus
1824 3516 2045 3589 injuste;

462 3615 507 3668 ei
537 3614 702 3684 potius
730 3611 887 3667 oberit
903 3611 991 3681 qui
1018 3610 1190 3683 faciet,
1212 3625 1360 3679 quam
1383 3608 1429 3663 ei
1454 3608 1540 3677 qui
1568 3607 1698 3662 hanc
1721 3606 1937 3678 patietur
1964 3607 2045 3660 in-

460 3705 670 3776 iuriam.
713 3703 939 3774 Spiritus
968 3702 1103 3757 enim
1141 3708 1342 3755 sanctus
1377 3699 1608 3754 habitans
1635 3699 1685 3752 in
1710 3700 1898 3755 sanctis
1918 3741 1932 3765 ,
1955 3714 2047 3770 per

463 3813 609 3865 quem
657 3797 861 3869 quisque
907 3795 1093 3867 ligatur
1130 3802 1216 3847 aut
1266 3791 1506 3856 solvitur,
1566 3792 1861 3847 immeritam
1919 3791 2048 3847 nulli

466 3905 665 3962 poenam
692 3890 874 3962 ingerit
902 3904 921 3943 :
944 3904 1036 3960 per
1057 3903 1170 3943 eum
1208 3886 1393 3957 quippe
1423 3884 1730 3952 di/fundilur
1757 3885 1976 3939 charitas
1995 3885 2049 3939 in

465 3980 701 4036 cordibus
724 3980 928 4046 nostris,
955 3993 1070 4046 qua
1092 3994 1195 4033 non
1214 3976 1319 4049 agit
1342 3992 1607 4049 perperam
1636 3974 1753 4046 (Es:
1785 3974 1946 4046 Epist.
1981 3975 2050 4028 ad

465 4070 850 4137 Classicianum,
876 4079 988 4141 post
1008 4067 1176 4141 Epist.
1200 4068 1326 4133 250,
1358 4077 1492 4122 tomo
1514 4066 1569 4134 2,
1599 4082 1717 4138 pag.
1747 4067 1932 4135 1554).

488 4170 494 4175 ’
538 4167 592 4222 ὃ.
627 4166 685 4221 in
715 4165 827 4221 suis
847 4164 1197 4221 Sermonibus
1225 4163 1551 4231 Augustinus
1570 4177 1732 4216 vanas
1750 4161 2052 4233 astrologia:

467 4257 761 4332 iudiciaria:
781 4258 1186 4330 superstitiones
1202 4265 1488 4327 oppugnat,
1518 4256 1711 4326 quibus
1728 4254 2054 4310 Christiano-

468 4364 590 4407 rum
618 4351 778 4405 etiam
803 4348 1103 4420 complures
1128 4348 1338 4404 deditos
1376 4348 1454 4403 sic
1494 4348 1656 4403 fuisse
1691 4348 2052 4420 conqueritur,

469 4449 531 4497 ut
558 4441 800 4498 nonnulli
827 4456 1007 4497 coram
1048 4441 1167 4512 ipso
1193 4438 1420 4495 ﬁdenter
1443 4439 1718 4505 dicerent,
1750 4439 1901 4510 quasi
1926 4439 2058 4498 nihil

474 4534 530 4590 in
559 4549 622 4590 ea
648 4549 708 4592 re
726 4533 850 4589 mali
879 4533 1146 4601 subesset,
1174 4531 1334 4587 certis
1359 4546 1417 4587 se
1442 4529 1629 4586 diebus
1656 4545 1761 4585 non
1788 4545 1906 4587 esse
1931 4545 2056 4602 pro-

473 4624 727 4683 fecturos.
768 4625 920 4694 Quod
953 4627 1135 4681 vitium
1167 4625 1241 4680 ita
1282 4624 1499 4696 vulgare
1525 4631 1642 4679 erat
1663 4665 1680 4692 ,
1726 4631 1785 4681 ut
1806 4625 1893 4680 vix
1922 4625 2060 4681 ullus

472 4716 605 4772 illud
635 4717 1025 4787 reprehendere
1048 4717 1288 4774 auderet.
1314 4715 1467 4773 Unde
1497 4718 1573 4773 sic
1597 4717 1896 4773 exclamare
1917 4720 2061 4789 cogi-

476 4819 566 4865 tur
590 4825 607 4862 2
642 4806 731 4862 Va:
759 4809 972 4879 peccatis
1001 4808 1293 4874 hominum,
1331 4825 1442 4880 qtae
1465 4790 1575 4864 sola
1601 4809 1844 4865 inusitata
1876 4811 2061 4865 exhor-

477 4898 720 4955 rescimus
758 4897 1086 4970 (Enchirid.,
1115 4917 1169 4954 n.
1197 4900 1289 4969 21)
1317 4902 1331 4955 ε
1363 4900 1735 4957 Verumtamen
1765 4918 1888 4958 cum
1912 4920 2063 4959 vana:

481 4982 643 5059 hujus
679 4999 735 5045 et
778 4988 956 5060 impiae
999 4990 1130 5046 artis
1181 4998 1472 5046 sectatores
1516 4992 1909 5062 (mathematici
1952 5004 2062 5053 tum

483 5078 831 5151 dicebantur)
871 5080 938 5136 ad
962 5083 1368 5137 conversionem
1391 5084 1742 5153 accederent,
1769 5102 1862 5142 eos
1890 5089 2064 5160 pleni—

483 5172 668 5226 tentia:
683 5170 906 5242 publica:
921 5170 1222 5238 addicebat,
1242 5186 1339 5227 nec
1355 5171 1421 5226 ad
1442 5188 1559 5227 eam
1585 5174 1685 5229 nisi
1714 5184 1831 5245 post
1851 5178 2066 5235 crebras

484 5263 872 5336 postulationes
895 5272 950 5321 et
993 5263 1298 5334 interjectas
1326 5279 1503 5319 moras
1531 5266 1859 5324 admittebat.
1909 5269 2067 5340 Cujus

484 5355 567 5411 rei
612 5353 872 5410 habemus
903 5355 1110 5426 insigne
1149 5354 1450 5426 exemplum
1480 5355 1546 5411 ad
1575 5356 1774 5413 calcem
1802 5361 2067 5417 sermonis

485 5445 541 5501 in
573 5445 831 5516 psalmum
859 5446 1245 5518 sexagesimum
1269 5446 1517 5517 primum.
1549 5446 1652 5502 Illa
1672 5448 1910 5505 Ecclesia:
1936 5452 2063 5523 silis,

487 5537 661 5608 inquit
679 5579 693 5598 .
735 5553 898 5593 unum
928 5555 990 5595 ex
1022 5538 1323 5609 hujusmodi
1348 5539 1737 5597 mathematicis
1763 5545 2067 5614 poettitenti-

488 5626 589 5682 bus
616 5629 754 5699 plebi
775 5629 1169 5698 demonstrans,
1195 5631 1345 5686 etiam
1369 5632 1521 5687 istum
1537 5649 1681 5703 quem
1699 5633 1893 5702 videtis,
1908 5636 2069 5692 bibere

489 5720 616 5774 uult.
645 5722 812 5778 Simul
838 5724 988 5780 etiam
1015 5734 1073 5780 ut
1093 5726 1327 5781 noveritis
1349 5767 1364 5792 ,
1395 5743 1547 5799 quant
1572 5729 1718 5781 multi
1747 5729 1798 5782 in
1824 5732 2067 5785 commix-

1528 376 1685 436 VITA
1722 374 1780 432 S.
1820 367 2183 427 AUGUSTINI
2221 365 2541 427 EPISCOPI.

3595 362 3689 427 ω

2098 486 2432 551 maledicunt;
2455 486 2551 542 iste
2571 502 2635 542 ea:
2658 485 2930 541 christiano
2956 493 3000 540 et
3019 484 3173 556 ﬁdeli
3202 483 3464 556 paenitens
3485 485 3627 552 redit,
3649 496 3691 542 et

2095 579 2299 634 territus
2322 586 2567 649 potestate
2589 575 2829 642 Domini,
2858 578 3170 633 convertitur
3197 575 3277 631 ad
3306 576 3690 635 misericordiam

1966 710 1985 736 ,
2096 669 2322 725 Domini.
2345 668 2595 726 Seductus
2618 669 2750 724 errint
2768 667 2830 723 ab
2849 668 3072 737 inimico,
3102 683 3233 723 cum
3259 676 3395 723 esset
3416 667 3600 736 ﬁdelis,
3619 671 3690 725 diu

2097 763 2479 818 mathematicus
2501 764 2601 835 fuit
2630 779 2651 817 :
2676 761 2915 818 seductus
2952 761 3208 817 seducens
3228 803 3245 829 ,
3295 760 3545 834 deceptus
3577 762 3692 819 deci-

2100 858 2260 929 piens,
2285 855 2468 920 illexit,
2491 854 2691 929 fefellit,
2718 857 2877 910 multa
2890 854 3168 910 mendacia
3195 854 3413 910 locutus
3443 862 3517 909 est
3538 866 3691 911 contra

2098 948 2265 1005 Deum
2287 990 2303 1015 ,
2348 949 2432 1019 qui
2459 948 2595 1003 dedit
2642 948 2925 1002 hominibus
2963 953 3280 1018 potestatem
3321 946 3548 1019 faciendi
3580 954 3692 1018 quod

2102 1040 2284 1094 bonum
2304 1048 2395 1103 est,
2426 1048 2472 1093 et
2497 1054 2596 1093 non
2618 1038 2836 1110 faciendi
2853 1037 2993 1110 quod
3011 1038 3219 1093 malum
3241 1046 3344 1094 est.
3375 1035 3489 1093 Iste
3504 1038 3694 1110 dicebat,

2103 1132 2222 1203 quia
2249 1131 2549 1186 adulterium
2578 1147 2681 1185 non
2707 1130 2925 1202 faciebat
2951 1129 3195 1186 uoluntas
3223 1131 3470 1203 prapria,
3499 1131 3585 1186 sed
3611 1131 3695 1190 Ye-

2106 1241 2237 1290 nus;
2273 1234 2322 1279 et
2354 1223 2678 1279 homicidium
2699 1239 2802 1278 non
2830 1222 3041 1295 faciebat
3065 1222 3323 1277 voluntas
3354 1224 3596 1295 propria,
3621 1225 3694 1280 sed

2109 1317 2287 1385 Mars;
2315 1328 2365 1374 et
2380 1320 2576 1391 justum
2609 1333 2710 1372 non
2740 1317 2955 1389 faciebat
2977 1313 3144 1384 Deus,
3181 1315 3283 1371 sed
3305 1313 3459 1373 Iovis
3491 1332 3511 1372 :
3533 1324 3581 1371 et
3610 1318 3697 1373 alia

2109 1414 2273 1468 multa
2304 1411 2552 1483 sacrilega
2591 1426 2694 1465 non
2739 1424 2913 1480 porca.
2959 1408 3129 1475 Quam
3158 1408 3349 1463 multis
3382 1424 3499 1463 eum
3538 1410 3697 1479 putatis

2111 1502 2396 1557 christianis
2423 1517 2653 1555 nummos
2676 1497 2979 1556 abstulisse!
3002 1497 3176 1566 Quam
3207 1497 3367 1554 multi
3391 1497 3457 1553 ab
3484 1496 3572 1552 illo
3589 1515 3698 1554 ente-

2113 1600 2237 1649 runt
2272 1590 2627 1647 mendacium?
2673 1590 2851 1659 Modo,
2874 1591 3004 1646 sicut
3041 1589 3106 1646 de
3144 1589 3248 1645 illo
3291 1589 3597 1644 credendum
3621 1600 3696 1660 est,

2116 1686 2312 1740 horruit
2335 1684 2649 1739 mendacium
2673 1725 2688 1749 ,
2737 1691 2789 1737 et
2822 1684 3096 1738 multorum
3140 1682 3424 1738 hominum
3458 1682 3697 1739 illectorent

2126 1794 2181 1833 se
2211 1777 2485 1848 aliquando
2508 1793 2541 1831 a
2565 1775 2766 1830 diabolo
2802 1776 2961 1830 sensit
2993 1775 3229 1831 illectum
3253 1791 3275 1841 ;
3317 1776 3617 1831 convertitur
3646 1776 3698 1827 ad

2119 1869 2284 1925 Deum
2327 1868 2588 1940 pamitens.
2646 1866 2896 1922 Putemus
2918 1908 2933 1932 ,
2966 1870 3155 1940 fratres
3179 1909 3195 1934 ,
3237 1867 3308 1921 de
3344 1883 3530 1938 magno
3555 1869 3701 1921 timore

2120 1960 2285 2015 cordis
2321 1958 2580 2013 accidisse.
2625 1956 2761 2024 Quid
2796 1958 2926 2012 enim
2951 1956 3143 2011 dicturi
3168 1956 3402 2012 sumus!
3426 1954 3645 2029 Namque
3665 1956 3699 2010 si

2121 2067 2186 2107 ea
2209 2065 2409 2123 pagano
2432 2056 2798 2104 converteretur
2814 2048 3228 2113 mathematicus,
3264 2063 3513 2119 magnum
3530 2047 3701 2119 quidem

2124 2152 2249 2198 esset
2273 2141 2548 2214 gaudium;
2572 2141 2661 2196 sed
2684 2151 2851 2195 tamen
2872 2148 3041 2211 posset
3062 2139 3237 2195 videri
3250 2182 3267 2206 ,
3302 2139 3431 2213 quia
3453 2139 3500 2195 si
3530 2154 3699 2193 conver-

2125 2254 2211 2292 sus
2249 2244 2406 2302 esset,
2448 2235 2737 2289 clericatum
2781 2243 3022 2307 quarreret
3064 2234 3121 2288 in
3170 2232 3434 2289 Ecclesia.
3484 2231 3702 2288 Panum

2130 2339 2241 2396 est;
2277 2345 2379 2383 non
2414 2327 2594 2400 quterit
2635 2326 2733 2381 nisi
2772 2326 2934 2381 solam
2978 2325 3413 2381 misericordiam.
3468 2322 3698 2379 Commen-

2131 2421 2331 2475 dandus
2356 2428 2574 2491 estergo
2603 2426 2650 2472 et
2673 2418 2836 2473 oculis
2865 2426 2913 2472 et
2936 2417 3178 2473 cordibus
3210 2418 3414 2473 vestris.
3442 2416 3703 2487 Eumque:

2131 2512 2305 2568 uidetis
2322 2552 2338 2578 ,
2377 2509 2608 2565 cordibus
2635 2517 2802 2563 amate
2819 2550 2834 2573 ,
2858 2506 3021 2562 oculis
3045 2508 3325 2564 custodite.
3370 2505 3542 2563 Videte
3559 2507 3697 2575 illum,

2133 2604 2309 2660 scitote
2354 2600 2503 2657 illum
2525 2643 2540 2667 ,
2590 2610 2637 2656 et
2661 2615 2971 2672 quacumque
3010 2600 3099 2655 ille
3146 2601 3453 2667 transierit,
3498 2596 3705 2673 fratribus

2134 2694 2357 2763 ceteris,
2387 2695 2472 2766 qui
2494 2694 2643 2748 modo
2669 2694 2750 2747 hic
2775 2709 2874 2748 non
2904 2700 3038 2759 sunt,
3070 2692 3337 2748 ostendite
3361 2688 3507 2746 illum
3528 2707 3546 2744 :
3570 2698 3613 2744 et
3627 2688 3702 2743 ista

2137 2789 2400 2862 diligentia
2424 2786 2768 2843 misericordia
2790 2794 2883 2853 est,
2916 2802 2978 2840 ne
3000 2784 3089 2841 ille
3107 2784 3361 2841 seductor
3383 2783 3596 2840 retrahat
3618 2796 3702 2848 cor,

2138 2892 2192 2938 et
2212 2888 2490 2954 oppugnet.
2537 2878 2797 2934 Custodite
2831 2893 2951 2945 vos,
2996 2894 3097 2932 non
3133 2894 3225 2932 vos
3255 2877 3415 2933 lateat
3436 2871 3704 2930 conversatio

2141 2974 2250 3046 ejus
2275 3015 2289 3039 ,
2316 2973 2397 3027 via
2424 2973 2533 3044 ejus
2556 2985 2577 3036 ,°
2606 2979 2660 3024 ut
2687 2970 2967 3025 testimonio
3003 2979 3170 3025 vestro
3211 2968 3363 3025 nobis
3396 2965 3702 3035 confirmetur,

2140 3083 2255 3122 uere
2279 3065 2427 3120 illum
2448 3063 2515 3117 ad
2538 3062 2808 3117 Dominunt
2836 3078 2942 3116 esse
2966 3076 3287 3115 conversum.
3326 3058 3448 3114 Non
3467 3057 3590 3112 enim
3611 3052 3704 3109 sile-

2146 3157 2215 3212 bit
2238 3160 2377 3229 fama
2412 3156 2476 3209 de
2510 3156 2610 3210 vita
2638 3155 2782 3227 ejus,
2820 3152 3022 3226 quando
3054 3152 3130 3207 sic
3166 3151 3310 3207 vobis
3339 3159 3387 3206 et
3427 3147 3645 3204 videtth
3670 3151 3705 3198 et

2145 3247 2460 3302 miserandus
2488 3244 2718 3313 offertur.
2749 3242 2926 3300 Nostis
2950 3243 3003 3298 in
3030 3243 3230 3298 actibus
3256 3241 3605 3315 Apostolorum
3624 3250 3706 3291 esse

2145 3340 2408 3411 scriptum,
2439 3339 2556 3411 quia
2582 3338 2729 3391 multi
2754 3336 2972 3408 perditi,
3003 3336 3059 3390 id
3083 3346 3160 3391 est
3183 3378 3199 3402 ,
3230 3337 3414 3390 talium
3438 3333 3609 3388 artium
3631 3327 3703 3383 lto-

2148 3431 2307 3486 mines
2353 3440 2398 3484 et
2453 3430 2798 3484 doctrinarum
2853 3430 3169 3501 nefariarum
3215 3439 3522 3493 sectatores,
3568 3437 3706 3480 omnes

2148 3524 2343 3579 codices
2363 3540 2479 3578 suos
2499 3523 2567 3577 ad
2586 3521 2852 3593 Apostolos
2871 3520 3144 3575 attulerunt
3164 3538 3184 3585 ;
3212 3531 3259 3575 et
3288 3519 3480 3576 incensi
3499 3524 3601 3572 sunt
3617 3510 3706 3567 libri

2152 3625 2256 3669 tam
2284 3615 2454 3680 multi,
2507 3622 2565 3668 ut
2599 3614 2863 3687 pertineret
2905 3612 2977 3667 ad
3015 3614 3318 3684 scriptorem
3368 3609 3708 3666 aestimationem

2152 3721 2323 3761 eorum
2346 3708 2542 3778 facere,
2575 3713 2624 3759 et
2661 3721 2909 3759 summam
2946 3704 3090 3775 pretii
3114 3703 3431 3759 conscribere
3455 3699 3589 3775 (Act.
3615 3710 3706 3758 xu,

2153 3796 2276 3868 l9).
2329 3795 2440 3850 Hoc
2474 3797 2644 3868 utique
2671 3805 2875 3868 propter
2899 3795 3115 3869 gloriam
3141 3795 3275 3862 Dei,
3327 3811 3390 3850 ne
3427 3790 3549 3847 tales
3586 3787 3708 3842 etiam

2156 3889 2340 3963 perditi
2366 3889 2750 3957 desperarentur
2773 3892 2836 3944 ab
2860 3890 2952 3945 illo
2978 3930 2994 3957 ,
3039 3891 3128 3962 qui
3168 3890 3311 3945 novit
3356 3900 3567 3959 quatere
3599 3874 3705 3952 quod

2158 3984 2390 4054 perierat.
2437 3982 2663 4036 Perierat
2706 3999 2823 4055 ergo
2866 3982 2990 4049 iste,
3031 3998 3166 4035 nunc
3193 3981 3466 4053 quesitus,
3494 3975 3707 4033 iuvent“.

2157 4074 2408 4129 adductus
2445 4085 2515 4127 est
2548 4089 2566 4127 :
2596 4081 2763 4145 portat
2799 4089 2966 4127 secum
3008 4071 3205 4127 codices
3243 4065 3603 4128 incendendos,
3637 4072 3704 4131 ρσ

2159 4185 2283 4241 quos
2309 4171 2473 4241 fuerat
2499 4165 2878 4231 incettdcndus;
2904 4174 2957 4219 ut
3000 4165 3101 4220 illis
3130 4165 3184 4219 in
3217 4165 3387 4237 ignem
3419 4158 3602 4222 missis,
3623 4152 3708 4241 ip“

2159 4240 2214 4316 in
2237 4240 2555 4334 refrigerium
2579 4267 2816 4312 transeat.
2843 4255 3033 4313 Sciatis
3044 4272 3155 4313 eum
3176 4265 3368 4319 tamen,
3394 4252 3584 4323 fratres,
3610 4240 3707 4297 alii

2162 4355 2368 4428 pulsare
2394 4354 2462 4409 ad
2492 4352 2773 4409 Ecclesium
2800 4363 2915 4409 ante
2948 4351 3148 4409 Pascha
3178 4368 3198 4407 :
3228 4360 3349 4406 ante
3375 4345 3569 4403 Pascha
3601 4337 3706 4394 ειιὲνι

2162 4427 2309 4519 capit
2340 4456 2507 4518 petere
2534 4446 2595 4500 de
2623 4443 2853 4501 Ecclesia
2893 4444 3077 4501 Christi
3115 4444 3436 4499 medicinam.
3483 4434 3581 4493 Sed
3611 4427 3707 4501 qlia

2166 4538 2283 4593 talis
2307 4547 2378 4592 est
2404 4554 2509 4602 ars,
2541 4537 2594 4591 in
2619 4552 2721 4607 qua
2750 4536 3049 4591 exercitatus
3073 4544 3201 4603 erat,
3232 4549 3344 4606 qua:
3368 4534 3588 4601 suspecta
3605 4525 3707 4578 tu“

2166 4629 2230 4683 de
2251 4629 2510 4683 mendacio
2533 4638 2681 4702 atque
2707 4627 2915 4698 fallacia
2934 4669 2951 4694 ,
2978 4626 3165 4682 dilatus
3191 4637 3265 4683 est
3281 4665 3299 4693 ,
3330 4640 3392 4679 ne
3418 4622 3640 4676 tentaret;
3668 4613 3707 4664 σι

2167 4719 2439 4790 aliquando
2455 4727 2619 4773 tamen
2637 4718 2889 4773 admissus
2905 4727 2999 4786 est,
3024 4734 3086 4772 ne
3104 4715 3433 4790 periculosius
3452 4710 3705 4764 tentaret“?-

2173 4810 2326 4865 Orate
2351 4827 2443 4883 pro
2471 4810 2561 4864 illo
2583 4827 2671 4883 per
2690 4809 2968 4877 Christum,
2997 4825 3206 4880 prorsus
3231 4806 3520 4861 hodiernam
3544 4800 3704 4883 μνείας

2169 4919 2261 4975 pro
2291 4875 2381 4957 illo
2396 4875 2594 4974 fundite
2613 4901 2827 4956 Domino
2849 4875 2960 4957 Deo
2976 4875 3164 4956 nostra.
3189 4897 3390 4956 Scimus
3410 4891 3591 4951 citima
3608 4875 3705 4975 iii“

2168 4971 2370 5059 sumus,
2397 4971 2525 5063 quia
2551 4992 2712 5046 oratio
2746 5000 2908 5046 vestra
2937 4990 3066 5046 delet
3100 5005 3271 5045 omnes
3307 4984 3570 5057 impietate:
3598 4971 3701 5043 0i“-

2171 5073 2419 5140 Dominus
2442 5083 2691 5138 vobiscum
2719 5081 2934 5156 (Enarr.
2960 5082 3015 5137 in
3036 5080 3183 5141 Psal.
3212 5096 3304 5137 ut
3320 5120 3337 5143 ,
3362 5094 3415 5132 n.
3435 5072 3544 5140 25).
3679 5145 3701 5156 Α.

2244 5176 2297 5232 6.
2325 5175 2550 5245 Quidam
2598 5154 2813 5230 nomine
2840 5173 3160 5245 Lampadius
3203 5173 3428 5241 aliquam
3474 5158 3585 5216 huic

2174 5267 2333 5326 ﬁdem
2364 5269 2670 5325 adhibebat.
2703 5267 2761 5324 Id
2786 5268 2876 5326 ubi
2906 5268 3232 5341 Augustinus
3262 5279 3326 5321 ex
3355 5250 3596 5343 colloquio
3616 5256 3703 5343 Pl"

2173 5377 2320 5416 mum
2348 5406 2363 5428 ,
2405 5359 2529 5416 dein
2561 5376 2626 5416 ex
2654 5360 2842 5415 litteris
2870 5360 2938 5417 ab
2965 5340 3155 5416 eodem
3189 5351 3418 5424 acceptis
3439 5340 3702 5428 certiustli‘

2176 5424 2373 5508 tellexit
2394 5492 2412 5520 ,
2441 5437 2621 5523 paucis
2645 5452 2693 5507 ei
2722 5451 2994 5523 rescripsit
3018 5450 3220 5523 (Epist.
3244 5442 3377 5515 346)
3395 5482 3411 5507 ι
3436 5438 3568 5505 mes

2174 5562 2271 5601 nas
2314 5553 2371 5601 et
2398 5519 2706 5612 humanas,
2751 5519 3038 5616 omniaque
3083 5519 3302 5613 publicae
3340 5547 3400 5589 ac
3437 5519 3700 5616 4W

2174 5635 2471 5706 disciplina:
2498 5609 2757 5703 instituta,
2779 5609 3045 5707 perversis
3067 5609 3160 5689 lati
3179 5640 3232 5686 et
3259 5609 3699 5707 virtutis

2119 5742 2130 5789 ς’
2176 5729 2230 5783 in
2261 5700 2521 5784 humanas
2546 5700 2799 5785 actiones
2823 5726 3163 5800 opinionibus
3191 5721 3393 5795 Ρθυίωδ

493 5809 628 5863 tione
645 5809 1063 5884 Christianorum,
1092 5833 1179 5872 ore
1197 5834 1288 5873 suo
1308 5781 1619 5885 benbdicant,
1654 5829 1702 5873 et
1726 5825 1777 5873 tn
1801 5823 1950 5874 corde
1975 5837 2067 5875 suo
2177 5827 2335 5890 atque
2376 5819 2609 5875 subverti
2638 5836 2652 5875 :
2678 5816 2822 5888 ipsos
2850 5781 3008 5874 etiam
3049 5781 3435 5872 mathematicos
3459 5808 3553 5854 non
3582 5781 3689 5841 adeo

3865 778 3868 805 Ι

3865 859 3868 893 Ι

3865 950 3868 989 Ι

3865 1308 3868 1342 Ξ

3866 2244 3868 2265 |

3860 2330 3865 2353 1

3860 2412 3868 2449 Ἰ
