3868 6396
186 421 409 485 insauire,
434 427 490 474 ut
512 416 704 472 demus
718 424 830 468 ωδ
845 404 1184 465 moderamen
1201 403 1270 459 ad
1294 402 1433 458 illius
1458 402 1713 468 scientite,

185 529 321 587 quam
345 512 457 566 aliis
480 505 663 581 grandi
689 500 908 576 pecunia
936 497 1226 554 venderent
1249 535 1272 563 τ
1295 495 1553 587 amussim
1589 508 1714 587 nor-T

183 585 397 675 ωηο
416 601 658 671 dirigant.
686 595 860 665 Rogat
875 605 1090 664 quoque
1111 586 1478 658 hmpadium,
1507 594 1564 640 ut
1589 585 1717 656 quid

181 700 238 756 de
257 696 347 752 bac
366 691 581 764 epistola
607 687 801 746 sentiat
819 725 837 752 ,
866 678 1207 740 rescribendo
1236 677 1457 734 edoceat
1488 694 1502 730 :
1533 690 1653 747 quae
1670 675 1718 731 si

180 791 281 863 eius
299 785 520 844 aviditati
542 798 654 839 non
674 777 922 843 sufﬁciat,
943 776 1208 846 integrum
1229 772 1330 827 hac
1357 769 1428 827 de
1447 785 1507 825 re
1525 768 1718 824 librum

175 1070 342 1126 fricare
363 1081 462 1123 non
483 1070 750 1136 gravetur.

747 1148 972 1209 CAPUT
1008 1146 1146 1204 VIII.

261 1256 512 1300 Αυςσετικι
543 1254 614 1293 ΑΒ
641 1248 902 1292 ρωνλτοε
927 1245 1128 1287 IONITA
1152 1241 1221 1282 ΕΤ
1245 1237 1623 1281 ΠΟΒΤᾹΠΕΝΤΑ.

179 1332 198 1387 1
221 1326 496 1386 Chrislinnm
537 1321 607 1375 ad
633 1321 866 1391 pietatm
887 1313 1124 1370 incendit.
1145 1311 1181 1365 2
1202 1307 1452 1363 Adversus
1479 1305 1721 1361 scandala

233 1421 494 1476 corroborat
532 1415 914 1474 Sebastianum.
943 1410 978 1467 5
1009 1407 1075 1462 Et
1106 1404 1431 1461 Restitutum.
1473 1402 1507 1456 4
1533 1399 1722 1457 Chrisi-

232 1531 352 1568 muni
381 1530 412 1566 a
432 1509 778 1581 desperatione
812 1511 1026 1560 revocat.
1057 1501 1091 1556 5
1125 1496 1346 1553 Ecdicio:
1389 1495 1486 1564 piae
1523 1492 1722 1563 femina:

230 1607 542 1662 incomultam
595 1599 779 1672 agendi
821 1598 1064 1651 rationem
1106 1591 1290 1662 arguit.
1330 1587 1363 1643 6
1404 1585 1720 1643 Obduratum

231 1697 424 1754 Cornelii
463 1695 697 1750 animum
733 1689 931 1763 premit.
965 1688 996 1742 7
1027 1684 1379 1741 Florentinam
1416 1697 1504 1750 per
1529 1679 1720 1734 litteras

230 1791 387 1846 docere
405 1806 504 1844 non
547 1793 763 1842 recusat.
807 1783 840 1838 8
881 1779 1148 1836 Fabiolam
1189 1783 1378 1841 monet,
1403 1772 1720 1846 prasentiam

233 1890 490 1938 sanctorum
533 1891 744 1948 corpore
783 1883 962 1940 tenus,
996 1885 1177 1942 parum
1224 1864 1552 1938 expetendam
1588 1878 1715 1918 esse.

234 1974 266 2032 9
287 1973 482 2044 Pupilla
503 1985 684 2026 curant
714 1966 860 2038 gerit.

246 2069 290 2122 l.
322 2065 392 2121 Ex
415 2075 520 2120 tam
545 2061 731 2119 multis
751 2053 1225 2116 lucubrationibus,
1247 2065 1378 2121 quas
1396 2047 1719 2118 Augustinus

181 2161 240 2217 ad
258 2161 456 2231 privatos
481 2166 574 2212 aut
602 2150 956 2211 instituendos
979 2156 1070 2203 aut
1083 2143 1368 2201 hortandos
1383 2137 1717 2231 conscripsit,

175 2228 369 2308 eas-hoe
395 2249 526 2304 libro
553 2245 699 2301 solas
729 2252 1084 2298 memoramus
1104 2279 1118 2302 ,
1147 2233 1336 2305 quibus
1379 2228 1720 2287 recensendis

173 2343 300 2400 locus
325 2337 661 2411 opportunior
688 2349 794 2390 non
823 2331 1050 2385 videtur.
1079 2327 1212 2380 Cum
1241 2323 1455 2396 quidam
1499 2319 1723 2376 Christi-

171 2451 256 2490 nus
280 2433 500 2497 nomine,
536 2425 870 2500 professione
912 2419 1271 2483 Christianus,
1320 2414 1492 2469 solum
1543 2420 1720 2466 tamen

170 2524 569 2588 catechumenus,
601 2529 693 2574 aut
721 2517 908 2573 saltem
936 2511 1115 2569 szeculi
1142 2507 1347 2579 laqueis
1394 2505 1716 2575 implicatus,

169 2617 396 2672 oliiciosas
416 2613 479 2670 ad
504 2628 632 2669 eum
647 2610 948 2680 scripsisset
959 2606 1182 2671 litteras,
1205 2611 1258 2658 et
1278 2601 1344 2656 ah
1365 2615 1429 2656 eo
1445 2597 1722 2669 epistolam

171 2707 448 2778 ﬂagitasset;
501 2703 613 2774 egit
655 2702 731 2756 illi
759 2698 952 2771 gratias
978 2712 1074 2767 pro
1103 2694 1218 2765 ejus
1247 2691 1482 2747 ofﬁciosa
1513 2688 1725 2744 urbani—

171 2811 278 2864 tate,
301 2808 349 2854 et
369 2797 432 2852 ad
466 2796 722 2866 pietatem
750 2793 990 2846 hortatus
1019 2796 1101 2844 est
1124 2787 1224 2841 hac
1253 2784 1399 2840 brevi
1428 2782 1722 2838 sententia:

171 2891 273 2946 Cum
298 2893 344 2945 in
370 2891 550 2944 itinere
578 2886 674 2942 Dei
696 2885 928 2957 faciliora
943 2893 990 2938 et
1011 2885 1292 2954 fructuosa,
1329 2880 1510 2950 ignava
1545 2876 1725 2948 formi-

173 2986 268 3040 dine
301 2985 601 3056 fugiuntur;
639 2980 693 3033 in
739 2979 913 3032 itinere
948 2974 1178 3030 παλαιανὶ
1208 2971 1416 3024 clariora
1456 2977 1503 3024 et
1535 2967 1727 3023 sterilia

171 3091 419 3129 trrumnoso
439 3071 617 3128 labore
645 3069 924 3124 tolerantur
945 3063 1134 3139 (Epist.
1152 3061 1304 3132 256).

232 3169 282 3222 2.
306 3165 656 3222 Sebastianus
685 3159 976 3216 monachus
1001 3166 1055 3212 et
1079 3155 1263 3218 abbas,
1291 3152 1402 3206 sive
1427 3159 1624 3205 sancta:
1653 3148 1729 3202 fa-

175 3259 308 3314 milia:
330 3256 664 3330 praepositus,
688 3249 991 3322 aliquandiu
1026 3245 1354 3301 familiariter
1379 3257 1504 3296 usus
1549 3241 1730 3310 Augu-

179 3354 316 3418 stino,
344 3351 622 3421 plurimam
643 3361 756 3402 sua:
789 3343 996 3413 pietatis
1025 3337 1472 3395 existimationem
1501 3333 1732 3404 relique-

184 3452 270 3496 rat.
287 3442 356 3496 Ad
371 3439 724 3512 Augustinum
748 3442 951 3505 postea,
968 3439 1022 3488 et
1045 3430 1111 3484 ad
1130 3428 1398 3500 Alypium,
1423 3434 1481 3480 ut
1500 3423 1728 3488 videtur,

189 3531 596 3602 litterasscripsit,
617 3542 753 3599 quas
767 3524 1091 3596 Augustinus
1109 3518 1471 3592 gratabundus
1486 3514 1692 3585 accepit
1715 3532 1727 3567 :

199 3635 388 3691 cumque
411 3621 459 3676 in
508 3620 596 3676 his
637 3617 982 3674 Sebastianus
1023 3612 1093 3668 ob
1144 3619 1362 3684 peccata
1391 3616 1445 3662 et
1484 3606 1731 3662 scandala

191 3713 472 3782 iniquorum,
490 3712 652 3768 ttedio
673 3725 733 3766 se
757 3709 1001 3763 allectum
1029 3712 1340 3766 testaretur;
1370 3699 1732 3755 sanctissimus

189 3801 360 3859 Praesul
377 3803 509 3858 illius
536 3802 716 3858 zelum
742 3800 980 3869 impense
1000 3793 1248 3858 laudavit,
1295 3806 1417 3848 eum
1458 3801 1633 3844 tamen
1665 3788 1731 3842 ad

185 3895 594 3962 perseverantiam
618 3934 636 3960 ,
684 3898 741 3947 et
779 3889 846 3944 ad
888 3887 1136 3944 solatium
1185 3898 1340 3939 suum
1389 3882 1443 3936 in
1472 3881 1732 3935 bonorum

187 3982 378 4040 flauum
416 3984 676 4055 probitate
723 3990 882 4050 atque
926 3979 978 4033 in
1028 3975 1272 4030 ﬁdelibus
1312 3972 1406 4027 Dei
1455 3970 1732 4042 promissis

193 4076 499 4144 querendum
528 4074 773 4129 hortatus
794 4079 894 4126 est.
919 4069 1140 4143 Alypius
1162 4080 1310 4132 vero,
1335 4078 1456 4118 cum
1496 4062 1562 4117 ad
1608 4076 1731 4116 eum

189 4169 422 4237 propriam
445 4165 729 4237 epistolam
757 4160 990 4217 scribere
1031 4155 1312 4229 potuisset,
1339 4156 1524 4210 maluit
1550 4155 1729 4222 Augu-

191 4257 293 4312 stini
327 4257 554 4328 epistola:
581 4269 747 4327 pauca
791 4251 1029 4306 ofﬁciosa
1062 4247 1225 4304 verba
1263 4255 1534 4310 attexere,
1579 4244 1733 4312 eique

192 4351 513 4416 subscribere,
529 4359 584 4405 ut
609 4361 797 4404 eorum
823 4342 1223 4399 unanimitatem
1245 4352 1347 4394 una
1363 4337 1519 4393 etiam
1546 4335 1731 4405 pagina

195 4449 445 4498 testaretur
470 4439 654 4514 (Epist.
694 4436 841 4507 9.58).

251 4534 296 4588 5.
332 4534 457 4589 Cum
488 4533 535 4588 ei
573 4529 886 4600 Deogratias
912 4525 1023 4599 (ille
1053 4523 1191 4579 idem
1219 4522 1330 4592 ipse
1367 4517 1624 4582 fortassis,
1665 4515 1732 4570 ad

196 4638 328 4695 quem
352 4620 470 4682 alibi
491 4623 670 4678 scribit
717 4616 1063 4690 Augustinus)
1084 4614 1369 4670 indicasset
1393 4619 1551 4690 cestus
1571 4609 1732 4663 animi

200 4713 437 4784 cujusdam
469 4711 672 4768 diaconi
708 4708 955 4766 catholici
987 4705 1272 4776 (Restituto
1322 4716 1514 4756 nomen
1553 4699 1689 4768 erat)
1711 4739 1728 4765 ,

199 4806 269 4876 qui
308 4821 446 4876 teque
489 4819 547 4859 ac
571 4802 934 4863 Sebastianus,
961 4796 1350 4853 Catholicorum
1383 4791 1507 4845 vitia
1554 4789 1732 4860 iniquo

192 4896 370 4952 videtur
392 4897 572 4952 tulisse
592 4896 805 4960 animo;
834 4892 1107 4961 rescripsit
1135 4889 1259 4944 huic
1287 4885 1566 4951 Restituto,
1611 4897 1733 4938 sua-

182 4985 328 5055 sitque
363 4995 415 5040 ut
441 4985 704 5061 Tyehonii
735 4983 1021 5040 Donatista:
1049 4980 1238 5035 librum
1253 4976 1318 5032 de
1337 4973 1569 5030 Ecclesia
1593 4973 1734 5042 lege-

181 5084 262 5142 ret,
285 5076 589 5149 cogniturus
616 5093 681 5134 ex
703 5075 819 5147 ejus
851 5073 1096 5136 lectione,
1130 5070 1297 5125 bonos
1326 5082 1448 5123 cum
1472 5067 1626 5120 malis
1668 5065 1734 5120 ad

183 5165 312 5223 linem
337 5184 511 5239 usque
543 5168 722 5226 saeculi
750 5163 1008 5236 permixte
1029 5177 1146 5217 esse
1171 5161 1422 5215 victuros.
1447 5156 1623 5210 Monet
1653 5164 1731 5210 ta-

185 5272 300 5321 men,
329 5258 670 5332 Tychonium
718 5271 881 5328 pauca
927 5253 1096 5310 solum
1141 5251 1242 5305 hac
1266 5249 1330 5304 de
1359 5262 1419 5303 re
1451 5246 1736 5316 Scriptura:

191 5348 446 5405 testimonia
500 5350 808 5425 protulisse,
857 5344 1192 5414 cavendaque
1233 5355 1350 5395 esse
1387 5353 1504 5409 qua:
1551 5337 1639 5391 ille
1683 5337 1736 5390 in

184 5438 448 5496 ‘chismatis
494 5486 508 5511 ,
551 5443 635 5499 cui
691 5438 1036 5504 adhaerebat,
1106 5431 1455 5506 patrocinium
1527 5429 1738 5485 adducit

193 5528 247 5598 κε
259 5534 360 5604 pisi.
384 5534 540 5610 ἰεῦ).

262 5625 308 5680 t.
333 5621 536 5685 Fidelis
556 5625 766 5702 quidam
783 5622 1048 5695 Baptismo
1077 5619 1330 5682 initiatus,
1348 5613 1560 5670 nomine
1584 5612 1738 5669 Chri-

211 5711 377 5784 S'ttttns,
408 5715 504 5788 qui
522 5718 733 5776 verbum
769 5715 858 5771 Dei
888 5712 1121 5769 studiose
1150 5721 1362 5767 semper
1385 5704 1642 5772 audierat,
1686 5710 1741 5758 et

1452 283 1656 343 ΜΒΕῆ
1688 279 2028 353 QUARTUS.

3292 279 3402 342 3‘0

1824 401 2076 458 cordatus
2102 397 2417 471 habebatin,
2443 415 2566 459 eam
2593 401 2857 460 bonorum
2891 417 3110 462 manu
3136 403 3399 476 iacturam

1824 495 2058 561 fecisset,
2086 496 2140 552 in
2175 511 2296 552 eam
2329 496 2490 552 animi
2515 497 2964 568 perturbationem
2989 496 3200 566 incidit,
3219 507 3279 554 ut
3296 497 3398 556 sibi

1823 603 2015 645 manus
2038 589 2298 646 violentas
2322 589 2565 646 illaturus
2588 590 2877 647 videretur.
2914 591 3068 660 Quod
3092 592 3184 648 ubi
3210 607 3398 649 rumor

1822 681 1890 737 ad
1909 682 2261 753 Augustinum
2285 680 2493 744 detulit.
2521 697 2726 737 summa
2755 683 2846 738 ille
2870 685 3209 740 miseratione
3245 699 3392 740 com-

1823 781 2020 841 motus,
2048 789 2144 844 per
2167 773 2370 830 litteras
2400 788 2505 829 non
2533 774 2910 830 benevolentia:
2937 776 3124 843 modo,
3161 775 3258 832 sed
3284 776 3398 830 exi-

1823 866 2143 923 stimationis
2166 866 2327 923 etiam
2353 867 2558 938 plenas,
2589 882 2711 922 eum
2738 865 2978 924 hortatus
3007 877 3111 935 est,
3130 884 3199 924 ne
3223 869 3274 924 in
3301 867 3396 924 ad-

1823 959 2012 1023 versis,
2042 973 2162 1029 quas
2207 959 2348 1016 Deus
2371 958 2438 1015 ad
2465 959 2581 1029 ejus
2628 958 2852 1014 salutem
2887 958 3193 1024 immiserat,
3218 959 3396 1014 animo
3426 951 3443 1006 ἱ

1823 1049 2094 1107 deﬁceret.
2126 1050 2309 1107 Brevis
2327 1059 2410 1107 est
2437 1051 2552 1105 haec
2577 1050 2819 1121 epistola,
2836 1050 2929 1106 sed
2952 1050 3161 1120 pietatis
3184 1058 3238 1104 et
3253 1051 3399 1120 inge-
3472 1104 3479 1116 ,

1825 1142 1990 1198 niosa:
2033 1142 2308 1199 charitatis
2355 1142 2681 1213 plenissima.
2732 1141 2900 1198 Simul
2945 1141 3010 1198 ad
3044 1157 3168 1197 eum
3201 1141 3400 1196 litteras

1826 1233 2006 1299 misit,
2050 1247 2184 1303 quas
2237 1232 2305 1289 ad
2351 1231 2613 1290 Comitem
2661 1232 2800 1289 illius
2844 1246 2973 1303 ergo
3011 1231 3402 1302 conscripserat

1825 1323 2015 1398 (Epist.
2037 1325 2188 1396 sit).

1895 1437 1948 1493 5.
1989 1436 2244 1507 Epistula,
2277 1451 2396 1508 qua!
2432 1444 2516 1493 est
2554 1437 2620 1492 ad
2666 1436 2954 1506 Ecdicium,
2985 1437 3196 1508 gravius
3244 1450 3406 1507 argu-

1826 1539 2060 1584 mentum
2087 1529 2471 1599 complectitur.
2490 1528 2685 1584 Fidelis
2702 1528 2816 1584 haec
2832 1537 2965 1594 erat,
2983 1537 3036 1583 et
3053 1527 3188 1583 ﬁdeli
3213 1537 3398 1598 nupta,

1825 1636 1891 1676 ex
1920 1635 2025 1692 quo
2047 1622 2211 1676 ﬁlium
2237 1631 2535 1692 pepererat.
2561 1623 2806 1677 Attamen
2836 1638 2941 1677 non
2970 1630 3251 1691 expectato
3278 1637 3395 1677 ma-

1825 1717 1913 1770 riti
1935 1731 2197 1771 consensu
2216 1717 2553 1772 continentia
2590 1726 2770 1771 votum
2803 1717 3150 1786 nuncupavit,
3184 1730 3289 1770 non
3310 1713 3404 1770 ad-

1823 1815 2038 1862 vertens
2065 1822 2123 1862 se
2147 1807 2354 1861 virtutis
2395 1807 2568 1876 hujus,
2599 1808 2839 1878 quamvis
2885 1822 3001 1862 eam
3030 1821 3133 1861 non
3178 1807 3402 1872 coleret,

1825 1897 2048 1966 praemio
2070 1896 2288 1951 minime
2310 1898 2613 1963 carituram,
2639 1897 2683 1952 si
2704 1913 2808 1952 non
2838 1913 2967 1963 suae,
2999 1897 3091 1953 sed
3111 1897 3189 1952 sui
3218 1897 3405 1966 conju-

1823 1991 1907 2060 gis
1933 1989 2222 2044 inﬁrmitati
2248 1989 2480 2045 cederet.
2496 1988 2689 2044 Verum
2708 1989 3068 2058 hancculpam
3087 1987 3211 2044 felix
3242 2003 3432 2042 even-.

1825 2086 1912 2134 tus
1965 2079 2229 2148 reparavit
2272 2096 2286 2132 :
2332 2079 2553 2134 maritus
2599 2081 2739 2134 enim
2793 2081 2972 2134 uxoris
3027 2093 3136 2133 sua:
3185 2086 3403 2133 secutus

1825 2172 2148 2241 exemplum,
2181 2170 2371 2226 eodem
2419 2185 2478 2226 se
2527 2172 2873 2227 continentiae
2919 2181 3042 2226 voto
3083 2171 3397 2236 adstrinxit;

1828 2263 2010 2333 sicque
2051 2263 2350 2333 complures
2394 2277 2563 2318 annos
2603 2277 2708 2332 quo
2743 2262 2976 2316 sanctius
3007 2271 3060 2316 et
3087 2262 3304 2327 castius,
3336 2276 3402 2316 eo

1828 2353 2004 2406 verius
2021 2360 2075 2407 et
2093 2351 2410 2406 concordius
2428 2351 2677 2422 conjuges
2702 2361 3028 2406 manserunt.
3052 2349 3108 2405 In
3155 2351 3256 2406 hoc
3280 2365 3406 2420 pro-

1827 2441 2004 2512 posito
2031 2443 2297 2496 communi
2337 2443 2562 2509 mulier,
2619 2443 2733 2498 sive
2772 2445 2824 2496 in
2869 2441 3177 2497 abdicandis
3223 2441 3405 2496 menti

1829 2533 2088 2595 moribus,
2133 2531 2248 2586 sive
2298 2533 2350 2585 in
2397 2532 2532 2601 stipe
2569 2533 2887 2602 pauperibus
2925 2531 3191 2602 eroganda
3219 2529 3405 2586 fortior

1829 2622 2123 2678 videbatur.
2149 2622 2344 2678 Verum
2364 2639 2483 2678 cum
2521 2623 2588 2679 ad
2607 2624 2882 2678 arbitrium
2901 2633 3190 2694 nutumque
3217 2624 3316 2678 viri
3346 2638 3406 2679 se

1831 2715 1943 2785 ipsa
1985 2715 2386 2770 accommodare
2429 2716 2646 2770 minime
2685 2716 2940 2782 studeret,
2992 2716 3135 2770 illius
3159 2715 3397 2770 animum

1831 2823 1938 2860 non
1969 2822 2049 2871 ea,
2070 2821 2170 2876 qua
2201 2821 2298 2875 par
2322 2815 2458 2874 erat,
2489 2806 2764 2876 prudentia
2791 2807 3068 2875 tractabat,
3099 2823 3197 2863 nec
3217 2807 3405 2863 mulie—

1831 2897 1980 2950 brem
2006 2896 2175 2950 zelum
2201 2897 2419 2952 scientia
2459 2905 2512 2952 et
2545 2897 2802 2952 eharitate
2830 2898 3222 2954 moderabatur.
3259 2899 3411 2953 Licet

1831 2989 1974 3044 enim
2002 2989 2342 3044 continentiae
2387 2997 2510 3044 voto
2559 2998 2850 3055 teneretur,
2893 2990 2942 3043 in
2983 2989 3192 3046 caeteris
3229 2998 3410 3044 tamen

1832 3082 1993 3137 rebus
2036 3083 2150 3135 viro
2181 3095 2278 3136 suo
2316 3097 2500 3151 parere
2546 3081 2747 3137 debuit.
2793 3082 2969 3137 Nihilo
3015 3093 3190 3137 tamen
3232 3082 3410 3137 minus

1833 3189 1863 3228 a
1892 3175 2080 3229 marito
2107 3173 2243 3229 forte
2266 3176 2414 3244 jussa
2435 3174 2833 3245 conjugatarum
2867 3174 3147 3228 mulierum
3173 3173 3410 3228 habitum

1833 3273 2062 3334 gestare,
2085 3279 2205 3319 cum
2225 3263 2523 3319 modestum
2549 3278 2762 3318 sumere
2785 3263 3074 3330 debuisset,
3088 3263 3140 3317 in
3161 3277 3266 3333 quo
3280 3277 3410 3317 sane

1835 3355 2255 3409 consentientem
2286 3355 2454 3409 virum
2487 3355 2777 3419 habuisset,
2820 3355 3024 3426 nigram
3047 3355 3212 3409 instar
3237 3353 3406 3407 vidua:

1836 3455 1891 3502 et
1910 3447 2182 3501 monacho:
2210 3457 2409 3502 vestem
2441 3446 2626 3502 induit.
2647 3448 2864 3517 Culpam
2889 3448 3024 3502 hanc
3049 3447 3150 3501 alia
3174 3446 3412 3502 cumula-

1835 3538 1928 3593 vit.
1951 3537 2081 3592 Nam
2111 3553 2232 3593 cum
2261 3539 2478 3593 maritus
2511 3539 2626 3608 ejus
2663 3539 2729 3594 ad
2771 3539 3165 3610 eleemosynam
3202 3539 3415 3609 segnior

1835 3640 1997 3694 esset,
2025 3630 2135 3684 sive
2153 3630 2220 3684 ob
2243 3631 2406 3684 animi
2427 3631 2632 3696 vitium,
2662 3631 2776 3685 sive
2804 3631 2874 3685 ob
2917 3632 3270 3687 necessariam
3313 3644 3411 3685 cu-

1835 3736 1971 3786 ram,
2013 3736 2168 3792 quam
2213 3722 2266 3776 in
2296 3721 2403 3775 ﬁlio
2443 3722 2618 3777 adhuc
2659 3737 2824 3792 puero
2869 3738 3064 3792 ponere
3103 3723 3411 3792 tenebatur,

1835 3827 1993 3881 quem
2016 3811 2080 3866 ad
2107 3811 2159 3865 id
2184 3811 2324 3882 quod
2347 3811 2536 3865 melius
2559 3821 2700 3866 esset
2719 3812 2946 3868 debebat
2968 3813 3182 3883 quidem
3227 3813 3411 3868 incen-

1839 3903 1983 3966 dere,
2026 3901 2119 3956 sed
2147 3902 2213 3956 ad
2257 3903 2604 3957 monasticam
2632 3903 2928 3957 institutum
2958 3917 3148 3974 cogere
3175 3918 3277 3957 non
3313 3917 3412 3973 po-

1838 4003 2010 4050 terat:
2040 4003 2220 4048 eontra
2250 3993 2480 4048 Ecdiciae
2505 3995 2556 4048 in
2579 3994 2773 4064 optatis
2801 4003 2914 4048 erat
2933 4034 2948 4060 ,
2977 4009 3165 4049 omnes
3188 3993 3410 4048 faculta-

1839 4093 1920 4139 tes
1947 4099 2070 4139 suas
2103 4084 2156 4138 in
2182 4098 2379 4153 egenos
2429 4082 2766 4153 profundere.
2817 4083 2978 4152 Igitur
3009 4083 3243 4156 absente,
3274 4083 3406 4149 viro,

1835 4191 1957 4230 cum
1985 4175 2090 4230 duo
2115 4174 2376 4246 peregrini
2406 4174 2618 4244 quidam
2653 4173 2897 4228 monachi
2921 4173 2988 4228 ad
3017 4188 3133 4229 eam
3160 4174 3412 4229 divertis-

1838 4273 1976 4330 sent,
2007 4265 2108 4319 illis
2138 4265 2334 4331 omnia,
2355 4264 2440 4317 vel
2462 4278 2596 4333 pene
2619 4263 2796 4318 omnia
2822 4279 2940 4334 quae
2961 4263 3207 4331 habebat,
3227 4278 3413 4334 eroga-

1836 4355 1932 4410 vit.
1979 4355 2034 4409 ld
2083 4364 2360 4424 postquam
2405 4353 2584 4408 resciit
2629 4354 2890 4419 maritus,
2940 4353 3207 4408 iracundia
3253 4367 3412 4422 supra

1836 4444 2052 4498 modum
2079 4444 2276 4498 exarsit
2304 4445 2354 4496 in
2379 4444 2659 4513 conjugem
2687 4458 2856 4508 suam,
2872 4451 2926 4496 et
2951 4443 3004 4496 in
3027 4443 3273 4512 geminos
3296 4442 3413 4497 illos

1838 4547 2184 4600 veteratores,
2209 4538 2297 4605 qui
2317 4537 2382 4590 ad
2410 4536 2574 4606 ipsius
2601 4535 2815 4590 domum
2851 4534 3286 4602 exhauriendum,
3313 4536 3412 4591 sub

1840 4627 1963 4681 ﬁcto
1989 4626 2366 4680 monachorum
2393 4625 2574 4679 habitu
2601 4624 2701 4693 (sic
2721 4624 2863 4679 enim
2887 4624 2974 4678 ille
3000 4625 3286 4679 arbitratus
3305 4625 3413 4697 est)

1837 4725 2187 4774 accesserant.
2216 4717 2281 4770 Et
2305 4717 2417 4785 ipse
2443 4716 2634 4770 fatetur
2652 4707 2992 4785 Augustinus,
3014 4715 3289 4771 dubitandi
3329 4716 3412 4772 lo-

1837 4824 1958 4864 cum
1987 4823 2124 4872 esse,
2149 4823 2216 4862 an
2245 4807 2333 4878 qui
2354 4807 2421 4861 ab
2446 4806 2621 4876 ignota
2647 4814 2700 4861 et
2726 4806 3002 4875 conjugata
3020 4805 3244 4861 muliere
3270 4813 3415 4863 tanta

1838 4900 2185 4968 recepissent,
2229 4897 2370 4952 servi
2400 4897 2492 4952 Dei
2522 4897 2830 4952 existerent.
2862 4896 2968 4951 Sed
3015 4897 3174 4968 longe
3199 4897 3414 4968 gravius

1841 4988 2233 5047 incommodum
2261 4997 2498 5044 secutum
2533 4996 2616 5042 est
2651 5005 2664 5042 :
2693 5003 2813 5042 nam
2844 4988 3064 5043 maritus
3105 4989 3234 5042 iram
3278 4989 3330 5041 in
3354 4996 3417 5043 se

1840 5091 2173 5146 convertens,
2188 5082 2526 5135 continentia:
2541 5091 2684 5148 voto,
2697 5080 2838 5151 quod
2864 5081 2977 5150 ipse
2997 5089 3412 5151 nuncupaverat,

1840 5173 2057 5238 violato,
2084 5187 2144 5227 se
2165 5171 2219 5226 in
2240 5171 2560 5242 profundum
2583 5171 2824 5226 adulterii
2846 5173 3107 5242 gurgitem
3130 5172 3411 5227 immersit.

1843 5263 1898 5319 ln
1930 5263 2030 5318 hoc
2060 5272 2166 5318 tam
2213 5263 2526 5318 calamitose
2576 5278 2754 5318 rerum
2783 5272 2920 5319 statu
2960 5263 3172 5320 Ecdicia
3200 5279 3298 5334 per
3324 5264 3418 5317 lit-

1845 5364 1986 5410 teras
2015 5355 2366 5424 Augustinum
2393 5354 2688 5420 consuluit,
2710 5363 2767 5409 ut
2802 5358 2962 5410 sciret
2988 5356 3114 5426 quid
3149 5356 3248 5411 sibi
3277 5355 3417 5410 facto

1843 5461 1980 5516 Opus
2023 5453 2183 5500 esset.
2225 5447 2550 5515 Augustinus
2589 5446 2866 5516 epistolae,
2911 5462 3068 5516 quam
3101 5445 3413 5512 rescripsit,

1845 5542 2132 5600 maximam
2160 5550 2366 5610 partem
2394 5540 2568 5610 posuit
2596 5540 2650 5594 in
2696 5540 2760 5594 iis
2796 5538 3062 5604 notandis,
3093 5551 3211 5607 quae
3241 5537 3329 5591 illa
3359 5537 3414 5590 in

1847 5638 2106 5690 anteacta
2139 5632 2258 5686 vita
2296 5631 2502 5686 ratione
2527 5645 2802 5700 perperam
2838 5629 3032 5698 egisset
3060 5645 3074 5680 :
3103 5626 3242 5696 quod
3287 5639 3417 5682 vero

1847 5723 1914 5780 ad
1944 5732 2213 5794 posterum
2239 5733 2445 5793 tempus
2464 5723 2732 5787 attineret,
2762 5720 2973 5790 scripsit
2990 5733 3129 5785 eam,
3153 5733 3273 5774 cum
3301 5733 3415 5775 IIII-
