3868 6450
463 307 568 363 247

469 418 605 473 ritus
631 421 812 470 votum
841 406 1181 466 continentiae
1209 405 1276 461 ab
1316 419 1378 462 ea
1404 415 1762 476 nuncupatum
1799 421 2046 476 compro-

467 511 668 574 basset,
695 505 761 561 ad
793 502 924 559 illud
943 503 998 556 in
1020 501 1178 556 ﬁnem
1206 516 1375 571 usque
1415 500 1752 566 servandum,
1775 508 1832 556 et
1849 501 1916 556 ad
1940 501 2041 555 viri

466 600 698 669 culpam,
730 602 983 668 quantum
1012 593 1065 648 in
1087 607 1148 648 ea
1177 593 1334 647 situm
1365 601 1523 658 esset,
1551 592 1919 648 redimendam
1947 593 2045 648 ob-

469 689 643 760 ligari.
677 686 845 741 Indue
871 685 1063 755 itaque,
1086 685 1178 748 ait,
1221 683 1554 736 humilitatem
1581 683 1761 738 mentis
1783 723 1798 749 ,
1825 693 1872 738 et
1908 693 1962 736 ut
1997 693 2044 737 te

468 781 608 838 Deus
627 790 882 834 conservet
898 785 1304 849 perseverantem,
1336 775 1442 828 noli
1473 777 1712 830 maritum
1730 785 2044 830 contemnere

468 883 776 946 pereuntem.
811 873 993 928 Funde
1022 889 1114 944 pro
1142 873 1230 926 illo
1257 871 1365 942 pias
1395 878 1441 924 et
1489 871 1718 924 assiduas
1762 871 2046 934 orationes;

421 1025 426 1041 τ
465 965 700 1033 sacriﬁca
719 966 989 1035 lacrymas,
1013 973 1248 1033 tanquam
1266 959 1514 1015 vulnerati
1533 959 1826 1031 sanguinem
1843 959 2008 1013 cordis
2025 973 2044 1023 ;

423 1058 516 1120 νει
532 1055 690 1110 scribe
713 1055 780 1108 ad
799 1071 910 1109 eum
952 1053 1370 1125 satisfactionem,
1397 1059 1569 1120 petens
1593 1051 1804 1114 veniam,
1835 1051 1953 1121 quia
1990 1050 2048 1104 in

469 1163 584 1202 eum
605 1147 851 1218 peccasti;
871 1144 1006 1213 quod
1026 1155 1204 1215 praeter
1241 1145 1348 1214 ejus
1379 1142 1642 1196 consilium
1675 1151 1721 1196 et
1743 1141 2046 1195 voluntatem

469 1241 533 1292 de
551 1239 698 1292 rebus
718 1239 815 1292 tuis
845 1237 1024 1308 fecisti,
1066 1235 1201 1307 quod
1229 1234 1518 1306 faciendum
1541 1233 1726 1304 putasti
1753 1250 1765 1285 :
1791 1249 1891 1287 non
1913 1240 1966 1284 ut
2002 1240 2048 1285 te

467 1333 700 1402 paeniteat
726 1330 956 1385 tribuisse
1003 1330 1325 1400 pauperibus,
1369 1328 1458 1382 sed
1499 1344 1612 1382 eum
1639 1327 1712 1380 tui
1741 1327 1858 1381 boni
1883 1327 2048 1396 operis

467 1424 767 1495 participem
807 1435 856 1478 et
890 1421 1259 1477 moderatorem
1299 1419 1482 1487 habere.
1517 1418 1755 1473 noluisse.
1798 1417 2047 1472 Promitte

467 1518 532 1571 de
559 1526 736 1571 caetero
756 1516 807 1569 in
827 1514 1082 1585 adjutorio
1108 1513 1333 1578 Domini,
1366 1512 1408 1566 si
1436 1519 1481 1566 et
1523 1512 1667 1565 illum
1692 1527 1797 1565 sua:
1823 1511 2044 1581 turpitu-

469 1610 602 1662 dinis
625 1607 927 1678 paenituerit,
970 1614 1018 1660 et
1050 1605 1426 1668 continentiam,
1450 1620 1602 1674 quant
1630 1602 1863 1666 deseruit,
1901 1618 2046 1672 repe-

470 1702 652 1768 tiverit,
681 1711 727 1754 te
744 1699 840 1764 illi,
870 1700 998 1753 sicut
1019 1698 1178 1764 decet,
1214 1697 1269 1750 in
1290 1697 1517 1751 omnibus
1545 1696 1860 1750 servituram.
1890 1694 2049 1750 Jubet

470 1793 698 1864 denique
721 1802 775 1848 ut
796 1792 864 1847 ad
894 1792 993 1846 viri
1019 1791 1253 1846 animum
1281 1789 1380 1844 sibi
1426 1787 1815 1844 conciliandum
1841 1802 1906 1842 eo
1931 1802 2047 1841 ma-

468 1889 569 1960 jori
591 1888 767 1944 studio
796 1886 1086 1952 incumbat,
1114 1882 1254 1954 quod
1284 1884 1416 1938 citra
1441 1882 1577 1937 hanc
1595 1881 1894 1936 animorum
1915 1895 2049 1936 con-

467 1981 707 2038 cordiam
725 1981 860 2036 ﬁlius
882 1979 998 2047 ejus
1022 1979 1072 2033 in
1098 1979 1288 2032 timore
1320 1977 1412 2031 Dei
1437 1986 1492 2030 ct
1528 1974 1806 2044 sapientia,
1840 1982 1898 2028 ιιι
1934 1973 2049 2042 ipsa

467 2073 706 2143 Optabat,
734 2071 946 2127 educari
992 2085 1096 2124 non
1141 2077 1354 2138 posset;
1401 2083 1521 2122 cum
1553 2065 1762 2122 essetin
1788 2073 2052 2135 potestate

466 2168 658 2239 patris,
683 2175 735 2220 et
780 2165 898 2219 huic
924 2165 1046 2234 jure
1085 2163 1322 2234 poscenti
1349 2169 1492 2217 esset
1531 2160 1835 2216 necessario
1860 2173 2054 2214 conce-

468 2258 676 2314 dendus
691 2256 877 2329 (Epist.
899 2253 1048 2324 262).
1072 2255 1223 2324 Quod
1248 2255 1335 2309 hic
1355 2253 1538 2308 scribit
1556 2252 1902 2323 Augustinus,
1923 2264 2052 2304 conm

465 2350 674 2420 jugatas
703 2349 949 2404 videlicet
975 2348 1226 2402 mulieres
1255 2361 1411 2416 posse
1449 2345 1505 2398 in
1530 2343 1762 2412 superbo
1791 2342 1933 2396 cultu
1959 2356 2054 2395 cor

471 2440 674 2494 humile
701 2453 938 2504 servare,
969 2438 1013 2491 si
1038 2452 1104 2492 eo
1131 2444 1334 2490 tantum
1365 2434 1469 2488 ﬁne
1489 2448 1550 2487 se
1573 2441 1784 2497 ornent,
1812 2440 1870 2485 ut
1891 2429 2054 2485 mari-

469 2531 539 2584 tis
563 2531 672 2584 suis
702 2531 1082 2598 obsequantur,
1121 2534 1536 2581 consentancum
1583 2534 1666 2578 est
1710 2524 1774 2578 iis
1826 2537 1945 2592 qua:
1984 2522 2053 2576 ad

473 2617 773 2674 Possidium
795 2618 1015 2673 scribit:
1044 2625 1353 2671 ornamenta
1380 2631 1486 2670 non
1511 2630 1632 2670 esse
1651 2614 1945 2685 conjugatis
1963 2613 2053 2668 ab-

467 2709 643 2765 solute
663 2708 1008 2779 probibenda,
1039 2717 1232 2779 praeter
1259 2707 1544 2777 pigmenta,
1599 2713 1656 2761 et
1681 2721 1743 2761 ea
1771 2719 1891 2776 qua:
1930 2718 2048 2758 ma-

467 2803 638 2874 gicam
668 2801 1096 2872 superstitionem
1128 2800 1369 2856 redolent
1391 2799 1579 2871 (Epist.
1615 2797 1764 2869 245).

541 2892 595 2948 6.
643 2892 701 2948 Si
754 2892 1055 2948 vehementi
1102 2891 1343 2946 oratione
1394 2891 1684 2945 insectatur
1735 2889 2046 2954 Ecdiciam,

461 2984 620 3056 longe
647 2987 976 3056 gravioribus
994 2985 1168 3040 verbis
1187 2983 1428 3053 objurgat
1451 2983 1756 3037 Cornelium
1777 3024 1792 3049 ,
1819 2982 1908 3052 qui
1930 2997 2046 3051 per!

467 3077 823 3133 niciosissimo
867 3076 1279 3131 Manichaeorum
1310 3088 1492 3129 errore
1529 3072 1703 3127 fuerat
1748 3073 1872 3126 olim
1927 3087 2049 3127 cum

473 3171 592 3241 ipso
630 3169 933 3238 Augustino
978 3167 1294 3236 implicatus.
1334 3164 1555 3219 .luvenis
1603 3172 1727 3217 tunc
1761 3171 1891 3224 erat,
1928 3162 2050 3218 licet

466 3267 625 3314 aetate
674 3260 1025 3330 Augustinum
1080 3255 1452 3319 antecederet;
1498 3269 1527 3307 a
1583 3254 1826 3308 muliebri
1871 3263 2047 3309 tamen

466 3368 650 3408 amore
679 3368 800 3407 cum
830 3367 888 3408 se
912 3365 1120 3406 summo
1141 3347 1504 3419 temperantiae
1525 3347 1718 3401 robore
1753 3346 2049 3402 abstraxis-

468 3454 569 3508 set,
600 3444 852 3498 continuo
877 3441 930 3496 in
956 3456 1076 3496 eum
1106 3454 1224 3495 sese
1245 3437 1692 3492 altiusimmersit.
1722 3435 1779 3491 In
1809 3447 2047 3492 extremo

470 3536 592 3590 vita:
619 3535 874 3605 periculo,
917 3534 1243 3602 Baptismum
1294 3530 1548 3599 percepit,
1577 3544 1697 3583 cum
1721 3530 1832 3598 jam
1863 3530 2045 3599 Augu-

467 3628 637 3682 stinus
664 3627 945 3696 cpiscopus
974 3623 1258 3688 senuisset,
1277 3629 1437 3691 atque
1451 3620 1585 3675 adeo
1611 3620 1724 3689 ipse
1740 3619 1874 3674 foret
1893 3627 2048 3676 aetate

467 3716 638 3786 magis
669 3716 1085 3786 ingravescente.
1113 3713 1362 3767 Attamen
1389 3727 1417 3765 e
1444 3711 1634 3766 morbo
1662 3721 1955 3776 recreatus,
1978 3710 2046 3766 ab

464 3807 706 3876 improba
737 3805 985 3876 peccandi
1012 3801 1393 3859 consuetudine
1419 3815 1526 3856 non
1551 3815 1609 3856 se
1622 3801 1920 3866 revocavit;
1951 3799 2046 3855 sed

465 3899 714 3969 pellicum
761 3913 920 3969 grege
947 3897 1002 3951 in
1040 3896 1156 3951 dies
1183 3902 1458 3950 crescente
1494 3895 1719 3963 stipatus
1745 3891 2042 3946 incedebat.

464 3989 810 4061 Augustinus,
842 3989 930 4060 qui
961 4003 1082 4044 eum
1125 4002 1339 4058 semper
1379 3985 1753 4041 ebarissimum
1793 3983 2040 4052 habebat,

466 4082 663 4151 saepius
691 4080 756 4134 de
769 4079 1006 4135 moribus
1024 4076 1370 4134 emendandis
1395 4075 1592 4131 frustm
1618 4085 2038 4131 commonuerat.

465 4172 514 4228 Is
534 4187 696 4244 porro
720 4171 1037 4243 Cyprianam
1069 4171 1122 4225 in
1166 4168 1560 4223 matrimonium
1600 4167 1823 4222 duxerat
1850 4167 2040 4222 castis-

465 4264 655 4318 simam
685 4262 956 4327 feminam,
983 4277 1101 4331 quae
1137 4261 1250 4314 viro
1275 4260 1436 4329 longe
1462 4259 1755 4323 dissimilis,
1791 4273 1912 4313 eum
1943 4259 2039 4314 ob-

460 4355 638 4412 scenis
664 4355 789 4409 licet
825 4353 1099 4408 amoribus
1126 4351 1386 4405 irretitum
1414 4349 1713 4415 adamabat,
1742 4356 1798 4403 et
1816 4364 2040 4404 conver-

460 4445 624 4501 sionis
652 4445 768 4516 ejus
819 4442 1085 4499 desiderio
1141 4441 1436 4496 tenebatur.
1477 4439 1554 4493 Ex
1585 4437 1685 4492 hac
1712 4439 1815 4493 vita
1847 4440 2042 4510 migra-

457 4540 553 4606 vit,
570 4549 626 4597 et
645 4541 698 4595 in
717 4547 982 4595 castarum
999 4545 1156 4606 atque
1173 4534 1401 4589 ﬁdelium
1423 4533 1718 4587 animarum
1733 4533 2040 4588 societatem

457 4640 672 4700 recepta
716 4638 815 4685 est.
850 4629 978 4683 Post
1009 4627 1122 4696 ejus
1152 4625 1358 4681 obitum
1389 4623 1670 4679 Cornelius
1698 4622 1764 4677 ad
1795 4625 2042 4694 Augusti-

459 4737 588 4776 num
614 4719 844 4783 seripsit,
867 4726 926 4772 ut
954 4717 1019 4771 ad
1050 4733 1108 4772 se
1140 4717 1352 4786 optimae
1368 4714 1607 4785 conjugis
1634 4720 1807 4769 morte
1832 4714 2038 4784 gravis-

460 4812 597 4866 sime
625 4817 947 4863 comtnotum
974 4808 1204 4876 aliquam
1252 4806 1510 4876 prolixam
1541 4805 1820 4876 epistolam
1850 4819 2040 4859 conso—

459 4899 704 4954 latoriam
719 4897 889 4963 daret,
903 4897 1039 4950 sicut
1067 4904 1304 4949 sanctum
1339 4895 1619 4948 Paulinum
1653 4894 1720 4948 ad
1754 4894 2036 4950 Macarium

461 4991 652 5046 fecisse
704 4988 1036 5042 meminerat.
1089 4985 1168 5039 Ad
1209 4985 1324 5039 haec
1375 4984 1624 5039 rescribit
1663 4986 1988 5055 Augustinus
2020 5027 2034 5054 ,

458 5081 599 5135 illius
628 5092 849 5132 uxorem
871 5076 1115 5131 humanis
1140 5090 1243 5129 non
1264 5091 1420 5146 egere
1448 5075 1688 5130 laudibus
1708 5093 1723 5141 ;
1743 5076 1836 5131 has
1857 5079 2036 5133 viven-

386 5180 394 5188 ‘
460 5174 622 5240 tibus,
651 5187 756 5226 non
784 5172 1005 5226 mortuis
1056 5169 1291 5240 impendi
1318 5169 1530 5234 solere;
1570 5183 1692 5222 eum
1721 5169 1841 5224 vita:
1868 5181 2036 5225 muta-

460 5266 604 5321 tione
633 5262 860 5334 elogium
895 5262 1133 5331 conjugis
1158 5275 1268 5316 sute
1297 5259 1592 5331 promereri
1635 5259 1830 5315 debere
1862 5279 1874 5314 :
1908 5262 2034 5316 illud

460 5353 704 5428 polliceri
733 5367 792 5408 se
815 5367 879 5408 ea
903 5351 1225 5416 conditione,
1252 5366 1410 5421 quam
1432 5349 1550 5420 ejus
1578 5365 1713 5404 uxor
1754 5351 1911 5405 etiam
1943 5351 2035 5408 de-

459 5449 643 5504 functa
661 5455 981 5520 peroptaret,
1009 5443 1456 5514 quemadmodum
1481 5443 1664 5500 vivens
1679 5445 1988 5516 expetiisset
2014 5463 2029 5502 :

458 5540 599 5596 velle
638 5539 791 5594 aliter
815 5551 1099 5594 maerorem
1133 5536 1458 5608 abstergere,
1489 5535 1845 5593 adulationem
1888 5552 2028 5607 esse,

459 5646 565 5686 non
591 5632 1029 5687 consolationem.
1069 5629 1236 5687 Simul
1282 5637 1510 5700 turpem,
1557 5629 1610 5684 in
1637 5644 1742 5701 quo
1766 5638 2024 5700 versatur,

459 5732 652 5780 statum
688 5726 827 5782 illius
860 5725 1031 5782 oculis
1070 5733 1251 5798 aperte
1279 5724 1490 5797 subjicit
1512 5763 1528 5794 ,
1576 5739 1803 5796 eumque
1840 5741 2029 5799 magna

1589 291 1749 348 VITA
1785 291 1841 348 s.
1882 288 2249 350 AUGUSTINI
2288 289 2606 349 EPISCOPI.
2973 279 2979 284 ‘
3113 341 3122 356 ,
3607 299 3692 359 sis

2148 406 2358 462 dicendi
2378 408 2450 476 vi,
2465 415 2522 462 ut
2541 407 2665 463 inde
2689 414 2943 481 emergat,
2964 417 3019 466 et
3036 408 3394 471 vehementer
3415 421 3470 472 et
3487 428 3691 481 amanter

2150 495 2394 553 hortatur
2413 496 2604 569 (Epist.
2623 497 2778 570 259).

2222 591 2273 644 7.
2315 591 2445 645 Erat
2467 600 2614 646 extra
2642 590 2890 648 dimcesis
2917 591 3284 664 Hipponensis
3318 595 3511 654 limites
3545 604 3689 672 puella

2151 683 2497 754 (Florentius:
2522 699 2716 739 nomen
2732 683 2871 757 fuit),
2891 701 3010 757 quae
3033 686 3165 742 licet
3191 686 3592 759 adolescentula,
3617 697 3694 764 pie-

2152 780 2274 833 tatis
2295 793 2356 833 ae
2381 794 2520 834 verte
2546 779 2819 849 sapientiae
2847 779 3055 836 ardenti
3083 779 3270 835 studio
3299 782 3582 839 tenebatur.
3617 787 3694 843 Pa-

2152 879 2333 924 rentes
2357 870 2472 939 ejus
2506 870 2712 941 optimi,
2729 870 2872 926 etde
2902 870 3025 927 ﬁlia:
3051 870 3262 942 pietate
3288 873 3620 943 gratulantes,
3643 880 3692 934 ab

2153 961 2448 1032 Augustino
2476 961 2531 1016 iu
2559 961 2639 1016 his
2658 962 2766 1017 oris
2795 973 3163 1018 commorante
3192 963 3544 1034 postularunt,
3568 978 3615 1023 ut
3640 971 3696 1026 illi

2159 1055 2466 1122 edocendae,
2486 1056 2537 1111 in
2563 1071 2669 1127 quo
2697 1071 2833 1128 opus
2867 1066 3028 1125 esset,
3049 1071 3206 1112 suam
3229 1073 3452 1128 operam
3472 1060 3696 1131 impende-

2154 1156 2256 1202 ret.
2307 1146 2553 1203 Retinere
2586 1163 2690 1202 non
2720 1149 2890 1219 potuit
2925 1149 3262 1219 Augustinus
3293 1167 3307 1204 :
3340 1158 3396 1204 et
3435 1166 3492 1207 re
3523 1153 3694 1224 quidem

2155 1237 2268 1309 ipsa
2321 1253 2502 1294 curam
2536 1238 2677 1294 illius
2705 1253 2810 1294 non
2840 1240 3012 1294 solum
3039 1241 3090 1294 in
3123 1241 3383 1312 precibus
3411 1243 3542 1312 apud
3567 1244 3696 1301 Deum

2155 1329 2422 1400 suscepit;
2446 1344 2627 1384 verum
2653 1329 2813 1385 etiam
2838 1346 2958 1385 cum
2985 1330 3050 1384 ad
3076 1331 3198 1402 ejus
3223 1340 3454 1388 matrem
3469 1334 3696 1404 scriberet,

2156 1421 2385 1490 plurima
2412 1420 2488 1474 illi
2505 1420 2820 1476 documenta
2849 1421 3080 1477 tradidit.
3100 1422 3212 1478 Sed
3233 1422 3352 1493 ejus
3380 1432 3542 1480 mater
3562 1427 3698 1498 Angu-

2156 1512 2298 1568 suno
2323 1511 2614 1582 rescripsit,
2644 1514 2788 1583 prius
2815 1513 2973 1569 ﬁliam
3005 1514 3150 1570 velle
3186 1515 3401 1572 litteras
3431 1517 3494 1572 ab
3517 1533 3574 1572 eo
3590 1523 3695 1574 acci-

2155 1618 2314 1674 pere;
2345 1613 2454 1659 tum
2483 1605 2696 1660 demum
2746 1605 3094 1662 conﬁdentius
3131 1607 3478 1678 scripturam,
3519 1625 3699 1683 eumque

2157 1696 2226 1752 de
2249 1698 2566 1752 necessariis
2589 1698 2747 1753 rebus
2777 1713 2896 1753 esse
2915 1698 3308 1753 consulturam.
3332 1699 3414 1754 Ad
3447 1715 3555 1755 eam
3581 1702 3700 1772 igitur

2158 1789 2372 1858 scripsit
2398 1788 2740 1859 Augustinus,
2771 1798 2829 1843 ut
2856 1789 2905 1844 ei
2924 1787 3134 1844 ﬁducia:
3159 1791 3362 1844 ostium
3390 1793 3623 1860 aperiret;
3645 1795 3698 1848 si-

2158 1879 2374 1950 mulque
2401 1895 2519 1934 eam
2547 1880 2790 1936 hortatus
2815 1889 2916 1948 est,
2945 1889 3002 1935 ut
3021 1891 3303 1951 promeret
3334 1883 3466 1952 ipsa,
3487 1885 3529 1938 si
3559 1885 3656 1954 quid
3675 1900 3697 1939 a

2160 1984 2219 2025 se
2237 1971 2580 2041 quaerendum
2603 1980 2831 2042 putaret.
2849 1972 2949 2026 Aut
2977 1973 3114 2026 enim
3147 1974 3276 2039 scio,
3312 1974 3493 2044 inquit,
3511 1976 3624 2045 quod
3641 1977 3698 2029 in-

2159 2063 2424 2132 quisieris;
2445 2073 2492 2118 et
2520 2081 2621 2118 non
2651 2065 2840 2136 negabo
2870 2081 2888 2118 :
2915 2075 3003 2118 aut
3024 2066 3099 2120 ita
3135 2067 3330 2133 nescio,
3372 2077 3426 2119 ut
3452 2067 3577 2120 nullo
3612 2068 3700 2133 ﬁdei

2159 2157 2434 2227 salutisque
2460 2157 2753 2211 detrimento
2775 2158 3011 2224 nesciam,
3043 2167 3092 2212 et
3122 2158 3300 2213 dehoc
3330 2160 3478 2213 etiam
3497 2169 3539 2214 te
3553 2161 3694 2228 ipsam,

2160 2247 2205 2300 si
2234 2257 2462 2318 potuero,
2509 2249 2693 2319 faciam
2731 2248 2930 2302 reddita
2974 2250 3176 2304 ratione
3204 2265 3454 2304 securam.
3484 2253 3572 2303 Aut
3601 2259 3699 2304 certe

2160 2339 2206 2393 si
2224 2349 2269 2393 et
2291 2340 2474 2404 nescio,
2505 2349 2551 2393 et
2577 2350 2742 2394 tamen
2756 2340 3014 2394 sciendum
3043 2350 3140 2407 est,
3184 2340 3266 2396 vel
3285 2341 3550 2412 impetrabo
3566 2357 3592 2393 a
3614 2339 3693 2393 Do-

2161 2431 2332 2496 mino,
2368 2447 2431 2484 ne
2468 2432 2555 2484 tibi
2589 2431 2778 2496 desim;
2812 2447 2931 2484 naut
2969 2447 3107 2501 swpe
3142 2432 3364 2501 ofﬁcium
3409 2431 3695 2502 impertieudi,

2160 2524 2392 2576 meritum
2415 2533 2487 2578 est
2506 2523 2786 2593 accipiendi
2803 2525 2907 2578 :vel
2933 2525 3006 2577 ita
3021 2524 3111 2578 tibi
3130 2525 3462 2596 respondebo,
3488 2534 3538 2578 ut
3547 2524 3697 2578 noveris

2160 2630 2252 2684 pro
2271 2614 2364 2667 hac
2385 2616 2497 2683 ipsa
2519 2631 2589 2680 re,
2609 2632 2756 2685 quam
2774 2616 2963 2686 pariter
2982 2617 3260 2684 nescimus,
3282 2618 3352 2670 ad
3377 2633 3518 2687 quem
3542 2616 3698 2685 pulsare

2160 2705 2445 2759 debeamus.
2483 2705 2604 2759 Haec
2645 2706 2756 2760 ideo
2804 2707 3113 2778 praelocutus
3141 2725 3278 2775 sum,
3313 2725 3376 2762 ne
3415 2717 3460 2761 te
3493 2724 3574 2778 pro
3595 2719 3694 2760 certo

2159 2811 2328 2864 speres
2347 2797 2590 2866 quidquid
2614 2813 2645 2849 a
2666 2813 2742 2850 me
2755 2797 3042 2867 quaesiveris
3070 2799 3403 2864 auditurum;
3432 2808 3475 2853 et
3509 2814 3606 2852 cunt
3627 2797 3696 2850 hoc

2158 2903 2262 2940 non
2285 2889 2585 2958 provenerit,
2615 2889 2855 2943 audacter
2884 2889 3048 2956 potius
3077 2907 3239 2961 quam
3265 2890 3527 2960 prudenter
3559 2905 3624 2942 me
3641 2888 3695 2956 fe-

2159 2982 2284 3036 cisse
2303 2983 2577 3048 arbitreris,
2600 2983 2734 3053 quod
2760 2983 2847 3036 tibi
2867 2984 3151 3054 quaerendi,
3185 2985 3230 3038 si
3256 2984 3379 3056 quid
3398 2984 3539 3049 voles,
3571 2981 3694 3050 facul-

2159 3079 2309 3123 tatem
2337 3071 2471 3125 dedi.
2519 3071 2630 3125 lloc
2656 3073 2788 3125 enint
2811 3073 2925 3143 feci,
2974 3089 3076 3128 non
3123 3075 3304 3128 doctor
3349 3078 3596 3145 perfectus,
3627 3071 3692 3123 sed

2159 3175 2276 3212 cum
2304 3161 2545 3215 docendis
2588 3163 2927 3231 perficiendus
2950 3206 2965 3232 ,
3014 3165 3228 3219 domina
3257 3167 3438 3220 eximia
3476 3165 3694 3232 meritoque

2157 3249 2466 3303 honorabilis
2511 3251 2567 3304 in
2612 3251 2810 3306 Clu-isto
2849 3269 2908 3306 ac
2952 3255 3283 3324 suscipienda
3329 3255 3455 3324 ﬁlia.
3494 3251 3692 3324 Equidem

2157 3339 2307 3393 etiam
2326 3342 2376 3394 in
2393 3341 2453 3395 iis
2479 3341 2624 3396 rebus
2639 3360 2764 3413 quas
2782 3353 3048 3416 utcumque
3067 3349 3198 3415 scio,
3228 3349 3388 3419 magis
3411 3357 3456 3401 te
3473 3345 3602 3418 cupio
3615 3358 3693 3397 esse

2156 3430 2410 3500 scientem,
2426 3449 2576 3502 quant
2595 3434 2814 3488 scientia:
2836 3445 3023 3491 nostra:
3036 3438 3369 3510 indigentem.
3395 3438 3559 3509 Neque
3575 3437 3688 3497 enim,

2155 3523 2364 3592 utquod
2388 3525 2572 3578 scimus
2601 3525 2892 3593 doceamus,
2918 3529 3146 3583 aliorum
3177 3531 3510 3601 ignorantiam
3552 3535 3689 3596 optare

2155 3613 2406 3668 debemus.
2452 3614 2618 3670 Multo
2646 3618 2834 3688 quippe
2882 3619 3062 3673 melius
3114 3637 3291 3676 omnes
3315 3637 3480 3676 sumus
3502 3616 3691 3672 docibiles

2154 3702 2282 3758 Deo.
2311 3704 2489 3776 Pergit
2517 3707 2708 3763 deinde
2730 3709 3100 3766 demonstrare
3129 3713 3422 3782 periculum
3442 3754 3456 3780 ,
3492 3708 3613 3781 quod
3650 3707 3689 3760 in

2154 3795 2272 3850 aliis
2300 3798 2604 3855 erudiendis
2627 3801 2885 3870 comperit
2910 3818 2923 3854 :
2951 3801 3248 3872 cujusillud
3262 3813 3344 3860 est
3360 3803 3457 3859 sibi
3471 3799 3690 3870 singulare

2154 3889 2420 3956 solatium,
2444 3891 2488 3946 si
2515 3893 2705 3947 anima:
2726 3894 2994 3964 inpietate
3018 3897 3089 3950 ita
3127 3897 3424 3968 proﬁciant,
3439 3904 3493 3950 ut
3513 3908 3571 3950 eo
3588 3905 3686 3962 per-

2154 3981 2388 4050 veniant,
2416 3983 2502 4038 ubi
2532 3983 2763 4039 hominis
2800 3984 3034 4042 doctoris
3059 4001 3166 4043 non
3219 3989 3441 4058 amplius
3465 3984 3686 4054 indigeant

2152 4072 2446 4127 ministerio
2468 4073 2654 4146 (Epist.
2685 4075 2836 4148 266).

2221 4165 2274 4220 8.
2315 4166 2444 4220 Cum
2472 4166 2635 4221 altera
2662 4169 2858 4239 puella,
2887 4171 3101 4225 nomine
3122 4171 3338 4228 Fabiola
3357 4213 3372 4237 ,
3399 4169 3463 4224 ad
3485 4180 3594 4223 eum
3613 4177 3684 4218 re-

2150 4256 2420 4326 scribens,
2463 4260 2624 4314 animi
2655 4261 2734 4315 sui
2762 4276 3050 4318 maerorem
3091 4264 3141 4318 ei
3181 4263 3546 4335 signiﬁcasset,
3569 4251 3681 4327 quod

2152 4351 2326 4408 adhuc
2350 4354 2402 4407 in
2432 4353 2532 4409 liae
2562 4363 2769 4410 terrena
2800 4356 3231 4426 peregrinatione
3265 4363 3572 4415 moraretur,
3607 4359 3683 4402 nec

2150 4459 2362 4514 semper
2387 4445 2471 4500 hic
2498 4457 2799 4502 sanctorum
2833 4448 3101 4503 consortio
3128 4448 3231 4503 frui
3261 4455 3460 4518 posset;
3486 4439 3608 4514 quod
3628 4435 3680 4491 ad

2151 4537 2321 4605 ipsum
2343 4538 2714 4606 Augustinum,
2739 4548 2795 4594 ut
2817 4539 3042 4605 videtur,
3065 4539 3332 4595 referebat
3359 4557 3371 4592 :
3399 4538 3442 4592 is
3461 4531 3602 4591 ofﬁcii
3617 4525 3680 4583 sui

2147 4644 2264 4683 esse
2289 4629 2517 4698 putavit,
2547 4631 2594 4684 ei
2622 4632 2947 4698 rescribere,
2981 4641 3036 4686 ut
3057 4647 3328 4697 amorem,
3359 4643 3461 4701 quo
3483 4627 3560 4682 illa
3580 4631 3678 4689 et?“

2147 4736 2233 4777 res
2261 4723 2504 4777 caelestes
2534 4722 2817 4787 ferebatur,
2849 4725 3275 4789 commendaret;
3308 4721 3554 4790 simulque
3583 4723 3677 4768 eam

2147 4811 2390 4878 doceret,
2417 4828 2702 4882 corporum
2735 4815 3068 4884 praisentiam
3105 4816 3399 4870 animorum
3424 4801 3675 4881 praesentiat

2147 4918 2266 4958 esse
2293 4905 2709 4975 postponcndam
2741 4905 2928 4979 (Epist.
2956 4906 3104 4977 267).
3135 4907 3260 4962 Ha'c
3279 4903 3482 4960 Fabiola
3503 4896 3675 4952 videtur

2145 4996 2330 5051 eadem
2361 5011 2479 5052 esse
2499 5039 2514 5064 ,
2543 5013 2701 5068 quam
2732 4998 3085 5070 Hieronymus
3113 5009 3344 5055 sanctam
3380 4996 3527 5050 ﬁliam
3551 4998 3670 5043 suam

2143 5087 2394 5157 appellat,
2419 5087 2543 5142 dum
2565 5088 2631 5143 ad
2653 5089 3007 5144 Marcellinum
3031 5091 3082 5146 in
3107 5090 3279 5146 Africa
3300 5089 3557 5158 degentem
3574 5075 3672 5133 scri-

2143 5173 2221 5229 bit
2247 5191 2387 5231 anno
2413 5178 2934 5248 quadringentesimo
2955 5179 3233 5236 undecimo
3255 5188 3344 5234 aut
3364 5173 3669 5246 quadrintien'

2144 5267 2334 5321 tesimo
2357 5267 2702 5336 duodecimo,
2733 5284 2887 5340 posse
2913 5270 3059 5325 illum
3089 5271 3154 5327 ab
3190 5271 3300 5340 ipsa
3329 5260 3538 5323 mutuari
3561 5257 3667 5312 duos

2141 5361 2347 5430 priores
2375 5362 2537 5417 libros
2563 5362 2615 5417 in
2644 5362 2974 5419 Ezechielem
2994 5406 3009 5432 ,
3051 5379 3183 5435 quos
3223 5362 3288 5417 ad
3324 5374 3435 5416 eam
3469 5351 3666 5410 misisset

2138 5451 2400 5523 (Hieron.,
2427 5452 2592 5523 Epist.
2616 5453 2730 5521 82).

2208 5545 2263 5600 9.
2305 5544 2432 5598 Erat
2456 5544 2900 5617 Hippone-Regio
2925 5547 3098 5617 puella
3125 5544 3379 5618 quaedam,
3406 5546 3541 5610 patre
3563 5540 3658 5588 ευον

2136 5643 2196 5692 ut
2214 5635 2443 5702 videtur,
2472 5638 2689 5703 orbata;
2718 5639 2872 5710 cujus
2898 5640 3058 5695 etiam
3085 5648 3250 5695 mater
3272 5650 3370 5692 non
3394 5621 3656 5710 ερρετθδξη·

2135 5725 2389 5784 Ecclesiae
2415 5727 2624 5798 tutelae,
2667 5739 2724 5786 ut
2761 5708 2876 5801 ejus
2913 5731 3164 5790 adversus
3205 5725 3539 5801 improborum
3570 5708 3658 5769 vim

3521 6337 3616 6348 -α
