3868 6390
148 355 232 414 ω
915 346 927 374 ⁵
1011 338 1014 341 ’
1449 345 1649 403 LIBER

1766 343 2016 421 IARTUS.

148 465 355 542 praesidio
372 469 612 528 uteretur,
644 458 1010 516 commendata
1037 459 1202 514 fuerat
1225 473 1255 514 a
1278 458 1551 530 spectabili
1577 457 1658 513 vi-

147 575 226 627 ro,
249 556 380 626 cujus
397 566 575 609 nomen
604 551 678 607 ab
703 549 991 622 Augustino
1010 550 1259 606 reticetur
1282 567 1296 604 :
1322 564 1426 606 non
1454 550 1594 605 enim
1617 549 1662 604 is

144 649 259 705 idem
292 643 514 709 videtur,
539 656 602 697 ac
626 640 928 696 Benenatus
955 641 1230 711 episcopus
1250 682 1264 707 ,
1309 640 1395 711 qui
1429 655 1526 695 nec
1564 640 1663 696 viri

140 737 399 812 spectabilis
421 735 630 790 nomine
658 731 920 788 notandus
945 741 1120 798 esset,
1151 742 1203 787 et
1230 746 1408 786 curam
1437 732 1581 801 ejus,
1615 731 1661 786 si

141 831 346 903 inipsius
363 829 537 884 fuisset
555 835 848 897 potestate,
880 825 1146 896 suscipere
1175 824 1456 880 debuisset.
1487 825 1663 892 Quan-

139 940 272 996 quam
293 936 386 978 nou
409 919 776 991 negaverimus
792 917 1113 974 Beuenatum
1137 917 1292 971 istum
1315 917 1454 971 illius
1473 916 1662 986 puellae

137 1013 539 1084 consanguineum
582 1007 750 1065 fuisse
793 1026 807 1064 :
849 1009 935 1080 qui
979 1023 1109 1064 sane
1145 1007 1499 1064 conditionem
1542 1007 1662 1063 huic

135 1107 301 1181 puella:
321 1104 672 1176 propositurus
697 1102 762 1157 ad
787 1101 1132 1173 Augustinum
1155 1101 1381 1171 scripsit.
1411 1100 1660 1172 Augusti-

136 1215 224 1255 nus
243 1213 329 1269 pro
348 1211 462 1252 cura
490 1195 760 1266 praecipue
787 1194 996 1264 pupillis
1025 1191 1232 1248 tuendis
1261 1191 1435 1246 debita
1465 1191 1518 1245 in
1546 1191 1662 1260 ejus

137 1291 323 1346 tutelam
345 1286 518 1343 sedulo
545 1285 856 1342 incumbens
876 1327 890 1351 ,
912 1283 1142 1338 oblatam
1170 1281 1524 1338 conditionem
1561 1282 1662 1337 sibi

135 1395 224 1436 non
253 1378 509 1450 displicere
531 1376 839 1449 respondit;
870 1374 961 1430 sed
987 1375 1215 1446 puellam
1240 1372 1411 1428 adhuc
1437 1388 1554 1428 esse
1581 1383 1662 1428 te-

136 1473 304 1530 acriori
325 1480 489 1538 aetate,
519 1485 676 1541 quam
702 1478 761 1524 ut
783 1469 1024 1539 cuiquam
1051 1474 1230 1536 posset
1253 1466 1503 1536 promitti,
1536 1465 1660 1520 dum

137 1563 453 1628 adolesceret;
480 1561 618 1617 illius
638 1560 848 1615 interim
868 1568 1112 1626 matrem,
1133 1557 1283 1627 cujus
1303 1557 1586 1612 auctoritas
1608 1556 1661 1610 in

137 1653 353 1710 tradenda
377 1653 475 1708 filia
502 1652 707 1707 caeteris
732 1650 976 1705 omnibus
999 1659 1140 1704 esset
1160 1647 1530 1718 prmpouenda,
1559 1649 1661 1702 for-

138 1760 212 1800 san
237 1745 598 1815 apparitorem;
626 1741 901 1796 meliorem
930 1738 1064 1795 forte
1087 1738 1442 1794 conditionem
1477 1752 1660 1792 occur-

136 1851 306 1902 suram,
329 1850 473 1906 quam
501 1835 613 1904 ipse
642 1841 861 1904 propter
883 1831 1050 1886 Deum
1082 1830 1313 1900 judiccm
1353 1828 1428 1883 illi
1465 1843 1658 1898 procu-

135 1942 237 1982 rare
251 1936 527 1992 teneretur;
556 1923 787 1995 denique
811 1925 1065 1979 incertum
1091 1937 1232 1988 esse,
1260 1931 1433 1976 utrum
1459 1921 1660 1976 nubere

137 2019 305 2085 vellet;
331 2020 486 2074 dicere
514 2017 725 2074 solitam
748 2059 762 2082 ,
791 2017 926 2072 velle
951 2032 1007 2070 se
1033 2031 1150 2070 esse
1175 2015 1655 2082 sanctimonialem;

143 2120 190 2165 et
209 2111 417 2180 quamvis
439 2109 499 2165 ob
521 2117 733 2164 aetatem
758 2108 822 2163 iis
844 2123 949 2162 non
973 2107 1108 2163 foret
1131 2107 1460 2162 sermonibus
1484 2106 1662 2162 adhae-

138 2201 359 2266 rendum,
386 2215 437 2254 se
459 2210 624 2254 tamen
657 2197 955 2269 prmstolari
982 2197 1206 2264 debere,
1237 2197 1360 2252 dum
1392 2199 1501 2267 ipsa
1539 2199 1660 2254 vitae

135 2292 396 2345 institutum
418 2305 504 2345 sua
529 2300 721 2361 sponte
749 2289 980 2360 deligere
1006 2289 1192 2344 valeat.
1223 2289 1380 2343 Addit
1406 2289 1655 2357 Felicem,

131 2383 203 2452 qui
227 2383 396 2453 puella:
419 2382 569 2454 hujus
597 2391 943 2438 materteram
982 2383 1032 2436 in
1069 2382 1461 2437 matrimonium
1496 2382 1660 2436 duxe-

129 2483 211 2540 rat,
230 2476 421 2546 quicum
441 2490 499 2530 ea
521 2474 588 2532 de
607 2491 665 2530 re
685 2476 988 2531 necessario
1009 2489 1305 2531 sermonem
1328 2475 1654 2540 contulisset,

127 2567 320 2621 oblatam
359 2567 710 2623 conditionem
737 2567 1142 2638 comprobasse,
1169 2566 1287 2636 jure
1317 2575 1490 2621 tamen
1522 2567 1654 2620 ami-

126 2659 236 2713 cilia:
249 2659 399 2715 fuisse
412 2667 779 2730 conquestum,
806 2658 944 2729 quod
966 2658 1039 2713 nil
1064 2657 1161 2712 hac
1181 2655 1246 2712 de
1265 2673 1322 2712 re
1343 2672 1436 2727 per
1454 2657 1656 2712 litteras

127 2749 378 2819 accepisset
402 2749 594 2820 (Epist.
615 2749 768 2821 254).
797 2749 1038 2819 Paganus
1060 2747 1268 2818 quidam
1297 2747 1316 2817 (
1323 2747 1536 2801 Rustico
1556 2762 1654 2800 no-

127 2853 222 2892 men
243 2837 370 2911 erat)
396 2840 532 2894 hanc
563 2839 793 2909 puellam
821 2838 969 2909 petiit
996 2838 1048 2892 in
1074 2837 1394 2892 eonnubium
1431 2837 1536 2890 tilio
1560 2851 1657 2892 suo

126 2931 288 2998 pariter
306 2947 525 3003 pagano,
555 2932 645 3003 qui
680 2947 782 2987 nec
809 2946 868 2987 se
896 2930 1235 2986 christianam
1268 2929 1423 2983 tidem
1451 2929 1655 2997 ample-

125 3036 277 3076 xurum
302 3037 416 3080 esse
442 3022 808 3094 pollicebatur.
837 3021 1031 3077 Verum
1058 3020 1377 3091 Augustinus
1402 3019 1468 3072 ab
1493 3034 1554 3073 ea
1580 3019 1655 3074 illi

128 3116 337 3171 tradenda
375 3118 660 3187 plurimum
698 3114 1051 3179 abhorrebat,
1082 3122 1141 3167 ut
1176 3113 1288 3183 ipse
1313 3111 1529 3166 Rustico
1561 3127 1656 3182 per

125 3204 288 3262 litteras
328 3207 636 3278 signiﬁcavit
683 3202 875 3279 (Epist.
915 3204 1076 3276 255),
1124 3211 1314 3273 praeter
1348 3217 1408 3256 ea
1449 3218 1566 3272 quae
1601 3202 1654 3257 in

126 3298 310 3365 epistola
335 3299 398 3353 ad
425 3299 751 3354 Benenatum
778 3297 1086 3367 episcopum
1120 3294 1384 3350 indicasse
1423 3308 1481 3348 se
1505 3293 1651 3360 dicit,

126 3388 281 3455 quibus
305 3389 364 3444 de
385 3389 529 3443 illius
560 3387 750 3459 puellae
775 3385 1038 3441 connubio
1069 3394 1192 3439 tunc
1216 3384 1470 3454 temporis
1499 3383 1652 3454 quid-

125 3492 255 3546 quam
277 3480 522 3548 spondere
548 3477 950 3549 prohibebatur.
975 3475 1074 3531 Vix
1099 3475 1429 3539 adducimur,
1458 3484 1514 3528 ut
1539 3489 1655 3528 cre-

129 3569 290 3624 damus
315 3570 435 3625 hanc
457 3572 626 3640 ipsam
655 3568 1010 3624 conditionem
1041 3582 1190 3630 esse,
1222 3583 1378 3637 quam
1405 3566 1652 3636 Augusti-

129 3673 214 3713 nus
237 3660 280 3713 in
303 3662 500 3731 epistola
539 3660 606 3715 ad
633 3660 994 3722 Benenatum,
1022 3667 1082 3712 ut
1118 3657 1375 3720 diximus,
1414 3655 1653 3711 absolute

125 3749 205 3801 sibi
232 3749 463 3819 placuisse
489 3759 736 3805 testatur.
768 3746 837 3803 Ut
868 3747 1009 3802 enim
1037 3746 1335 3801 Beneuatus
1369 3745 1511 3799 illam
1539 3746 1652 3799 Au-

123 3839 298 3905 gustino
314 3841 673 3911 proposuisset
692 3881 707 3906 ,
735 3853 798 3894 ea
822 3846 1022 3892 tantum
1046 3837 1185 3906 lege,
1216 3845 1272 3890 ut
1295 3835 1492 3889 Rustici
1516 3835 1652 3890 ﬁlius

125 3930 421 3987 christianum
451 3933 609 3988 fidem
639 3932 934 4001 susciperet
961 3948 972 3982 :
1005 3939 1177 3985 tamen
1204 3929 1525 4000 Augustinus
1551 3928 1654 3984 cir-

125 4025 450 4078 cumstantiam
487 4023 622 4078 adeo
657 4038 869 4093 gravem
905 4023 1120 4077 minime
1147 4021 1412 4075 tacuisset.
1458 4020 1532 4075 De
1558 4035 1651 4074 ca-

124 4109 249 4178 dem,
281 4127 334 4170 ut
357 4115 586 4183 videtur,
617 4115 790 4186 puella
816 4114 1006 4170 Felicis
1037 4123 1192 4183 nepte
1229 4113 1365 4168 idem
1400 4113 1547 4167 Felix
1584 4112 1652 4167 ad

124 4203 427 4271 Augustinum
452 4208 766 4277 scripserat,
796 4215 850 4260 et
875 4203 1179 4275 spectabilis
1204 4203 1336 4268 viri,
1368 4217 1397 4256 a
1422 4217 1526 4272 quo
1544 4202 1649 4258 Ec-

121 4295 266 4352 clesite
288 4300 448 4355 fuerat
474 4301 775 4363 commissa,
809 4298 1011 4351 litteras
1035 4295 1101 4350 ad
1127 4311 1246 4351 eum
1273 4295 1509 4350 miserat.
1541 4293 1648 4349 Be-

123 4388 278 4443 scribit
301 4392 616 4461 Augustinus
644 4405 702 4444 se
726 4433 739 4457 ,
787 4403 905 4442 cum
947 4387 1084 4442 hanc
1126 4387 1375 4457 pupillam
1405 4387 1648 4457 cuiquam

121 4477 286 4545 passim
310 4481 635 4535 committere
663 4494 769 4534 non
795 4477 1004 4539 audeat,
1037 4475 1316 4531 adventum
1343 4478 1474 4546 ejus,
1501 4479 1652 4549 cujus

122 4569 291 4628 litteras
315 4575 378 4629 ad
404 4589 458 4630 se
484 4573 748 4638 misisset,
783 4578 1206 4640 exspectaturum
1229 4587 1242 4635 ;
1270 4570 1393 4639 quid
1422 4571 1558 4625 facto
1583 4573 1650 4627 sit

124 4674 231 4729 opus
243 4679 407 4721 coram
427 4667 516 4720 illo
531 4665 943 4720 deliberaturum
963 4679 977 4728 ;
1002 4661 1365 4732 facturamque
1388 4663 1526 4732 quod
1547 4664 1651 4718 Do-

125 4755 269 4810 minus
295 4758 576 4813 iaciendum
599 4771 720 4812 esse
747 4754 1078 4824 inspiraverit
1107 4752 1469 4825 (Epistf252).
1501 4754 1648 4809 Haud

127 4847 290 4903 scimus
307 4891 321 4914 ,
342 4865 406 4904 an
424 4851 489 4906 de
511 4849 698 4906 eadem
723 4848 894 4902 adhuc
921 4846 1090 4917 puella
1115 4847 1308 4902 scribat
1328 4847 1651 4917 Augustinus

128 4937 178 4989 ad
197 4938 493 4996 Beuenatum
514 4984 529 5007 ,
559 4940 826 4996 audivisse
857 4954 948 5001 se,
979 4937 1117 5008 quod
1147 4937 1214 4993 de
1244 4939 1453 5008 negotio
1479 4949 1649 4993 trans-

128 5027 282 5098 igendo
304 5034 563 5104 cogitaret.
595 5033 844 5088 Testatur
871 5030 1056 5085 adduci
1086 5044 1142 5084 se
1172 5044 1277 5083 non
1303 5044 1479 5099 posse,
1511 5037 1570 5083 ut
1598 5029 1649 5083 id

127 5120 206 5174 sibi
239 5124 560 5192 persuadeat;
605 5124 651 5178 si
695 5132 870 5176 tamen
913 5135 1096 5175 verum
1135 5119 1236 5186 sit,
1282 5134 1437 5173 nosse
1476 5118 1646 5188 ipsum

128 5213 516 5277 quemadmodum
548 5214 800 5270 Ecclesia:
838 5211 1146 5275 consulere,
1184 5225 1247 5264 ac
1287 5218 1487 5264 tantum
1527 5223 1649 5263 cum

129 5300 346 5358 catholica
368 5304 517 5360 domo
537 5348 552 5373 ,
579 5320 696 5376 qua:
722 5318 825 5358 non
852 5302 1060 5368 obesse,
1090 5301 1184 5356 sed
1212 5300 1460 5369 prodesse
1483 5301 1651 5370 possit

131 5391 361 5465 Ecclesiae,
391 5399 674 5470 transigere
702 5397 889 5452 debeat
919 5394 1107 5470 (Epist.
1135 5392 1281 5464 255).

711 5488 934 5544 CAPUT
974 5488 1062 5542 IX.

135 5576 154 5629 1
193 5576 516 5638 Madaurenses
539 5585 604 5637 ad
623 5582 944 5637 christianum
959 5579 1249 5649 religionem
1272 5577 1528 5632 traducere
1547 5586 1650 5631 stu-

190 5672 273 5724 det.
308 5672 343 5728 2
360 5673 482 5729 Cum
504 5675 811 5747 Longiniano
836 5688 1028 5743 quoque
1053 5687 1250 5742 pagano
1275 5668 1529 5724 sacerdote
1563 5685 1650 5739 per

193 5761 354 5821 litteras
373 5768 493 5838 agit,
519 5779 568 5822 ut
597 5783 702 5822 eam
721 5766 1068 5834 amplectatur.
1106 5765 1139 5819 ὅ
1167 5763 1220 5818 Μ
1226 5763 1443 5818 uariatum
1466 5764 1650 5818 exortis

3225 358 3332 420 250

1837 459 1888 512 in
1914 460 2167 529 provincia
2191 477 2285 516 sua
2310 461 2557 518 erroribus
2581 466 2914 535 perturbatam
2949 469 3141 526 solatur
3171 482 3218 528 et
3239 490 3329 530 ro-

1839 552 1998 606 borat.
2043 553 2077 608 4
2111 553 2238 610 Cum
2275 557 2478 611 diversis
2511 559 2750 615 ha'reticis
2786 561 2840 615 in
2879 572 3126 620 certamen
3161 568 3288 623 venit
3307 584 3329 624 :

1834 655 2008 699 contra
2047 650 2309 716 quemdam
2346 665 2374 702 e
2413 646 2711 706 Novatianis
2750 653 2921 708 scribit
2960 656 3029 710 ad
3067 657 3326 715 Seleucia-

1834 752 1970 789 nam.
2007 737 2042 792 5
2067 735 2550 794 Tertullianistarum
2580 740 2781 797 bteresis
2805 760 2862 798 eo
2888 758 3125 814 prasente
3141 748 3324 805 deleta.

1834 826 1868 882 6
1893 827 2121 882 Abelonii
2156 845 2348 900 quoque
2374 846 2460 885 seu
2479 830 2718 886 Abeloita:
2741 831 2794 888 in
2828 832 3141 906 Hipponensi
3169 849 3330 896 tractu

1833 920 2106 974 ministerio
2135 930 2180 975 et
2205 921 2373 976 labore
2398 922 2556 992 ipsius
2579 922 2781 978 sublati.

1836 1011 1887 1063 1.
1931 1011 2006 1065 Ex
2035 1012 2146 1066 suis
2176 1012 2507 1082 potissimum
2547 1013 2924 1071 certaminibus
2949 1031 3069 1073 cum
3095 1019 3330 1078 hostibus

1765 1099 2014 1158 Ecclesiae
2041 1104 2232 1158 nobilis
2256 1113 2310 1158 et
2328 1105 2500 1161 clarus
2526 1106 2691 1161 evasit
2711 1107 3052 1178 Augustinus.
3079 1108 3332 1167 Ethnicos

1764 1209 1882 1249 cum
1912 1195 2028 1248 aliis
2055 1196 2501 1252 lucubrationibus
2521 1239 2534 1262 ,
2568 1205 2676 1252 tum
2706 1200 2935 1255 maxime
2963 1216 3124 1271 opere
3153 1201 3219 1257 de
3246 1201 3333 1257 Cio

1764 1285 1922 1340 vitate
1953 1286 2042 1341 Dei
2071 1285 2273 1340 fortiter
2297 1287 2640 1358 impugnavit.
2675 1287 2808 1344 Cum
2833 1290 3038 1345 cuidam
3065 1291 3331 1348 Florenti-

1765 1391 1865 1441 no,
1905 1377 1993 1445 qui
2032 1391 2164 1430 unus
2192 1392 2222 1432 e
2251 1376 2514 1432 Madaura:
2553 1379 2856 1448 proceribus
2900 1380 3058 1436 fuisse
3101 1381 3328 1449 videtur,

1765 1466 2000 1536 Hippone
2025 1467 2290 1537 quidpiam
2317 1469 2510 1538 negotii
2536 1479 2707 1536 esset,
2739 1485 2926 1526 omnes
2950 1471 3094 1526 urbis
3118 1473 3332 1530 ordines

1763 1573 1856 1628 per
1881 1573 2000 1613 eum
2025 1561 2346 1629 scripserunt
2369 1561 2679 1630 Augustino,
2715 1571 2771 1616 ut
2797 1563 2894 1632 ipsi
2921 1563 2971 1616 in
2997 1565 3208 1635 negotio
3233 1566 3331 1620 ad-

1763 1663 1879 1703 esse
1899 1650 2217 1718 diguaretur.
2252 1650 2374 1705 Haec
2398 1662 2511 1706 erat
2533 1651 2827 1706 litterarum
2857 1653 3159 1724 inscriptio,
3187 1653 3334 1712 Patri

1762 1741 2053 1812 Augustino,
2077 1743 2128 1796 in
2147 1741 2362 1797 Domino
2381 1753 2617 1798 cateruam
2636 1744 2879 1811 salutem;
2901 1747 3218 1820 subscriptio
3237 1763 3332 1804 auo

1764 1839 1867 1885 tem
1891 1872 1903 1895 ,
1939 1830 2181 1900 Optamus
2207 1841 2253 1886 te
2270 1874 2284 1898 ,
2317 1834 2516 1888 domine
2534 1873 2549 1899 ,
2581 1835 2634 1888 in
2659 1833 2766 1889 Deo
2789 1845 2834 1889 et
2856 1835 3053 1891 Christo
3075 1840 3209 1909 ejus,
3242 1856 3332 1910 per

1761 1923 1943 1976 multos
1976 1939 2132 1977 annos
2159 1941 2350 1994 semper
2373 1927 2427 1978 in
2455 1925 2588 1981 clero
2614 1936 2699 1981 tuo
2727 1928 2964 1998 gaudere.
2989 1930 3105 1984 Jam
3128 1932 3328 2000 pridem

1761 2011 1969 2066 dolebat
1988 2014 2306 2083 Augustinus
2334 2015 2468 2068 idola
2499 2031 2605 2071 non
2630 2017 2795 2088 magis
2822 2018 2876 2072 in
2904 2019 3326 2080 Madaurensium

1763 2103 1990 2172 templis,
2015 2119 2168 2174 quam
2199 2105 2252 2158 in
2276 2119 2458 2160 eorum
2481 2106 2728 2162 cordibus
2753 2110 2967 2164 includi.
2998 2112 3329 2184 Quapropter

1761 2193 1996 2262 epistola:
2028 2195 2232 2250 titulum
2265 2197 2481 2252 miratus
2506 2206 2605 2253 est.
2651 2199 2812 2253 Tanta
2837 2219 2925 2272 spe
2955 2204 3118 2258 subito
3140 2215 3330 2262 erectus

1759 2301 1888 2348 sum,
1919 2285 2104 2356 inquit,
2135 2295 2188 2340 ut
2205 2287 2452 2341 crederem
2477 2305 2561 2343 vos
2584 2289 2652 2342 ad
2674 2290 2841 2360 ipsum
2865 2291 3159 2362 Dominum,
3190 2305 3236 2348 et
3259 2297 3327 2349 ad

1760 2376 1921 2446 ipsam
1945 2386 2182 2430 (sternam
2204 2378 2434 2443 salutent,
2461 2389 2546 2432 aut
2561 2381 2674 2448 jam
2700 2395 2805 2436 csse
2829 2399 3106 2450 conversos,
3130 2395 3218 2439 aut
3238 2402 3328 2456 per

1760 2477 1981 2522 nostrum
2020 2469 2346 2523 ministerium
2386 2471 2667 2526 desiderare
2695 2477 2927 2529 converti.
2973 2477 3078 2531 Sed
3113 2477 3199 2532 ubi
3231 2479 3330 2550 legi

1759 2571 1956 2626 cwtcra,
1995 2560 2222 2630 refriguit
2263 2561 2456 2615 animus
2481 2579 2650 2622 ,meus.
2685 2563 2900 2630 Quwsivi
2939 2575 3102 2620 tamen
3134 2569 3198 2622 ab
3227 2569 3331 2640 epi-

1759 2651 1900 2704 stola:
1924 2651 2188 2720 perlatore,
2220 2661 2386 2706 utrum
2397 2654 2509 2723 jam
2537 2655 2612 2708 vel
2636 2656 2803 2709 essetis
2823 2656 3100 2724 christiani,
3132 2658 3210 2712 vel
3227 2675 3333 2715 esse

1758 2741 2018 2809 cuperetis.
2062 2739 2218 2810 Cujus
2251 2743 2572 2812 responsione
2601 2754 2918 2815 posteaquam
2951 2749 3200 2818 comperi,
3242 2767 3330 2802 ne-

1757 2845 2005 2900 quaquam
2032 2847 2115 2884 vos
2141 2847 2244 2885 esse
2271 2841 2486 2887 mutatos
2501 2849 2522 2896 ;
2549 2836 2748 2904 gravius
2785 2837 2952 2903 dolui,
2988 2839 3121 2907 quod
3145 2839 3328 2895 Christi

1759 2938 1956 2984 nomen,
1988 2923 2066 2974 cui
2082 2923 2196 2992 jam
2226 2933 2379 2977 totum
2405 2925 2572 2978 orbem
2599 2925 2871 2997 subjectum
2900 2945 3004 2982 esse
3021 2931 3324 3000 conspicitis,

1760 3031 1858 3068 non
1883 3017 2045 3070 solum
2072 3036 2104 3072 a
2130 3022 2262 3074 vobis
2291 3021 2652 3092 repellendum,
2682 3025 2770 3078 sed
2795 3026 2942 3078 etiam
2967 3026 3017 3079 in
3043 3025 3181 3080 nobis
3205 3028 3325 3081 irri-

1758 3105 1976 3160 dendum
2026 3126 2128 3164 esse
2172 3112 2448 3166 credidistis
2472 3155 2486 3180 ,
2529 3114 2647 3167 dum
2694 3115 2817 3168 milii
2863 3114 3095 3186 (negotia
3132 3118 3326 3188 vestra)

1757 3199 1985 3252 curanda
2012 3201 2285 3272 imponitis.
2330 3203 2637 3259 Florentino
2674 3205 3010 3260 nihilominus
3051 3207 3195 3260 omni
3227 3223 3328 3277 ope

1757 3288 1951 3354 adfuit;
1995 3291 2089 3345 sed
2139 3293 2242 3348 tale
2283 3295 2550 3364 negotium
2588 3306 2732 3362 erat,
2776 3294 2916 3365 quod
2964 3295 3117 3351 facile
3152 3297 3329 3368 peragi

1757 3391 1954 3451 posset.
1995 3381 2347 3448 Quamobrem
2389 3385 2678 3441 immissum
2713 3387 2876 3442 fuisse
2913 3401 2942 3441 a
2976 3387 3083 3441 Deo
3110 3387 3326 3443 Madau-

1755 3472 2000 3527 rensibus
2023 3473 2086 3526 ad
2115 3489 2171 3528 se
2191 3475 2452 3531 scribendi
2476 3486 2707 3532 mentem
2728 3477 2984 3545 credidit,
3015 3487 3070 3533 ut
3089 3479 3328 3534 veritatis

1756 3562 1861 3617 illis
1886 3563 2262 3619 annuntianda:
2293 3566 2393 3620 sibi
2421 3567 2866 3636 Opportunitatem
2906 3568 3140 3624 oll‘erret.
3172 3567 3332 3625 Obla-

1758 3665 1860 3708 tam
1885 3655 2042 3725 igitur
2061 3658 2314 3726 arripuit;
2338 3668 2392 3713 et
2411 3659 2496 3713 ubi
2519 3658 2749 3714 ostendit
2769 3659 3012 3716 illusores
3029 3675 3121 3716 eos
3143 3660 3327 3730 fuisse,

1753 3759 1873 3799 cum
1895 3744 2090 3800 Christi
2115 3749 2328 3803 nomine
2349 3748 2448 3804 sibi
2470 3748 2726 3805 honorem
2753 3759 2806 3804 et
2827 3750 3213 3806 observantiam
3237 3766 3328 3807 ex-

1754 3838 1937 3894 hibere
1957 3839 2296 3906 simularunt,
2327 3842 2370 3896 si
2393 3841 2584 3898 Christi
2612 3843 2792 3898 hostes
2812 3843 2981 3898 adhuc
3002 3845 3324 3910 existerent;

1753 3929 1952 4000 aliquot
1979 3931 2302 4000 argumentis
2328 3931 2667 3987 ehristianam
2691 3933 2996 4003 religionem
3021 3935 3229 4001 asserit,
3258 3934 3326 3988 ad

1753 4037 1908 4092 quam
1935 4023 2352 4092 amplectendam
2385 4039 2478 4078 eos
2506 4024 2846 4090 adhortatur;
2883 4025 3022 4094 quod
3063 4035 3236 4079 tamen
3263 4039 3326 4079 se

1753 4127 1873 4166 cum
1908 4123 2134 4167 tremore
2174 4112 2350 4168 cordis
2389 4127 2484 4184 pro
2524 4114 2603 4169 eis
2643 4113 2815 4170 facere
2853 4115 3147 4184 profitetur.
3194 4112 3327 4168 Novi

1754 4205 1912 4269 enim,
1943 4203 2134 4275 inquit,
2166 4214 2350 4274 quanto
2376 4207 2652 4276 graviorem
2689 4215 2734 4261 et
2760 4208 3163 4276 perniciosiorem
3199 4223 3325 4259 cau-

1753 4314 1861 4350 sam
1885 4298 1993 4352 sitis
2021 4298 2235 4352 habituri
2263 4300 2400 4369 apud
2426 4298 2621 4366 Deum,
2652 4301 2694 4354 si
2729 4304 2917 4371 frustra
2953 4301 3087 4354 vobis
3113 4300 3218 4354 hcec
3242 4301 3323 4354 di-

1752 4405 1891 4444 xero.
1916 4389 2028 4442 Erit
2043 4392 2173 4444 enim
2191 4392 2324 4446 testis
2345 4391 2554 4459 affectus
2573 4393 2623 4446 in
2644 4409 2728 4447 vos
2747 4392 2910 4446 cordis
2926 4394 3041 4459 mei,
3065 4409 3153 4462 per
3169 4392 3322 4458 hanc,

1753 4490 1993 4548 quantum
2023 4481 2187 4550 potui,
2222 4482 2458 4552 paginam
2481 4498 2742 4551 expressus
2772 4498 2790 4534 :
2818 4483 2908 4534 erit
2941 4482 3076 4535 testis
3107 4481 3242 4536 vobis
3268 4482 3321 4534 in

1743 4569 1940 4640 judicio
1961 4571 2070 4639 ejus
2089 4613 2102 4634 ,
2135 4571 2219 4639 qui
2247 4571 2498 4625 credentes
2524 4573 2616 4625 sibi
2644 4572 3029 4639 conﬁrmaturus
3064 4581 3134 4625 est
3172 4581 3217 4625 et
3245 4573 3326 4626 in-

1753 4659 1979 4714 credulos
2010 4662 2327 4730 confusurus.
2362 4661 2466 4715 Eos
2503 4669 2558 4714 et
2595 4661 2783 4714 fratres
2824 4675 2948 4716 suos
2987 4669 3042 4716 et
3077 4669 3324 4732 parentes

1754 4760 2050 4820 nuncupat,
2081 4750 2148 4804 ob
2175 4753 2307 4806 hanc
2335 4750 2558 4806 fortasse
2585 4765 2796 4806 causam
2817 4794 2831 4819 ,
2858 4751 2998 4822 quod
3027 4768 3159 4823 puer
3186 4752 3327 4807 litte-

1753 4858 1841 4897 ras
1869 4841 2004 4911 apud
2045 4841 2317 4897 Madauras
2357 4843 2643 4898 didicisset.
2689 4842 3040 4914 imperatores
3077 4845 3220 4916 ipsos
3257 4844 3324 4900 ad

1755 4933 2026 5004 piscatoris
2058 4933 2197 4987 Petri
2241 4934 2540 5003 sepulcrum
2572 4934 2835 4990 submisso
2871 4934 3166 4991 diademate
3199 4950 3322 5006 sup-

1753 5027 1947 5097 plicare
1971 5035 2228 5081 memorat
2251 5027 2304 5081 in
2328 5027 2392 5082 iis
2416 5027 2633 5092 litteris;
2663 5026 2955 5097 eodemque
2980 5027 3096 5082 loco
3121 5041 3178 5081 se
3204 5035 3322 5096 post

1753 5118 1896 5188 leges
1913 5119 1966 5172 in
1989 5119 2124 5173 idola
2143 5134 2280 5172 anno
2297 5120 2668 5174 trecentesimo
2680 5118 3021 5188 nonagesimo
3043 5133 3182 5172 nouo
3195 5132 3323 5172 con-

1754 5210 1960 5264 stitutas
1995 5209 2257 5276 scribere,
2288 5223 2390 5263 non
2417 5209 2640 5264 obscure
2669 5207 2927 5278 signiﬁcat
2957 5206 3145 5280 (Epist.
3167 5206 3319 5278 252).

1825 5300 1878 5353 2.
1918 5300 2050 5355 Cum
2076 5298 2436 5370 Longiuiano,
2466 5314 2667 5370 pagano
2704 5299 2952 5365 homine,
2984 5307 3038 5354 et
3063 5298 3322 5355 idolorqu

1755 5397 1832 5464 (ut
1856 5391 2097 5462 apparet)
2125 5391 2369 5461 pontilice
2402 5405 2716 5460 congressus
2738 5389 3050 5461 aliquando,
3084 5391 3136 5443 in
3167 5389 3323 5457 hujus

1754 5485 2003 5555 colloquii
2024 5485 2166 5539 velut
2185 5484 2403 5553 speculo
2426 5483 2680 5553 inspexit,
2707 5497 2829 5537 eum
2852 5495 3138 5552 agnoscere
3157 5479 3322 5533 Deum

1753 5593 1870 5633 esse
1895 5575 2171 5631 colendum
2194 5618 2208 5643 ,
2239 5576 2371 5631 bene
2400 5575 2598 5630 sentire
2621 5573 2686 5627 de
2709 5573 2920 5628 Christo
2937 5613 2950 5636 ,
2983 5569 3047 5624 ad
3075 5570 3320 5623 virtutem

1753 5671 1912 5726 etiam
1939 5686 2002 5726 ex
2029 5670 2207 5724 animo
2236 5667 2523 5738 adspirare.
2561 5664 2768 5736 Optima
2805 5677 2932 5717 sane
2971 5659 3084 5713 lucc
3108 5667 3226 5713 erat
3253 5658 3322 5715 ad

1755 5765 1896 5821 illam
1940 5763 2111 5832 rcipsa
2152 5756 2574 5830 consequendam
2614 5755 2772 5810 animi
2809 5749 3134 5809 constitutio.
3181 5749 3323 5821 Qua.
