3868 6400
566 305 669 370 251

568 427 785 494 propter
806 432 928 478 eum
950 418 1199 478 adamare
1221 417 1384 490 erepit
1407 416 1728 488 Augustinus
1748 457 1766 481 ,
1794 425 1851 470 ut
1878 415 1988 487 ipse
2013 413 2135 470 τεὰς

565 516 777 574 amabat
792 515 1162 588 Augustinum.
1181 511 1277 570 Hic
1292 518 1472 566 autem
1486 517 1629 564 ratus
1643 509 1842 565 amicos
1860 522 1966 563 non
1987 522 2138 578 posse

565 609 883 665 fructuosius
909 606 1012 660 ulla
1039 603 1106 660 de
1132 619 1192 659 re
1219 600 1480 672 colloqui,
1509 615 1666 672 quam
1703 599 1768 654 de
1807 599 1995 655 mediis
2023 599 2137 670 qui-

565 700 664 755 bus
690 698 814 754 boni
841 697 1084 766 beatique
1109 695 1296 759 simus,
1322 692 1612 748 litterarum
1641 705 1800 761 super
1823 704 1884 745 ea
1908 704 1968 746 re
1993 704 2138 744 com-

564 793 819 849 mercium
852 803 976 846 cum
1002 785 1329 858 Longiniano
1365 783 1586 841 libenter
1629 783 1761 838 iniit.
1805 781 2007 839 Idcirco
2045 795 2139 852 per

565 885 768 940 litteras
787 883 853 936 ab
873 895 937 935 eo
957 877 1109 950 petiit
1127 917 1142 944 ,
1172 885 1229 931 ut
1249 875 1347 931 sibi
1369 875 1704 940 rescriberet,
1729 888 1957 945 quonam
1981 872 2138 929 modo

565 974 806 1031 crederet
841 972 1007 1027 Deum
1049 965 1362 1033 colendum;
1403 965 1528 1037 quid
1569 967 1786 1022 sentiret
1823 965 1890 1020 de
1927 964 2138 1020 Christo

565 1065 818 1126 Domino;
849 1079 915 1118 an
943 1061 1043 1118 alia
1066 1060 1181 1126 via,
1209 1073 1368 1130 quam
1394 1057 1508 1127 ipse
1531 1057 1680 1112 nobis
1701 1056 2135 1121 demonstrasset,

565 1155 632 1210 ad
660 1157 865 1211 beatam
896 1155 1054 1210 vitam
1082 1149 1352 1224 perveniri
1391 1161 1547 1220 posse
1582 1157 1854 1213 censeret;
1885 1163 1954 1202 an
1979 1163 2137 1204 unam

569 1247 705 1304 hanc
730 1248 867 1301 viam
894 1247 1195 1313 arbitratus,
1230 1259 1331 1315 qua
1350 1243 1493 1315 piam
1517 1251 1717 1298 tantum
1745 1258 1809 1298 ex
1835 1256 1993 1297 causa
2018 1256 2134 1296 eam

566 1341 700 1396 inire
723 1339 960 1395 dill‘erret
983 1337 1170 1411 (Epist.
1194 1335 1344 1406 235).
1369 1333 1661 1403 Respondit
1680 1333 2038 1405 Longiuianus
2059 1332 2137 1386 in-

566 1433 703 1505 signi
730 1431 1007 1502 veracique
1035 1429 1224 1500 elogio.
1252 1428 1388 1484 Eum
1413 1428 1554 1484 enim
1579 1427 1938 1482 Romanorum
1965 1426 2138 1482 virum

568 1542 694 1585 vere
715 1527 990 1596 optimum,
1020 1523 1190 1578 virum
1211 1522 1409 1578 bonum
1427 1563 1445 1588 ,
1472 1521 1519 1577 si
1541 1520 1660 1591 quis
1687 1519 1815 1574 alias
1838 1517 1994 1574 fuerit
2011 1561 2025 1584 ,
2054 1518 2136 1573 in-

567 1620 770 1690 digitat.
807 1617 867 1674 Si
884 1616 1102 1688 quidem,
1130 1614 1327 1685 inquit,
1356 1613 1522 1667 adhuc
1543 1621 1652 1683 post
1674 1610 1928 1666 hominum
1947 1626 2138 1664 memo-

567 1714 696 1768 riam
718 1711 815 1766 nisi
832 1709 1180 1780 XenOpltontis
1199 1706 1450 1777 ﬁgmentis
1477 1703 1764 1775 composita:
1794 1701 1980 1774 fabula
2001 1703 2140 1756 scite-

567 1822 650 1862 ma
675 1802 947 1869 concedas,
977 1801 1144 1855 adhuc
1171 1799 1452 1865 audierint,
1485 1797 1687 1868 legerim
1706 1838 1721 1863 ,
1752 1795 1959 1850 uiderim
1985 1795 2139 1849 nemi-

565 1913 699 1960 nem,
721 1906 810 1949 aut
828 1902 956 1950 certe
978 1901 1088 1963 post
1109 1907 1266 1945 unum
1287 1888 1499 1960 (Cyrum
1513 1887 1748 1960 fortasse)
1768 1887 1986 1952 nullam,
2006 1885 2142 1955 quod

568 1989 676 2047 Deo
696 1997 835 2054 teste,
863 1988 990 2041 bona
1011 1982 1232 2053 periculo
1258 1991 1484 2050 certoque
1507 1980 1738 2046 dixerim,
1764 1979 1860 2032 nisi
1885 1987 1948 2040 te,
1979 1975 2140 2030 Deum

565 2089 612 2135 et
632 2078 819 2134 conniti
843 2091 1038 2143 semper
1061 2087 1347 2144 agnoscere,
1378 2079 1424 2125 et
1451 2086 1596 2142 posse
1620 2070 1833 2139 puritate
1854 2067 2007 2122 animi
2031 2082 2143 2120 cor-

566 2171 798 2242 pariaque
821 2168 1042 2239 projecta
1067 2165 1334 2236 gravedine
1356 2163 1536 2218 sectari
1564 2161 1818 2232 facillime,
1845 2167 1891 2212 et
1915 2175 2004 2228 spe
2023 2174 2138 2228 per-

564 2261 708 2334 fectae
733 2261 1048 2315 conscientia:
1077 2274 1177 2312 non
1204 2256 1358 2310 dubia
1385 2253 1677 2310 credulitate
1709 2261 1889 2306 tenere.
1920 2250 2000 2306 Ad
2030 2251 2138 2305 Au-

561 2353 756 2424 gustini
787 2351 1006 2421 quaesita
1041 2347 1361 2417 respondet,
1388 2345 1570 2399 dicens
1592 2342 1660 2396 ad
1689 2357 1852 2396 unum
1879 2349 1932 2395 et
1955 2355 2140 2394 verum

565 2447 730 2502 Deum
751 2486 766 2510 ,
800 2439 1389 2511 incomprehensibilem
1416 2451 1594 2491 rerum
1613 2433 1848 2488 omnium
1875 2433 2136 2502 opiﬁcem,

568 2537 688 2592 vitae
721 2533 1059 2602 integritate,
1098 2529 1316 2584 deorum
1355 2527 1466 2581 sive
1504 2525 1586 2596 (ut
1613 2522 1898 2579 Christiani
1927 2521 2138 2592 vocant)

564 2625 885 2696 Angelorum
915 2621 1188 2685 societate,
1219 2625 1274 2674 et
1296 2618 1630 2687 antiquorum
1657 2629 1928 2670 sacrorum
1957 2613 2139 2683 expia-

567 2715 796 2770 tionibus
820 2727 938 2768 esse
962 2709 1398 2782 perveniendum.
1429 2707 1502 2762 De
1520 2705 1730 2764 Christo
1754 2714 1930 2761 autem
1949 2711 2003 2761 et
2022 2704 2140 2774 Spi-

564 2808 698 2864 ritus
723 2805 866 2861 dono
903 2819 1006 2860 non
1042 2801 1236 2858 audere
1269 2816 1360 2865 se,
1395 2813 1492 2854 nec
1527 2813 1718 2868 posse,
1761 2797 1884 2867 quid
1923 2797 2135 2864 sentiat,

565 2898 889 2970 exprimere;
915 2912 1034 2953 cum
1058 2894 1253 2950 nullam
1273 2908 1456 2949 eorum
1479 2892 1718 2947 notitiam
1737 2889 1948 2944 habeat.
1971 2889 2141 2959 Rogat

564 2993 720 3064 igitur
744 2990 1090 3060 Augustinum
1113 3029 1128 3052 ,
1160 2995 1218 3040 ut
1241 2985 1343 3040 sibi
1369 2983 1491 3055 quid
1521 2983 1586 3039 de
1615 2983 1696 3037 his
1719 2982 2017 3045 existimet,
2051 2996 2138 3036 re-

563 3085 798 3141 scribere
829 3083 1073 3152 dignetur
1093 3078 1284 3148 (Epist.
1311 3077 1440 3141 ΞΜ,
1470 3091 1520 3128 n.
1553 3073 1628 3146 l).
1653 3074 1728 3128 Ex
1765 3081 1874 3127 tam
1902 3071 2141 3126 felicibus

569 3173 870 3246 primordiis
901 3169 1262 3225 incredibilem
1281 3167 1597 3235 voluptatem
1636 3164 1775 3234 cepit
1794 3163 2135 3232 Augustinus,

569 3266 838 3332 Deumque
874 3268 1115 3330 precatus
1145 3267 1255 3322 est,
1290 3265 1346 3310 ut
1378 3255 1562 3326 primis
1589 3264 1825 3309 extrema
1854 3251 2140 3320 responde-

567 3365 704 3412 rent.
735 3355 813 3410 Ne
830 3367 959 3408 vero
984 3353 1097 3421 ipse
1115 3351 1347 3411 deesset,
1369 3347 1694 3418 Longiniano
1721 3347 2008 3415 rescripsit,
2036 3359 2138 3400 non

567 3445 867 3515 improbare
894 3459 952 3498 se
973 3483 985 3505 ,
1013 3441 1153 3510 quod
1182 3441 1250 3494 de
1272 3438 1483 3493 Christo
1519 3439 1647 3494 nihil
1683 3447 1880 3492 temere
1916 3437 2014 3491 sibi
2044 3451 2139 3492 ne-

565 3536 798 3608 gandum
822 3534 904 3590 vel
924 3531 1291 3587 allirmandum
1313 3539 1575 3600 putasset;
1599 3529 1648 3584 id
1670 3545 1830 3583 unum
1853 3543 2036 3595 rogare
2059 3543 2137 3594 se,

569 3641 624 3688 ut
647 3629 921 3695 rescribat,
939 3643 1007 3681 an
1032 3626 1130 3681 illae
1149 3627 1484 3694 antiquorum
1501 3638 1772 3678 sacrorum
1789 3621 2138 3692 expiationes,

566 3723 634 3778 de
657 3722 848 3792 quibus
876 3717 1218 3787 loquebatur,
1250 3715 1314 3768 ad
1354 3714 1611 3783 integram
1652 3713 1812 3766 vitam
1841 3711 2141 3766 necessario

567 3814 795 3872 debeant
819 3811 1099 3874 accedere,
1134 3825 1202 3863 an
1235 3809 1374 3862 illius
1409 3822 1582 3862 causa:
1617 3807 1750 3871 sint,
1781 3814 1869 3859 aut
1897 3804 2137 3870 eﬂ‘ectus,

565 3915 655 3962 aut
674 3903 916 3976 quaedam
938 3901 1097 3956 veluti
1119 3900 1291 3970 portio
1315 3917 1326 3951 :
1356 3898 1550 3953 nodum
1576 3898 1714 3952 hunc
1735 3897 1878 3965 prius
1897 3911 2017 3951 esse
2037 3895 2143 3949 sol-

565 3996 816 4060 Vtendum,
835 4009 990 4064 quam
1007 3992 1074 4047 ad
1090 4001 1278 4048 caetera
1299 3988 1612 4058 procedatur
1625 3987 1817 4056 (Epist.
1831 3987 1978 4056 255).
1996 3985 2141 4052 Qua:-

569 4106 691 4145 nam
720 4089 876 4157 hujtts
899 4085 1144 4155 colloquii
1178 4083 1344 4139 series
1364 4123 1376 4145 ,
1405 4082 1588 4151 quisve
1617 4081 1790 4136 exitus
1821 4079 1977 4134 fuerit
2000 4121 2014 4147 ,
2043 4094 2140 4135 nos

569 4182 714 4236 latet.
748 4179 996 4232 Libenter
1022 4174 1150 4230 illud
1177 4174 1244 4228 ad
1270 4181 1497 4242 tempus,
1529 4186 1633 4242 quo
1652 4171 1825 4226 adhuc
1844 4171 2008 4226 laicus
2028 4179 2143 4226 erat

565 4272 924 4340 Augustinus,
956 4266 1306 4330 referremus,
1349 4264 1448 4318 nisi
1478 4262 1838 4333 Longinianus
1874 4277 1996 4318 eum
2033 4261 2140 4318 fre-

564 4371 788 4434 quenter
813 4367 1016 4430 patrem
1043 4364 1398 4425 nuncuparet;
1425 4353 1565 4424 quod
1596 4369 1700 4408 non
1733 4353 1831 4407 nisi
1869 4352 2136 4423 episcopo,

567 4456 651 4511 vel
678 4454 876 4508 homini
906 4461 1061 4506 mtate
1089 4449 1199 4518 jam
1227 4447 1413 4501 all'ecta
1443 4445 1648 4502 videtur
1671 4444 1975 4499 convenire.

639 4548 691 4601 3.
734 4545 914 4600 Sancti
947 4541 1187 4598 Doctoris
1216 4539 1442 4601 labores,
1470 4551 1605 4608 quos
1635 4543 1742 4591 tota
1767 4536 2018 4605 deinceps
2036 4537 2139 4591 vita

565 4644 750 4692 contra
777 4633 1050 4688 haereticos
1081 4645 1178 4700 pro
1207 4628 1400 4684 tuenda
1435 4627 1694 4684 catholica
1734 4627 1834 4681 lide
1872 4628 2136 4695 suscepit,

567 4739 723 4781 nemo
750 4732 832 4779 est
859 4723 950 4791 qui
976 4722 1293 4790 cogitatione
1311 4758 1328 4784 ,
1353 4718 1544 4774 nedum
1573 4719 1811 4774 oratione
1836 4733 1899 4772 ac
1929 4719 2136 4783 verbis,

565 4814 772 4884 assequi
801 4812 992 4866 valeat.
1023 4809 1276 4878 Quaedam
1306 4808 1398 4863 Dei
1429 4807 1620 4862 famula
1647 4807 1922 4877 (Maxima:
1947 4823 2141 4864 nomen

567 4902 724 4976 erat)
764 4903 832 4957 ad
873 4916 995 4956 eum
1037 4916 1104 4954 ex
1144 4899 1394 4969 Hispania
1424 4897 1645 4954 fortasse
1672 4900 1902 4969 scripsit,
1932 4902 2141 4970 provin-

564 4998 700 5053 ciam
728 4996 782 5050 in
807 5007 909 5064 qua
937 4991 1183 5062 degebat,
1207 5006 1300 5060 per
1324 4990 1512 5044 noxios
1530 5006 1738 5044 errores
1757 4991 1911 5060 longe
1933 4992 2140 5061 lateque

567 5088 787 5144 dimisus
811 5086 1040 5157 graviter
1064 5083 1367 5154 periclitari.
1391 5082 1549 5137 Suam
1578 5083 1775 5153 pariter
1797 5084 1862 5138 de
1892 5085 2137 5140 incarna-

565 5178 728 5234 tionis
749 5177 1002 5248 mysterio
1028 5173 1206 5239 iidem,
1239 5188 1396 5242 quam
1423 5171 1540 5241 ejus
1559 5173 1760 5242 judicio
1785 5175 2138 5244 submitteret,

563 5267 838 5339 exposuit;
865 5273 919 5320 et
945 5264 1337 5319 lucubrationes
1358 5261 1616 5317 adversus
1637 5261 1912 5319 haereticos
1946 5266 2014 5320 ab
2045 5282 2140 5321 eo-

562 5360 686 5418 dem
712 5358 1040 5426 conscriptas
1071 5355 1362 5425 postulasse
1386 5353 1612 5408 videtur.
1637 5354 1940 5424 Respondet
1965 5359 2144 5430 Augu-

565 5455 756 5517 stinus,
779 5468 896 5508 eam
921 5465 1099 5519 posse,
1125 5465 1248 5504 cum
1270 5447 1500 5514 libuerit,
1524 5449 1731 5504 mittere
1755 5450 1880 5519 quid
1901 5452 2140 5508 laborum

564 5561 784 5603 suorum
806 5543 1060 5614 opuscula
1083 5541 1385 5598 describant
1409 5540 1668 5613 (locuples
1696 5542 1837 5597 enim
1868 5543 2027 5600 fuisse
2056 5546 2142 5602 illa

564 5641 774 5696 videtur
793 5639 813 5711 )
837 5655 851 5704 ;
885 5637 1002 5708 ejus
1027 5635 1094 5691 de
1115 5633 1250 5690 Filio
1268 5633 1362 5688 Dei
1386 5632 1658 5690 incarnato
1679 5635 1834 5691 tidem
1853 5638 2138 5708 approbat:

564 5742 716 5805 rogat
756 5743 849 5802 ut,
892 5731 938 5787 si
980 5729 1183 5802 possit,
1228 5727 1432 5798 aliquot
1469 5727 1725 5787 horumce
1773 5728 2141 5787 hrereticorum

1712 299 1863 355 VITA
1904 297 1964 356 s.
2005 296 2370 356 AUGUSTlNl
2409 297 2722 356 muscum.
3083 253 3087 262 ⁴
3649 315 3728 376 ,5,

2247 411 2408 469 libros
2431 413 2500 470 ad
2527 430 2585 472 se
2614 417 2822 474 mittere
2855 416 3118 490 dignetur,
3153 434 3257 492 quo
3293 436 3468 482 eorum
3499 425 3724 492 doctrinam
3770 470 3773 476 ι

2245 511 2298 559 et
2327 505 2553 574 penitius
2581 519 2764 572 nosse,
2791 517 2845 564 et
2871 505 3139 566 efﬁcacius
3165 512 3326 580 possit
3349 513 3586 574 refellere.
3612 521 3726 580 Acet-

2244 594 2522 652 bissimum
2559 597 2794 656 dolorem
2838 614 2946 670 prce
2981 616 3044 658 se
3077 601 3178 660 fert
3214 603 3280 660 ob
3323 602 3574 666 hereseon
3604 612 3724 670 incre-

2245 695 2422 742 menta
2451 704 2464 740 :
2489 702 2559 744 ex
2588 687 2689 744 hoc
2718 697 2894 747 tamen
2919 705 2977 746 se
3002 692 3112 763 ipse
3135 694 3352 762 solatur,
3370 697 3500 768 quod
3518 699 3615 758 hac
3630 703 3724 763 Deus

2244 779 2461 836 minime
2507 782 2867 852 permitteret,
2911 784 3012 841 nisi
3061 785 3226 855 majus
3267 787 3540 846 electorum
3569 807 3724 852 suom

2243 871 2440 929 bonum
2469 888 2534 929 ex
2564 874 2628 932 iis
2657 875 2816 931 vellet
2840 877 3052 934 elicere.
3084 876 3328 944 Tantum,
3356 881 3543 952 inquit,
3561 900 3630 940 eos
3649 904 3726 957 per.

2249 963 2397 1019 mittit
2442 981 2578 1032 esse,
2621 975 2862 1035 quantum
2906 969 3038 1022 norit
3089 971 3320 1041 eapeaire
3340 1013 3357 1036 ,
3398 981 3531 1044 atque
3567 976 3726 1048 δυβιαε

2247 1057 2578 1113 admonendi:
2606 1067 2753 1130 atque
2790 1061 3077 1116 exercenda:
3108 1072 3296 1117 sancta:
3326 1064 3487 1119 domui
3517 1081 3621 1123 sua.
3642 1066 3726 1125 Ideo

2245 1163 2466 1208 nostram
2489 1153 2552 1207 de
2570 1152 2672 1208 illis
2699 1155 2952 1209 tristitiam
2979 1155 3268 1212 consolatur
3292 1158 3438 1230 :quia
3453 1167 3494 1213 et
3511 1159 3603 1230 ipsa

2245 1245 2335 1312 tia,
2363 1261 2510 1315 quant
2539 1262 2630 1316 pro
2659 1246 2760 1302 illis
2788 1247 3044 1315 habemus,
3069 1263 3158 1302 nos
3187 1248 3364 1303 relevat
3380 1267 3398 1314 ;
3421 1250 3524 1306 illos
3543 1260 3672 1306 autem
3691 1255 3725 1308 in

2244 1351 2338 1389 sua
2372 1337 2690 1406 perversitate
2733 1347 3098 1406 perseverantes
3134 1349 3326 1410 gravat.
3371 1338 3599 1396 Gaudium
3633 1357 3724 1409 tuo,

2243 1426 2378 1497 quod
2405 1427 2726 1498 percipimus,
2747 1429 2948 1500 quando
2967 1430 3123 1500 aliqui
3143 1447 3206 1486 ea:
3229 1432 3298 1487 eis
3322 1433 3515 1488 correcti
3533 1434 3579 1488 in
3602 1435 3724 1490 melius

2244 1528 2630 1583 commutantur,
2670 1527 2717 1574 et
2756 1529 3043 1575 sanctorum
3084 1522 3307 1576 societati
3337 1523 3726 1592 copulantur,ttslli

2243 1609 2429 1679 gaudio
2452 1610 2503 1663 in
2530 1609 2625 1663 hac
2649 1610 2752 1664 vita
2777 1599 3060 1682 comparari
3080 1621 3259 1682 potest.
3290 1612 3432 1670 Unde
3450 1623 3492 1669 et
3517 1614 3726 1669 mastitia-

2245 1707 2384 1753 tuam
2411 1699 2472 1754 de
2507 1698 2726 1768 talibus,
2755 1711 2802 1755 et
2839 1702 3150 1774 vigilantiam
3186 1714 3334 1776 atque
3367 1705 3587 1762 cautelam
3607 1715 3726 1760 contra

2246 1790 2388 1855 tales,
2415 1807 2566 1860 quam
2588 1793 2686 1847 tuis
2707 1792 2881 1850 litteris
2905 1796 3196 1866 expressisti
3215 1839 3232 1862 ,
3263 1797 3469 1852 multum
3501 1797 3675 1870 approbo
3697 1806 3725 1852 et

2245 1883 2396 1937 laudo
2421 1892 2606 1954 :atque
2640 1894 2694 1938 ut
2721 1885 2776 1940 in
2801 1886 2895 1941 hac
2921 1888 3001 1942 uia
3026 1898 3394 1958 perseueranter
3423 1890 3642 1955 ambules,
3665 1904 3726 1959 pro

2245 1976 2367 2029 meis
2388 1976 2594 2039 uiribus,
2619 1977 2737 2047 quia
2757 1977 2851 2031 hoc
2879 1980 3036 2050 exigis
3056 2021 3072 2043 ,
3093 1990 3140 2034 et
3167 1981 3338 2036 ltorter
3363 1990 3411 2036 et
3437 1997 3589 2036 moneo
3604 1980 3724 2035 κιιιί·

2244 2067 2453 2121 serearis
2491 2082 2662 2121 eorum
2708 2077 2945 2138 tanquam
2987 2071 3206 2140 simplex
3245 2081 3298 2125 ut
3343 2073 3578 2138 columba;
3608 2085 3726 2126 eam

2243 2165 2409 2211 autem
2432 2158 2546 2212 illos
2571 2167 2810 2230 tanquam
2843 2171 3011 2216 astuta
3045 2163 3174 2217 sicut
3207 2180 3440 2233 serpens;
3472 2164 3624 2232 desque
3649 2179 3726 2232 opt-

2245 2263 2354 2300 ram
2373 2289 2389 2314 ,
2427 2258 2671 2318 quantum
2701 2261 2838 2320 potes
2857 2294 2871 2314 ,
2910 2261 2964 2305 ut
3002 2254 3084 2322 qui
3125 2253 3218 2306 tibi
3244 2254 3522 2318 adha'rent,
3554 2251 3727 2308 πριιιιιᾶ

2245 2351 2379 2394 recta
2407 2341 2504 2410 (ide
2533 2353 2872 2411 permaneant,
2899 2355 2985 2398 aut
3021 2345 3088 2399 ad
3115 2346 3271 2414 ﬁdem
3304 2356 3500 2412 rectam,
3523 2346 3560 2402 si
3578 2349 3673 2418 forte
3692 2344 3725 2398 is

2245 2431 2410 2501 aliqua
2429 2434 2582 2503 aliqui
2610 2433 2862 2504 depravati
2891 2445 3023 2500 sunt,
3051 2437 3369 2506 corrigantur
3391 2436 3557 2508 (Epist.
3571 2435 3681 2504 264).

2314 2527 2367 2582 4.
2408 2526 2660 2583 Geminos
2708 2528 2872 2583 libros
2923 2538 3108 2584 contra
3159 2529 3508 2585 adversarium
3549 2529 3666 2598 Legis
3693 2535 3728 2582 et

2243 2618 2623 2688 PrOphetarum
2649 2619 2850 2677 directe
2868 2621 3120 2678 adversus
3145 2621 3502 2678 Marcionistas
3519 2631 3564 2677 et
3584 2621 3681 2675 alios
3696 2618 3727 2672 id

2242 2727 2410 2783 genus
2437 2712 2716 2768 haereticos
2742 2713 3076 2784 conscripsit.
3108 2713 3248 2768 Eum
3270 2723 3444 2769 contra
3473 2709 3727 2768 Priscilliaui-

2244 2812 2353 2858 stas
2371 2803 2628 2872 Hispanos
2648 2801 2713 2857 ad
2733 2802 3000 2867 Orosiutn,
3025 2801 3092 2857 ad
3108 2803 3446 2860 Consentium
3470 2812 3518 2856 et
3535 2799 3726 2856 Ceretium

2245 2894 2522 2966 scripsisse
2548 2895 2842 2952 videbimus
2869 2894 3110 2951 inferius.
3151 2897 3214 2952 ln
3253 2896 3437 2952 eodem
3476 2895 3535 2949 ad
3555 2891 3727 2947 Orosium
3807 2893 3816 2964 ‘,

2245 2989 2381 3046 libro
2405 2994 2579 3046 varios
2603 3004 2814 3044 errores
2837 2989 3055 3060 Origeni
3083 2991 3370 3046 attributes
3398 2990 3645 3059 impugnat.
3662 2980 3729 3037 No
3809 2989 3816 3060 ξ

2246 3082 2574 3137 vatianorum
2602 3081 2822 3136 haeresis
2858 3089 3124 3137 erattunc
3160 3081 3412 3152 temporis
3446 3079 3492 3134 in
3523 3073 3731 3133 Occidente

2244 3171 2541 3226 communis
2587 3179 2641 3226 et
2696 3181 2997 3242 pervagata.
3041 3171 3178 3227 Cum
3227 3172 3518 3228 Seleuciana
3561 3176 3730 3222 matrona
3809 3193 3814 3242 ι

2245 3276 2517 3318 sermones
2543 3276 2666 3318 cum
2694 3261 2872 3333 aliquo
2896 3303 2912 3329 ,
2944 3263 3032 3333 qui
3058 3277 3116 3318 se
3145 3262 3302 3334 hujus
3329 3277 3442 3319 esse
3468 3269 3600 3317 sectae
3631 3255 3726 3309 dioe-

2244 3354 2365 3421 bat,
2402 3355 2744 3422 contulisset,
2777 3369 3001 3425 eumque
3027 3352 3242 3411 Christo
3284 3355 3465 3410 lucrari
3501 3352 3726 3419 expeteret.
3803 3347 3816 3514 l

2244 3445 2600 3514 Augustinum
2638 3445 2876 3514 rogavit,
2905 3453 2963 3499 ut
2986 3445 3229 3514 quatdam
3262 3444 3335 3500 illi
3371 3445 3641 3499 documenta
3660 3444 3728 3488 trt-

2244 3445 2600 3514 Augustinnm
2638 3445 2876 3516 rogavit,
2905 3453 2963 3499 ut
2986 3445 3229 3515 quatdam
3262 3444 3335 3500 illi
3371 3445 3641 3499 documenta
3660 3444 3728 3488 trt-

2245 3537 2374 3593 dere
2397 3515 2720 3608 dignaretur.
2749 3536 2915 3592 Simul
2945 3537 3013 3591 ad
3039 3552 3162 3592 eum
3191 3537 3426 3607 scripsit,
3467 3533 3586 3588 hunc
3618 3525 3730 3582 Nova-
3801 3515 3811 3610 ξ

2248 3629 2446 3684 tianum
2500 3628 2698 3684 nullam
2750 3627 2850 3682 nisi
2905 3635 3026 3684 ante
3077 3627 3402 3696 Baptismum
3453 3613 3729 3696 pmnitentiam
3803 3619 3829 3696 ξΤ

2245 3733 2560 3790 agnoscere;
2581 3729 2739 3789 atque
2757 3719 2918 3776 etiam
2933 3718 3277 3783 contendere,
3301 3719 3502 3773 Petrum
3521 3727 3607 3768 non
3623 3686 3731 3761 luisse
3803 3681 3811 3802 Ι

2249 3809 2587 3906 baptizatum.
2620 3809 2849 3906 Credere
2881 3809 3078 3878 pariter
3109 3809 3405 3873 videbatur,
3435 3795 3730 3906 neophvti‘sin-

2249 3899 2452 3955 terdum
2483 3900 2779 3969 impositam
2810 3898 2973 3954 fuisse
2997 3899 3064 3954 ab
3084 3899 3373 3969 Apostolis,
3402 3891 3618 3965 Βοριὶεωί
3641 3887 3732 3948 ὶοοοι

2249 3992 2633 4060 pmnitentiam.
2662 3992 2790 4057 Quae
2812 4000 2984 4045 tamen
3011 4005 3116 4046 non
3138 3999 3257 4046 erat
3277 3991 3640 4045 Novatianorum
3653 3989 3734 4034 sel;

2250 4083 2406 4110 ιη...;.ι
2463 4082 2749 4110 namnam:-
2786 4083 2941 4110 κώπη..
2977 4081 3039 4110 ..Α
3069 4081 3432 4110 manumanu.“
3464 4071 3734 4110 Λιιηιιςιίηιιςι

2250 4083 2430 4136 tentia.
2461 4082 2754 4150 Rescripsit
2786 4083 2941 4152 igitur
2975 4081 3043 4136 ad
3069 4081 3434 4137 Seleucianam
3454 4071 3734 4146 Augustinus:
3807 4071 3827 4150 ξχ

2248 4181 2302 4226 ct
2329 4171 2416 4228 ubi
2435 4172 2716 4241 triplicem,
2735 4187 2894 4244 quam
2916 4174 3158 4243 agnoscit
3179 4173 3430 4238 Ecclesia,
3457 4159 3734 4242 prandenti“
3811 4225 3814 4230 .

2250 4265 2431 4335 paucis
2477 4263 2754 4334 probavit,
2797 4265 3012 4321 uberius
3037 4265 3266 4320 ostendit
3296 4264 3490 4320 nullum
3512 4271 3611 4315 esse
3630 4246 3732 4308 duhi-
3809 4299 3816 4308 .

2249 4357 2393 4412 tandi
2423 4357 2618 4421 locum,
2650 4357 2774 4426 quin
2802 4356 2992 4412 Petrus
3017 4356 3314 4426 baptizatus
3340 4353 3502 4411 fuerit.
3531 4346 3735 4416 llujttm'
3811 4403 3814 4406 .

2249 4457 2358 4504 tem
2405 4448 2628 4518 apostoli
2673 4449 2974 4517 exemplum
3022 4447 3088 4502 ad
3143 4446 3460 4519 probandam
3505 4434 3735 4519 canonicam
3813 4485 3816 4488 .

2249 4548 2368 4609 post
2393 4517 2694 4608 susceptum
2725 4539 2990 4610 Baptisma
3017 4517 3376 4610 paenitentiam
3402 4550 3500 4592 non
3524 4529 3617 4586 vult
3632 4517 3736 4578 λάω-
3824 4584 3825 4610 Υ

2247 4631 2358 4687 beri
2393 4630 2594 4702 (Epist.
2620 4629 2767 4704 265).
3815 4683 3818 4692 ,

2320 4722 2372 4778 5.
2415 4721 2644 4780 liaeresis
2663 4763 2680 4788 ,
2712 4721 2863 4791 cujus
2892 4720 3101 4778 celeber
3130 4721 3219 4777 ille
3246 4717 3578 4775 Tertullianus
3602 4711 3736 4778 parons
3813 4757 3820 4788 ε

2246 4814 2448 4878 fuerat,
2497 4821 2551 4868 et
2591 4828 2708 4882 quae
2753 4812 2925 4882 reipsa
2973 4810 3478 4866 Tertullianistarum
3517 4795 3737 4857 dicebatur.

2247 4906 2416 4961 adhuc
2441 4920 2555 4960 aevo
2583 4881 2860 4975 Augustini
2879 4901 3198 4974 Carthagine
3229 4903 3466 4973 vigebat:
3492 4904 3644 4950 verum
3657 4893 3740 4939 cum

2250 4998 2500 5068 paulatim
2521 4945 2704 5052 una:
2724 4995 3016 5061 debilitata,
3050 4945 3264 5049 tgndem
3281 4945 3482 5062 .aliquot
3505 4981 3633 5040 antiis
3655 4981 3740 5029 ante

2250 5091 2446 5146 obitum
2471 5088 2708 5158 ejusdem
2733 5087 2904 5143 sancti
2928 5087 3175 5142 Pnesulis
3204 5086 3408 5156 penitus
3429 5078 3654 5159 exstincta
3671 5071 3738 5121 esL

2247 5091 2446 5146 obitum
2471 5088 2708 5158 ejusdem
2733 5087 2904 5143 sancti
2928 5087 3175 5142 Pnesulis
3204 5086 3408 5156 penitus
3429 5078 3651 5138 exstincta
3671 5071 3738 5121 est

2247 5179 2376 5236 Cum
2404 5180 2544 5234 enim
2567 5179 2890 5250 Augustinus
2919 5186 3062 5233 esset
3089 5175 3425 5246 Carthagine,
3451 5158 3739 5250 pauci

2247 5271 2374 5326 dum
2389 5271 2479 5342 qui
2505 5245 2816 5340 supererant
2835 5267 3264 5332 Tertullianistae,
3286 5245 3420 5320 illius
3445 5253 3606 5332 procul
3628 5245 3740 5342 dubio
3819 5329 3821 5338 Ι

2249 5340 2543 5418 hortatibus
2564 5403 2577 5425 ,
2621 5360 2687 5416 ad
2723 5359 2976 5415 Ecclesim
3004 5358 3278 5414 catholicae
3305 5356 3540 5412 unitatem
3567 5340 3751 5434 rell}le

2249 5452 2554 5516 basilicam,
2585 5465 2742 5521 quam
2775 5449 3034 5506 hactenus
3057 5454 3364 5512 tenuerant,
3395 5445 3445 5497 in
3481 5427 3740 5521 Ecclesifie‘

2249 5452 2554 5516 basilicam,
2585 5465 2742 5521 quam
2775 5451 3034 5506 hactenus
3057 5454 3364 5512 tenuerant,
3395 5451 3445 5497 in
3481 5451 3740 5494 nectesth-

2249 5544 2452 5600 Aurelii
2493 5541 2725 5614 episcopi
2769 5555 2956 5598 manus
2998 5539 3321 5596 tradiderunt
3363 5532 3469 5610 (De
3499 5515 3737 5583 Bardi“:

2247 5640 2373 5691 liter.
2403 5640 2470 5691 87
2489 5640 2528 5691 l.

2263 5640 2268 5674 Ι

2403 5637 2586 5783 illlam
2616 5725 2860 5781 haeresim
2893 5725 2945 5780 in
2972 5720 3293 5794 llipoonensi
3321 5724 3483 5775 tractu
3509 5711 3644 5766 tetate
3661 5695 3740 5753 Διι-
