3838 6270
613 341 720 404 855

612 458 838 527 nem,ad
866 473 1023 530 quam
1063 458 1114 516 id
1138 459 1382 531 responsi
1421 458 1534 515 dari
1561 457 1828 528 iusserat:
1861 457 1920 512 Si
1940 457 2174 511 christia-

609 567 706 605 na:
725 566 796 614 es,
817 566 960 605 tertia
976 551 1070 606 hoc
1086 551 1281 622 judicio
1297 549 1392 605 Dei
1416 548 1604 622 (Epist.
1632 549 1720 614 55,
1742 565 1795 601 η.
1825 548 1902 617 4).
1926 546 2052 602 Utut
2072 553 2173 608 est.

611 657 707 712 per
747 641 928 698 urbem
957 642 1351 712 Hipponensem
1387 641 1609 697 subinde
1659 639 1954 712 pervulgari
1995 638 2175 710 ccepit,

609 747 716 788 non
741 732 842 789 hoc
874 733 1276 790 Proculeianum
1307 734 1604 799 mandasse,
1626 733 1764 804 quod
1793 732 2057 803 publicum
2090 747 2176 786 re-

611 832 909 888 nuntiasset
927 830 1170 888 Officium
1192 828 1377 901 (Epist.
1407 830 1496 894 54,
1529 846 1580 882 n.
1617 829 1694 900 5).
1717 827 2006 884 Ferebatur
2030 836 2084 882 et
2111 827 2177 881 il-

609 928 700 984 lud
720 927 938 991 dixisse,
961 924 1005 979 si
1024 929 1168 978 tanta
1189 920 1537 992 Augustinum
1563 919 1862 990 disputandi
1889 917 2081 990 cupido
2107 920 2178 974 in.

611 1026 865 1085 cesseret,
891 1015 1288 1073 Constantinam
1312 1015 1388 1069 ire
1403 1013 1668 1078 debuisse,
1690 1027 1794 1082 quo
1811 1012 1909 1081 ipsi
1929 1013 2176 1080 frequen-

615 1120 695 1167 tes
722 1114 1098 1175 convenerant,
1143 1105 1225 1160 vcl
1255 1104 1326 1159 illi
1345 1103 1576 1159 eundum
1600 1103 1845 1168 Milevim,
1871 1102 1960 1156 ubi
1996 1102 2176 1156 conci-

616 1201 744 1256 lium
772 1200 921 1255 brevi
945 1206 1124 1254 essent
1145 1194 1536 1251 babituri.Erat
1557 1202 1665 1248 tum
1700 1193 1834 1262 apud
1866 1193 2178 1264 Hipponem-

611 1294 833 1365 Regium
865 1290 1122 1347 Eusebius
1141 1289 1222 1344 vir
1238 1288 1535 1358 primarius,
1563 1287 1948 1342 Donatistarum
1965 1286 2176 1357 quidem

609 1391 839 1440 sectator
865 1390 921 1437 et
949 1379 1274 1436 Proculeiani
1318 1379 1538 1448 amicus,
1585 1393 1766 1433 verum
1809 1377 2064 1448 singulari
2090 1391 2176 1431 sa-

611 1475 827 1547 pientia,
859 1473 1112 1545 gravitate
1136 1480 1191 1528 et
1229 1469 1589 1526 moderatione
1617 1470 1888 1539 praeditus.
1919 1466 2049 1524 Cum
2076 1468 2176 1539 igi-

613 1575 698 1622 tur
724 1566 890 1621 nollet
911 1564 1235 1636 Augustinus
1263 1561 1330 1617 ad
1355 1561 1755 1617 Proculeianum
1803 1561 2007 1616 litteras
2046 1560 2179 1616 scri-

610 1656 761 1725 bere,
785 1654 925 1728 quod
962 1671 1052 1711 eas
1080 1655 1168 1712 ille
1204 1661 1498 1724 respueret,
1523 1652 1664 1709 hunc
1687 1652 1976 1709 Eusebium
2017 1653 2178 1709 inter-

609 1747 845 1821 pellavit,
876 1756 1064 1819 petens
1091 1747 1157 1803 ab
1181 1762 1246 1803 eo
1275 1762 1371 1817 per
1387 1747 1555 1802 bonos
1579 1754 1636 1802 et
1658 1745 1909 1804 honestos
1938 1747 2098 1814 viros,
2121 1757 2178 1804 ut

611 1855 642 1896 a
675 1839 1020 1896 Procnleiano
1044 1846 1324 1910 quaereret,
1356 1853 1480 1893 num
1523 1837 1624 1892 hoc
1646 1837 1948 1893 mandatum
1979 1839 2178 1894 Victori

611 1930 838 1999 dederit,
867 1931 1010 2004 quod
1051 1930 1233 1988 Victor
1271 1929 1435 2000 ipsius
1454 1929 1630 1984 verbis
1658 1927 1841 1984 Officio
1861 1930 2072 2000 publico
2093 1945 2178 1985 re-

612 2022 940 2088 nuntiasset;
961 2037 1029 2076 an
1056 2021 1128 2076 illi
1154 2020 1363 2092 publico
1381 2019 1586 2074 muneri
1603 2018 1836 2091 praefecti
1863 2035 1926 2075 ex
1948 2019 2178 2076 Victoris

613 2115 789 2171 verbis
817 2113 973 2170 falsas
994 2112 1198 2168 tabulas
1221 2110 1592 2167 confecissent.
1617 2111 1698 2166 Ad
1722 2112 1968 2167 eumdem
1995 2121 2175 2182 postea

611 2207 678 2263 de
705 2207 807 2264 hoc
839 2212 1147 2278 argumento
1175 2203 1405 2274 scripsit,
1437 2217 1631 2274 rogans
1671 2211 1730 2257 ut
1754 2203 2041 2273 generatim
2058 2217 2180 2273 per-

609 2306 962 2364 cunctaretur,
1005 2311 1247 2368 quaenam
1275 2294 1605 2350 Proculciani
1633 2309 1784 2349 mens
1812 2302 1954 2349 esset
1977 2294 2042 2348 de
2069 2302 2178 2348 tota

607 2389 908 2446 schismatis
935 2388 1228 2460 quaestione
1250 2385 1600 2442 discutienda.
1620 2383 1923 2451 Profitetur,
1948 2384 2016 2440 ad
2043 2384 2180 2442 hanc

608 2479 813 2550 placide
838 2495 959 2534 cum
980 2478 1071 2533 illo
1099 2476 1528 2547 pertractandam
1550 2491 1609 2531 se
1637 2476 1863 2531 libenter
1887 2475 2176 2531 descensu-

609 2583 745 2636 rum,
776 2570 821 2624 si
859 2568 1237 2624 Proculeianus
1263 2575 1549 2632 annueret;
1586 2565 1727 2636 quod
1757 2581 1822 2620 ex
1847 2565 2179 2622 sermonibus

610 2661 676 2718 ad
704 2677 763 2718 se
787 2662 968 2718 relatis
1011 2660 1242 2716 futurum
1267 2661 1531 2730 sperabat.
1555 2660 1846 2731 Acceperat
1891 2661 2032 2716 enim
2056 2676 2178 2717 eum

610 2753 826 2821 dixisse,
844 2752 994 2808 denis
1021 2753 1283 2823 utrimque
1309 2752 1555 2823 gravibus
1575 2759 1631 2807 et
1657 2751 1893 2808 honestis
1929 2751 2083 2819 viris,
2099 2751 2177 2807 ci-

610 2852 688 2898 tra
711 2844 1015 2915 popularem
1048 2843 1328 2898 tumultum
1365 2842 1634 2911 adhibitis,
1662 2842 1760 2897 sibi
1787 2843 2046 2899 ambobus
2082 2858 2177 2899 ve-

609 2934 818 2991 ritatem
847 2950 912 2990 ex
937 2934 1222 3006 Scriptura:
1252 2936 1566 2991 auctoritate
1606 2949 1726 2991 esse
1755 2934 2174 3005 disquirendam.

609 3024 887 3097 Subiungit
933 3034 1144 3081 sanctus
1172 3026 1385 3092 Doctor,
1415 3025 1459 3080 si
1490 3024 1867 3080 Proculeianus
1905 3039 2086 3080 secum
2113 3025 2180 3080 ad

609 3115 929 3185 colloquium
950 3131 1090 3187 aegre
1117 3115 1473 3171 descensurus
1497 3123 1660 3182 esset,
1691 3114 1833 3185 quod
1857 3113 2181 3170 humaniori-

610 3207 712 3263 bus
731 3208 1040 3279 disciplinis,
1060 3219 1116 3265 ut
1142 3209 1428 3276 ferebatur,
1459 3210 1635 3265 minus
1655 3209 1790 3267 foret
1815 3211 2102 3281 expolitus;
2127 3212 2180 3267 li-

610 3298 867 3354 beralium
887 3299 1178 3356 litterarum
1204 3301 1498 3357 doctrinam
1528 3301 1662 3357 nihil
1685 3302 1748 3358 ad
1779 3303 1916 3360 hanc
1935 3305 2181 3375 quaestio-

611 3405 732 3444 nem
759 3392 1042 3460 pertinere,
1071 3408 1190 3463 qua:
1204 3392 1289 3448 vel
1317 3393 1383 3448 de
1408 3394 1604 3448 sanctis
1622 3393 1927 3465 Scripturis,
1968 3397 2049 3452 vel
2078 3397 2177 3452 do-

610 3480 874 3534 cumentis
893 3481 1262 3538 ecclesiasticis
1287 3492 1378 3538 aut
1405 3483 1627 3554 publicis
1645 3496 1786 3542 esset
1803 3486 2132 3544 discutienda
2161 3507 2176 3544 :

616 3584 774 3640 posse
801 3579 973 3627 tamen
995 3587 1140 3640 eum,
1169 3589 1327 3645 quem
1365 3589 1396 3629 e
1421 3575 1530 3630 suis
1550 3577 1774 3632 voluerit
1800 3579 2053 3650 collegam
2080 3580 2178 3635 ad-

611 3661 838 3718 sciscere
851 3680 866 3730 ;
881 3674 970 3719 aut
994 3681 1050 3721 se
1064 3665 1336 3722 Samsucio
1358 3667 1610 3724 Ecclesiae
1629 3669 1906 3726 Turrensis
1929 3672 2180 3744 episcopo

609 3755 893 3823 catholico,
924 3758 1012 3828 qui
1043 3766 1151 3813 tum
1183 3759 1422 3829 Hippone
1447 3761 1776 3829 versabatur,
1807 3763 1949 3818 vices
1977 3777 2099 3819 suas
2125 3765 2179 3819 in

611 3845 702 3901 illo
731 3846 993 3918 colloquio
1025 3849 1461 3905 demandaturum
1489 3849 1682 3923 (Epist.
1713 3853 1801 3919 55,
1831 3869 1884 3906 η.
1914 3851 1993 3926 6).
2022 3853 2178 3909 Sam-

611 3939 790 3994 sucius
819 3940 917 3995 iste
945 3941 1098 3995 simul
1139 3956 1260 3996 cum
1294 3940 1485 4013 Alypio
1513 3943 1876 4013 etAugustino
1913 3943 1980 3999 ad
2013 3943 2180 4000 Seve—

610 4043 726 4082 rum
775 4029 985 4101 scripsit
1036 4028 1225 4102 (Epist.
1256 4029 1372 4101 62),
1425 4032 1582 4087 tertio
1611 4033 1729 4088 loco
1759 4035 1814 4088 in
1839 4033 1952 4103 ipsa
1989 4035 2178 4091 inscri-

608 4123 791 4194 ptione
819 4123 1138 4204 nominatus.
1162 4124 1310 4179 Hunc
1338 4124 1448 4180 suis
1469 4126 1521 4180 in
1546 4125 1719 4181 dubiis
1745 4125 2070 4197 Augustinus
2091 4129 2181 4184 ali-

610 4213 825 4284 quando
852 4213 1184 4281 consulebat,
1207 4229 1433 4286 eumquc
1449 4216 1517 4272 de
1543 4231 1603 4272 re
1641 4216 1833 4287 aliqua,
1865 4218 1918 4273 in
1954 4235 2054 4288 qua
2078 4220 2178 4275 dn-

609 4305 729 4361 bius
759 4306 873 4375 ipse
923 4315 977 4360 et
1017 4320 1214 4376 anceps
1245 4307 1488 4372 haeserat,
1517 4317 1662 4364 recte
1697 4311 1893 4364 sentire
1920 4312 2181 4381 comperit

609 4395 801 4468 (Epist.
829 4396 920 4464 83,
951 4413 1003 4451 η.
1034 4398 1112 4468 4).
1144 4397 1396 4464 Quamvis
1413 4398 1553 4453 enim
1585 4413 1830 4455 sermone
1850 4401 1983 4457 foret
2010 4403 2181 4474 impo-

611 4487 753 4551 litus,
788 4503 910 4543 vera
942 4497 1115 4544 tamen
1155 4488 1258 4545 fide
1307 4490 1545 4561 apprime
1573 4499 1688 4545 erat
1718 4492 1958 4548 eruditus
1988 4493 2176 4565 (Epist.

610 4578 699 4642 34,
725 4576 869 4648 n.6).
898 4578 1229 4650 Quapropter
1254 4596 1374 4635 eum
1409 4595 1527 4635 cum
1558 4580 1902 4637 Proculciano
1936 4585 2180 4637 commit-

611 4676 728 4721 tere
767 4683 871 4721 non
914 4670 1197 4724 verebatur
1236 4671 1581 4740 Augustinus,
1612 4671 1885 4728 conﬁdens
1925 4690 2046 4728 eum
2081 4689 2177 4744 pro

611 4757 833 4811 veritate
871 4768 1162 4814 certantem
1190 4759 1440 4816 divinitus
1464 4761 1835 4831 adiuvandum.
1869 4762 1944 4818 De
1982 4762 2180 4820 Milevi-

611 4857 733 4902 tana
763 4863 892 4903 vero
939 4849 1074 4904 urbe
1114 4850 1339 4920 petenda
1388 4851 1672 4922 respondet
1707 4853 2047 4923 Augustinus,
2077 4855 2179 4910 sibi

611 4947 776 4994 totam
805 4940 1113 5011 quaestionis
1139 4940 1296 5013 hujus
1326 4943 1584 4999 rationem
1611 4945 1842 5000 maxime
1888 4960 2008 5002 cum
2046 4947 2178 5003 Pro-

608 5031 852 5088 culeiano
875 5047 1014 5100 esse,
1061 5033 1263 5105 sibique
1317 5035 1371 5090 in
1391 5034 1510 5092 aliis
1551 5036 1848 5092 civitatibus
1871 5051 1978 5093 non
2020 5038 2178 5095 licere

609 5123 896 5196 quidquam
925 5141 1103 5197 agere,
1135 5142 1255 5184 cum
1284 5129 1495 5200 propria
1531 5144 1660 5186 cura
1688 5131 1843 5187 unius
1867 5131 2176 5202 Hipponen-

607 5219 679 5275 sis
707 5218 956 5278 Ecclesia:
982 5221 1048 5276 ad
1076 5237 1134 5278 se
1153 5223 1432 5292 pertineat.

679 5311 733 5366 5.
773 5312 886 5368 Alia
913 5313 1071 5368 simul
1100 5327 1188 5369 res
1213 5315 1558 5386 Augustinum
1590 5314 1658 5370 ad
1687 5315 1918 5370 Eusebio
1943 5315 2179 5372 scriben-

608 5401 735 5457 dum
761 5404 1107 5474 compulerat.
1137 5404 1356 5461 Juvenis
1398 5405 1611 5476 quidam
1656 5407 1949 5462 catholicus
1975 5408 2176 5479 Hippo-

607 5496 789 5550 nensis
834 5495 1022 5551 solitus
1056 5505 1174 5552 erat
1209 5507 1432 5552 matrem
1483 5512 1633 5552 suam
1660 5497 1891 5565 viduam,
1940 5500 2173 5571 inopem,

613 5585 843 5640 vetulam
872 5595 927 5640 et
971 5588 1116 5642 omni
1160 5587 1354 5642 auxilio
1388 5587 1691 5642 destitutam
1719 5588 1958 5660 caedere;
2006 5606 2176 5662 eoque

607 5675 801 5733 furoris
833 5691 1145 5748 progressus
1173 5677 1359 5743 fuerat,
1395 5686 1455 5733 ut
1491 5693 1591 5734 nec
1631 5679 1733 5734 illis
1760 5679 1963 5747 diebus,
1987 5683 2174 5752 quibus

611 5765 789 5840 legum
830 5768 1085 5829 severitas
1137 5769 1557 5826 sceleratissimis
1583 5771 1768 5843 parcit,
1820 5773 2002 5846 quales
2052 5782 2174 5832 snnit

1734 339 1890 397 VITA
1929 338 1986 394 S.
2028 334 2398 395 AUGUSTINI
2437 337 2756 396 EPISCOPI.
3672 358 3740 420 ’56

2283 452 2588 523 Dominicze,
2619 465 2672 512 et
2717 464 2841 512 octo
2863 457 3079 515 Paschae
3105 459 3240 529 dies,
3271 462 3446 534 impias
3471 467 3530 523 ab
3551 485 3741 536 eamanus

2281 548 2594 604 contineret.
2611 547 2702 604 Sui
2731 565 2852 605 eum
2889 551 3124 608 criminis
3161 555 3332 626 arguit
3370 557 3660 629 Augustinus.
3679 568 3742 626 γε.

2281 654 2397 694 rum
2423 655 2543 696 cum
2573 640 2662 698 ille
2686 642 2858 699 scelus
2882 659 3036 700 suum
3060 645 3126 700 ab
3155 645 3380 703 Ecclesia
3406 650 3634 719 prohiberi
3652 660 3741 716 vide-

2282 737 2380 795 ret,
2411 728 2590 786 furore
2614 741 2892 803 correptus
2918 735 3073 789 matri
3097 749 3205 790 suae
3234 737 3304 792 ita
3337 741 3640 799 comminatus
3655 759 3736 805 cst:

2281 819 2606 892 Transferam
2633 841 2711 879 me
2742 825 2795 880 in
2830 834 3021 897 partem
3044 826 3251 895 Donati,
3290 839 3335 884 et
3367 829 3516 886 bibam
3532 840 3739 907 sanguinea

2283 921 2442 968 tuum.
2473 915 2728 974 Videntur
2752 919 3013 992 ipsissima
3039 920 3201 978 fuisse
3225 921 3362 978 illius
3387 925 3548 981 verba.
3575 927 3737 988 Priorem

2281 1008 2543 1064 minarum
2565 1027 2777 1066 suarum
2807 1022 3008 1084 partem
3031 1013 3286 1086 perﬁcere
3305 1032 3403 1072 non
3426 1017 3615 1075 distulit.
3631 1025 3661 1077 A
3676 1024 3740 1078 Do-

2282 1104 2489 1164 natistis
2513 1106 2783 1176 recipitur,
2805 1105 3158 1176 rebaptizatur
3181 1106 3378 1176 furens,
3403 1118 3452 1164 et
3478 1114 3656 1168 materni
3667 1130 3740 1168 sau-

2280 1199 2451 1270 guinis
2479 1199 2665 1254 avidus
2690 1199 2822 1256 albis
2849 1199 3086 1255 vestibus
3112 1200 3436 1256 candidatur.
3465 1201 3586 1258 Intra
3607 1209 3739 1262 canccl.

2281 1291 2362 1346 los
2390 1291 2740 1346 eminentiore
2777 1291 2895 1346 loco
2921 1291 3260 1346 constituitur
3286 1292 3575 1362 spectandus
3594 1295 3645 1349 ab
3665 1311 3737 1352 om.
3794 1305 3795 1368 ς

2281 1381 2458 1449 nibus,
2485 1381 2628 1436 velut
2664 1381 2806 1436 dono
2829 1380 3058 1451 Spiritus
3084 1382 3253 1437 sancti
3285 1383 3500 1452 perfecte
3520 1395 3734 1451 renovatus,

2281 1474 2370 1545 qui
2389 1473 2529 1528 aliud
2559 1473 2688 1530 nihil
2715 1489 2872 1546 quam
2907 1473 3258 1529 matricidium
3286 1475 3540 1546 cogitaret.
3563 1475 3606 1531 ld
3633 1494 3733 1532 unum

2280 1574 2573 1636 supererat,
2605 1574 2664 1622 ut
2689 1566 2778 1637 qui
2806 1581 2925 1621 eum
2946 1565 3022 1621 sic
3046 1564 3290 1621 affectum
3319 1565 3734 1636 baptizaverant,ur-

2280 1667 2467 1729 gerent
2488 1658 2555 1712 ad
2578 1658 2860 1728 reliquum,
2886 1656 3026 1728 quod
3052 1666 3288 1724 noverat,
3308 1657 3434 1712 intra
3459 1673 3564 1713 suas
3583 1667 3733 1723 octavas,

2281 1750 2680 1807 exsolvendum.
2714 1749 2794 1805 Ad
2825 1749 2926 1805 hoc
2951 1749 3327 1820 spectaculum,
3351 1749 3428 1803 vel
3456 1750 3573 1804 inter
3592 1749 3733 1804 Donati-

2283 1851 2411 1908 stas,
2433 1857 2589 1898 nemo
2617 1857 2720 1898 non
2749 1841 2978 1913 gemuit,
3007 1850 3065 1898 ut
3107 1842 3326 1898 innuere
3367 1841 3552 1896 videtur
3576 1842 3737 1911 Augusti-

2282 1948 2401 1998 nus,
2418 1934 2506 2004 qui
2540 1943 2646 1987 tam
2674 1932 2998 1988 exsecrando
3025 1931 3255 1988 facinore
3284 1932 3589 1988 vehementer
3608 1934 3733 2003 percul.

2281 2040 2372 2080 sus
2397 2034 2494 2080 cst.
2519 2025 2670 2092 Hinc,
2701 2031 3154 2095 quantuscumque
3179 2022 3314 2079 foret
3350 2023 3669 2078 Donatistarum
3687 2023 3732 2075 fu-

2282 2131 2391 2180 ror,
2421 2131 2480 2172 se
2519 2117 2704 2172 saltem
2732 2115 2797 2171 ad
2818 2115 3136 2186 loquendum
3169 2116 3282 2187 cogi
3309 2115 3564 2170 arbitratus
3577 2125 3650 2171 est.
3671 2113 3732 2168 Pu-

2281 2205 2434 2261 blicis
2455 2206 2629 2276 itaque
2663 2205 2852 2261 tabulis
2879 2205 3179 2276 consignari
3217 2205 3377 2260 voluit
3403 2213 3498 2259 tam
3520 2204 3732 2272 sacrilegum

2282 2296 2448 2362 nefas,
2482 2307 2558 2364 ut,
2589 2296 2903 2367 ubicumque
2947 2306 3301 2367 opportunum
3331 2302 3550 2352 censeret
3577 2293 3625 2349 de
3645 2302 3733 2347 tanto

2282 2389 2480 2460 ﬂagitio
2507 2390 2778 2458 conqueri,
2822 2389 2935 2445 sive
2967 2389 3100 2443 intra
3131 2389 3507 2460 Hipponensem
3529 2387 3728 2449 civitatem,

2283 2480 2394 2535 sive
2422 2487 2589 2546 extra,
2621 2479 2670 2534 id
2697 2479 2826 2534 citra
2852 2479 3108 2534 mendacii
3140 2479 3482 2548 suSpicionem
3507 2483 3655 2548 posset.
3678 2475 3733 2528 Eo

2281 2569 2403 2625 dem
2423 2569 2674 2638 temporis
2703 2570 2941 2640 vestigio,
2966 2569 3268 2638 priusquam
3291 2567 3500 2623 infelicis
3522 2565 3640 2635 hujus
3659 2577 3732 2616 nco

2282 2660 2432 2732 phyti
2459 2668 2656 2714 octavae
2682 2660 3092 2730 complerentur,
3119 2660 3189 2714 ad
3206 2659 3478 2714 Eusebium
3489 2655 3651 2726 scripsit
3664 2667 3733 2720 spe-

2282 2768 2408 2808 rans
2432 2752 2563 2821 fore,
2596 2761 2652 2807 ut
2679 2753 2789 2823 ipse
2818 2750 3017 2808 facinus
3043 2751 3176 2808 illud
3207 2752 3539 2822 improbaret:
3561 2747 3732 2814 simulque
3787 2747 3790 2823 ᾖ

2283 2842 2332 2898 ei
2360 2843 2524 2898 Deum
2542 2850 2863 2898 contestatus
2883 2841 3213 2898 denuntiavit
3235 2857 3311 2908 se,
3329 2851 3553 2913 quantum
3573 2837 3732 2893 christia-

2285 2946 2404 2985 nam
2433 2946 2612 3001 pacem
2639 2930 2901 3002 diligeret,
2929 2939 3126 2985 tantum
3161 2931 3422 3002 sacrilegis
3442 2930 3530 2984 illis
3547 2927 3731 2994 factisque

2284 3023 2606 3080 schismatici
2630 3024 2682 3077 in
2696 3039 2788 3077 sua
2815 3022 3145 3077 dissensione
3170 3022 3459 3093 patrabant,
3478 3014 3731 3075 commoveri;

2283 3125 2532 3172 caeterum
2556 3115 2693 3170 hunc
2713 3115 2872 3170 animi
2886 3114 2967 3169 sui
2993 3124 3196 3170 motum
3217 3130 3332 3171 esse
3347 3115 3585 3186 pacificum
3601 3127 3612 3176 ;
3627 3119 3733 3175 neque

2284 3221 2401 3262 sese
2432 3207 2482 3261 id
2508 3221 2687 3277 agere,
2718 3216 2773 3260 ut
2799 3206 2866 3260 ad
2910 3206 3336 3261 communionem
3359 3203 3623 3260 catholicam
3645 3196 3734 3267 quis-

2282 3313 2438 3369 quam
2455 3306 2669 3369 cogatur
2686 3298 2898 3365 invitus,
2916 3296 3006 3353 sed
3031 3305 3088 3352 ut
3106 3299 3354 3354 omnibus
3379 3293 3629 3352 errantibus
3647 3302 3733 3357 aper-

2284 3397 2335 3442 ta
2361 3388 2554 3443 veritas
2592 3387 2912 3454 declaretur,
2950 3402 3011 3441 ac
3039 3389 3115 3443 sic
3161 3403 3223 3444 se
3258 3384 3626 3458 amplectendam
3657 3376 3732 3433 satis

2283 3481 2394 3551 ipsa
2417 3481 2728 3552 persuadeat
2747 3480 2936 3552 (Epist.
2965 3481 3074 3552 54).

2353 3574 2407 3628 4.
2450 3574 2740 3644 Augustino
2781 3573 3056 3642 rescripsit
3103 3572 3398 3639 Eusebius,
3432 3567 3644 3625 confitens
3677 3560 3730 3613 sibi

2283 3680 2387 3721 "0"
2407 3666 2633 3735 ΡΓοῦίηίν
2651 3665 2788 3735 quod
2819 3665 2952 3720 filius
2971 3680 3253 3735 percussor
3273 3664 3445 3720 matris
3468 3661 3732 3729 reciperetur:

2284 3755 2701 3820 Proculeianum,
2747 3755 2792 3809 si
2843 3756 3024 3821 sciret,
3071 3755 3454 3827 prohibiturum
3488 3752 3732 3806 fuisseastt

2283 3846 2672 3911 communione,
2704 3855 2807 3900 tam
2847 3846 3102 3901 nefarium
3138 3846 3542 3910 adolescentem;
3568 3846 3732 3894 caeterum
3781 3846 3788 3911 ξ

2284 3938 2462 3991 mirari
2489 3952 2565 4005 se,
2594 3938 2730 4008 quod
2762 3937 2921 4007 judex
2953 3946 3007 3994 et
3029 3939 3232 3994 arbiter
3251 3939 3386 3994 inter
3421 3937 3645 4007 episcopos
3659 3925 3733 3980 fuis-

2283 4039 2365 4084 set
2387 4030 2454 4084 ab
2480 4029 2596 4101 ipso
2614 4031 2947 4085 constitutus.
2991 4031 3313 4101 Augustinus
3337 4030 3463 4086 datis
3485 4025 3541 4082 ad
3565 4036 3654 4079 eum
3672 4017 3730 4070 de-

2284 4137 2391 4176 nuo
2413 4121 2598 4176 litteris
2638 4123 2927 4192 rescripsit,
2958 4137 3170 4192 rogasse
3218 4139 3275 4178 se
3317 4113 3630 4176 tantummodo
3649 4108 3732 4164 illini

2284 4214 2680 4284 benignitatem,
2706 4223 2758 4267 et
2773 4213 2943 4268 adhuc
2971 4229 3177 4284 rogare,
3211 4222 3314 4268 uta
3341 4207 3635 4266 Proculeiano
3651 4208 3731 4268 qmL

2283 4316 2448 4369 reret.
2476 4316 2650 4362 utrum
2673 4306 2773 4361 hoc
2793 4307 2908 4376 ipse
2941 4306 3240 4362 mandasset
3264 4302 3472 4368 Victori,
3494 4294 3606 4370 quod
3633 4289 3677 4344 ab
3695 4300 3731 4340 α)

2283 4400 2383 4455 sibi
2401 4399 2595 4454 dictum
2621 4399 2884 4470 publicum
2902 4397 3140 4453 Officium
3155 4382 3732 4470 renuntiaverat;simnl(i“°_

2283 4464 2730 4562 percunctaretur,
2751 4490 2874 4559 quid
2889 4490 2976 4545 ille
2995 4489 3061 4544 de
3073 4490 3329 4560 colloquio
3344 4486 3543 4543 sentiret
3566 4464 3732 4546 :qlwdid

2278 4583 2525 4654 juvenem
2557 4582 2701 4636 illum
2732 4589 3035 4650 spectaret;
3067 4580 3476 4641 Proculeianum,
3517 4571 3556 4626 si
3594 4566 3732 4639 WW5

2282 4683 2422 4730 esset
2449 4688 2570 4728 eum
2595 4689 2625 4728 a
2663 4688 2755 4728 sua
2792 4672 3160 4728 communione
3191 4671 3457 4742 prohibere
3481 4677 3584 4720 cum
3606 4654 3733 4712 facinus

2282 4767 2384 4837 ipsi
2402 4766 2538 4822 foret
2562 4766 2912 4836 exploratum,
2945 4781 3054 4820 rem
3097 4774 3294 4836 gestam
3321 4759 3468 4816 modo
3489 4756 3733 4825 cognosce":

2281 4857 2440 4912 modo
2466 4855 2778 4926 prohibendi
2830 4872 3030 4911 moram
3058 4870 3309 4911 excusare
3339 4851 3599 4907 nullatenus
3619 4845 3732 4926 posse.

2281 4947 2417 5003 Eum
2442 4924 2639 5017 pariter
2653 4947 2720 5002 de
2738 4948 2842 5002 alio
2859 4947 3078 5012 monuit,
3101 4961 3257 5016 quem
3282 4940 3612 4998 Proculeianus
3626 4924 3734 4983 adhuc

2281 5051 2314 5092 a
2337 5051 2431 5092 sua
2455 5037 2828 5092 communione
2856 5044 3120 5091 teneretur
3138 5034 3432 5092 excludere.
3453 5028 3624 5085 Primus
3639 5022 3736 5080 ita?“

2281 5129 2596 5201 pellebatur,
2639 5128 2948 5200 Spaniensis
2975 5128 3224 5183 Ecclesia:
3252 5127 3304 5182 in
3333 5118 3548 5184 dimcesi,
3573 5121 3615 5168 ιιι
3634 5117 3736 5201 aPi"_‘

2280 5192 2383 5288 ret,
2411 5192 2736 5293 Hipponen-si
2778 5219 3042 5292 quondam
3086 5219 3425 5274 subdiaconus
3453 5232 3463 5266 :
3492 5208 3674 5281 quicum
3695 5192 3734 5246 ab

2280 5327 2499 5368 accessu
2534 5311 2918 5383 indisciplinato
2952 5309 3413 5368 sanctimonialium
3443 5295 3731 5383 prolaberenan

2280 5413 2440 5474 atque
2463 5403 2699 5459 ordinata
2727 5410 2781 5458 et
2815 5418 2942 5458 sana
2983 5409 3240 5474 praecepta
3265 5395 3603 5454 contemneret,
3625 5397 3648 5474 a
3667 5375 3733 5430 cle-

2280 5473 2446 5554 ricatu
2470 5506 2704 5551 remotus
2723 5509 2820 5551 est.
2850 5473 3000 5564 Quod
3030 5497 3118 5552 ille
3156 5494 3361 5564 indigne
3395 5488 3567 5546 ferens,
3584 5473 3634 5530 ad
3657 5477 3717 5564 Pi"
3721 5488 3733 5498 ‘

2280 5600 2360 5646 tes
2385 5589 2775 5645 Donatistarum
2805 5559 3028 5659 transiit,
3055 5605 3085 5643 a
3125 5559 3312 5658 quibus
3345 5596 3441 5638 una
3461 5587 3564 5631 eum
3597 5559 3734 5659 duabf’u‘

2279 5679 2765 5736 sanctimonialibus
2798 5696 2862 5736 ex
2904 5653 3088 5735 eodem
3120 5653 3268 5750 pago,
3309 5687 3417 5746 qum
3443 5669 3566 5723 illum

2282 5773 2510 5840 fuerant,
2535 5771 2883 5842 rebaptizatus
2907 5780 3005 5828 est.
3034 5772 3107 5828 Ex
3121 5732 3213 5827 'eJ
3228 5776 3448 5838 tempore
3474 5759 3591 5813 inter
3609 5732 3729 5818 Ρειάί·
