3868 6410
95 377 193 437 15⁸1

100 502 174 548 tos
206 487 633 546 muliercularum
678 499 880 559 greges,
940 493 993 542 et
1029 485 1377 542 exsecrandas
1405 486 1638 542 Circum~

93 582 353 639 oellionum
391 579 802 636 comessationes
838 576 998 632 vitam
1023 592 1172 632 suam
1198 578 1343 634 omni
1370 577 1632 648 intempe-

93 671 259 726 rantiae
276 669 496 726 addixit.
521 666 1059 738 SubditAugustinus,
1082 667 1318 734 modum,
1345 683 1503 737 quem
1525 667 1637 737 ipse

92 773 294 830 teneret,
331 777 362 816 a
386 762 734 817 Proculeiano
752 761 948 831 pariter
977 775 1094 815 esse
1123 760 1458 826 servandum,
1482 761 1638 815 nimi—

90 871 195 911 rum
231 863 287 910 ut
325 855 411 925 qui
446 853 518 907 ab
563 852 813 917 Ecclesia,
839 851 1129 922 disciplina:
1168 851 1426 922 fugiendae
1453 867 1632 921 causa,

90 944 385 1008 desciscunt,
418 943 553 997 citra
575 941 887 1011 paenitentiae
917 941 1328 997 humiliationem
1367 957 1471 997 non
1502 943 1637 998 reci-

91 1037 301 1105 piantur.
332 1032 505 1102 Rogat
543 1032 696 1103 igitur
722 1031 1034 1098 Eusebium,
1063 1042 1122 1086 ut
1147 1031 1215 1087 de
1263 1033 1344 1086 bis
1389 1033 1634 1090 omnibus

87 1125 344 1180 certiorem
363 1123 763 1178 Proculeianum
786 1120 970 1188 faciat;
997 1131 1090 1177 aut
1105 1138 1162 1178 se
1179 1122 1276 1178 ista
1308 1140 1401 1193 per
1425 1125 1633 1180 codices

88 1217 308 1287 publicos
331 1215 499 1271 eidem
527 1215 870 1271 Proculeiano
896 1215 1324 1271 denuntiaturum
1351 1217 1633 1272 commina-

89 1307 361 1362 tur:silete
393 1322 451 1362 sc
500 1321 604 1362 non
645 1322 822 1376 posse,
868 1307 956 1363 ubi
987 1307 1126 1363 Deus
1154 1307 1298 1378 loqui
1322 1308 1540 1377 jubeat:
1586 1310 1632 1364 si

91 1414 170 1467 per
192 1397 291 1452 vim
321 1396 392 1451 illi
420 1411 578 1468 agere
591 1396 931 1462 contendant,
951 1397 1228 1452 Dominum
1254 1398 1502 1454 Ecclesiae
1521 1413 1633 1454 suae

91 1504 178 1543 non
204 1488 521 1542 defuturum.
557 1487 728 1544 Aliam
755 1503 965 1559 quoque
1006 1488 1373 1559 expostulandi
1418 1504 1630 1544 causam

93 1579 153 1633 illi
173 1579 390 1647 exponit.
435 1577 566 1633 Erat
594 1577 802 1633 cuidam
830 1578 1084 1634 Ecclesiae
1128 1578 1320 1633 colono
1352 1579 1454 1633 lilia
1484 1586 1628 1634 cate-

91 1671 351 1734 chumena,
390 1686 510 1739 quae
553 1686 583 1724 a
636 1670 924 1724 Donatistis
975 1670 1189 1726 seducta
1227 1671 1549 1741 Baptismum
1579 1680 1632 1728 et

91 1763 471 1819 sanctimonialis
502 1764 662 1818 etiam
704 1761 932 1817 formam
976 1763 1044 1818 ab
1079 1763 1264 1818 iisdem
1307 1772 1626 1834 susceperat.

92 1855 369 1909 Voluiteam
400 1862 546 1924 pater
572 1853 642 1907 ad
666 1854 1095 1909 communionem
1121 1853 1432 1908 catholicam
1459 1854 1630 1924 patrio

87 1948 193 2016 jure
216 1962 273 2002 ac
299 1946 455 2016 plagis
484 1945 702 2000 inﬂictis
739 1960 991 2000 revocare
1021 1963 1033 1998 :
1059 1945 1154 2001 sed
1178 1946 1498 2016 Augustinus
1522 1947 1629 2001 vim

96 2035 166 2089 illi
193 2052 221 2088 a
240 2045 373 2106 patre
390 2037 548 2092 vetuit
581 2035 846 2103 adhiberi,
876 2037 1064 2091 nolens
1087 2051 1203 2092 eam
1241 2038 1340 2091 nisi
1367 2039 1630 2093 volentem

98 2135 148 2182 et
180 2137 452 2196 spontesua
476 2127 785 2183 redeuntem
837 2128 1052 2198 suscipi.
1088 2127 1235 2183 Licet
1263 2127 1400 2184 hanc
1441 2129 1629 2200 agendi

93 2217 333 2271 rationem
354 2217 414 2272 ab
439 2219 577 2272 omni
607 2218 657 2272 vi
703 2218 837 2273 adeo
859 2217 1081 2273 alienam
1126 2219 1402 2285 tenuisset,
1436 2219 1627 2274 nihilo-

89 2307 247 2362 minus
264 2322 372 2362 cum
389 2324 482 2378 per
496 2308 824 2379 Spanianum
847 2322 1036 2379 pagum
1057 2309 1338 2380 aliquando
1359 2311 1624 2376 transiret,

93 2400 389 2456 Proculeiani
415 2402 714 2474 presbyter,
743 2402 833 2472 qui
855 2402 903 2457 ei
939 2402 992 2456 in
1021 2401 1182 2456 fundo
1207 2402 1479 2457 catholica:
1499 2404 1627 2472 piis-

90 2491 306 2563 simusque
326 2492 540 2548 femina:
562 2494 812 2558 occurrit,
842 2493 896 2549 in
923 2509 1043 2548 eum
1080 2502 1132 2548 et
1162 2495 1212 2548 in
1237 2495 1402 2564 ipsam
1432 2503 1630 2548 matro-

91 2596 190 2635 nam
209 2583 390 2638 acriter
429 2583 673 2638 invectus
697 2591 798 2649 est,
826 2597 1024 2652 eosque
1054 2582 1336 2638 traditores
1363 2599 1426 2637 ac
1443 2598 1626 2653 perse-

89 2682 269 2728 cutores
283 2675 586 2744 appellavit.
617 2674 733 2730 Non
765 2674 922 2729 modo
943 2676 1129 2744 seipse
1159 2691 1188 2730 a
1227 2676 1318 2730 lite
1344 2675 1630 2730 refrenavit

89 2765 391 2833 Augustinus,
420 2767 524 2823 sed
551 2777 604 2822 et
633 2767 1041 2832 multitudinem,
1065 2784 1180 2838 qum
1209 2784 1266 2823 se
1281 2767 1628 2824 comitabatur

89 2857 394 2924 compescuit.
427 2857 543 2913 Sed
572 2856 656 2911 bis
679 2857 900 2928 aliisque
939 2867 1113 2913 motus
1135 2857 1421 2914 Eusebium
1454 2869 1626 2930 rogat,

97 2954 141 2999 ut
162 2947 550 3005 Proculeianum
581 2949 647 3005 de
667 2949 961 3006 coercenda
988 2950 1296 3006 clericorum
1327 2967 1542 3006 suorum
1567 2951 1630 3005 li-

92 3039 228 3094 centia
247 3050 614 3108 commoneat;
634 3057 732 3097 nec
746 3041 856 3112 jam
873 3043 998 3097 velit
1015 3059 1044 3096 a
1066 3043 1222 3098 bonis
1242 3044 1540 3113 pastoribus
1560 3053 1630 3098 ta-

94 3130 194 3196 ceri,
215 3131 328 3186 dum
353 3133 422 3188 illi
454 3147 647 3188 eorum
671 3147 798 3188 oves
815 3131 1179 3187 insidiantibus
1194 3134 1457 3189 morsibus
1473 3134 1628 3203 lupo-

95 3232 186 3272 rum
224 3236 359 3278 more
403 3221 708 3292 deprtcdari
763 3232 1020 3278 conantur
1072 3222 1259 3293 (Epist.
1310 3224 1420 3294 55).
1472 3224 1629 3279 Binas

96 3308 196 3364 istas
223 3312 407 3376 litteras
436 3314 672 3369 Eusebio
722 3315 931 3384 scripsit
958 3316 1277 3386 Augustinus
1316 3332 1503 3372 recens
1530 3317 1626 3372 ad-

96 3397 179 3454 huc
194 3403 490 3475 episcOpus;
530 3415 857 3476 quapropter
883 3404 950 3459 ad
973 3405 1075 3460 hoc
1095 3414 1301 3477 tempus
1320 3421 1410 3462 eas
1439 3407 1626 3461 retuli-

95 3505 211 3547 mus.

161 3581 208 3636 5.
240 3582 458 3642 Valerius
506 3587 807 3657 episcopus,
844 3587 931 3657 qui
975 3586 1145 3643 adhuc
1175 3587 1225 3644 in
1256 3589 1387 3644 vivis
1417 3589 1624 3660 agebat,

99 3686 201 3726 cum
219 3675 519 3746 Augustinus
540 3679 943 3733 Proculeianum
960 3679 1024 3734 ad
1043 3688 1274 3734 mutuam
1293 3681 1624 3736 collationem

97 3765 258 3834 scripta
283 3767 370 3838 ipsi
392 3770 621 3840 epistola
642 3769 886 3823 invitaret
913 3769 1102 3839 (Epist.
1133 3771 1219 3836 55,
1251 3788 1303 3825 η.
1323 3772 1402 3841 4),
1422 3772 1628 3828 videtur

98 3853 224 3920 paulo
248 3866 356 3928 post
381 3874 448 3914 ex
475 3857 576 3914 hac
601 3859 706 3913 vita
737 3858 1026 3930 migrasse:
1048 3860 1233 3915 saltem
1256 3861 1380 3915 nihil
1402 3863 1627 3932 amplius

101 3943 152 3997 de
173 3947 246 4002 illo
268 3952 638 4021 comperimus.
681 3951 1030 4022 llieronymus
1057 3951 1355 4023 Vignierius
1382 3953 1434 4008 in
1473 3969 1624 4010 suum

99 4035 488 4108 Supplementum
505 4043 685 4099 retulit
707 4058 1006 4100 sermonem
1031 4043 1332 4114 quemdam,
1366 4045 1622 4110 habitum,

100 4140 142 4182 ut
166 4142 308 4201 putat,
337 4135 405 4190 ab
431 4136 727 4206 Augustino
751 4151 869 4190 cum
894 4135 1122 4205 primum
1156 4146 1273 4206 post
1297 4136 1494 4191 obitum
1525 4137 1624 4191 Va-

97 4217 186 4275 lerii
209 4226 349 4280 verba
372 4226 497 4282 fecit
519 4226 585 4280 ad
609 4227 880 4296 populum,
902 4236 1180 4296 postquam
1204 4236 1310 4281 tres
1332 4237 1623 4284 conventus

98 4308 204 4375 dies,
224 4314 284 4370 ob
299 4316 404 4370 vim
429 4317 783 4388 lacrymarum
809 4331 1020 4371 suarum
1048 4317 1310 4387 totiusque
1330 4319 1525 4388 populi,
1547 4329 1624 4374 ta-

98 4402 206 4457 citus
240 4408 598 4475 praeteriisset.
638 4408 738 4463 Hie
763 4422 940 4463 sermo
968 4408 1188 4478 plurima
1214 4417 1357 4480 gesta
1386 4411 1620 4480 comple-

99 4493 239 4563 ctitur,
265 4499 369 4568 qui,
402 4499 446 4555 si
474 4499 738 4570 legitimus
763 4499 906 4554 credi
939 4508 1137 4569 posset,
1180 4501 1500 4555 uberrimam
1528 4517 1622 4556 no-

101 4577 165 4634 bis
190 4581 379 4642 dicendi
412 4598 646 4658 segetem
683 4587 1060 4658 suppeditaret.
1091 4587 1222 4642 Eum
1254 4603 1369 4653 nos,
1408 4591 1525 4660 quia
1555 4591 1620 4646 de

104 4672 380 4732 subdiacono
402 4678 632 4748 quodam
655 4693 686 4732 a
708 4677 992 4732 Donatistis
1017 4676 1336 4748 rebaptizato
1361 4686 1413 4732 et
1439 4679 1490 4732 in
1517 4679 1620 4734 dia-

105 4774 259 4819 conum
284 4768 519 4825 ordinato
546 4769 672 4839 agit,
702 4768 980 4838 rcjecimus
1005 4767 1070 4823 ad
1093 4769 1288 4824 calcem
1315 4770 1441 4824 tomi
1471 4771 1614 4838 noni,

109 4865 190 4918 quo
208 4857 382 4928 scripta
410 4867 596 4914 contra
617 4857 917 4913 Donatistas
942 4858 1296 4914 continentur.
1326 4858 1394 4915 Ut
1418 4861 1620 4915 omitta-

110 4955 199 4998 mus
219 4949 517 5018 expendere,
549 4965 677 5005 num
707 4950 860 5004 stilus
896 4959 977 5004 sat
1014 4950 1284 5021 gravitatis
1325 4950 1534 5019 habeat,
1563 4963 1619 5008 ut

110 5029 350 5106 Augustino
371 5041 538 5112 possit
563 5040 816 5110 adscribi,
840 5055 1016 5096 sermo
1038 5041 1138 5097 iste
1161 5042 1350 5112 majori
1380 5059 1444 5098 ex
1468 5053 1620 5113 parte

109 5135 270 5191 Spectat
307 5133 367 5188 ad
407 5133 772 5189 Rusticianum
812 5133 1280 5204 Mutugennensem
1317 5135 1618 5203 diaconum,

111 5211 198 5270 site
215 5219 597 5290 subdiaconum;
622 5225 710 5295 qui
747 5239 866 5279 cum
892 5223 958 5280 ab
983 5223 1222 5280 Ecclesia
1246 5225 1525 5283 defecisset
1552 5227 1618 5282 ad

113 5301 374 5383 Donatistas,
394 5332 423 5371 a
443 5317 710 5374 Macrobio
729 5318 1079 5388 rebaptizatus
1095 5319 1282 5388 fuerat,
1302 5331 1354 5376 et
1367 5320 1618 5378 diaconus

113 5395 348 5460 Ordinatus.
369 5406 468 5465 lste
491 5400 828 5464 Rusticianus
847 5424 911 5464 ex
932 5409 1170 5479 plurimis
1190 5409 1395 5466 indiciis
1419 5421 1473 5468 et
1493 5427 1620 5468 con-

113 5481 289 5551 Ῐθοιπὶε
307 5497 501 5556 videtur
527 5499 671 5554 idem
700 5515 763 5556 ac
786 5500 1036 5556 diaconus
1061 5502 1146 5558 ille
1171 5502 1618 5574 Mutugennensis,

117 5570 273 5649 dequo
302 5587 610 5661 Augustinus
636 5589 703 5646 ad
729 5590 1071 5648 Maximinum
1112 5570 1341 5664 scripsit,
1373 5604 1429 5651 ut
1461 5570 1618 5666 supra

120 5670 354 5734 notavimus
381 5679 515 5752 (Lib.
543 5681 597 5749 5,
620 5697 735 5750 cap.
763 5681 818 5750 9,
847 5698 900 5737 n.
931 5681 1007 5755 6).

174 5755 217 5813 σο
245 5761 354 5826 Erat
377 5770 513 5830 inter
535 5773 704 5830 sancti
728 5773 974 5833 Praesulis
1006 5776 1205 5834 amicos
1243 5777 1515 5851 presbyter
1537 5781 1618 5836 al-

91 5862 102 5892 Ι

1415 369 1615 429 LIBER
1650 365 1987 439 QUARTUS.

1752 486 1914 543 terius
1939 487 2209 556 Ecclesiae,
2238 488 2450 548 nomine
2491 491 2798 564 Casulanus,
2846 498 2998 570 cujus
3042 503 3231 560 studiis
3257 515 3317 564 et

1745 574 1870 630 stilo
1915 577 2154 648 impense
2181 578 2538 638 delectabatur
2565 587 2915 658 Augustinus;
2962 592 3052 662 qui
3090 609 3211 651 eum
3241 597 3311 654 ob

1743 664 2033 736 ingenium,
2063 670 2203 741 quod
2229 671 2281 726 in
2309 673 2546 743 epistolis
2570 678 2680 733 suis
2705 681 3032 750 ostendebat,
3063 684 3309 742 hortaba-

1741 763 1826 811 tur
1855 768 1911 812 ut
1937 759 1988 812 in
2015 761 2177 816 verbo
2202 761 2293 818 Dei
2323 764 2623 834 proficeret,
2645 776 2698 822 et
2719 768 2786 823 ad
2811 771 3056 828 Ecclesia:
3080 774 3306 833 fructum

1739 847 1907 916 magis
1929 863 1992 903 ac
2019 849 2185 920 magis
2211 851 2521 910 abundaret.
2556 856 2785 928 Degebat
2811 860 2876 926 is,
2908 870 2966 916 ut
2994 864 3217 934 videtur,
3249 869 3301 924 in

1738 937 1964 1006 quadam
1992 939 2181 996 Africae
2206 942 2440 1000 Ecclesia
2460 961 2523 1001 ex
2545 947 2608 1003 iis
2638 949 2688 1003 in
2715 950 2904 1020 quibus
2929 952 3017 1007 alii
3051 954 3304 1024 jejunium

1738 1028 1941 1085 sabbati
1964 1033 2265 1103 servabant,
2288 1037 2376 1091 alii
2401 1038 2634 1096 minime.
2656 1041 2772 1098 Non
2797 1044 2938 1100 enim
2968 1055 3075 1101 tum
3100 1065 3233 1105 unus
3253 1060 3311 1106 et

1737 1117 1876 1174 idem
1917 1122 2107 1193 ubique
2136 1141 2252 1182 mos
2288 1126 2539 1186 Ecclesiae
2576 1132 2714 1188 circa
2759 1134 2859 1190 hoc
2881 1136 3138 1208 jejunium
3168 1151 3302 1197 erat.

1736 1207 1972 1267 Romana
1999 1223 2053 1268 et
2081 1216 2282 1286 aliquot
2321 1217 2620 1278 Occidentis
2647 1225 2912 1292 Ecclesiaa,
2939 1207 3149 1286 etiamsi
3179 1248 3304 1302 pau-

1735 1310 1832 1364 επ,
1865 1299 1994 1355 illud
2022 1311 2169 1358 extra
2197 1307 2569 1381 quinquaginta
2605 1313 2716 1369 dies
2757 1319 3008 1388 temporis
3036 1299 3307 1379 Pascbalis

1735 1389 2102 1449 observabant.
2133 1396 2327 1453 Verum
2356 1416 2452 1471 per
2473 1417 2658 1459 omnes
2685 1405 3000 1478 Orientales,
3033 1421 3085 1467 et
3110 1414 3303 1471 multos

1734 1483 1894 1535 etiam
1917 1481 2280 1544 Occidentales
2313 1492 2538 1561 populos
2563 1494 2880 1554 christianos
2908 1502 3085 1558 nullus
3107 1519 3171 1559 eo
3191 1505 3299 1573 die,

1733 1580 2084 1644 praeterquam
2112 1577 2329 1634 sabbato
2349 1592 2550 1649 sancto,
2574 1585 2863 1655 jejunabat.
2887 1590 2943 1646 ln
2966 1591 3064 1649 hac
3081 1609 3304 1654 consue-

1734 1662 1930 1718 tudinis
1955 1665 2326 1739 discrepantia,
2355 1674 2563 1732 videtur
2590 1677 2879 1737 Casulanus
2919 1685 2985 1740 ad
3024 1689 3302 1756 quemdam

1733 1753 2042 1813 familiarem
2073 1777 2224 1817 suum
2248 1764 2468 1821 Romam
2490 1769 2784 1840 scripsisse,
2814 1783 2872 1830 ut
2897 1777 3056 1833 sciret
3075 1780 3200 1850 quid
3216 1797 3304 1838 es-

1733 1855 1815 1901 set
1836 1849 2242 1908 observandum.
2273 1855 2397 1915 Inde
2425 1861 2624 1918 amicus
2644 1864 2732 1921 ille
2751 1866 2817 1921 ad
2839 1883 2960 1924 eum
2981 1849 3300 1940 rescribens,

1731 1937 2157 2001 dissertationem
2200 1949 2335 2006 bene
2371 1952 2582 2024 longam
2625 1957 2785 2026 misit,
2831 1959 2884 2015 in
2917 1977 3018 2032 qua
3049 1964 3302 2024 Romanae

1732 2028 1983 2087 Ecclesia:
2011 2040 2441 2097 consuetudinem
2473 2049 2784 2104 servandam
2825 2061 2879 2107 et
2906 2028 3126 2112 sabbato
3161 2057 3300 2128 jeju-

1733 2123 1962 2179 nandum
1985 2142 2103 2183 esse
2122 2133 2504 2203 contendebat;
2526 2152 2589 2193 ac
2611 2155 2764 2196 secus
2787 2141 3060 2215 facientes,
3079 2148 3179 2205 hoc
3195 2161 3299 2218 est,

1733 2214 2034 2272 universum
2062 2235 2224 2291 pr0pe
2256 2225 2438 2281 orbem
2470 2228 2812 2288 christianum
2840 2237 3103 2306 injuriosis
3123 2244 3302 2301 verbis

1733 2303 2018 2362 lacerabat.
2051 2309 2156 2366 Sed
2195 2329 2313 2369 cum
2357 2331 2639 2387 operosum
2682 2322 2834 2390 foret,
2881 2333 3298 2389 commentitium

1733 2395 1859 2452 illud
1878 2399 2148 2468 jejunundi
2172 2417 2490 2477 praeceptum
2517 2413 2704 2468 validis
2732 2417 2990 2474 rationum
3014 2425 3296 2482 momentis

1732 2489 2067 2560 confirmare,
2098 2495 2230 2550 laxis
2259 2497 2478 2555 habenis
2507 2502 2557 2557 in
2597 2503 2780 2574 jejunii
2812 2508 3017 2565 laudem
3044 2528 3298 2572 excurre-

1731 2575 1841 2644 bat,
1870 2591 1923 2635 et
1948 2581 1998 2636 in
2025 2588 2438 2646 comessationes
2467 2606 2530 2647 ac
2560 2597 2849 2653 temulenta
2879 2602 3116 2659 convivia
3138 2605 3302 2662 insul-

1731 2758 1960 2816 alienum
1987 2773 2128 2833 erat;
2169 2777 2261 2823 aut
2289 2786 2471 2828 omnes
2508 2777 2596 2846 qui
2623 2778 2845 2851 singulis
2870 2758 3056 2842 diebus
3082 2805 3187 2844 non
3211 2791 3298 2860 je-

1726 2847 1994 2918 junarent,
2034 2855 2134 2912 hoc
2166 2867 2248 2913 est
2271 2860 2559 2920 Romanam
2599 2847 2878 2938 ipsainmet
2907 2847 3302 2945 Ecclesiam,'ut

1732 2947 1786 2994 et
1811 2951 2050 3008 caeteras,
2081 2947 2487 3006 condemnabat.
2518 2955 2664 3013 l-lanc
2687 2958 3110 3022 dissertationem
3136 2968 3302 3026 Casu-

1730 3030 1883 3086 lauus
1907 3033 1972 3088 ad
2000 3036 2346 3107 Augustinum
2375 3043 2535 3108 misit,
2560 3057 2616 3101 ut
2640 3064 2755 3104 eam
2780 3052 3065 3124 refelleret,
3091 3059 3300 3131 sibique

1732 3123 2065 3193 rescriberet,
2091 3137 2261 3183 utrum
2285 3132 2502 3189 sabbato
2519 3136 2702 3194 liceret
2715 3141 2976 3211 jejunare.
2995 3123 3173 3204 voluit
3187 3123 3299 3207 A-u—

1730 3217 1995 3284 gustinum
2027 3235 2216 3276 nomen
2244 3223 2385 3280 illius
2427 3227 2687 3298 ignorare,
2718 3236 2866 3303 cujus
2891 3237 3296 3309 disputationem

1730 3306 1795 3360 ad
1820 3323 1939 3362 eum
1977 3311 2235 3381 mittebat,
2260 3315 2404 3371 illum
2435 3323 2795 3379 tantummodo
2825 3306 3072 3386 Urbieum
3115 3349 3302 3404 quem-

1730 3395 1849 3452 dam
1880 3415 2207 3472 nuncupaus.
2251 3408 2544 3479 Augustino
2571 3427 2602 3466 e
2626 3415 2881 3471 memoria
2910 3419 3106 3476 excidit
3131 3422 3300 3482 Casu-

1729 3487 1852 3544 lano
1872 3494 2185 3560 rescribere,
2214 3497 2383 3554 donec
2408 3502 2604 3558 alteras
2622 3506 2910 3577 accepisset
2932 3509 3153 3580 litteras,
3177 3517 3300 3586 qui-

1729 3575 1827 3633 bus
1853 3579 1975 3648 jure
2004 3584 2299 3655 charitatis,
2329 3606 2428 3659 qua
2458 3608 2620 3649 unum
2649 3575 2821 3665 erant,
2852 3600 2950 3655 sibi
2984 3575 3301 3666 tandem-re-

1729 3670 1976 3738 Sponderi
2023 3671 2309 3743 flagitabat.
2360 3683 2696 3740 Arctissitnas
2730 3688 2888 3758 igitur
2929 3696 3301 3766 occupationes

1729 3772 1851 3812 suas
1891 3761 2191 3831 intermisit,
2234 3775 2291 3822 ut
2325 3768 2559 3827 debitum
2600 3773 2740 3830 istud
2778 3761 3104 3850 exsolveret;
3143 3787 3298 3858 eique

1729 3851 2002 3922 indicaret,
2023 3856 2072 3911 in
2095 3857 2396 3928 hujusmodi
2421 3864 2578 3921 rebus
2597 3867 2772 3924 divina
2796 3871 2910 3942 lege
2927 3875 3143 3932 minime
3163 3851 3298 3947 prm-

1728 3944 1940 4014 scriptis
1966 3949 2245 4004 certiorem
2276 3954 2537 4023 regulam,
2566 3973 2726 4028 quam
2753 3960 2821 4014 ab
2849 3963 2961 4032 ipso
2990 3965 3144 4021 beato
3163 3944 3298 4024 Am-

1726 4032 1906 4090 brosio
1931 4039 2238 4108 accepisset,
2286 4058 2404 4099 esse
2441 4049 2875 4107 consuetudinem
2905 4053 3066 4123 ipsius
3090 4055 3212 4122 loci,
3243 4058 3295 4114 in

1726 4139 1833 4194 quo
1861 4126 2127 4197 degimus;
2157 4139 2248 4186 aut
2270 4133 2316 4188 si
2341 4135 2455 4190 haec
2484 4137 2782 4195 uuiusmodi
2811 4158 2915 4198 non
2945 4146 3034 4210 sit,
3070 4162 3296 4218 sequen-

1727 4217 1850 4273 dum
1876 4234 1995 4276 esse
2023 4223 2319 4293 exemplum
2340 4225 2592 4298 episc0pi.
2619 4229 2724 4286 Sed
2748 4231 2876 4288 falsa
2899 4217 3288 4296 dissertationis

1725 4310 1824 4365 sibi
1856 4313 2029 4369 missae
2065 4327 2374 4386 argumenta
2400 4317 2516 4375 fuse
2541 4321 2720 4390 diluit;
2747 4324 2824 4380 sic
2862 4334 3035 4384 tamen
3062 4340 3120 4385 ut
3145 4331 3196 4386 in
3228 4333 3294 4388 iis

1724 4400 2026 4470 singulatim
2071 4405 2369 4462 refellendis
2413 4423 2518 4464 non
2567 4411 2895 4480 immoretur,
2944 4433 3048 4487 quo
3085 4419 3137 4473 in
3175 4420 3294 4478 aliis

1724 4495 1973 4563 operibus
2015 4498 2182 4567 magis
2226 4501 2533 4570 urgentibus
2589 4503 2753 4558 otium
2801 4520 2952 4561 suum
3007 4509 3293 4567 collocaret

1724 4582 1914 4658 (Epist.
1939 4585 2050 4660 56).
2079 4588 2210 4643 Cum
2241 4591 2311 4645 ibi
2341 4592 2516 4648 laudat
2541 4595 2874 4651 Ambrosium
2899 4598 2950 4652 in
2975 4599 3088 4656 haec
3108 4603 3290 4670 verba,

1722 4676 1966 4733 Indicabo
1996 4680 2111 4746 tibi,
2140 4681 2262 4751 quid
2286 4683 2409 4736 milii
2443 4683 2507 4738 de
2542 4685 2634 4738 hoc
2678 4687 2946 4758 requirenti
2986 4694 3296 4762 responderit

1721 4768 2032 4824 venerandus
2058 4770 2365 4840 Ambrosius,
2388 4788 2420 4826 α
2441 4789 2540 4844 quo
2565 4774 2845 4845 baptizatus
2881 4796 3014 4849 sum,
3041 4780 3293 4839 Mediola-

1722 4860 1888 4914 nensis
1902 4861 2161 4932 episcopus
2177 4860 2330 4933 (Ibid.
2342 4904 2358 4932 ,
2377 4880 2429 4918 n.
2445 4865 2555 4935 52);
2570 4865 2741 4922 locum
2759 4868 3154 4942 datsuspicandi
3171 4891 3292 4933 eum

1721 4951 1955 5007 scribere
1974 4962 2096 5008 ante
2119 4953 2382 5009 Ambrosii
2404 4956 2626 5026 obitum,
2651 4960 2739 5031 qui
2760 4976 2899 5018 anno
2922 4967 3294 5026 trecentesimo

1722 5043 2067 5114 nonagesimo
2112 5046 2357 5115 septimo,
2402 5047 2571 5118 pridie
2613 5049 2886 5108 Paschalis
2922 5057 3157 5128 contigit.
3195 5059 3294 5115 Cui

1722 5134 1955 5206 Opinioui
1981 5134 2113 5190 nihil
2136 5136 2356 5194 interest
2374 5139 2642 5210 refragari.

2367 5225 2591 5286 CAPUT
2628 5229 2719 5287 XI.

1724 5320 1750 5376 1
1792 5319 1873 5377 De
1919 5320 2058 5376 libris
2084 5322 2151 5376 ad
2180 5321 2567 5394 Simplicianum
2594 5326 2905 5398 conscriptis,
2933 5345 3030 5401 quo
3054 5331 3108 5385 in
3131 5331 3299 5387 labore

1793 5412 2248 5482 prwdestinationis
2272 5415 2454 5468 veritas
2472 5413 2550 5468 illi
2573 5431 2604 5468 a
2624 5413 2732 5471 Deo
2757 5420 3018 5475 revelatur.
3039 5420 3075 5474 2
3119 5422 3295 5487 Quan-

1795 5502 1980 5558 donam
2003 5505 2119 5558 editi
2145 5507 2244 5558 sint
2267 5505 2418 5560 iidem
2447 5504 2579 5559 libri.
2607 5507 2640 5560 5
2671 5506 2952 5578 Epistolam
3002 5509 3292 5576 Manicha'i,

1793 5610 1941 5663 quatit
1961 5596 2202 5648 uocabant
2226 5595 2581 5663 Fundamenti,
2601 5597 2786 5668 refellit
2802 5598 3125 5669 Augustinus.
3157 5600 3190 5654 4
3217 5598 3296 5653 Li-

1795 5684 1942 5739 brum
1965 5686 2065 5738 edit
2084 5685 2147 5738 de
2166 5685 2339 5757 Agone
2366 5687 2660 5741 christiano.

1797 5777 1848 5833 l.
1889 5775 1999 5833 Hoc
2023 5791 2162 5832 anno
2187 5776 2353 5848 pridie
2375 5790 2539 5833 nonas
2562 5776 2744 5847 aprilis
2769 5791 2831 5833 ex
2853 5775 2951 5831 hac
2968 5775 3073 5833 vita
3094 5778 3304 5858 migra:
