3868 6444
547 377 655 452 sas

545 507 623 564 vit
643 503 977 570 Ambrosius,
1024 501 1108 557 cui
1133 499 1392 557 successit
1413 497 1802 569 Simplicianus.
1831 494 1984 550 Hunc
2010 493 2120 547 Au-

545 596 785 670 gustinus
809 593 1090 650 Mediolani
1115 600 1353 656 noverat,
1377 591 1595 662 ejusque
1618 586 1876 655 consiliis,
1905 601 2023 640 cum
2053 585 2122 640 de

545 704 638 747 sua
666 687 1015 745 conversione
1039 685 1149 758 jam
1177 685 1318 740 serio
1341 684 1615 756 cogitaret,
1644 695 1772 737 usus
1797 680 1986 736 fuerat.
2003 677 2122 734 iam

545 792 655 839 tum
675 783 729 836 in
756 796 821 837 eo
846 789 1119 850 paternum
1141 777 1406 840 allectum,
1435 790 1540 846 quo
1565 774 1999 844 benignissimum
2029 785 2123 827 cor

545 877 689 931 illius
718 874 958 939 ardebat,
997 873 1168 927 fuerat
1198 879 1448 941 expertus
1469 869 1658 942 (Epist.
1683 867 1772 934 5‘7,
1801 884 1854 922 η.
1888 866 1964 936 1).
1987 865 2122 921 Cum

546 966 738 1022 deinde
771 966 1094 1035 Augustinus
1122 963 1175 1020 in
1202 963 1360 1017 variis
1387 960 1840 1016 lucubrationibus
1865 955 2122 1013 desudas-

547 1066 650 1123 set,
682 1072 864 1112 earum
893 1055 1162 1111 nonnullae
1183 1054 1234 1109 in
1251 1051 1580 1122 Simpliciani
1600 1063 1786 1105 manus
1802 1047 2119 1111 inciderunt,

545 1162 678 1220 quas
703 1149 792 1204 ille
816 1163 935 1203 cum
965 1146 1218 1217 singulari
1239 1145 1399 1199 animi
1423 1143 1690 1213 voluptate
1716 1140 1955 1212 perlegit.
1984 1137 2125 1206 Quin

547 1241 704 1296 etiam
731 1255 826 1310 per
852 1238 1055 1293 litteras
1084 1237 1374 1308 Augustino
1402 1233 1736 1304 signiﬁcavit,
1767 1231 1908 1286 illius
1929 1245 1990 1286 se
2012 1237 2124 1284 stu-

548 1333 753 1388 diosum
775 1345 838 1387 ac
858 1345 1153 1386 memorem
1174 1329 1241 1384 de
1260 1328 1412 1384 donis
1434 1326 1684 1382 divinitus
1705 1325 1755 1383 ei
1775 1323 1982 1379 collatis
2003 1336 2124 1394 gra-

545 1423 701 1478 tulari
724 1441 736 1476 :
762 1422 918 1477 simul
956 1420 1273 1492 qumstiones
1311 1419 1510 1491 aliquot
1551 1418 1624 1472 illi
1663 1415 1955 1488 proposuit,
1991 1430 2123 1486 quas

545 1527 653 1567 uno
679 1511 853 1566 libello
878 1510 1094 1566 enodari
1112 1511 1178 1566 ab
1194 1525 1260 1566 eo
1277 1508 1573 1580 postulabat
1590 1507 1688 1580 (De
1705 1506 1911 1560 diversis
1930 1505 2120 1573 Quaest.

545 1604 614 1659 ad
640 1603 1046 1675 Simplicianum,
1079 1602 1165 1657 lib.
1192 1601 1248 1670 2,
1274 1610 1452 1672 quwst.
1480 1600 1556 1669 6).
1594 1599 1936 1671 Augustinus,
1964 1613 2124 1667 quem

545 1694 766 1751 illustria
793 1702 903 1749 tam
932 1693 1098 1749 sancti
1129 1693 1227 1748 viri
1258 1691 1446 1747 merita
1471 1706 1576 1746 non
1597 1690 1849 1756 latebant,
1881 1689 2021 1743 illius
2043 1688 2125 1742 di-

545 1785 788 1840 lectionis
814 1783 1007 1840 indicia
1046 1782 1478 1853 suffragiumque,
1511 1796 1616 1850 (tuo
1646 1780 1930 1836 litterarios
1957 1779 2124 1848 ipsius

543 1878 752 1934 labores
775 1875 1172 1947 comprobabat,
1198 1874 1322 1929 lano
1337 1874 1511 1928 animo
1532 1872 1738 1942 excepit
1757 1888 1769 1936 ;
1788 1881 1934 1927 ratus
1956 1871 2121 1928 Deum

543 1968 596 2024 id
621 1967 794 2023 solatii
824 1967 966 2022 curis
985 1966 1094 2020 suis
1123 1963 1312 2019 afferre
1337 1963 1586 2029 voluisse,
1606 1976 1726 2018 cum
1742 1977 1953 2031 semper
1965 1970 2123 2017 antea

545 2060 765 2130 pavidus
793 2074 912 2114 esse
938 2066 1220 2128 cogeretur
1239 2070 1302 2110 ac
1326 2055 1601 2118 sollicitus,
1638 2069 1704 2109 ne
1729 2053 1853 2124 quid
1877 2053 1928 2107 in
1955 2067 2121 2123 expo-

546 2149 738 2204 nendis
763 2148 1058 2220 Scripturis
1085 2155 1175 2202 aut
1199 2161 1294 2216 per
1325 2146 1586 2200 inscitiam
1616 2153 1707 2199 aut
1735 2159 1829 2214 per
1865 2143 2121 2198 incuriam

548 2241 896 2310 deiinqneret.
927 2239 1079 2307 Quod
1117 2238 1184 2294 ad
1225 2238 1544 2308 quaestiones
1576 2235 1784 2300 attinet,
1809 2249 1940 2303 quas
1967 2233 2064 2287 sibi
2091 2248 2122 2288 a

544 2332 885 2402 Simpliciano
909 2331 1051 2386 velut
1079 2329 1315 2400 piissimo
1353 2339 1499 2397 patre
1523 2325 1820 2396 propositas
1847 2324 2009 2378 fuisse
2041 2322 2124 2378 di-

545 2424 636 2488 cit,
669 2437 778 2478 non
805 2431 862 2476 ut
886 2421 953 2476 ab
981 2421 1096 2489 ipso
1124 2419 1393 2490 quidpiam
1422 2418 1672 2480 disceret,
1715 2414 1806 2470 sed
1847 2423 1905 2468 ut
1933 2413 2121 2484 explo-

545 2523 687 2569 raret
722 2513 1111 2582 proﬁcientem,
1153 2519 1210 2565 et
1244 2507 1550 2564 emendaret
1575 2515 1872 2568 errantem;
1903 2513 2124 2558 testatur

546 2619 608 2660 se
647 2619 752 2658 non
781 2611 1148 2657 contumacem
1172 2599 1353 2663 modo,
1381 2597 1474 2654 sed
1505 2599 1764 2668 ingratum
1792 2596 1948 2650 etiam
1981 2594 2121 2650 futu-

546 2707 664 2748 rum
681 2691 864 2757 fuisse,
883 2691 984 2746 nisi
1008 2691 1085 2746 eis
1108 2689 1466 2763 respondisset
1492 2687 1510 2759 (
1521 2687 1677 2754 lbid.,
1703 2688 1754 2742 in
1769 2683 2119 2758 Prwfatione).

549 2785 724 2852 Quare
747 2799 866 2840 cum
887 2784 992 2840 illre
1017 2783 1336 2854 qumstiones
1365 2782 1552 2852 partim
1582 2788 1762 2836 essent
1786 2779 1853 2834 de
1887 2778 2123 2849 Epistula

546 2875 612 2931 ad
638 2875 924 2942 Romanos,
949 2873 1139 2946 partim
1161 2874 1226 2930 de
1247 2874 1394 2930 libris
1417 2874 1652 2944 Regum;
1676 2871 1808 2928 duos
1827 2870 2125 2940 composuit

547 2968 730 3033 libros,
761 2968 990 3038 priorem
1034 2967 1246 3038 quidem
1277 2966 1344 3022 de
1388 2965 1768 3037 qumstionibus
1799 2965 1851 3018 in
1877 2963 2119 3028 Paulum,

545 3076 664 3131 quae
700 3060 818 3115 dua:
842 3060 1059 3116 omnino
1081 3068 1266 3124 erant;
1293 3058 1643 3129 posteriorem
1671 3071 1797 3110 vero
1825 3055 1892 3109 de
1917 3055 2124 3110 caneris

544 3153 947 3224 quaestionibus,
994 3167 1216 3221 quarum
1263 3149 1628 3219 propheticum
1667 3161 1882 3202 sensum
1911 3145 2126 3216 Simpli-

544 3244 728 3298 cianus
761 3241 1088 3312 requirebat.
1135 3240 1201 3294 Et
1237 3240 1322 3294 illa
1352 3238 1587 3308 quidem,
1629 3253 1747 3308 qua:
1775 3237 1841 3292 de
1871 3237 2124 3307 Apostolo

549 3333 882 3388 dissolvenda
906 3330 1278 3402 Simplicianus
1313 3329 1662 3400 preponebat,
1703 3332 1813 3398 jam
1851 3329 1919 3384 ab
1948 3332 2124 3402 Augu-

547 3423 689 3479 stino
713 3421 952 3478 discussa
995 3421 1224 3485 fuerant,
1269 3420 1566 3490 litterisque
1606 3421 1850 3475 mandata
1877 3439 1890 3475 :
1913 3421 2004 3476 sed
2035 3421 2124 3476 ille

549 3523 698 3569 ratus
731 3513 1128 3585 Simplicianum
1156 3527 1216 3567 ea
1247 3511 1346 3566 sibi
1373 3511 1762 3582 propositurum
1795 3526 1898 3566 non
1938 3510 2121 3579 fuisse,

549 3605 597 3661 si
619 3619 809 3660 sensus
837 3619 1021 3659 eorum
1049 3603 1214 3658 facilis
1236 3602 1370 3658 foret
1395 3617 1457 3657 ac
1482 3603 1757 3673 expeditus
1781 3619 1794 3656 :
1821 3618 1892 3658 ne
1918 3601 2043 3672 quid
2070 3603 2123 3656 in

552 3695 714 3766 priori
742 3694 1070 3751 discussione
1097 3694 1421 3766 negligenter
1450 3695 1808 3764 praeteriissct,
1833 3711 1894 3750 ea
1919 3695 2125 3748 cautius

551 3787 726 3844 denuo
751 3771 1106 3857 attentiusque
1135 3786 1354 3840 rimatus
1399 3795 1500 3840 est.
1547 3788 1623 3840 Ae
1668 3801 1726 3840 re
1767 3785 1980 3856 quidem
2012 3785 2126 3855 ipsa

551 3893 672 3935 cum
701 3878 921 3933 alteram
947 3877 1293 3948 quaestionem
1318 3875 1385 3932 de
1411 3876 1493 3930 his
1512 3876 1749 3946 Apostoli
1770 3877 1964 3946 verbis,
1991 3875 2126 3944 Quid

552 3969 700 4026 habes
722 3969 857 4041 quod
882 3986 981 4024 non
1005 3969 1238 4041 accepisti
1274 3966 1444 4040 (ἶσοι--
1474 3984 1546 4034 tv,
1574 3968 1629 4039 7)
1653 3967 1676 4022 ?
1700 3967 1765 4023 ad
1785 3968 2126 4026 trutinatnre-

552 4069 813 4128 vocasset,
836 4061 1058 4116 mutavit
1081 4061 1396 4128 sententiam
1421 4060 1474 4114 in
1496 4076 1594 4130 qua
1618 4060 1761 4130 prius
1785 4060 1970 4129 fuerat,
1994 4063 2126 4118 arbi-

551 4161 719 4208 tratus
742 4152 898 4207 lidem
914 4167 1030 4208 esse
1055 4151 1123 4206 ab
1143 4151 1357 4205 homine
1392 4149 1490 4224 (De
1512 4150 1755 4204 Prtedest.
1781 4162 1962 4221 sanct.,
1995 4169 2041 4206 c.
2068 4154 2120 4219 4,

551 4244 687 4314 η.8),
701 4258 929 4314 eumque
943 4252 1062 4312 post
1076 4243 1307 4297 veritatis
1320 4244 1639 4311 praeconium
1653 4259 1710 4297 se
1721 4242 1785 4296 ad
1802 4243 2123 4300 credendum

555 4345 643 4391 aut
678 4351 786 4390 non
816 4333 1141 4390 credendum
1169 4333 1522 4389 determinare
1567 4335 1791 4404 propria:
1840 4335 2123 4392 voluntatis

556 4427 771 4483 arbitrio
787 4424 939 4500 (Ibid.
950 4442 1004 4495 ,n
1014 4425 1109 4495 .7).
1129 4424 1276 4480 Hanc
1289 4439 1435 4480 suam
1453 4425 1786 4491 sententiam,
1803 4441 1919 4497 quae
1934 4425 2125 4483 deinde

555 4519 1094 4590 Semipelagianorum
1137 4517 1253 4585 fuit,
1281 4517 1352 4590 ,in
1396 4516 1663 4572 nonnullis
1692 4518 1976 4588 opusculis,
2007 4533 2123 4590 qua:

554 4611 838 4680 scripserat
874 4610 1046 4664 adhuc
1073 4610 1370 4682 presbyter,
1408 4608 1748 4664 indicaverat.
1776 4607 1975 4665 Verum
2003 4625 2124 4665 cum

557 4716 654 4756 usu
682 4709 735 4755 et
763 4701 1138 4756 exercitatione
1180 4700 1441 4756 scribendi
1485 4700 1796 4772 legendique
1825 4700 2121 4771 proliceret,

557 4793 750 4849 clarius
776 4795 828 4846 in
858 4792 960 4847 hoc
987 4807 1168 4864 opere,
1201 4807 1355 4863 quam
1385 4793 1515 4847 alias
1544 4808 1794 4864 unquam,
1828 4793 2030 4848 initium
2060 4794 2123 4846 li-

555 4885 640 4940 dei
681 4883 903 4955 perinde
939 4899 1002 4938 ac
1039 4883 1297 4939 bonorum
1336 4899 1553 4954 Operam
1578 4886 2011 4955 consequentium
2041 4901 2126 4940 se-

551 4976 708 5040 riem,
740 4975 937 5031 donum
968 4975 1064 5030 Del
1092 4990 1212 5032 esse
1237 4991 1299 5030 ex
1331 4975 1507 5030 divina
1531 4977 1853 5032 revelatione
1881 4978 2126 5048 cognovit

557 5066 659 5136 (De
685 5065 833 5121 Dono
866 5066 1259 5137 perseverantiae,
1275 5083 1320 5119 ο.
1336 5065 1428 5134 20,
1443 5083 1496 5118 η.
1511 5065 1621 5138 52).
1637 5066 1724 5121 Sic
1740 5078 2013 5140 postquam
2030 5085 2126 5139 pro

551 5157 721 5212 libero
741 5157 1032 5212 laborasset
1046 5156 1288 5221 arbitrio,
1306 5156 1518 5212 tandem
1542 5157 1823 5227 aliquando
1843 5159 1938 5214 Dei
1960 5161 2124 5230 gratia

549 5248 677 5304 vicit
697 5246 994 5321 (Retractat.
1021 5246 1108 5302 lib.
1130 5245 1182 5312 2,
1206 5263 1320 5318 cap.
1339 5248 1390 5315 1,
1422 5265 1476 5302 η.
1501 5244 1576 5320 1).
1603 5247 1656 5302 1η
1675 5249 1954 5320 posteriori
1984 5250 2124 5306 enim

554 5346 708 5410 parte
729 5336 926 5409 prioris
957 5336 1076 5393 libri
1106 5339 1288 5392 statuit
1318 5338 1458 5393 velut
1483 5353 1597 5394 rem
1638 5339 1856 5395 minime
1888 5339 2118 5409 dubiam,

549 5430 775 5504 gratiam
801 5431 894 5488 Dei
920 5447 1026 5486 non
1048 5431 1338 5488 secundum
1360 5433 1545 5488 merita
1568 5443 1744 5489 nostra
1771 5433 1902 5490 dari.
1931 5433 2124 5492 Probat

549 5525 710 5582 etiam
750 5523 955 5580 initium
984 5524 1104 5582 ﬁdei
1134 5540 1251 5582 esse
1277 5525 1472 5583 donum
1508 5527 1624 5584 Dei.
1667 5527 1734 5584 Et
1769 5544 1830 5585 ea
1871 5530 2122 5602 principia

551 5617 722 5686 ponit,
755 5631 818 5670 ex
847 5616 1038 5687 quibus
1069 5616 1220 5672 facile
1246 5617 1310 5672 sit
1341 5617 1554 5685 inferre,
1595 5619 1718 5674 licet
1761 5619 1812 5674 id
1853 5622 2123 5692 conceptis

548 5707 728 5762 verbis
745 5721 848 5763 non
866 5707 1025 5774 dicat,
1042 5725 1137 5764 nos
1153 5712 1596 5780 perseverantiam
1615 5727 1780 5782 usque
1796 5713 1846 5766 in
1864 5713 2020 5768 finem
2039 5713 2121 5767 ha-

551 5798 678 5860 bere
691 5814 799 5855 non
819 5816 988 5871 posse,
1008 5801 1106 5856 nisi
1125 5800 1190 5856 ab
1210 5816 1272 5856 eo
1289 5802 1376 5871 qui
1393 5818 1490 5857 nos
1505 5802 1572 5858 ad
1594 5818 1810 5873 regnum
1829 5812 1882 5859 et
1899 5800 2120 5874 gloriam

1710 380 1865 437 Vl'l‘A
1904 376 1964 434 s.
1993 360 2354 432 AUGUSTINI
2393 377 2709 435 ernscom.
3649 371 3723 442 ut

2186 2374 2192 2378 .
2231 2326 2542 2382 Sententiam
2583 2345 2718 2392 vero,
2769 2327 2955 2398 inquit,
3006 2327 3068 2380 de
3103 2327 3197 2381 hoc
3227 2342 3373 2397 opere
3399 2335 3525 2379 tuam
3560 2323 3724 2379 brevissi-

2227 506 2375 547 suam
2409 493 2816 563 praedestinavit,
2841 492 2993 548 nobis
3018 490 3322 548 conferatur
3345 491 3442 564 (De
3455 492 3585 551 Dono
3603 513 3724 570 pene.

2226 603 2410 656 ver.,c.
2425 586 2518 655 2i,
2543 603 2596 642 η.
2614 587 2725 658 55).
2748 586 3097 656 Quamobrem
3127 584 3443 657 Prospernm
3462 596 3512 643 et
3528 587 3721 650 Hilarium

2225 689 2395 748 rogat,
2418 687 2477 734 ut
2499 677 2600 734 hoc
2619 691 2754 749 Opus
2776 677 3210 745 Massiliensibus,
3233 677 3324 749 qui
3343 676 3610 735 doctrinam
3629 682 3724 740 hanc

2228 772 2622 842 impugnabant,
2654 780 2840 827 curent
2877 771 3277 842 perlegendum,
3321 771 3364 826 si
3407 769 3571 827 forsan
3601 773 3722 832 adhuc
3801 751 3829 842 1

2227 855 2678 926 nonlegerint(De
2696 855 2940 911 Prtedest.
2960 863 3197 917 sanct.,c.
3214 855 3268 918 4,
3285 869 3340 908 n.
3357 852 3431 925 8).
3451 855 3532 910 Sic
3544 855 3723 916 tideim
3801 852 3830 942 Ιἶ

2228 948 2454 1003 fructum
2476 948 2734 1019 percepit,
2756 948 2905 1018 cujus
2921 947 3146 1018 impulsu
3163 949 3229 1002 ad
3253 945 3620 1016 Simplicianum
3634 951 3723 1006 sori-

2226 1051 2423 1114 pserat,
2452 1057 2531 1111 se,
2558 1043 2680 1099 licet
2708 1042 3028 1114 quaestiones
3052 1042 3118 1098 ab
3141 1056 3209 1097 eo
3237 1041 3338 1096 sibi
3364 1044 3644 1113 propositas,
3662 1060 3725 1099 sua
3799 1041 3829 1116 Ις

2229 1133 2478 1190 tarditate
2522 1134 2836 1204 implicatus,
2879 1134 3056 1190 minus
3094 1132 3429 1202 intelligeret,
3467 1133 3570 1204 ejus
3603 1144 3723 1191 tamen

2227 1227 2432 1282 meritis
2462 1226 2650 1282 fretum
2677 1226 2793 1282 illas
2815 1235 3119 1298 aperturum
3149 1223 3339 1295 (Epist.
3363 1224 3449 1291 3⁸1,
3470 1241 3517 1278 n.
3543 1223 3606 1296 5).
3624 1227 3724 1283 Etad

2227 1317 2447 1373 alteram
2465 1319 2811 1389 quaestionem
2833 1316 3052 1387 gradum
3077 1315 3302 1382 faciens,
3323 1324 3531 1370 testatur
3553 1317 3725 1388 seipsius
3795 1315 3829 1389 ι

2230 1409 2479 1480 precibus
2503 1408 2760 1478 adjutum,
2789 1423 2901 1464 rem
2941 1407 3076 1462 adeo
3114 1406 3398 1476 implexam
3427 1414 3478 1462 et
3514 1407 3725 1462 obscuram

2229 1501 2478 1574 aggredi:
2505 1515 2625 1556 cum
2653 1511 2831 1556 certus
2857 1501 2926 1554 sit
2957 1513 3052 1568 pro
3076 1500 3194 1568 ejus
3222 1514 3347 1570 erga
3383 1513 3439 1554 se
3477 1497 3725 1554 benevolen-

2230 1594 2322 1659 tia,
2363 1607 2629 1663 nunquam
2668 1609 2788 1648 eum
2831 1592 3100 1661 iussurum
3145 1591 3332 1658 fuisse,
3377 1601 3433 1645 ut
3469 1591 3568 1646 haec
3591 1606 3724 1646 arcam

2228 1694 2513 1749 rescraret,
2533 1685 2632 1738 nisi
2657 1684 2812 1739 simul
2829 1683 3016 1740 fuisset
3034 1699 3064 1737 a
3085 1683 3198 1740 Deo
3217 1683 3523 1753 deprecatus
3539 1692 3588 1738 ut
3603 1695 3725 1750 posset

2231 1776 2330 1849 (De
2349 1778 2551 1832 diversis
2571 1777 2757 1843 Quwst.
2773 1777 2839 1830 ad
2857 1775 3112 1847 Simplic.,
3133 1777 3221 1830 lib.
3243 1777 3278 1830 2
3293 1818 3306 1838 ,
3323 1776 3546 1849 quasti,
3573 1774 3721 1847 Pref).

2228 1867 2627 1939 Simplicianum
2654 1870 2850 1939 pariter
2879 1877 3046 1938 rogat,
3077 1877 3127 1922 ut
3160 1867 3213 1922 in
3242 1867 3342 1922 hoc
3371 1881 3540 1936 opere,
3566 1866 3724 1935 aliisque
3795 1866 3829 1939 Ι

2229 1978 2346 2032 quae
2374 1962 2427 2016 in
2455 1977 2641 2017 manus
2665 1962 2803 2017 illius
2831 1960 2967 2015 forte
2994 1961 3352 2030 pervenirent,
3383 1973 3482 2014 non
3508 1960 3645 2014 solum
3659 1974 3722 2013 cv-

2227 2067 2342 2108 ram
2363 2053 2585 2122 legentis
2607 2050 2896 2122 impendat,
2922 2051 3014 2106 sed
3037 2052 3198 2106 etiam
3233 2066 3503 2106 censuram
3525 2048 3725 2119 corrigen-

2229 2147 2297 2200 tis
2317 2155 2551 2202 assumat
2571 2145 2756 2215 (Epist.
2789 2145 2877 2210 3⁸7,
2906 2149 2966 2199 η.
2988 2144 3066 2215 '5).
3091 2144 3158 2198 Et
3179 2145 3230 2199 in
3253 2153 3486 2199 extrema
3507 2141 3606 2197 libri
3627 2141 3724 2196 clau-

2229 2236 2365 2303 sula,
2390 2246 2663 2307 postquam
2682 2253 2776 2308 pro
2797 2237 2903 2291 suis
2923 2237 3114 2291 erratis
3133 2251 3316 2306 preces
3332 2235 3398 2290 ab
3413 2252 3472 2290 eo
3489 2232 3722 2304 postulavit:

2230 2436 2384 2483 mam,
2406 2421 2494 2474 sed
2515 2421 2862 2491 gravissimam
2889 2421 3095 2491 ﬂagito;
3123 2429 3171 2474 et
3194 2420 3314 2472 dum
3342 2419 3403 2473 sit
3427 2417 3656 2478 verissima,
3674 2431 3726 2469 se-

2232 2511 2542 2564 verissimum
2563 2528 2662 2565 non
2689 2527 2860 2565 recuso
2898 2509 2997 2583 (De
3024 2511 3233 2566 diversis
3264 2509 3449 2575 Quwst.
3471 2507 3532 2561 ad
3552 2505 3722 2575 Simplic.

2230 2601 2318 2655 lib.
2357 2601 2411 2665 2,
2455 2610 2629 2671 quaest.
2663 2600 2737 2672 6).
2780 2600 2923 2654 Inter
2958 2601 3282 2670 qntcstiones
3311 2599 3435 2654 illia
3458 2595 3724 2666 Simpliciano

2229 2691 2527 2761 propositas
2555 2706 2655 2746 una
2680 2699 2795 2747 erat
2813 2691 2879 2745 de
2908 2690 3244 2761 pythonissa,
3272 2705 3391 2762 quae
3410 2687 3633 2746 Samuelis
3650 2682 3725 2738 ani-

2229 2797 2371 2838 mam
2391 2783 2538 2839 Sauli
2565 2783 2800 2838 exhibuit
2820 2781 3001 2855 (Ibid.,
3019 2792 3201 2854 quatst.
3223 2781 3298 2854 5).
3313 2781 3445 2838 Cum
3468 2788 3620 2850 postea
3641 2774 3725 2829 Dul-

2229 2875 2383 2929 citius
2413 2875 2555 2929 illum
2581 2873 2766 2930 eadem
2791 2874 2857 2928 de
2888 2888 2948 2930 re
2968 2873 3347 2939 consuluisset,
3375 2887 3434 2927 ea
3459 2885 3563 2941 quae
3582 2867 3664 2938 jam
3683 2862 3726 2917 ad

2231 2965 2630 3035 Simplicianum
2657 2964 2963 3034 scripserat,
2989 2963 3329 3020 solummodo
3349 2961 3558 3032 repetiit.
3579 2953 3727 3025 Adjecit

2231 3065 2406 3112 tamen
2435 3056 2502 3112 ad
2531 3056 2726 3112 calcem
2756 3057 2954 3126 operis,
2983 3055 3150 3111 videri
3183 3056 3305 3118 sibi,
3328 3069 3392 3109 ex
3413 3053 3490 3107 his
3511 3065 3609 3122 qua:
3625 3053 3725 3116 post-

2230 3147 2447 3203 modum
2477 3147 2530 3203 in
2566 3147 2936 3203 Ecclesiastico
2967 3146 3340 3217 comperisset,
3370 3158 3470 3199 non
3503 3137 3726 3195 simulatam
3795 3137 3829 3217 Ι

2231 3239 2494 3296 Samuelis
2539 3241 2819 3310 imaginem
2870 3241 3102 3312 maligno
3143 3240 3465 3314 pythonissa:
3507 3228 3729 3290 ministerio

2230 3339 2625 3401 praesentatam,
2652 3332 2745 3386 sed
2767 3331 3068 3388 Samuelem
3089 3331 3266 3402 ipsum
3293 3329 3510 3386 adfuisse
3532 3317 3729 3396 spectabi-

2231 3423 2335 3479 lem
2363 3422 2464 3494 (De
2484 3433 2592 3478 octo
2618 3422 2828 3477 Dulcitii
2858 3421 3070 3490 Damt,
3098 3431 3277 3492 quiest.
3307 3421 3359 3489 6,
3389 3437 3441 3474 η.
3462 3415 3531 3490 5).

2301 3512 2356 3567 2.
2375 3513 2491 3567 Etsi
2515 3515 2837 3584 Augustinus
2861 3529 3044 3570 eorum
3067 3513 3346 3578 librorum,
3373 3524 3495 3582 quos
3513 3505 3725 3578 θρίεοοριιε

2233 3603 2542 3670 elaboravit,
2565 3606 2765 3677 primos
2781 3619 2899 3660 esse
2915 3604 3046 3660 duos
3063 3604 3129 3659 ad
3143 3605 3255 3660 Sim
3263 3603 3529 3675 pliciauum
3542 3594 3723 3670 (Remel.

2234 3693 2322 3748 lib.
2343 3694 2398 3759 2,
2429 3711 2542 3766 cap.
2565 3697 2617 3760 1,
2641 3712 2693 3748 n.
2719 3695 2796 3767 1),
2825 3709 3023 3766 eosque
3048 3695 3099 3748 in
3125 3693 3344 3751 exordio
3366 3691 3442 3750 sui
3465 3688 3726 3767 episcopi?"

2232 3786 2458 3855 scriptos
2487 3800 2515 3838 a
2546 3800 2602 3840 se
2631 3794 2849 3840 testatur
2879 3783 2980 3856 (De
3021 3783 3271 3841 Prcedest.
3317 3791 3472 3839 sanet.
3513 3795 3558 3833 η.
3595 3773 3648 3837 8‘.
3673 3766 3727 3822 θα

2232 3875 2381 3932 Dono
2411 3893 2679 3948 persever.,
2705 3894 2756 3931 η.
2780 3876 2870 3950 55)
2892 3918 2906 3943 ,
2938 3875 3068 3932 nihil
3097 3876 3151 3932 id
3177 3877 3349 3934 obstat
3376 3869 3624 3944 quominus
3643 3858 3726 3917 illos

2231 3971 2285 4025 in
2315 3986 2509 4025 annum
2534 3969 2958 4026 trecentesimum
2985 3969 3385 4042 nonagesimum
3409 3961 3651 4036 septimum
3669 3964 3726 4006 re-

2229 4061 2379 4131 jiciat
2405 4061 2636 4117 Joannes
2657 4061 2856 4127 Rivius,
2883 4059 3021 4116 haud
3042 4060 3238 4119 dubius
3259 4074 3385 4116 sane
3404 4049 3726 4124 Simplicium“n

2226 4151 2337 4220 jam
2365 4162 2475 4206 tum
2503 4166 2623 4207 esse
2651 4152 2955 4222 episcopum
2975 4150 3194 4222 (Rivius,
3226 4166 3376 4224 pagg.
3406 4144 3517 4208 425,
3545 4131 3728 4224 636)=ill

2231 4256 2337 4311 quo
2365 4241 2577 4296 Baronii
2605 4241 2920 4296 sententiam
2950 4241 3158 4296 videtur
3181 4215 3393 4296 secutus
3420 4228 3665 4307 (Batonius.
3683 4215 3729 4272 ωδ

2234 4348 2355 4386 αηη.
2378 4331 2502 4398 597,
2524 4329 2834 4399 n.55).Ausi
2856 4346 2960 4387 non
2982 4346 3166 4387 sumus
3181 4331 3248 4387 ab
3272 4338 3484 4396 utroque
3503 4314 3726 4378 discedere.

2233 4438 2354 4477 cum
2383 4423 2434 4477 in
2471 4423 2616 4478 hisce
2650 4423 2798 4478 libris
2825 4423 3150 4494 Augustinus
3177 4419 3556 4492 Simplicianum

2231 4532 2387 4572 suum
2424 4517 2653 4587 appellet
2681 4515 2868 4589 (Epist.
2912 4515 3000 4581 57,
3037 4514 3181 4570 titulo
3219 4522 3264 4570 et
3300 4530 3352 4567 η.
3381 4511 3438 4571 1;
3477 4505 3548 4562 De
3578 4499 3728 4589 diw‘f‘

2235 4583 2605 4675 Quaestioizibus
2638 4583 2706 4662 ad
2751 4583 3158 4678 Sintpliciatiunt,
3181 4607 3268 4663 lib.
3299 4607 3348 4672 l,
3377 4603 3426 4657 in
3445 4583 3727 4678 ΡτωῙιιιῑοηε)τ

2239 4709 2599 4772 Perpetuoque
2628 4708 2830 4755 asserat
2857 4699 3134 4769 scripsisse
3161 4715 3220 4756 se
3253 4697 3306 4754 id
3334 4693 3526 4767 operis,
3556 4694 3667 4742 nunc
3683 4672 3729 4728 ad

2235 4791 2346 4846 Sim
2354 4791 2630 4859 plicianum
2652 4790 2901 4846 Ecclesia:
2917 4789 3319 4847 Mediolanensis
3334 4782 3613 4842 antistitem,
3627 4776 3730 4865 Ριιξκ

2235 4882 2302 4937 ad
2333 4881 2728 4951 Simplicianum
2768 4884 3072 4954 episcopum
3109 4875 3506 4937 Mediolanensis
3534 4861 3729 4954 Εεείςῗξε

2235 4945 2483 5047 (Retract.
2501 4975 2588 5029 lib.
2610 4973 2662 5038 2,
2681 4945 2835 5047 capri
2863 4945 2977 5040 ;De
2995 4971 3144 5029 Dono
3167 4983 3483 5045 perseva'.,c.
3498 4945 3727 5027 2l,n.55)v

2232 5067 2402 5122 sancti
2428 5065 2692 5122 Ambrosii
2719 5081 3080 5123 successorem
3119 5064 3220 5141 (De
3260 5061 3496 5119 Prwdest.
3521 5052 3725 5141 sana-3."-

2234 5161 2312 5232 8);
2331 5170 2420 5216 aut
2433 5160 2564 5216 alias
2575 5160 2737 5226 dicat,
2753 5176 2863 5215 rem
2879 5177 2910 5214 a
2928 5176 2985 5216 se
3001 5130 3271 5232 quwsﬁsse
3286 5130 3730 5237 Simplicianttltt

2235 5222 2595 5309 diolanensem
2620 5251 2923 5322 episcopum
2941 5222 3039 5325 (De
3057 5261 3165 5306 octo
3179 5245 3384 5305 Dulcitii
3395 5222 3725 5325 ‘0W"5°"ib¥ff

2231 5353 2406 5415 quam.
2427 5344 2479 5409 6,
2509 5361 2562 5398 rt.
2589 5318 2685 5415 2)—:
2710 5318 2974 5414 nunquam
3000 5352 3175 5396 autem
3197 5333 3568 5408 Simplicianum

2230 5421 2426 5492 factum
2452 5410 2757 5505 episcopum
2787 5410 2986 5488 innuat.
3015 5433 3317 5504 Quanquam
3338 5439 3437 5482 non
3457 5421 3627 5474 temere
3828 5435 3829 5476 ἲ

2237 5527 2438 5582 stimari
2466 5483 2663 5598 possit:
2688 5483 3081 5598 Simplicianuin
3107 5483 3276 5580 adhuc
3301 5511 3630 5598 presbyter“m
3645 5483 3726 5598 11b

2235 5576 2551 5690 Augustino,
2577 5634 2676 5690 pro
2701 5576 2949 5688 singulari
2977 5615 3090 5689 ejus
3114 5630 3233 5688 erga
3272 5616 3460 5666 tantum
3486 5595 3630 5690 νίψω

2231 5711 2514 5776 servantia,
2545 5719 2746 5782 patrem
2774 5676 3096 5780 nuncupari;
3123 5676 3373 5779 siauidem
3399 5697 3510 5782 ipse,
3526 5676 3724 5782 “33$:

2232 5819 2332 5861 nus
2351 5820 2473 5860 eum
2497 5769 2759 5859 ambrosii
2783 5801 2836 5857 in
2865 5769 3166 5870 accipienda
3186 5769 3373 5855 Christi
3391 5779 3540 5858 gratia
3562 5769 3721 5844 P‘m

3825 1175 3830 1210 l

3827 1269 3829 1300 ι

3825 2353 3830 2391 1

3825 2627 3829 2662 t

3827 2809 3830 2848 l

3611 6201 3830 6347 ,Δ

3369 6369 3418 6377 μγ...
