3868 6408
131 421 216 478 ιδί
1473 404 1676 460 LIBER
1711 403 2054 473 QUARTUS.

132 532 366 598 nominat,
393 538 445 587 et
467 543 596 584 vere
622 537 680 584 ut
707 535 901 600 patrem
927 525 992 579 ab
1016 523 1208 581 eodem
1235 521 1484 578 dilectum
1512 521 1676 576 fuisse

130 625 269 683 u-adit
289 622 533 694 (Confess.
561 619 655 676 tib.
684 616 1007 690 8,cap.2,n.
1043 617 1125 687 3).
1153 615 1462 671 Ambrosius
1499 611 1676 682 reipsa

128 717 492 789 Simplicianum
533 715 704 784 patris
740 713 856 766 loco
891 725 949 766 se
990 708 1169 764 colere
1205 705 1418 762 disertis
1453 707 1678 777 ipsemet

130 809 283 863 verbis
319 805 576 877 significat
601 822 616 856 :
642 819 759 858 nam
795 810 850 858 et
888 813 1008 856 eum
1047 811 1226 870 rogat,
1254 809 1312 854 ut
1347 812 1407 854 se
1444 797 1677 868 parentis

127 900 294 956 aﬁectu
317 899 530 970 diligere
549 905 733 967 pergat
750 892 918 965 (Apud
939 891 1167 946 Ambros.
1193 889 1457 961 Epist.6'5,
1475 888 1633 962 n.10)
1659 906 1670 942 :

127 1002 172 1045 et
194 989 327 1054 alibi,
357 983 546 1041 Veteris
573 983 806 1050 a/fectunt
834 982 1085 1045 amicitia,
1113 981 1282 1049 inquit
1302 1021 1316 1044 ,
1345 989 1390 1034 et
1409 979 1544 1047 quod
1563 979 1676 1050 plus

127 1089 187 1136 est
203 1119 217 1146 ,
244 1088 451 1150 paterna
477 1077 663 1148 gratia:
695 1091 913 1129 amorem
950 1087 1286 1142 recognosco;
1313 1087 1431 1124 nam
1459 1078 1673 1124 vetustus

127 1172 254 1225 habet
292 1168 473 1240 aliquid
511 1183 631 1220 cum
662 1167 885 1238 pluribus
920 1163 1281 1228 consociabitc,
1313 1163 1505 1234 patrius
1532 1176 1674 1215 amor

127 1279 214 1316 non
241 1263 373 1315 habet
398 1259 588 1330 (Ibid.,
623 1257 790 1327 Epist.
819 1257 909 1324 $7,
933 1272 985 1310 η.
1007 1253 1080 1327 i).
1107 1255 1239 1310 Cum
1267 1266 1446 1309 autem
1459 1251 1673 1323 Simpli-

127 1354 309 1408 cianum
346 1360 448 1405 tam
493 1349 789 1404 honorifice
828 1347 1068 1402 habuerit
1115 1346 1461 1411 Ambrosius,
1501 1359 1673 1414 neque

129 1443 252 1497 deest
289 1441 422 1496 unde
444 1441 770 1510 Augustinus
788 1482 802 1504 ,
834 1439 924 1510 qui
949 1436 1232 1493 Ambrosio
1253 1447 1308 1492 et
1329 1445 1484 1491 :ctate
1511 1445 1565 1489 et
1587 1434 1670 1489 di-

128 1537 296 1605 guitate
322 1534 532 1590 inferior
561 1543 696 1599 erat,
716 1531 960 1587 eumdem
978 1532 1101 1586 licet
1117 1529 1348 1586 nondum
1363 1529 1672 1598 episcopum

131 1635 300 1694 patrem
320 1626 593 1682 nominare
624 1624 858 1678 voluisse
890 1623 1238 1678 existimetur.
1259 1620 1542 1676 Enimvero
1567 1633 1671 1673 non

131 1716 320 1786 legimus
336 1716 500 1789 ipsum
519 1714 658 1770 hanc
674 1714 1082 1784 appellationem
1097 1713 1180 1767 vel
1194 1711 1451 1766 Romanis
1465 1708 1674 1764 deferre

131 1810 436 1878 pnesulibus,
459 1808 540 1865 vel
568 1808 826 1878 episcopo
870 1805 1304 1878 Carthaginensi,
1341 1817 1475 1872 quos
1511 1801 1670 1856 etiam

134 1900 404 1971 plemmque
442 1897 640 1953 fratres
679 1897 932 1968 appellat.
982 1894 1134 1950 Unde
1177 1893 1470 1963 intelligere
1511 1891 1667 1961 licet,

137 2005 240 2045 eum
261 1991 407 2060 patris
433 1990 644 2044 titulum
675 1990 774 2059 ipsi
801 1987 1144 2056 Simpliciano
1162 2025 1180 2052 ,
1208 2000 1313 2038 non
1343 1992 1518 2037 autem
1557 1982 1672 2037 sedi

141 2078 470 2136 Ilediolanensi
489 2079 807 2137 concedere.
833 2077 969 2132 Addi
990 2076 1147 2132 etiam
1169 2084 1340 2147 potest
1357 2088 1477 2129 eum
1498 2072 1671 2129 eidem

138 2170 453 2239 Simpliciano,
479 2171 517 2225 si
539 2171 657 2241 jam
681 2169 974 2225 exstitisset
1000 2167 1282 2236 episcopus
1311 2164 1671 2220 Medioinnen-

134 2261 218 2326 sis,
243 2260 423 2314 titulum
443 2275 588 2332 papa:
609 2261 957 2331 probabiliter
975 2258 1288 2314 collaturum
1310 2257 1471 2312 fuisse
1487 2269 1673 2326 quem-

129 2352 377 2408 admodum
414 2354 632 2410 Aurelio
671 2353 1072 2423 Carthaginensi
1114 2351 1305 2422 (Epist.
1329 2351 1416 2412 41.
1455 2365 1509 2403 n.
1551 2349 1668 2419 80),

128 2455 304 2496 necnon
331 2444 422 2515 ipsi
449 2445 736 2500 Ambrosio
762 2443 1234 2515 deferebat(Epist.
1264 2441 1356 2507 3i,
1383 2455 1438 2496 ιι.
1469 2441 1548 2512 8).
1578 2440 1672 2495 Hm

128 2534 340 2588 nimirum
380 2535 532 2591 sedes
573 2536 724 2606 paris
759 2532 1143 2605 propemodum
1173 2532 1442 2604 dignitatis
1480 2532 1532 2585 in
1564 2529 1669 2585 Ee-

129 2624 261 2679 clesia
289 2627 663 2694 censebantur,
710 2636 762 2682 et
799 2628 914 2697 ipsa
948 2626 1181 2682 iocorum
1219 2621 1556 2693 intercapedo
1589 2623 1672 2690 (ut

126 2719 437 2775 venerandam
471 2720 804 2790 Simpliciani
849 2719 1096 2775 canitiem
1126 2716 1396 2787 sileamus)
1427 2715 1546 2784 plus
1572 2713 1669 2768 ad-

127 2807 210 2862 huc
231 2809 374 2864 omcii
395 2819 450 2865 et
469 2810 702 2866 honoris
729 2825 851 2881 erga
894 2807 1340 2864 Mediolanensem
1369 2806 1548 2862 sedem
1575 2804 1671 2859 ad-

128 2896 268 2954 hiberi
290 2901 612 2970 postulabat.
639 2900 718 2955 Ad
749 2901 869 2955 hazc
889 2899 1215 2962 Gennadius,
1241 2898 1328 2969 qui
1348 2895 1672 2967 Simplicianl

136 2992 295 3066 legisse
318 2996 520 3051 videtur
551 2995 834 3066 epistolam
857 3037 872 3060 ,
899 2995 1048 3050 testis
1075 3003 1158 3051 est
1185 3009 1305 3050 eum
1333 2993 1401 3047 ad
1423 2993 1670 3064 Augusti-

131 3100 230 3139 num
255 3085 412 3141 adhuc
439 3089 817 3160 presbyterum
845 3087 1143 3158 scripsisse.
1163 3087 1269 3142 ilas
1288 3087 1446 3157 igitur
1466 3086 1532 3140 ad
1550 3101 1671 3142 cum

131 3173 296 3230 litteras
309 3175 509 3233 dederit
546 3179 763 3234 inetmte
781 3192 920 3233 anno
947 3180 1317 3234 trecentesimo
1331 3179 1674 3249 nonagesimo

132 3269 798 3325 sextozundeinducimurm
820 3271 1101 3328 credamus
1120 3269 1465 3339 Augustinum
1487 3269 1672 3324 eodem

132 3357 309 3426 quidem
334 3375 466 3418 anno
514 3359 582 3416 ad
619 3361 767 3416 illum
797 3361 1102 3431 scripsisse;
1129 3359 1223 3415 sed
1253 3359 1337 3414 ubi
1366 3369 1550 3430 postea
1577 3361 1676 3416 hos

135 3448 187 3503 ad
206 3450 588 3523 Simplicianum
635 3453 800 3508 libros
839 3454 1185 3516 memoravit,
1215 3468 1365 3514 eum,
1405 3467 1676 3509 commen-

140 3538 276 3595 dandi
298 3553 346 3599 et
371 3544 644 3601 indicandi
672 3545 769 3600 viri
793 3558 970 3611 causa,
989 3545 1296 3615 episcopum
1322 3544 1677 3601 Mediolanen-

144 3643 236 3684 sem
254 3636 601 3703 appellavisse.

197 3721 240 3778 5.
263 3723 371 3782 Post
393 3727 566 3783 libros
594 3727 659 3782 ad
677 3727 1079 3800 Siinplieiannm
1107 3728 1328 3782 collocat
1353 3729 1676 3798 Augustinus

138 3817 406 3882 npusculum
428 3835 460 3874 a
495 3834 553 3875 se
580 3817 912 3874 lucubratum
959 3828 1142 3875 contra
1187 3820 1472 3890 Epistoiam
1509 3820 1676 3876 Mani-

138 3905 263 3973 cbaei,
277 3925 426 3980 quam
454 3913 722 3967 vocabant
741 3911 1088 3967 Fundamenti
1103 3909 1346 3982 (Retract.
1371 3913 1524 3977 tib.2,
1539 3931 1583 3968 c.
1595 3914 1675 3986 2):

139 4000 345 4066 quoniam
359 4005 539 4076 reipsa
561 4014 728 4060 totum
753 4020 905 4074 pene,
925 4005 1061 4074 quod
1079 4005 1346 4060 Manicbsei
1364 4007 1676 4076 credebant,

139 4092 550 4162 complectebatur
571 4093 743 4168 (Cont.
766 4095 927 4168 Epist.
950 4095 1240 4164 Manichaei,
1264 4113 1308 4150 c.
1332 4098 1385 4164 5,
1405 4115 1456 4151 ιι.
1479 4098 1556 4170 6).
1573 4098 1678 4155 Ve-

136 4189 234 4233 rum
250 4183 348 4238 sola
367 4185 512 4240 illius
533 4186 810 4256 principia,
831 4187 882 4242 id
903 4197 1002 4252 est,
1023 4189 1228 4258 priores
1248 4189 1485 4258 epistolae
1504 4201 1679 4261 partes

139 4270 315 4329 refellit.
341 4275 394 4332 in
423 4279 681 4349 reliquam
713 4280 854 4334 enim
875 4281 1147 4350 epistolam
1175 4282 1538 4340 aduotationes
1565 4294 1681 4340 tan-

136 4368 228 4418 tum
245 4366 468 4438 dictavit,
495 4387 614 4444 qua:
635 4381 813 4427 tamen
841 4374 1018 4427 omnia
1043 4373 1107 4429 ad
1134 4389 1250 4430 eam
1274 4376 1677 4434 subvertendam

141 4463 397 4517 necessaria
424 4463 806 4530 continebant;
835 4475 891 4520 ut
927 4465 1008 4521 his
1031 4467 1176 4522 velut
1201 4467 1364 4538 signis
1393 4477 1446 4523 ct
1474 4470 1680 4526 indiciis

138 4545 491 4621 admoneretur,
517 4556 562 4610 si
592 4556 874 4627 aliquando
911 4568 1093 4612 contra
1125 4567 1284 4612 totam
1315 4560 1551 4617 scribere
1585 4577 1677 4617 va-

143 4647 257 4694 απει
282 4641 520 4712 (Retract.
552 4645 639 4701 tib.
670 4649 726 4714 2,
759 4663 875 4721 cap.
899 4646 980 4718 2).
1009 4647 1116 4702 illa:
1140 4648 1505 4706 adnotationes
1532 4653 1678 4707 exci-

143 4723 313 4786 derunt.
357 4735 469 4792 Hoc
510 4751 644 4807 opus
687 4748 870 4793 contra
913 4737 1229 4794 Manicitteos
1273 4740 1476 4796 orditur
1512 4742 1677 4797 Deum

144 4815 424 4895 deprecatus,
459 4839 520 4885 ut
558 4831 656 4886 sibi
699 4841 929 4887 mentem
954 4832 1041 4886 det
1066 4843 1300 4903 pacatam
1341 4845 1497 4906 atque
1536 4845 1680 4892 tran-

145 4913 323 4980 qttiliam
343 4961 356 4984 ,
376 4935 490 4992 qua:
519 4922 587 4978 de
613 4923 820 4978 illorum
860 4926 1188 4981 correctione
1221 4926 1389 4997 magis
1426 4943 1580 4997 quam
1612 4928 1679 4984 de

145 5002 442 5068 sobverslone
465 5014 692 5085 cogitet;
720 5029 839 5070 cum
867 5030 989 5084 erga
1018 5027 1112 5070 eos
1139 5016 1503 5073 misericordia
1522 5061 1537 5086 ,
1571 5034 1678 5076 non

147 5090 244 5149 Ollio
262 5111 551 5168 moveatur;
584 5119 716 5176 quos
739 5120 932 5176 nempe
959 5105 1144 5160 iisdem
1176 5105 1464 5176 erroribus,
1489 5109 1678 5181 quibus

148 5193 262 5254 nte
281 5190 400 5249 adeo
417 5209 476 5250 se
499 5195 814 5266 expedierit,
837 5196 980 5253 videt
1005 5197 1321 5268 implicatos.

204 5277 376 5340 λωιῑο
395 5287 530 5344 libro
551 5287 764 5358 subiicit
780 5303 922 5354 eum,
941 5303 1096 5360 quem
1120 5288 1197 5345 De
1209 5291 1383 5362 Agaue
1405 5293 1678 5351 christiano

151 5363 538 5448 intcribit(lbid.,
566 5396 684 5450 cap.
727 5379 804 5453 5),
850 5397 914 5436 eo
955 5381 1096 5452 quod
1137 5382 1207 5436 ibi
1247 5380 1575 5438 Christianos
1611 5385 1676 5440 ad

109 5491 118 5538 λ
149 5453 385 5546 Mm
411 5479 595 5526 contra
621 5469 918 5527 dmmonem
946 5481 1000 5528 et
1033 5487 1090 5528 se
1123 5473 1268 5543 ipsos
1296 5487 1525 5546 pugnam
1551 5491 1677 5531 eru-

95 5611 126 5630 η
152 5541 257 5604 iiut.
285 5553 336 5611 in
373 5574 437 5616 eo
473 5561 598 5617 tidel
637 5563 870 5633 regulam
891 5605 906 5630 ,
931 5572 984 5620 et
1018 5541 1160 5621 bene
1179 5541 1394 5620 vivendi
1415 5575 1676 5638 praecepta

153 5645 478 5727 rmverbis
502 5654 685 5722 tradit,
715 5655 769 5710 ln
792 5655 980 5727 quibus
1005 5665 1182 5714 tamen
1209 5659 1371 5714 multa
1399 5669 1682 5716 occurrunt

147 5725 284 5805 hac
305 5743 666 5810 pulcherrima.
691 5725 991 5818 Praecipuus
1018 5750 1218 5818 pariter
1239 5751 1473 5807 haereses
1500 5750 1604 5808 hoc
1625 5753 1678 5808 in

160 5819 274 5883 Μ
293 5829 507 5894 breviter
531 5839 952 5911 comprehendit,
979 5855 1111 5914 quas
1135 5842 1274 5900 inter
1302 5853 1354 5901 et
1381 5843 1680 5901 Donatista-

1784 537 1902 576 rum
1929 529 1983 575 et
1999 517 2448 576 Luciferianorum
2468 529 2640 577 sectas
2657 529 2915 579 recenset.
2941 521 3198 577 Observat
3215 537 3354 594 quo-

1783 629 1886 684 que
1934 613 2230 669 Donatistas
2273 614 2324 668 in
2363 613 2508 669 varia
2554 615 2837 669 schismata
2876 615 3034 670 fuisse
3069 615 3353 671 distractos

1783 704 1887 774 (De
1904 707 2073 775 Agone
2088 706 2378 770 christiano,
2395 724 2482 760 nn.
2502 707 2563 762 5i
2576 747 2589 771 ,
2617 706 2726 776 5'2).
2752 706 2944 761 Verum
2961 707 3025 763 ad
3045 721 3219 762 cauae
3239 722 3352 764 sure

1782 797 2061 851 utilitatem
2105 813 2208 850 non
2250 797 2444 864 trahit,
2473 798 2613 867 quod
2656 797 3023 853 Praalextatum
3053 807 3107 852 et
3131 799 3350 854 Felicia-

1783 901 1929 950 num,
1950 902 2070 941 cum
2093 888 2223 942 diris
2249 897 2372 943 ante
2391 889 2855 958 imprecationibus
2879 889 3098 958 eiectos,
3120 891 3348 959 recepis-

1780 979 1980 1034 sentin
2005 979 2432 1034 communionem
2473 993 2623 1034 suam
2661 996 2675 1032 :
2711 979 2837 1034 licet
2875 979 2926 1034 id
2963 977 3106 1036 circa
3141 979 3347 1038 initium

1779 1073 1902 1125 anni
1944 1072 2303 1126 trecentesimi
2331 1072 2650 1142 nonagesimi
2681 1073 2892 1142 septimi
2916 1075 3212 1144 contigerit.
3233 1074 3351 1130 Non

1778 1179 1964 1236 parum
1989 1165 2091 1220 hoc
2117 1163 2259 1220 favet
2278 1166 2342 1220 iis
2359 1181 2480 1235 quae
2501 1166 2748 1232 diximus,
2775 1180 2896 1222 eum
2918 1165 3096 1222 forsan
3121 1166 3187 1222 ad
3207 1165 3351 1223 Sim-

1778 1256 2061 1327 plicianum
2090 1257 2368 1328 scripsisse
2393 1258 2499 1327 jam
2527 1258 2652 1313 inde
2691 1258 2760 1313 ab
2800 1272 2942 1313 anno
2973 1260 3354 1316 trecentesimo

1779 1348 2120 1418 nonagesimo
2147 1359 2317 1403 sexto.
2343 1349 2501 1405 Natat
2527 1349 2669 1406 hmo
2691 1352 2882 1406 librum
2909 1351 2977 1407 de
3005 1353 3189 1423 Agone
3205 1352 3353 1409 chri-

1779 1438 1949 1492 stiano
1971 1437 2159 1492 humili
2187 1439 2330 1506 stilo,
2351 1448 2409 1495 et
2435 1440 2683 1497 fratribus
2711 1441 2874 1498 latim
2889 1457 3140 1500 sermone
3163 1445 3352 1500 leviter

1778 1528 1994 1584 imbutis
2033 1530 2430 1585 accommodato
2464 1546 2493 1584 a
2531 1546 2589 1587 se
2620 1531 2783 1588 fuisse
2821 1535 3174 1605 conscriptum
3219 1534 3350 1607 (Ro.

1779 1629 1948 1685 tract,
1969 1620 2052 1674 lib.
2075 1619 2131 1685 2,
2160 1636 2272 1690 cap.
2297 1621 2372 1692 5).

2405 1711 2630 1769 CAPUT
2668 1712 2781 1768 ΧΠ.

1778 1805 1805 1858 1
1849 1802 1988 1857 Libri
2007 1804 2069 1857 de
2099 1803 2336 1858 Doctrina
2361 1804 2630 1858 christiana
2651 1815 2864 1876 quatuor
2888 1807 2950 1860 ab
2964 1805 3239 1879 Augustino
3264 1806 3347 1863 lu-

1846 1895 2056 1949 crtbrati.
2083 1896 2118 1950 2
2147 1895 2271 1949 Tum
2311 1895 2433 1950 liber
2457 1905 2632 1950 contra
2659 1895 2866 1952 Partem
2896 1896 3084 1953 Donati
3105 1915 3124 1954 :
3141 1909 3188 1954 ct
3209 1900 3349 1955 Con-

1847 1989 2115 2058 fessionnm
2145 1987 2255 2041 libri
2285 1989 2538 2042 tredecim.
2567 1990 2600 2044 ὃ
2623 1989 2768 2060 Opus
2792 2001 2964 2045 contra
2991 1991 3238 2048 Faustum
3257 1995 3348 2049 sub

1844 2080 1976 2133 idem
2019 2090 2210 2149 tempus
2252 2081 2529 2151 vulgatum.
2572 2083 2605 2135 4
2647 2079 2712 2136 In
2753 2083 3014 2140 tribuendo
3051 2087 3350 2158 quibusdam

1845 2167 2102 2239 opusculis
2131 2185 2218 2222 suo
2246 2169 2374 2235 loco,
2393 2169 2514 2238 quid
2537 2171 2798 2226 obseruare
2823 2173 2981 2227 uisum
3005 2184 3096 2229 est.
3115 2178 3147 2232 5
3164 2175 3351 2232 Scribit

1847 2261 2154 2329 Augustinus
2184 2259 2363 2313 librum
2390 2260 2452 2313 de
2468 2259 2689 2316 Canticis
2707 2262 2776 2315 ad
2792 2263 2969 2318 altare.
2987 2265 3022 2320 8
3040 2266 3348 2332 Questiones

1848 2351 2258 2423 Ecangelimum.
2295 2353 2327 2406 7
2367 2353 2724 2408 Adnotationcs
2756 2357 2806 2409 in
2844 2355 2963 2413 Job.
2991 2359 3025 2414 8
3049 2359 3255 2414 Librum
3288 2363 3350 2417 dc

1845 2442 2229 2498 Catccbizandis
2257 2443 2485 2498 rudibus.
2511 2443 2548 2500 9
2574 2445 2647 2498 Ac
2669 2446 2734 2501 dc
2757 2445 2998 2503 “nitate
3021 2449 3171 2505 libros
3193 2452 3314 2521 quin
3340 2485 3348 2493 -

1844 2533 2024 2589 decim.

1846 2627 1898 2680 1.
1935 2625 2104 2692 Ordo,
2136 2641 2292 2696 quem
2320 2629 2372 2684 in
2401 2630 2512 2685 suis
2535 2630 2786 2699 operibus
2807 2632 3150 2689 recensendis
3173 2642 3352 2690 servat

1776 2716 2137 2788 Augustinus,
2172 2718 2295 2774 facit
2324 2728 2380 2774 ut
2409 2721 2525 2790 ejus
2545 2720 2612 2776 de
2632 2721 2875 2777 Doctrina
2901 2724 3186 2779 christiana
3204 2725 3356 2781 iucu-

1776 2808 2072 2863 brationem
2091 2807 2213 2864 huic
2231 2811 2452 2881 tempori
2469 2812 2798 2881 assignemus
2810 2812 3055 2883 (ﬂeti-act.
3067 2813 3192 2882 ΑΒ,
3205 2831 3253 2870 c.
3269 2816 3348 2888 ι).

1778 2899 1834 2954 In
1867 2915 1928 2955 ea
1949 2900 2120 2954 tribus
2137 2901 2350 2970 quidem
2380 2903 2642 2972 prioribus
2663 2903 2811 2959 libris
2825 2904 3184 2976 intelligentiae
3203 2906 3350 2963 Scri-

1779 3001 1945 3062 ptura:
1989 2992 2197 3063 regulas
2239 2993 2788 3064 prascribit:quarto
2815 3004 2990 3051 autem
3029 2997 3167 3052 libro
3191 2997 3352 3054 docet

1776 3082 2076 3154 quomodo,
2107 3099 2225 3154 quat
2272 3085 2537 3140 intellecta
2583 3095 2636 3140 ct
2680 3094 2927 3157 percepta
2967 3085 3194 3154 fuerint,
3231 3089 3352 3146 aliis

1779 3175 2028 3231 tradenda
2057 3175 2180 3230 sint.
2203 3175 2334 3230 Cum
2356 3175 2421 3229 ad
2449 3176 2587 3230 istud
2605 3191 2740 3246 Opus
2768 3176 3032 3232 edendum
3065 3191 3127 3235 se
3161 3187 3354 3235 contu-

1778 3269 1865 3337 lit,
1895 3269 2043 3340 plura
2069 3269 2134 3324 de
2169 3270 2266 3324 hac
2287 3285 2344 3325 re
2366 3270 2474 3339 jam
2501 3271 2552 3324 in
2578 3272 2894 3340 cogitatione
2915 3274 3146 3341 tenebat,
3169 3290 3344 3346 spera~

1779 3363 2004 3435 batque,
2035 3362 2122 3416 ubi
2161 3362 2277 3418 aliis
2313 3361 2620 3433 impendere
2653 3378 2714 3418 ea
2751 3363 3030 3435 cmpissct,
3072 3366 3236 3421 Deum
3265 3369 3354 3438 qui

1779 3454 1894 3508 haec
1922 3453 2138 3509 dederat
2158 3494 2172 3518 ,
2201 3462 2391 3508 caetera
2421 3453 2520 3507 sibi
2542 3452 2713 3509 adhuc
2737 3456 3030 3510 necessaria
3060 3470 3164 3511 non
3193 3457 3356 3513 dene-

1778 3552 2020 3614 gaturum
2049 3541 2153 3612 (De
2177 3541 2420 3596 Doctrina
2447 3542 2740 3608 christiana,
2767 3544 2854 3598 tib.
2879 3546 2930 3612 i,
2949 3561 3000 3598 η.
3032 3542 3107 3617 l).
3141 3545 3249 3602 Hoc
3277 3555 3356 3600 ta-

1779 3648 1900 3688 men
1925 3645 2077 3702 opns,
2110 3646 2250 3686 anno
2271 3634 2404 3686 forte
2430 3634 2801 3688 trecentesimo
2827 3635 3168 3704 nonagesimo
3189 3637 3353 3706 septi-

1781 3743 1870 3783 mo
1889 3733 2152 3796 coeptum,
2177 3732 2300 3780 tunc
2328 3725 2580 3794 temporis
2609 3741 2713 3780 non
2737 3725 2997 3790 absolvit;
3029 3726 3121 3782 sed
3151 3727 3216 3782 ad
3240 3744 3356 3783 me-

1781 3818 1924 3873 dium
1955 3817 2288 3873 solummodo
2307 3825 2464 3886 caput
2479 3817 2788 3887 vigesimum
2809 3818 3049 3888 quintum
3074 3819 3190 3875 libri
3212 3821 3353 3876 tertii

1779 3911 2026 3983 perduxit
2052 3910 2300 3984 (Βίην-αεὶ.
2325 3909 2478 3976 lib.2,
2496 3927 2611 3982 cap.
2639 3913 2714 3983 4),
2747 3926 2807 3965 ac
2834 3913 3033 3979 statim,
3056 3927 3354 3983 quanquam

1781 4002 2167 4075 imperfectum,
2193 4003 2435 4073 permisit
2453 4003 2506 4056 in
2527 4002 2712 4072 vulgus
2733 4002 2901 4068 exire,
2926 4002 3353 4074 quandoquidem

1783 4098 1834 4155 id
1859 4100 1986 4154 citat
2010 4098 2061 4152 in
2089 4096 2238 4153 libris
2267 4111 2400 4167 quos
2423 4104 2604 4152 contra
2626 4095 2870 4150 Faustum
2888 4096 3048 4166 panic
3080 4105 3196 4166 post
3221 4110 3353 4151 con-

1781 4188 1991 4259 scripsit
2012 4186 2220 4259 (Contra
2237 4183 2510 4256 Faustnm,
2525 4184 2610 4240 tib.
2632 4184 2722 4251 9%,
2745 4201 2857 4257 cap.
2881 4185 2993 4256 9i).
3015 4185 3208 4266 Verum
3233 4201 3354 4243 cum

1783 4294 1945 4352 opera
1984 4295 2078 4334 sua
2111 4291 2498 4349 recognoscens
2529 4289 2770 4331 mancum
2807 4291 2941 4348 opus
2979 4277 3352 4348 comperisset,

1783 4373 1934 4443 prius
1962 4370 2337 4443 perﬁciendum
2369 4370 2467 4426 sibi
2493 4370 2828 4434 existimavit,
2859 4385 3016 4440 quam
3048 4370 3113 4424 ad
3143 4371 3241 4424 alia
3269 4385 3354 4425 re-

1786 4465 2056 4520 tractanda
2077 4464 2297 4536 gradum
2323 4462 2538 4519 faceret.
2566 4461 2714 4517 Tunc
2736 4463 2911 4532 itaque
2931 4461 3122 4516 librum
3144 4462 3357 4518 tertium

1784 4556 2086 4626 complevit,
2117 4563 2466 4626 quartumque
2493 4554 2754 4624 integrum
2779 4553 2971 4622 adjecit
2989 4551 3090 4626 (Dc
3116 4552 3359 4608 Doctrina

1785 4649 1982 4713 christ,
2005 4647 2090 4700 tib.
2113 4646 2168 4712 4,
2189 4662 2234 4699 c.
2249 4644 2339 4713 24,
2353 4662 2405 4699 n.
2430 4643 2740 4715 53),elapsis
2760 4651 2884 4697 tunc
2903 4641 2970 4698 ab
2989 4643 3178 4700 itinere
3210 4643 3354 4715 quod

1785 4739 1850 4794 ad
1872 4737 2057 4794 urbem
2081 4739 2378 4793 Csesaream
2402 4734 2725 4791 Mauritaniae
2745 4749 2884 4790 anno
2897 4735 3095 4790 Christi
3117 4735 3358 4806 quadrin-

1785 4830 2076 4902 gentesimo
2105 4826 2312 4883 decimo
2327 4836 2532 4892 octavo,
2562 4840 2746 4884 mense
2773 4826 3083 4897 septembri,
3103 4841 3358 4898 suscepe.

1781 4930 1882 4988 rat,
1901 4921 2053 4975 annis
2081 4929 2202 4975 octo
2231 4919 2311 4974 vci
2337 4934 2548 4985 novem,
2573 4918 2625 4974 id
2655 4927 2767 4984 est,
2794 4932 2936 4973 anno
2961 4918 3169 4974 Domini
3194 4934 3354 4989 supra

1783 5012 2364 5085 quadringentesimum
2394 5021 2544 5068 sexto
2572 5019 2659 5065 ant
2679 5010 2923 5081 septimo.
2957 5009 3011 5064 in
3027 5010 3263 5066 secundo
3292 5011 3358 5064 li-

1781 5105 1880 5162 bro
1900 5147 1914 5171 ,
1946 5104 2035 5160 ubi
2065 5105 2244 5162 laudat
2268 5120 2401 5176 opus
2429 5103 2691 5160 Ambrosii
2724 5103 2863 5174 quod
2889 5119 2918 5158 a
2949 5101 3168 5158 Paulino
3191 5104 3358 5174 petie-

1781 5205 1885 5262 rat,
1909 5206 2148 5253 sanctum
2173 5196 2322 5251 illum
2343 5195 2624 5270 praesulem
2645 5203 2883 5250 nostrum
2907 5195 3240 5249 Ambrosium
3266 5209 3359 5264 ap-

1781 5291 1950 5361 pellat
1964 5288 2146 5364 (Ibid.,
2169 5288 2256 5344 tib.
2273 5288 2327 5354 2,
2346 5288 2500 5356 c.28,
2514 5305 2565 5342 η.
2581 5287 2693 5360 45).
2716 5285 2866 5343 Unde
2896 5286 3360 5354 tamen,ntopina-

1781 5397 1924 5451 mur,
1951 5380 2132 5437 inferri
2159 5396 2268 5436 non
2290 5388 2488 5451 potest,
2515 5377 2655 5434 hunc
2679 5389 2788 5433 tum
2827 5378 2995 5432 autin
3032 5379 3158 5432 vivis
3182 5376 3357 5431 adhuc

1785 5476 1988 5548 egisse,
2017 5483 2107 5529 aut
2131 5488 2164 5530 e
2188 5473 2324 5528 vivis
2342 5472 2452 5545 jam
2480 5472 2792 5527 excessisse.
2820 5470 3036 5536 Refert,
3070 5483 3127 5524 se
3150 5481 3258 5522 non
3286 5469 3357 5522 ita

1786 5566 1990 5638 pridem
2012 5562 2282 5637 accepisse
2308 5579 2337 5619 a
2365 5563 2690 5636 gravissimis
2707 5563 2854 5630 viris,
2884 5562 3090 5631 fideque
3112 5559 3358 5628 dignissi-

1784 5659 1909 5726 mis,
1931 5673 2146 5715 servum
2169 5657 2453 5714 barbarum
2481 5655 2823 5712 christianum
2841 5695 2853 5718 ,
2882 5653 2968 5722 qui
3013 5651 3212 5704 litteras
3251 5664 3359 5704 non

1788 5764 1988 5821 nosset,
2011 5753 2222 5825 plenam
2253 5767 2434 5810 earum
2459 5753 2696 5806 notitiam
2723 5745 2980 5802 triduanis
3008 5744 3254 5815 precibus
3276 5745 3360 5800 di-

1787 5845 1984 5902 vinitus
2009 5842 2324 5911 obtinuisse,
2345 5843 2479 5900 adeo
2506 5853 2565 5898 ut
2593 5839 2827 5898 codicem
2857 5836 3109 5902 obiatrmi,
3141 5842 3361 5912 διεφθη-
