3868 6416
518 447 627 508 265

524 569 664 624 tibus
692 564 780 638 qui
810 562 1054 627 aderant,
1074 561 1318 633 expedite
1341 561 1562 634 legendo
1577 561 1899 632 pcreurrerit
1914 559 2099 629 (Ibid,

520 658 607 713 lib.
643 659 696 725 1,
729 655 943 727 Prolog.
974 671 1027 709 tt.
1051 656 1084 710 4
1115 655 1155 725 ).

592 751 646 804 2.
688 748 816 804 Post
853 746 1017 803 libros
1057 745 1126 803 de
1162 746 1409 802 Doctrina
1453 745 1739 802 christiana
1778 745 2101 803 mentionem

530 842 654 897 facit
672 840 996 912 Augustinus
1011 839 1234 895 duorum
1256 838 1532 906 librorum,
1550 855 1683 911 quos
1702 837 1888 895 Contra
1911 849 2104 910 partem

530 931 721 988 Donati
744 932 1089 1003 inscripserat
1105 929 1352 1005 (Rctract.
1371 930 1457 985 lib.
1487 929 1539 996 2,
1563 947 1678 1002 cap.
1695 929 1786 1002 5);
1813 930 1908 986 sed
1934 930 2010 984 illi
2035 929 2101 986 ad

527 1032 708 1080 nostra
730 1032 971 1094 tempora
992 1037 1096 1078 non
1119 1029 1492 1093 pervenerunt.
1512 1021 1749 1077 Collocat
1767 1021 1957 1077 deinde
1971 1021 2103 1076 Con-

526 1116 814 1173 fessionum
843 1130 1055 1171 suarum
1083 1113 1282 1180 libros,
1315 1113 1368 1169 in
1395 1113 1585 1185 quibus
1617 1114 1710 1168 Dei
1748 1112 2001 1184 justitiam
2039 1127 2102 1169 ac

523 1207 809 1264 bonitatem
838 1207 892 1262 in
913 1214 1249 1278 peccatorum
1271 1219 1489 1260 suorum
1516 1204 1884 1261 recordatione
1910 1219 1976 1259 ac
1997 1203 2100 1260 be-

523 1299 831 1356 neﬁciorum
865 1298 1119 1355 divinitus
1155 1305 1494 1369 acceptorum
1522 1297 1777 1353 memoria
1825 1312 2100 1353 commen-

523 1390 675 1456 dans,
699 1389 931 1446 hominis
959 1389 1282 1446 intellectum
1308 1391 1360 1446 in
1381 1404 1649 1446 summum
1671 1389 1796 1445 illud
1825 1389 2022 1445 bonum
2048 1397 2102 1444 et

527 1481 784 1537 infinitam
828 1481 924 1536 Dei
967 1480 1294 1550 maiestatem
1335 1478 1552 1536 excitat.
1592 1480 1706 1536 Hoc
1747 1480 1890 1536 enim
1937 1479 1990 1534 in
2042 1494 2102 1536 se

523 1573 716 1645 egisse,
739 1587 859 1627 cum
881 1570 1260 1639 scriberentur,
1283 1580 1336 1627 et
1355 1586 1513 1642 agere
1536 1586 1657 1626 cum
1681 1571 1944 1640 leguntur,
1968 1569 2102 1623 mul-

524 1664 700 1734 tisque
720 1662 972 1718 fratribus
992 1676 1086 1718 eos
1108 1662 1370 1734 placuisse
1383 1670 1437 1717 et
1448 1660 1656 1733 placere
1677 1669 1900 1715 testatur
1916 1658 2097 1733 (Ibid,

521 1771 574 1808 η.
590 1755 666 1825 6).
687 1751 882 1809 Scribit
899 1751 1042 1819 alibi,
1063 1752 1268 1808 nullum
1289 1767 1321 1808 e
1342 1750 1452 1808 suis
1473 1751 1722 1821 operibus
1743 1759 1832 1805 aut
1857 1749 2103 1820 frequen-

522 1846 647 1912 tius,
664 1853 756 1900 aut
768 1843 1130 1900 delectabilius
1141 1843 1303 1899 fuisse
1315 1843 1600 1915 perlectum
1617 1841 1714 1914 (De
1726 1842 1872 1896 Dono
1885 1859 2072 1913 persev.
2081 1883 2097 1910 ,

521 1955 576 1993 n.
599 1938 711 2006 55).
729 1936 842 1993 Non
868 1946 984 1994 erat
1011 1945 1188 1992 tamen
1214 1935 1425 1991 nescius
1449 1950 1478 1989 a
1506 1934 1776 1990 nonnullis
1801 1933 1980 1990 forsan
2002 1934 2101 1988 im-

521 2031 802 2101 probatum
831 2029 894 2084 iri
925 2028 1186 2102 (Retract.
1217 2027 1306 2082 lib.
1333 2026 1390 2096 2,
1420 2043 1534 2099 cap.
1560 2025 1650 2100 6).
1675 2027 1744 2081 Et
1785 2041 1844 2081 re
1887 2025 2100 2097 quidem

523 2121 637 2192 ipsa
660 2136 781 2176 cum
804 2120 1083 2190 aliquando
1103 2135 1132 2174 a
1153 2118 1380 2189 quodam
1400 2118 1652 2189 episcopo
1673 2118 1784 2172 haec
1807 2117 1921 2188 ejus
1938 2116 2100 2172 verba

522 2213 711 2270 Romae
730 2221 1293 2278 commemorarentur,
1318 2209 1401 2265 Da
1425 2211 1560 2284 quod
1574 2210 1737 2282 iubes,
1763 2218 1809 2264 et
1827 2209 1951 2280 jube
1967 2208 2101 2279 quod

518 2305 594 2360 vis
611 2320 632 2370 ;
650 2305 892 2377 Pelagius
914 2305 1002 2376 qui
1028 2304 1234 2371 aderat,
1257 2311 1311 2358 et
1341 2303 1562 2357 hmresis
1585 2316 1694 2356 suae
1712 2301 1856 2355 virus
1876 2299 2099 2355 necdum

524 2397 826 2469 relegebat,
867 2412 929 2453 ea
974 2396 1116 2453 ferre
1153 2411 1259 2451 non
1295 2395 1500 2465 potuit;
1528 2403 1583 2449 et
1608 2391 1975 2447 contradicens
2000 2392 2099 2446 ali-

518 2487 730 2558 quando
758 2487 1099 2563 commo_tius,
1129 2500 1263 2555 pene
1283 2499 1404 2540 cum
1431 2496 1516 2548 eo,
1545 2481 1636 2554 qui
1666 2483 1753 2537 illa
1779 2496 2102 2538 commemo-

515 2587 743 2646 raverat,
764 2577 1097 2650 litigavit(De
1121 2575 1270 2630 Dono
1297 2590 1507 2646 penem,
1531 2591 1580 2628 η.
1605 2573 1918 2643 53).Verum
1948 2574 2101 2645 longe

519 2669 698 2740 plures
725 2677 850 2725 sunt
887 2668 976 2724 alii
1017 2667 1173 2737 hujus
1209 2666 1388 2738 Operis
1428 2665 1564 2732 loci,
1593 2664 1730 2720 unde
1757 2664 2022 2736 Pelagiani
2047 2673 2102 2720 et

515 2758 930 2833 Semipelagiani
983 2758 1214 2816 debeant
1263 2756 1612 2813 offensionem
1665 2755 1941 2827 accipere,
1976 2771 2097 2812 cum

519 2853 732 2908 illorum
756 2863 967 2907 errores
991 2848 1224 2905 nondum
1247 2855 1483 2914 exortos,
1513 2848 1564 2903 itt
1591 2847 1694 2904 hoc
1717 2862 1880 2918 opere
1900 2846 2098 2919 passim

515 2944 808 3017 impugnet.
851 2945 1114 3015 Apparet,
1145 2942 1460 3020 Petiliauum
1497 2940 1738 3012 quaedam
1775 2941 1937 2996 verba
1977 2939 2100 2995 libri

516 3036 660 3092 tertii
695 3032 1100 3090 Confessionum
1141 3041 1471 3104 praepostero
1512 3046 1674 3086 sensu
1711 3029 2011 3100 accepisse,
2041 3039 2100 3085 ut

516 3125 641 3182 inde
674 3140 860 3188 ansam
887 3139 951 3180 ea
985 3122 1303 3180 criminandi
1332 3123 1626 3192 arriperet;
1652 3121 1895 3192 quamvis
1922 3130 1977 3176 et
2005 3136 2100 3191 per

519 3235 579 3276 se
608 3218 906 3291 perspicua,
933 3225 988 3272 et
1014 3232 1079 3272 ex
1098 3215 1280 3271 multis
1308 3223 1430 3269 ante
1459 3223 1512 3268 ct
1537 3222 1718 3284 postea
1739 3213 1897 3268 dictis
1920 3220 2100 3269 essent

517 3309 800 3367 manifesta
822 3307 991 3381 (Cant.
1015 3306 1139 3363 Litt.
1158 3305 1338 3370 Petil.,
1362 3304 1450 3359 lib.
1472 3305 1526 3372 5,
1542 3321 1594 3358 η.
1621 3303 1735 3376 60).
1759 3303 1891 3360 Cum
1912 3304 2098 3360 Darius

515 3403 708 3459 Comes
726 3399 1131 3456 Confessionum
1159 3398 1325 3454 libros
1352 3396 1419 3452 ab
1442 3396 1735 3467 Augustino
1754 3396 2094 3466 postulasset,

518 3509 614 3550 eos
656 3493 746 3549 ille
787 3491 1149 3548 transmittens
1190 3492 1269 3548 sic
1312 3491 1525 3546 Darium
1559 3490 1986 3562 compellatzlbi
2021 3508 2100 3547 me

515 3585 708 3654 inspice
725 3626 740 3653 ,
764 3601 827 3640 ne
845 3600 924 3639 me
950 3583 1123 3639 laudes
1157 3585 1293 3637 ultra
1316 3600 1468 3654 quam
1500 3599 1648 3649 sum;
1677 3582 1747 3636 ibi
1775 3599 1876 3637 non
1898 3583 2012 3638 aliis
2037 3582 2100 3638 de

516 3693 596 3731 me
620 3676 785 3741 crede,
808 3676 896 3731 sed
924 3675 1083 3742 mihi;
1107 3675 1176 3729 ibi
1204 3691 1284 3729 me
1309 3675 1526 3739 attende,
1557 3685 1602 3728 et
1631 3674 1743 3729 vide
1764 3674 1888 3746 quid
1917 3675 2098 3746 fuerim

515 3766 570 3821 in
596 3783 672 3821 me
696 3768 828 3838 ipso,
853 3782 942 3838 per
965 3782 1044 3820 me
1072 3767 1273 3836 ipsum;
1299 3775 1344 3820 et
1370 3765 1414 3819 si
1437 3765 1559 3833 quid
1584 3766 1635 3819 in
1667 3781 1744 3819 me
1773 3763 1859 3819 tibi
1889 3765 2096 3835 placue-

516 3858 614 3925 rit,
645 3859 800 3912 lauda
824 3857 892 3912 ibi
922 3873 1135 3923 mecum,
1161 3872 1306 3928 quem
1331 3855 1532 3911 laudari
1552 3857 1688 3910 uolui
1713 3857 1776 3909 de
1803 3871 1916 3921 me;
1946 3871 2101 3926 neque

515 3951 650 4005 enim
688 3966 783 4004 me.
815 3949 1068 4017 Quoniam
1107 3949 1214 4020 ipse
1243 3949 1358 4020 fecit
1382 3965 1473 4003 nos
1492 3989 1506 4015 ,
1535 3956 1581 4004 et
1606 3965 1706 4002 non
1731 3948 1831 4019 ipsi
1856 3964 1982 4014 nos;
2009 3965 2100 4002 nos

516 4048 683 4095 autem
707 4040 1088 4110 perdideramus
1116 4056 1227 4104 nos,
1257 4039 1344 4094 sed
1368 4040 1453 4110 qui
1479 4039 1613 4111 fecit,
1637 4040 1828 4108 refecit.
1851 4037 1977 4096 Cum
2001 4055 2094 4092 au-

514 4143 612 4188 tem
636 4133 706 4187 ibi
729 4151 806 4188 me
819 4133 1089 4200 inveneris,
1106 4149 1196 4188 ora
1213 4149 1304 4203 pro
1321 4149 1416 4197 me,
1439 4149 1502 4186 ne
1517 4131 1748 4201 deﬁciam
1761 4131 1948 4204 (Epist.
1969 4132 2095 4197 251,

515 4241 569 4278 η.
585 4224 665 4296 6).
682 4223 794 4279 Hoc
817 4241 986 4296 apere,
1004 4225 1174 4295 inquit
1187 4223 1479 4290 Possidius,
1497 4224 1660 4295 qualis
1679 4234 1796 4278 ante
1817 4235 2099 4295 perceptam

512 4315 731 4386 gratiam
751 4317 924 4386 fuerit,
948 4314 1208 4383 qualisque
1218 4315 1331 4386 jam
1357 4323 1558 4385 sumpta
1580 4315 1778 4383 uiueret,
1804 4315 2096 4386 designavit.

518 4405 632 4464 Hoc
667 4408 801 4462 enim
829 4407 998 4479 facere
1024 4407 1198 4472 voluit,
1226 4415 1281 4461 ut
1308 4407 1380 4461 ait
1399 4406 1694 4477 Apostolus,
1724 4423 1786 4461 ne
1809 4408 1870 4461 de
1893 4424 1947 4462 se
1965 4407 2100 4478 quis-

512 4516 663 4570 quam
690 4500 952 4555 hominum
986 4515 1144 4572 supra
1174 4515 1325 4570 quam
1357 4515 1411 4552 se
1445 4514 1551 4553 esse
1583 4506 1818 4564 noverat,
1847 4507 1935 4552 aut
1961 4499 2023 4552 de
2047 4515 2102 4554 se

513 4591 741 4645 auditum
762 4593 960 4663 fuisset,
989 4591 1208 4647 crederet
1235 4591 1314 4645 vel
1338 4599 1534 4662 putaret
1555 4589 1621 4660 (ll
1641 4590 1758 4645 Cor.
1781 4605 1876 4656 xu,
1899 4591 1976 4661 6),
1998 4591 2098 4644 Itu-

518 4681 747 4735 mililatis
770 4691 960 4736 sanctis
983 4698 1124 4736 ntere
1149 4693 1314 4747 utens,
1349 4690 1394 4735 et
1413 4683 1529 4752 jam
1557 4681 1752 4736 nullum
1777 4681 1992 4752 fallens;
2013 4680 2101 4735 sed

516 4770 719 4825 laudem
743 4787 844 4826 non
867 4787 1034 4839 suam,
1055 4772 1144 4826 sed
1167 4772 1247 4825 sui
1266 4770 1474 4825 Domini
1495 4771 1557 4826 de
1576 4773 1782 4843 propria
1809 4772 2102 4826 liberatione

515 4879 577 4916 ac
600 4878 804 4917 munere
821 4878 1069 4933 quwrens,
1091 4879 1154 4917 ea:
1180 4862 1242 4916 iis
1267 4862 1494 4918 uidelicet
1517 4880 1629 4934 qua?
1641 4865 1755 4933 jam
1775 4872 2100 4933 perceperat;

518 4963 565 5010 et
595 4958 846 5025 fraternas
867 4969 1036 5025 preces
1066 4969 1273 5026 poscens
1295 4953 1358 5008 de
1392 4954 1455 5010 iis
1487 4970 1599 5026 qua:
1623 4955 1846 5026 accipere
1871 4953 2102 5025 cupiebat

517 5045 777 5118 (Possid.,
807 5047 862 5101 in
890 5045 1007 5101 Vita
1029 5046 1266 5118 August.,
1286 5044 1495 5120 Praef)
1524 5048 1658 5115 Quia
1690 5061 1819 5103 vero
1846 5045 2100 5103 Paulinus

515 5139 764 5210 Alypium
777 5139 1103 5210 episcopum,
1119 5139 1358 5210 quamvis
1375 5139 1591 5207 frustra,
1605 5139 1809 5209 rogavit
1817 5146 2097 5194 utomnem

512 5229 638 5285 vita:
673 5244 782 5284 sua:
804 5229 1076 5286 historiam
1100 5229 1168 5286 ad
1193 5231 1368 5302 ipsum
1389 5231 1651 5286 scriberet
1667 5228 1841 5300 (Apud
1861 5229 2096 5300 August.,

520 5318 689 5390 Epist.
715 5319 806 5389 24,
820 5337 873 5375 n.
895 5319 974 5392 4),
996 5336 1062 5378 eo
1091 5323 1257 5377 iretus
1283 5321 1532 5390 exemplo
1557 5319 1817 5374 Baronius
1832 5318 2096 5388 opinatur,

515 5412 754 5484 ejusdem
772 5413 972 5470 Paulini
989 5423 1174 5485 rogatu
1192 5429 1255 5470 ac
1266 5413 1495 5484 impulsu
1509 5411 1738 5483 scriptos
1750 5412 1910 5468 fuisse
1925 5412 1991 5467 ab
2002 5413 2101 5469 Au-

512 5505 724 5577 gustino
741 5521 866 5562 suos
879 5505 1293 5562 Confessionum
1314 5505 1478 5560 libros
1499 5503 1735 5577 (Raram,
1757 5506 1825 5559 ad
1842 5522 1928 5561 an.
1949 5505 2096 5580 395).

512 5595 628 5654 Non
646 5614 780 5653 unus
798 5607 975 5652 tamen
988 5596 1260 5664 Paulinus,
1275 5595 1371 5652 sed
1384 5595 1536 5651 multi
1549 5595 1673 5651 boui
1688 5595 1993 5667 Christiani,
2009 5598 2101 5670 qui

519 5705 641 5747 eum
668 5696 948 5756 noverant,
967 5690 1055 5745 vel
1077 5689 1270 5760 potius,
1287 5687 1426 5760 quod
1447 5687 1513 5742 ad
1533 5689 1960 5745 constitutionem
1980 5691 2100 5746 ani-

518 5798 622 5838 ma:
635 5798 739 5838 non
765 5797 888 5837 eum
910 5789 1190 5851 noverant,
1209 5797 1328 5855 quae
1341 5789 1487 5840 esset
1508 5782 1616 5838 vita
1641 5782 1806 5854 ipsius
1830 5798 1987 5840 nosse
2009 5797 2101 5840 cu-

519 5873 753 5951 piebant.
784 5872 880 5931 His
901 5874 993 5933 ille
1020 5889 1224 5934 morem
1252 5877 1434 5950 gessit,
1452 5890 1588 5951 quos
1615 5877 1878 5950 Sperabat,
1897 5885 1952 5935 et
1964 5891 2098 5934 con-

1684 444 1840 500 V'ITA
1881 443 1938 500 S.
1979 437 2341 500 AUGUSTINI
2381 437 2699 498 EPISCOPI.
3621 458 3694 519 πε

2209 557 2562 628 gratulaturos
2592 557 2639 611 ei
2665 555 2731 612 de
2759 554 2912 611 bonis
2938 555 3036 626 ipsi
3064 571 3093 610 a
3119 555 3226 613 Deo
3250 557 3406 630 datis,
3434 572 3482 619 et
3507 578 3693 630 oraturos

2207 649 2374 704 Deum
2405 664 2502 720 pro
2531 648 2841 720 quibusdam
2883 648 3220 720 pristinorum
3251 652 3480 711 vitiorum
3511 661 3694 732 reliquiis

2205 741 2371 813 ipsius
2421 742 2476 797 in
2517 741 2602 797 via
2646 742 2740 798 Dei
2794 756 3128 813 progressum
3174 743 3341 800 adhuc
3378 749 3695 810 retardanlibus

2207 832 2456 907 (Confess.
2485 833 2572 888 lib.
2596 833 2682 899 10,
2708 850 2823 903 cap.
2853 835 2904 900 ὅ,
2928 850 3015 888 nn.
3041 834 3094 901 4,
3117 833 3194 906 5.)

2276 926 2328 980 3.
2370 923 2514 996 Opus
2547 933 2730 980 contra
2768 924 3022 980 Faustum
3063 925 3116 979 in
3147 925 3566 986 Hetractationum
3596 935 3694 991 serie

2204 1017 2608 1075 Confessionum
2631 1020 2793 1075 libros
2812 1019 3007 1090 excipit
3025 1018 3268 1088 (Retract.
3291 1021 3374 1076 lib.
3394 1022 3445 1088 2,
3465 1025 3627 1094 cap.7).
3644 1025 3695 1083 De

2204 1108 2402 1166 Fausto
2423 1125 2580 1182 supra
2601 1110 2848 1180 diximus,
2869 1125 2933 1166 ac
2952 1110 3018 1166 de
3041 1110 3174 1166 libro
3191 1127 3342 1182 quem
3361 1129 3448 1184 pro
3461 1113 3696 1174 Manichais

2202 1199 2457 1257 adversus
2482 1201 2772 1257 Ecclesiam
2801 1201 3084 1272 scripserat
3119 1200 3270 1273 (Lib.
3301 1203 3348 1269 l,
3377 1219 3482 1272 cap.
3502 1204 3548 1269 9,
3573 1222 3613 1258 tt.
3633 1207 3694 1276 ι).

2203 1293 2333 1349 Cum
2364 1293 2463 1350 iste
2494 1294 2630 1350 liber
2652 1294 2704 1349 in
2725 1294 3005 1365 Augustini
3035 1309 3217 1349 manus
3239 1294 3476 1362 venisset,
3490 1296 3697 1368 lectusque

2204 1385 2389 1442 fuisset
2416 1401 2446 1442 a
2473 1387 2750 1453 fratribus,
2786 1386 2944 1442 enixe
2985 1386 3061 1441 illi
3096 1401 3126 1440 a
3165 1395 3344 1440 sancto
3369 1386 3596 1452 Prmsule,
3615 1387 3699 1456 jure

2203 1479 2478 1537 charitatis
2505 1496 2607 1551 qua
2636 1480 2766 1552 ipsis
2795 1480 3081 1546 serviebat,
3100 1478 3460 1549 ﬂagitaruntut
3474 1479 3516 1534 ei
3536 1494 3698 1548 respon-

2202 1568 2372 1626 deret.
2418 1569 2713 1641 Respondit
2757 1569 2944 1640 igitur,
2980 1577 3035 1624 et
3080 1568 3358 1638 propositis
3388 1567 3547 1621 Fausti
3574 1567 3698 1622 verbis

2203 1661 2580 1731 reSponsiones
2625 1675 2750 1716 suas
2804 1659 3046 1730 subjecit.
3094 1657 3182 1714 Sic
3204 1672 3334 1728 opus
3376 1655 3502 1712 bene
3541 1655 3697 1726 longum

2214 1750 2399 1817 evasit,
2422 1751 2475 1806 in
2502 1760 2609 1807 tres
2634 1759 2690 1806 et
2731 1750 2943 1821 triginta
2969 1749 3194 1804 divisum
3219 1747 3699 1819 disputationes,quas

2213 1844 2418 1899 mavult
2456 1844 2621 1900 libros
2639 1844 2939 1915 appellare;
2969 1842 3209 1914 quamvis
3242 1840 3346 1896 sint
3364 1840 3412 1894 in
3451 1838 3520 1894 eis
3555 1838 3699 1907 aliquot

2204 1937 2491 2008 perbreves
2515 1956 2528 1992 :
2554 1936 2648 1993 sed
2677 1946 2800 1993 sunt
2824 1937 3063 1992 nonnulli
3088 1934 3368 1992 admodum
3397 1932 3579 2003 prolixi,
3603 1946 3699 2000 pra-

2203 2029 2385 2084 sertim
2411 2030 2692 2085 vicesimus
2716 2028 3008 2094 secundus,
3035 2028 3088 2082 in
3118 2042 3223 2098 quo
3247 2022 3626 2081 Patriarcltarum
3645 2020 3699 2073 vi-

2204 2129 2312 2176 tam
2332 2130 2517 2177 contra
2541 2121 2722 2176 Fausti
2751 2121 3042 2178 calumnias
3067 2117 3322 2176 defendit.
3351 2116 3503 2185 Hujus
3522 2111 3698 2168 vicesimi

2204 2213 2423 2267 secundi
2451 2213 2572 2267 libri
2601 2211 2774 2268 locum
2805 2209 3006 2282 profert
3031 2211 3083 2266 in
3105 2207 3481 2280 Quaestionibus
3497 2202 3555 2259 ad
3575 2199 3701 2257 Dulci-

2205 2302 2336 2357 tium
2372 2303 2391 2370 (
2416 2301 2607 2369 (latest.
2638 2304 2671 2357 7
2695 2307 2734 2375 ).
2759 2303 2916 2359 Liber
2947 2303 3048 2359 iste
3075 2302 3284 2358 videtur
3308 2315 3422 2356 esse
3446 2310 3562 2366 opus
3583 2292 3699 2354 illud,

2208 2393 2348 2463 quod
2368 2394 2435 2450 de
2456 2394 2561 2449 vita
2574 2394 2995 2450 Patriarcharum
3012 2393 3459 2450 contraFaustum
3479 2391 3699 2453 nuncupat.

2203 2484 2350 2555 Opus
2364 2501 2518 2540 suum
2534 2495 2719 2542 contra
2736 2485 2985 2542 Faustum
3004 2501 3105 2542 una
3117 2500 3236 2542 cum
3248 2481 3456 2555 epistola
3468 2477 3625 2549 (Epist.
3638 2472 3700 2534 δί,

2203 2593 2256 2630 n.
2291 2574 2379 2648 17)
2419 2577 2562 2631 misit
2607 2577 2673 2631 ad
2712 2577 3090 2649 Hieronymum
3125 2590 3265 2632 anno
3287 2572 3485 2629 circiter
3508 2563 3701 2638 quadrin-

2202 2667 2496 2737 gentesimo
2516 2668 2718 2738 quinto.

2275 2759 2329 2814 4.
2370 2758 2576 2815 Nostra:
2603 2760 2814 2832 quidem
2843 2769 2967 2815 sunt
2990 2768 3188 2831 partes,
3209 2768 3420 2828 operum
3448 2746 3702 2819 singulorum

2206 2856 2417 2920 tempus
2436 2892 2451 2918 ,
2483 2851 2529 2905 si
2557 2850 2716 2907 modo
2743 2850 3024 2922 comperiri
3057 2850 3260 2922 possit,
3291 2846 3549 2916 diligenter
3568 2836 3703 2890 obser-

2202 2957 2351 2999 vare.
2373 2941 2573 2999 Verum
2609 2958 2767 3014 supra
2796 2944 3073 2999 memorati
3118 2941 3238 2999 libri
3278 2946 3365 2994 aut
3391 2947 3534 3006 parva
3565 2926 3702 3014 admo-

2204 3032 2331 3089 dum
2353 3074 2369 3101 ,
2397 3045 2489 3089 aut
2524 3013 2681 3089 nulla
2707 3034 2962 3106 temporis
2988 3033 3184 3090 indicia
3213 3046 3320 3104 pm
3344 3045 3399 3084 se
3423 3027 3590 3081 ferunt.
3610 3013 3703 3106 Nam

2202 3124 2345 3196 quod
2382 3125 2452 3180 ad
2497 3125 2665 3182 libros
2710 3103 2894 3182 contra
2934 3103 3407 3193 Faustum,refert
3439 3103 3706 3196 solummodo

2203 3193 2531 3287 Augustinus
2550 3259 2566 3282 ,
2605 3232 2664 3272 se
2691 3217 2809 3272 illos
2845 3217 3121 3288 scripsisse
3150 3217 3238 3273 diu
3266 3220 3386 3268 ante
3410 3210 3640 3273 acceptam
3660 3193 3706 3247 ab

2205 3309 2399 3365 lieron
2405 3325 2526 3380 ymo
2544 3309 2821 3380 epistolam
2844 3325 3065 3366 numero
3080 3305 3448 3379 octogesimam
3462 3288 3704 3383 secundani.

2207 3416 2325 3473 quae
2351 3402 2424 3457 illi
2449 3401 2599 3456 reddi
2626 3417 2731 3456 non
2763 3401 2934 3472 potuit
2950 3409 3074 3458 ante
3100 3413 3295 3457 annum
3324 3387 3706 3465 quadringentes-

2205 3507 2355 3547 mum
2380 3491 2644 3561 quintum.
2668 3491 2821 3548 Aliud
2850 3491 3006 3561 igitur
3030 3490 3185 3547 nobis
3213 3502 3315 3544 non
3341 3479 3496 3541 licuit,
3513 3477 3710 3566 quam?

2202 3582 2295 3653 qui
2319 3582 2513 3638 seriem
2541 3582 2608 3636 ab
2636 3581 2752 3652 ipso
2781 3582 3075 3651 Augustino
3102 3582 3155 3636 in
3186 3563 3623 3635 Retractationibus

2202 3651 2438 3729 stitutam
2458 3713 2473 3738 ,
2499 3673 2590 3744 qui
2619 3651 2677 3728 se
2713 3672 2952 3728 ordinem
2982 3674 3238 3744 temporis
3255 3711 3272 3738 ,
3299 3669 3532 3737 quantum
3557 3651 3708 3722 Ροίυην

2203 3782 2443 3825 servasse
2455 3776 2677 3823 testatur
2691 3766 2934 3840 (Retract.
2953 3767 3123 3832 Prol.,
3147 3785 3201 3822 η.
3225 3765 3299 3834 5).
3321 3760 3376 3816 In
3396 3769 3457 3811 eo
3470 3758 3618 3840 M96"
3633 3748 3710 3840 ηοξ

2203 3859 2301 3914 fttit
2343 3859 2562 3914 omnino
2600 3836 2899 3914 accuratus.
2939 3856 3071 3912 Nam
3113 3855 3262 3912 libris
3305 3855 3481 3906 contra
3516 3836 3711 3892 Faustum

2204 3951 2451 4022 proxime
2478 3949 2748 4022 subjungit
2774 3950 3182 4021 diSputationem
3213 3955 3392 4003 contra
3412 3931 3612 3992 Felicem
3631 3917 3711 4022 lli:

2204 4011 2488 4111 nichreum,
2521 4011 3040 4115 quamvhaud-dubie
3082 4042 3265 4098 habuit
3303 4044 3478 4092 mense
3502 4011 3712 4115 ἀθοξηξξτί

2203 4138 2327 4191 anni
2370 4105 2875 4208 αυθέἰιδῖιιεθηιθείιηί
2923 4137 3097 4208 Quarti
3141 4135 3240 4209 (De
3277 4127 3409 4184 Actis
3431 4133 3534 4176 cum
3566 4105 3709 4209 Felici.

2205 4225 2294 4280 lib.
2323 4205 2520 4298 i,_cap.
2553 4228 2576 4281 1
2680 4228 2746 4282 Et
2773 4227 2863 4282 ubi
2900 4205 3201 4298 complures
3236 4222 3366 4278 alios
3391 4210 3629 4269 Tractatus

2203 4292 2429 4386 censu—it,
2449 4292 2673 4374 collocat
2691 4317 2852 4373 libros
2876 4292 3058 4373 contra
3082 4315 3393 4375 Petilianum
3415 4307 3564 4372 :quos
3581 4292 3712 4386 “Fs?”

2204 4407 2302 4461 sub
2329 4375 2608 4462 Anastasio
2644 4422 2778 4480 papa
2797 4449 2812 4474 ,
2835 4407 2937 4464 hoc
2976 4416 3090 4475 est,
3117 4419 3258 4463 anno
3303 4397 3480 4454 881W“
3511 4375 3710 4480 f1”???

2203 4457 3712 4572 is.causa;sanguiggiten..L...manu;

2204 4563 2251 4644 ξ.
2271 4591 2356 4658 15,
2381 4608 2414 4644 n
2435 4591 2597 4662 .118).
2617 4591 2817 4646 Forsan
2831 4563 3175 4663 operi-contra
3187 4586 3431 4643 Faustum
3444 4573 3610 4663 σφωε
3623 4563 3715 4663 οξ

2204 4698 2285 4749 ra,
2301 4699 2418 4754 quae
2430 4654 2762 4753 postmodum
2778 4654 3060 4754 scripserat
3073 4683 3320 4739 adversus
3330 4654 3714 4754 Manicbmosn':
3799 4719 3802 4722 ,

2204 4736 2676 4832 lui'tjconltinenter
2715 4736 3017 4832 anneciere.
3054 4777 3122 4831 Et
3162 4789 3221 4832 re
3258 4762 3464 4841 quidem
3502 4736 3715 4841 ipsa???

2205 4865 2388 4934 libros,
2412 4883 2545 4936 quos
2565 4881 2632 4923 eo
2653 4867 2754 4922 loci
2775 4869 3106 4936 memoravit,
3129 4829 3327 4922 nulluin
3347 4845 3556 4920 amplius

2205 4970 2298 5012 sus
2322 4957 2458 5012 hanc
2486 4957 2737 5028 haeresim
2763 4958 2831 5014 ab
2857 4974 2922 5014 eo
2947 4959 3196 5032 scriptum
3226 4941 3575 5032 comperimus:

2206 5051 2446 5107 ordinem
2476 5067 2778 5123 sequemur,
2798 5052 3003 5124 aliaque
3022 5067 3203 5123 opera,
3221 5057 3337 5119 quae
3355 5030 3493 5124 libris
3513 5011 3716 5124 adt

2210 5143 2392 5199 chmos
2416 5104 2780 5215 speciantibus
2809 5104 3018 5215 subjicit
3036 5104 3168 5212 ,rhie
3191 5104 3347 5196 etiam

2205 5235 2378 5306 quoad
2399 5201 2681 5293 occurrant
2698 5201 3136 5308 aliqua,quorum
3159 5236 3363 5298 tempus
3377 5201 3668 5273 distinctiuSI

2205 5326 2383 5418 dicare
2411 5329 2703 5418 possimus.
3423 5389 3569 5418 mm,
3591 5369 3716 5418 auem

2277 5417 2331 5472 5.
2372 5381 2583 5474 Primus
2610 5419 2665 5474 in
2691 5417 2792 5474 hac
2814 5419 2953 5474 serie
2977 5418 3130 5475 nobis
3164 5381 3715 5506 οεοῴξξξδξτςξξξζ

2206 5515 2392 5563 contra
2422 5507 2657 5564 Hilarum
2686 5509 2988 5580 quemdam,
3012 5509 3183 5564 virum
3209 5483 3545 5600 tribunitiliTt‘
3565 5466 3714 5600 ‘20::

2205 5601 2543 5694 catholicum
2569 5555 2788 5673 scrip‘sit
2827 5555 3084 5694 (Retraci.
3216 5555 3288 5658 72,

2205 5705 2493 5747 succensus
2521 5659 2726 5766 (causa
2779 5659 2878 5749 nos
2913 5692 3082 5764 latet)
3105 5688 3357 5746 adversus
3385 5659 3622 5766 Εοθίθξξῗ

2206 5783 2406 5838 nistros
2424 5825 2439 5852 ,
2477 5736 2542 5838 ut‘
2562 5784 2674 5840 fieri
2712 5785 2941 5854 assolet,
2971 5736 3416 5877 aitIAngustinuf,
3437 5736 3732 5877 ῗθὶξέηξῗ

2208 5884 2334 5932 tunc
2371 5838 2511 5946 apud
2531 5838 2904 5950 Carthaginem
3152 5838 3382 5939 saepe?”
3396 5891 3413 5920 ι
3437 5852 3490 5903 υι
3513 5838 3620 5905 Mm

3455 4944 3575 4992 mus.
3601 4918 3715 4976 Hunc
3819 4935 3823 4992 ἐ
