  <div class='ocr_page' id='page_1' title='image "/cluster/home/n/w/nwhite01/storage/ocr_20150623/32/uva.x000669813/142.png"; bbox 0 0 3868 6400; ppageno 0'>
   <div class='ocr_carea' id='block_1_1' title="bbox 139 425 2020 497">
    <p class='ocr_par' dir='ltr' id='par_1_1' title="bbox 139 425 2020 497">
     <span class='ocr_line' id='line_1_1' title="bbox 139 425 2020 497; baseline -0.005 -6"><span class='ocrx_word' id='word_1_1' title='bbox 139 429 225 492; x_wconf 72' lang='lat'><strong>265</strong></span> <span class='ocrx_word' id='word_1_2' title='bbox 1440 425 1642 484; x_wconf 82' lang='lat' dir='ltr'><strong>LIBER</strong></span> <span class='ocrx_word' id='word_1_3' title='bbox 1679 427 2020 497; x_wconf 79' lang='lat' dir='ltr'><strong>QUARTUS.</strong></span> 
     </span>
    </p>
   </div>
   <div class='ocr_carea' id='block_1_2' title="bbox 85 540 1650 610">
    <p class='ocr_par' dir='ltr' id='par_1_2' title="bbox 85 540 1650 610">
     <span class='ocr_line' id='line_1_2' title="bbox 85 540 1650 610; baseline -0.003 -9"><span class='ocrx_word' id='word_1_4' title='bbox 85 558 104 610; x_wconf 56' lang='grc' dir='ltr'>ξ</span> <span class='ocrx_word' id='word_1_5' title='bbox 141 547 424 601; x_wconf 85' lang='lat' dir='ltr'><strong>Psalmorum</strong></span> <span class='ocrx_word' id='word_1_6' title='bbox 448 543 578 598; x_wconf 87' lang='lat' dir='ltr'><strong>libro</strong></span> <span class='ocrx_word' id='word_1_7' title='bbox 603 541 674 598; x_wconf 86' lang='lat' dir='ltr'><strong>ad</strong></span> <span class='ocrx_word' id='word_1_8' title='bbox 698 540 864 598; x_wconf 86' lang='lat' dir='ltr'><strong>altare</strong></span> <span class='ocrx_word' id='word_1_9' title='bbox 880 549 1209 610; x_wconf 77' lang='lat' dir='ltr'><strong>canerentur,</strong></span> <span class='ocrx_word' id='word_1_10' title='bbox 1233 541 1344 598; x_wconf 89' lang='lat' dir='ltr'><strong>sive</strong></span> <span class='ocrx_word' id='word_1_11' title='bbox 1363 549 1485 598; x_wconf 91' lang='lat' dir='ltr'><strong>ante</strong></span> <span class='ocrx_word' id='word_1_12' title='bbox 1503 543 1650 598; x_wconf 87' lang='lat' dir='ltr'><strong>obla-</strong></span> 
     </span>
    </p>
   </div>
   <div class='ocr_carea' id='block_1_3' title="bbox 80 579 1648 705">
    <p class='ocr_par' dir='ltr' id='par_1_3' title="bbox 80 579 1648 705">
     <span class='ocr_line' id='line_1_3' title="bbox 86 579 1648 610; baseline -0.001 -12"><span class='ocrx_word' id='word_1_13' title='bbox 86 579 91 580; x_wconf 47' lang='grc' dir='ltr'><em>κ</em></span> <span class='ocrx_word' id='word_1_14' title='bbox 141 579 157 601; x_wconf 91' lang='grc'><strong>.</strong></span> <span class='ocrx_word' id='word_1_15' title='bbox 176 579 424 600; x_wconf 55' lang='lat' dir='ltr'><strong>unus&quot;...</strong></span> <span class='ocrx_word' id='word_1_16' title='bbox 448 579 578 598; x_wconf 73' lang='grc' dir='ltr'>...ην</span> <span class='ocrx_word' id='word_1_17' title='bbox 603 579 674 598; x_wconf 71' lang='grc' dir='ltr'>..ι</span> <span class='ocrx_word' id='word_1_18' title='bbox 698 579 863 598; x_wconf 66' lang='grc' dir='ltr'>...ων</span> <span class='ocrx_word' id='word_1_19' title='bbox 880 579 1209 610; x_wconf 65' lang='grc' dir='ltr'><strong>...ιηυιυιηυη</strong></span> <span class='ocrx_word' id='word_1_20' title='bbox 1233 579 1344 598; x_wconf 66' lang='grc' dir='ltr'>οι...</span> <span class='ocrx_word' id='word_1_21' title='bbox 1363 579 1485 598; x_wconf 58' lang='grc' dir='ltr'>...ην</span> <span class='ocrx_word' id='word_1_22' title='bbox 1503 579 1648 598; x_wconf 81' lang='grc' dir='ltr'>νυ...-</span> 
     </span>
     <span class='ocr_line' id='line_1_4' title="bbox 80 579 1648 705; baseline -0.002 -14"><span class='ocrx_word' id='word_1_23' title='bbox 80 579 105 656; x_wconf 48' lang='grc' dir='ltr'>ἲ</span> <span class='ocrx_word' id='word_1_24' title='bbox 139 641 326 702; x_wconf 91' lang='lat' dir='ltr'><strong>tionem,</strong></span> <span class='ocrx_word' id='word_1_25' title='bbox 350 636 447 692; x_wconf 83' lang='lat' dir='ltr'><strong>sive</strong></span> <span class='ocrx_word' id='word_1_26' title='bbox 469 650 585 690; x_wconf 92' lang='lat' dir='ltr'><strong>cum</strong></span> <span class='ocrx_word' id='word_1_27' title='bbox 608 633 810 705; x_wconf 92' lang='lat' dir='ltr'><strong>populo</strong></span> <span class='ocrx_word' id='word_1_28' title='bbox 833 633 1226 689; x_wconf 90' lang='lat' dir='ltr'><strong>distribueretur</strong></span> <span class='ocrx_word' id='word_1_29' title='bbox 1254 633 1506 701; x_wconf 90' lang='lat' dir='ltr'><strong>oblatum,</strong></span> <span class='ocrx_word' id='word_1_30' title='bbox 1538 649 1648 688; x_wconf 87' lang='lat' dir='ltr'><strong>ma-</strong></span> 
     </span>
    </p>
   </div>
   <div class='ocr_carea' id='block_1_4' title="bbox 137 726 1650 798">
    <p class='ocr_par' dir='ltr' id='par_1_4' title="bbox 137 726 1650 798">
     <span class='ocr_line' id='line_1_5' title="bbox 137 726 1650 798; baseline -0.001 -14"><span class='ocrx_word' id='word_1_31' title='bbox 137 728 272 784; x_wconf 86' lang='lat' dir='ltr'><strong>ledica</strong></span> <span class='ocrx_word' id='word_1_32' title='bbox 304 727 695 798; x_wconf 80' lang='lat' dir='ltr'><strong>reprehensione</strong></span> <span class='ocrx_word' id='word_1_33' title='bbox 723 726 987 796; x_wconf 80' lang='lat' dir='ltr'><strong>carpebat.</strong></span> <span class='ocrx_word' id='word_1_34' title='bbox 1019 726 1148 782; x_wconf 88' lang='lat' dir='ltr'><strong>Cum</strong></span> <span class='ocrx_word' id='word_1_35' title='bbox 1191 726 1350 798; x_wconf 79' lang='lat' dir='ltr'><strong>igitur</strong></span> <span class='ocrx_word' id='word_1_36' title='bbox 1388 726 1522 782; x_wconf 88' lang='lat' dir='ltr'><strong>hanc</strong></span> <span class='ocrx_word' id='word_1_37' title='bbox 1561 727 1650 782; x_wconf 90' lang='lat' dir='ltr'><strong>ille</strong></span> 
     </span>
    </p>
   </div>
   <div class='ocr_carea' id='block_1_5' title="bbox 133 809 1648 888">
    <p class='ocr_par' dir='ltr' id='par_1_5' title="bbox 133 809 1648 888">
     <span class='ocr_line' id='line_1_6' title="bbox 133 809 1648 888; baseline -0.003 -12"><span class='ocrx_word' id='word_1_38' title='bbox 133 818 518 876; x_wconf 68' lang='lat' dir='ltr'><strong>Consuetudinem</strong></span> <span class='ocrx_word' id='word_1_39' title='bbox 548 817 694 872; x_wconf 92' lang='lat' dir='ltr'><strong>velut</strong></span> <span class='ocrx_word' id='word_1_40' title='bbox 722 809 994 872; x_wconf 88' lang='lat' dir='ltr'><strong>erroneam</strong></span> <span class='ocrx_word' id='word_1_41' title='bbox 1029 816 1346 888; x_wconf 85' lang='lat' dir='ltr'><strong>ubicumque</strong></span> <span class='ocrx_word' id='word_1_42' title='bbox 1373 818 1648 882; x_wconf 73' lang='lat' dir='ltr'><strong>laceraret,</strong></span> 
     </span>
    </p>
   </div>
   <div class='ocr_carea' id='block_1_6' title="bbox 133 907 1652 980">
    <p class='ocr_par' dir='ltr' id='par_1_6' title="bbox 133 907 1652 980">
     <span class='ocr_line' id='line_1_7' title="bbox 133 907 1652 980; baseline -0.003 -13"><span class='ocrx_word' id='word_1_43' title='bbox 133 910 406 979; x_wconf 72' lang='lat' dir='ltr'><strong>Augustinus</strong></span> <span class='ocrx_word' id='word_1_44' title='bbox 443 907 664 964; x_wconf 78' lang='lat' dir='ltr'><strong>fratrum</strong></span> <span class='ocrx_word' id='word_1_45' title='bbox 706 924 921 964; x_wconf 88' lang='lat' dir='ltr'><strong>suorum</strong></span> <span class='ocrx_word' id='word_1_46' title='bbox 959 907 1205 980; x_wconf 86' lang='lat' dir='ltr'><strong>precibus</strong></span> <span class='ocrx_word' id='word_1_47' title='bbox 1239 908 1542 978; x_wconf 89' lang='lat' dir='ltr'><strong>compulsus</strong></span> <span class='ocrx_word' id='word_1_48' title='bbox 1571 918 1652 962; x_wconf 90' lang='lat' dir='ltr'><strong>est</strong></span> 
     </span>
    </p>
   </div>
   <div class='ocr_carea' id='block_1_7' title="bbox 134 1000 1654 1072">
    <p class='ocr_par' dir='ltr' id='par_1_7' title="bbox 134 1000 1654 1072">
     <span class='ocr_line' id='line_1_8' title="bbox 134 1000 1654 1072; baseline -0.001 -14"><span class='ocrx_word' id='word_1_49' title='bbox 134 1018 232 1060; x_wconf 88' lang='lat' dir='ltr'><strong>eum</strong></span> <span class='ocrx_word' id='word_1_50' title='bbox 257 1001 489 1057; x_wconf 79' lang='lat' dir='ltr'><strong>refellere.</strong></span> <span class='ocrx_word' id='word_1_51' title='bbox 519 1001 632 1056; x_wconf 83' lang='lat' dir='ltr'><strong>Hoc</strong></span> <span class='ocrx_word' id='word_1_52' title='bbox 669 1015 804 1072; x_wconf 83' lang='lat' dir='ltr'><strong>Opus</strong></span> <span class='ocrx_word' id='word_1_53' title='bbox 843 1002 1134 1072; x_wconf 82' lang='lat' dir='ltr'><strong>appellatur</strong></span> <span class='ocrx_word' id='word_1_54' title='bbox 1170 1017 1200 1056; x_wconf 88' lang='lat' dir='ltr'><strong>a</strong></span> <span class='ocrx_word' id='word_1_55' title='bbox 1238 1000 1477 1056; x_wconf 86' lang='lat' dir='ltr'><strong>Possidio</strong></span> <span class='ocrx_word' id='word_1_56' title='bbox 1519 1001 1654 1056; x_wconf 90' lang='lat' dir='ltr'><strong>liber</strong></span> 
     </span>
    </p>
   </div>
   <div class='ocr_carea' id='block_1_8' title="bbox 131 1091 1652 1162">
    <p class='ocr_par' dir='ltr' id='par_1_8' title="bbox 131 1091 1652 1162">
     <span class='ocr_line' id='line_1_9' title="bbox 131 1091 1652 1162; baseline -0.001 -16"><span class='ocrx_word' id='word_1_57' title='bbox 131 1092 522 1148; x_wconf 87' lang='lat' dir='ltr'><strong>eontrallilarum</strong></span> <span class='ocrx_word' id='word_1_58' title='bbox 558 1091 628 1148; x_wconf 87' lang='lat' dir='ltr'><strong>de</strong></span> <span class='ocrx_word' id='word_1_59' title='bbox 664 1091 894 1148; x_wconf 88' lang='lat' dir='ltr'><strong>Canticis</strong></span> <span class='ocrx_word' id='word_1_60' title='bbox 935 1108 1052 1162; x_wconf 71' lang='lat' dir='ltr'><strong>quae</strong></span> <span class='ocrx_word' id='word_1_61' title='bbox 1093 1092 1161 1147; x_wconf 91' lang='lat' dir='ltr'><strong>ad</strong></span> <span class='ocrx_word' id='word_1_62' title='bbox 1201 1092 1368 1148; x_wconf 88' lang='lat' dir='ltr'><strong>altare</strong></span> <span class='ocrx_word' id='word_1_63' title='bbox 1407 1092 1652 1147; x_wconf 90' lang='lat' dir='ltr'><strong>dicuntur</strong></span> 
     </span>
    </p>
   </div>
   <div class='ocr_carea' id='block_1_9' title="bbox 137 1181 1430 1257">
    <p class='ocr_par' dir='ltr' id='par_1_9' title="bbox 137 1181 1430 1257">
     <span class='ocr_line' id='line_1_10' title="bbox 137 1181 1430 1257; baseline 0.002 -22"><span class='ocrx_word' id='word_1_64' title='bbox 137 1181 353 1254; x_wconf 82' lang='lat' dir='ltr'><strong>(Possid.,</strong></span> <span class='ocrx_word' id='word_1_65' title='bbox 373 1184 420 1236; x_wconf 85' lang='lat' dir='ltr'><strong>in</strong></span> <span class='ocrx_word' id='word_1_66' title='bbox 443 1181 635 1248; x_wconf 65' lang='lat' dir='ltr'><strong>India,</strong></span> <span class='ocrx_word' id='word_1_67' title='bbox 666 1200 782 1254; x_wconf 86' lang='lat' dir='ltr'><strong>cap.</strong></span> <span class='ocrx_word' id='word_1_68' title='bbox 810 1181 888 1257; x_wconf 93' lang='lat'><strong>6).</strong></span> <span class='ocrx_word' id='word_1_69' title='bbox 920 1183 1086 1238; x_wconf 86' lang='lat' dir='ltr'><strong>llodic</strong></span> <span class='ocrx_word' id='word_1_70' title='bbox 1111 1198 1216 1238; x_wconf 91' lang='lat' dir='ltr'><strong>non</strong></span> <span class='ocrx_word' id='word_1_71' title='bbox 1242 1193 1430 1239; x_wconf 92' lang='lat' dir='ltr'><strong>exstat.</strong></span> 
     </span>
    </p>
   </div>
   <div class='ocr_carea' id='block_1_10' title="bbox 191 1274 1651 1346">
    <p class='ocr_par' dir='ltr' id='par_1_10' title="bbox 191 1274 1651 1346">
     <span class='ocr_line' id='line_1_11' title="bbox 191 1274 1651 1346; baseline -0.001 -15"><span class='ocrx_word' id='word_1_72' title='bbox 191 1276 238 1331; x_wconf 87' lang='lat'><strong>6.</strong></span> <span class='ocrx_word' id='word_1_73' title='bbox 273 1276 380 1331; x_wconf 86' lang='lat' dir='ltr'><strong>Post</strong></span> <span class='ocrx_word' id='word_1_74' title='bbox 418 1277 552 1330; x_wconf 87' lang='lat' dir='ltr'><strong>hunc</strong></span> <span class='ocrx_word' id='word_1_75' title='bbox 597 1275 791 1331; x_wconf 90' lang='lat' dir='ltr'><strong>librum</strong></span> <span class='ocrx_word' id='word_1_76' title='bbox 831 1276 1056 1330; x_wconf 85' lang='lat' dir='ltr'><strong>collocat</strong></span> <span class='ocrx_word' id='word_1_77' title='bbox 1087 1276 1409 1346; x_wconf 78' lang='lat' dir='ltr'><strong>Augustinus</strong></span> <span class='ocrx_word' id='word_1_78' title='bbox 1437 1274 1651 1344; x_wconf 63' lang='lat' dir='ltr'><strong>exposio</strong></span> 
     </span>
    </p>
   </div>
   <div class='ocr_carea' id='block_1_11' title="bbox 137 1365 1652 1440">
    <p class='ocr_par' dir='ltr' id='par_1_11' title="bbox 137 1365 1652 1440">
     <span class='ocr_line' id='line_1_12' title="bbox 137 1365 1652 1440; baseline -0.001 -19"><span class='ocrx_word' id='word_1_79' title='bbox 137 1369 282 1424; x_wconf 83' lang='lat' dir='ltr'><strong>tiones</strong></span> <span class='ocrx_word' id='word_1_80' title='bbox 308 1368 636 1440; x_wconf 89' lang='lat' dir='ltr'><strong>quorumdam</strong></span> <span class='ocrx_word' id='word_1_81' title='bbox 679 1369 916 1424; x_wconf 89' lang='lat' dir='ltr'><strong>locorum</strong></span> <span class='ocrx_word' id='word_1_82' title='bbox 944 1384 1008 1424; x_wconf 89' lang='lat' dir='ltr'><strong>ex</strong></span> <span class='ocrx_word' id='word_1_83' title='bbox 1042 1367 1326 1438; x_wconf 84' lang='lat' dir='ltr'><strong>Evangelio</strong></span> <span class='ocrx_word' id='word_1_84' title='bbox 1363 1365 1652 1423; x_wconf 89' lang='lat' dir='ltr'><strong>secundum</strong></span> 
     </span>
    </p>
   </div>
   <div class='ocr_carea' id='block_1_12' title="bbox 133 1458 1654 1529">
    <p class='ocr_par' dir='ltr' id='par_1_12' title="bbox 133 1458 1654 1529">
     <span class='ocr_line' id='line_1_13' title="bbox 133 1458 1654 1529; baseline 0.001 -18"><span class='ocrx_word' id='word_1_85' title='bbox 133 1459 388 1514; x_wconf 67' lang='lat' dir='ltr'><strong>Matthreum</strong></span> <span class='ocrx_word' id='word_1_86' title='bbox 401 1460 650 1515; x_wconf 86' lang='lat' dir='ltr'><strong>etLucam</strong></span> <span class='ocrx_word' id='word_1_87' title='bbox 662 1502 676 1526; x_wconf 91' lang='lat'><strong>,</strong></span> <span class='ocrx_word' id='word_1_88' title='bbox 693 1459 900 1516; x_wconf 90' lang='lat' dir='ltr'><strong>duobus</strong></span> <span class='ocrx_word' id='word_1_89' title='bbox 917 1459 1062 1514; x_wconf 84' lang='lat' dir='ltr'><strong>libris</strong></span> <span class='ocrx_word' id='word_1_90' title='bbox 1077 1474 1192 1514; x_wconf 91' lang='lat' dir='ltr'><strong>com</strong></span> <span class='ocrx_word' id='word_1_91' title='bbox 1199 1458 1507 1529; x_wconf 85' lang='lat' dir='ltr'><strong>prehensas,</strong></span> <span class='ocrx_word' id='word_1_92' title='bbox 1522 1472 1654 1528; x_wconf 89' lang='lat' dir='ltr'><strong>quas</strong></span> 
     </span>
    </p>
   </div>
   <div class='ocr_carea' id='block_1_13' title="bbox 137 1549 1650 1624">
    <p class='ocr_par' dir='ltr' id='par_1_13' title="bbox 137 1549 1650 1624">
     <span class='ocr_line' id='line_1_14' title="bbox 137 1549 1650 1624; baseline -0.002 -19"><span class='ocrx_word' id='word_1_93' title='bbox 137 1550 403 1616; x_wconf 67' lang='lat' dir='ltr'><strong>Questions</strong></span> <span class='ocrx_word' id='word_1_94' title='bbox 418 1551 801 1624; x_wconf 76' lang='lat' dir='ltr'><strong>Ecangeliorum</strong></span> <span class='ocrx_word' id='word_1_95' title='bbox 829 1551 1067 1607; x_wconf 88' lang='lat' dir='ltr'><strong>inscribit</strong></span> <span class='ocrx_word' id='word_1_96' title='bbox 1087 1551 1333 1622; x_wconf 86' lang='lat' dir='ltr'><strong>(Retract.</strong></span> <span class='ocrx_word' id='word_1_97' title='bbox 1356 1550 1442 1604; x_wconf 86' lang='lat' dir='ltr'><strong>lib.</strong></span> <span class='ocrx_word' id='word_1_98' title='bbox 1459 1549 1513 1616; x_wconf 77' lang='grc'><strong>2,</strong></span> <span class='ocrx_word' id='word_1_99' title='bbox 1536 1565 1650 1618; x_wconf 87' lang='lat' dir='ltr'><strong>cap.</strong></span> 
     </span>
    </p>
   </div>
   <div class='ocr_carea' id='block_1_14' title="bbox 137 1639 1652 1714">
    <p class='ocr_par' dir='ltr' id='par_1_14' title="bbox 137 1639 1652 1714">
     <span class='ocr_line' id='line_1_15' title="bbox 137 1639 1652 1714; baseline -0.003 -18"><span class='ocrx_word' id='word_1_100' title='bbox 137 1642 226 1713; x_wconf 68' lang='lat'><strong>12).</strong></span> <span class='ocrx_word' id='word_1_101' title='bbox 241 1641 286 1697; x_wconf 91' lang='lat' dir='ltr'><strong>ld</strong></span> <span class='ocrx_word' id='word_1_102' title='bbox 300 1643 458 1714; x_wconf 89' lang='lat' dir='ltr'><strong>operis</strong></span> <span class='ocrx_word' id='word_1_103' title='bbox 476 1643 775 1714; x_wconf 89' lang='lat' dir='ltr'><strong>composuit</strong></span> <span class='ocrx_word' id='word_1_104' title='bbox 793 1643 858 1696; x_wconf 89' lang='lat' dir='ltr'><strong>ad</strong></span> <span class='ocrx_word' id='word_1_105' title='bbox 884 1658 1037 1697; x_wconf 91' lang='lat' dir='ltr'><strong>usum</strong></span> <span class='ocrx_word' id='word_1_106' title='bbox 1062 1640 1356 1711; x_wconf 82' lang='lat' dir='ltr'><strong>cujusdam,</strong></span> <span class='ocrx_word' id='word_1_107' title='bbox 1373 1639 1460 1710; x_wconf 89' lang='lat' dir='ltr'><strong>qui</strong></span> <span class='ocrx_word' id='word_1_108' title='bbox 1479 1639 1652 1693; x_wconf 86' lang='lat' dir='ltr'><strong>Evan-</strong></span> 
     </span>
    </p>
   </div>
   <div class='ocr_carea' id='block_1_15' title="bbox 138 1729 1657 1804">
    <p class='ocr_par' dir='ltr' id='par_1_15' title="bbox 138 1729 1657 1804">
     <span class='ocr_line' id='line_1_16' title="bbox 138 1729 1657 1804; baseline -0.003 -16"><span class='ocrx_word' id='word_1_109' title='bbox 138 1735 295 1803; x_wconf 83' lang='lat' dir='ltr'><strong>gelium</strong></span> <span class='ocrx_word' id='word_1_110' title='bbox 313 1750 404 1788; x_wconf 90' lang='lat' dir='ltr'><strong>una</strong></span> <span class='ocrx_word' id='word_1_111' title='bbox 419 1750 534 1790; x_wconf 91' lang='lat' dir='ltr'><strong>cum</strong></span> <span class='ocrx_word' id='word_1_112' title='bbox 553 1749 622 1790; x_wconf 89' lang='lat' dir='ltr'><strong>eo</strong></span> <span class='ocrx_word' id='word_1_113' title='bbox 644 1734 846 1804; x_wconf 91' lang='lat' dir='ltr'><strong>legens,</strong></span> <span class='ocrx_word' id='word_1_114' title='bbox 864 1733 906 1787; x_wconf 91' lang='lat' dir='ltr'><strong>si</strong></span> <span class='ocrx_word' id='word_1_115' title='bbox 923 1732 1050 1804; x_wconf 89' lang='lat' dir='ltr'><strong>quid</strong></span> <span class='ocrx_word' id='word_1_116' title='bbox 1067 1733 1164 1802; x_wconf 86' lang='lat' dir='ltr'><strong>ipsi</strong></span> <span class='ocrx_word' id='word_1_117' title='bbox 1182 1731 1456 1786; x_wconf 76' lang='lat' dir='ltr'><strong>videbatur</strong></span> <span class='ocrx_word' id='word_1_118' title='bbox 1468 1729 1657 1785; x_wconf 87' lang='lat' dir='ltr'><strong>obscu-</strong></span> 
     </span>
    </p>
   </div>
   <div class='ocr_carea' id='block_1_16' title="bbox 137 1823 1652 1897">
    <p class='ocr_par' dir='ltr' id='par_1_16' title="bbox 137 1823 1652 1897">
     <span class='ocr_line' id='line_1_17' title="bbox 137 1823 1652 1897; baseline 0 -20"><span class='ocrx_word' id='word_1_119' title='bbox 137 1841 248 1892; x_wconf 85' lang='lat' dir='ltr'><strong>rum,</strong></span> <span class='ocrx_word' id='word_1_120' title='bbox 272 1825 402 1880; x_wconf 92' lang='lat' dir='ltr'><strong>illum</strong></span> <span class='ocrx_word' id='word_1_121' title='bbox 420 1825 741 1891; x_wconf 88' lang='lat' dir='ltr'><strong>consulebat,</strong></span> <span class='ocrx_word' id='word_1_122' title='bbox 766 1835 820 1881; x_wconf 91' lang='lat' dir='ltr'><strong>et</strong></span> <span class='ocrx_word' id='word_1_123' title='bbox 843 1841 960 1897; x_wconf 79' lang='lat' dir='ltr'><strong>qua:</strong></span> <span class='ocrx_word' id='word_1_124' title='bbox 981 1824 1093 1894; x_wconf 89' lang='lat' dir='ltr'><strong>ipse</strong></span> <span class='ocrx_word' id='word_1_125' title='bbox 1115 1824 1284 1894; x_wconf 91' lang='lat' dir='ltr'><strong>primo</strong></span> <span class='ocrx_word' id='word_1_126' title='bbox 1312 1823 1652 1893; x_wconf 74' lang='lat' dir='ltr'><strong>prmterierat,</strong></span> 
     </span>
    </p>
   </div>
   <div class='ocr_carea' id='block_1_17' title="bbox 135 1915 1654 1986">
    <p class='ocr_par' dir='ltr' id='par_1_17' title="bbox 135 1915 1654 1986">
     <span class='ocr_line' id='line_1_18' title="bbox 135 1915 1654 1986; baseline 0 -18"><span class='ocrx_word' id='word_1_127' title='bbox 135 1916 373 1986; x_wconf 81' lang='lat' dir='ltr'><strong>aliquando</strong></span> <span class='ocrx_word' id='word_1_128' title='bbox 396 1917 725 1973; x_wconf 85' lang='lat' dir='ltr'><strong>retractabat.</strong></span> <span class='ocrx_word' id='word_1_129' title='bbox 746 1917 897 1973; x_wconf 87' lang='lat' dir='ltr'><strong>Unde</strong></span> <span class='ocrx_word' id='word_1_130' title='bbox 921 1915 981 1971; x_wconf 88' lang='lat' dir='ltr'><strong>ﬁt</strong></span> <span class='ocrx_word' id='word_1_131' title='bbox 1006 1926 1061 1970; x_wconf 92' lang='lat' dir='ltr'><strong>ut</strong></span> <span class='ocrx_word' id='word_1_132' title='bbox 1091 1916 1192 1972; x_wconf 71' lang='lat' dir='ltr'><strong>illm</strong></span> <span class='ocrx_word' id='word_1_133' title='bbox 1214 1915 1533 1986; x_wconf 65' lang='lat' dir='ltr'><strong>qua-stiones</strong></span> <span class='ocrx_word' id='word_1_134' title='bbox 1551 1929 1654 1968; x_wconf 90' lang='lat' dir='ltr'><strong>non</strong></span> 
     </span>
    </p>
   </div>
   <div class='ocr_carea' id='block_1_18' title="bbox 139 2007 1654 2080">
    <p class='ocr_par' dir='ltr' id='par_1_18' title="bbox 139 2007 1654 2080">
     <span class='ocr_line' id='line_1_19' title="bbox 139 2007 1654 2080; baseline 0.001 -20"><span class='ocrx_word' id='word_1_135' title='bbox 139 2022 319 2078; x_wconf 79' lang='lat' dir='ltr'><strong>semper</strong></span> <span class='ocrx_word' id='word_1_136' title='bbox 347 2009 617 2079; x_wconf 76' lang='lat' dir='ltr'><strong>evangelici</strong></span> <span class='ocrx_word' id='word_1_137' title='bbox 660 2018 837 2065; x_wconf 84' lang='lat' dir='ltr'><strong>textus</strong></span> <span class='ocrx_word' id='word_1_138' title='bbox 879 2010 1072 2064; x_wconf 92' lang='lat' dir='ltr'><strong>seriem</strong></span> <span class='ocrx_word' id='word_1_139' title='bbox 1113 2017 1418 2080; x_wconf 89' lang='lat' dir='ltr'><strong>sequantur.</strong></span> <span class='ocrx_word' id='word_1_140' title='bbox 1446 2007 1541 2063; x_wconf 91' lang='lat' dir='ltr'><strong>Cui</strong></span> <span class='ocrx_word' id='word_1_141' title='bbox 1571 2007 1654 2062; x_wconf 79' lang='lat' dir='ltr'><strong>in-</strong></span> 
     </span>
    </p>
   </div>
   <div class='ocr_carea' id='block_1_19' title="bbox 145 2099 1656 2171">
    <p class='ocr_par' dir='ltr' id='par_1_19' title="bbox 145 2099 1656 2171">
     <span class='ocr_line' id='line_1_20' title="bbox 145 2099 1656 2171; baseline 0.001 -21"><span class='ocrx_word' id='word_1_142' title='bbox 145 2099 384 2153; x_wconf 89' lang='lat' dir='ltr'><strong>commodo</strong></span> <span class='ocrx_word' id='word_1_143' title='bbox 406 2110 457 2155; x_wconf 88' lang='lat' dir='ltr'><strong>ut</strong></span> <span class='ocrx_word' id='word_1_144' title='bbox 481 2099 783 2156; x_wconf 85' lang='lat' dir='ltr'><strong>mederetur</strong></span> <span class='ocrx_word' id='word_1_145' title='bbox 805 2101 1155 2171; x_wconf 79' lang='lat' dir='ltr'><strong>Augustinus,</strong></span> <span class='ocrx_word' id='word_1_146' title='bbox 1185 2099 1455 2156; x_wconf 83' lang='lat' dir='ltr'><strong>titulorum</strong></span> <span class='ocrx_word' id='word_1_147' title='bbox 1492 2099 1656 2170; x_wconf 89' lang='lat' dir='ltr'><strong>sylla-</strong></span> 
     </span>
    </p>
   </div>
   <div class='ocr_carea' id='block_1_20' title="bbox 144 2189 1656 2259">
    <p class='ocr_par' dir='ltr' id='par_1_20' title="bbox 144 2189 1656 2259">
     <span class='ocr_line' id='line_1_21' title="bbox 144 2189 1656 2259; baseline 0.003 -18"><span class='ocrx_word' id='word_1_148' title='bbox 144 2189 252 2242; x_wconf 84' lang='lat' dir='ltr'><strong>butn</strong></span> <span class='ocrx_word' id='word_1_149' title='bbox 291 2192 446 2246; x_wconf 78' lang='lat' dir='ltr'><strong>texuit.</strong></span> <span class='ocrx_word' id='word_1_150' title='bbox 474 2192 634 2248; x_wconf 86' lang='lat' dir='ltr'><strong>Porro</strong></span> <span class='ocrx_word' id='word_1_151' title='bbox 673 2207 775 2250; x_wconf 86' lang='lat' dir='ltr'><strong>nec</strong></span> <span class='ocrx_word' id='word_1_152' title='bbox 810 2208 996 2249; x_wconf 91' lang='lat' dir='ltr'><strong>omnes</strong></span> <span class='ocrx_word' id='word_1_153' title='bbox 1031 2191 1369 2248; x_wconf 87' lang='lat' dir='ltr'><strong>difﬁcultates</strong></span> <span class='ocrx_word' id='word_1_154' title='bbox 1389 2234 1404 2259; x_wconf 94' lang='lat'><strong>,</strong></span> <span class='ocrx_word' id='word_1_155' title='bbox 1430 2208 1529 2247; x_wconf 90' lang='lat' dir='ltr'><strong>nec</strong></span> <span class='ocrx_word' id='word_1_156' title='bbox 1557 2192 1656 2246; x_wconf 87' lang='lat' dir='ltr'><strong>ali-</strong></span> 
     </span>
    </p>
   </div>
   <div class='ocr_carea' id='block_1_21' title="bbox 139 2281 1660 2357">
    <p class='ocr_par' dir='ltr' id='par_1_21' title="bbox 139 2281 1660 2357">
     <span class='ocr_line' id='line_1_22' title="bbox 139 2281 1660 2357; baseline 0.003 -23"><span class='ocrx_word' id='word_1_157' title='bbox 139 2281 323 2349; x_wconf 85' lang='lat' dir='ltr'><strong>quando</strong></span> <span class='ocrx_word' id='word_1_158' title='bbox 352 2285 602 2354; x_wconf 78' lang='lat' dir='ltr'><strong>graviores</strong></span> <span class='ocrx_word' id='word_1_159' title='bbox 629 2301 753 2357; x_wconf 85' lang='lat' dir='ltr'><strong>quae</strong></span> <span class='ocrx_word' id='word_1_160' title='bbox 783 2287 1004 2357; x_wconf 88' lang='lat' dir='ltr'><strong>proponi</strong></span> <span class='ocrx_word' id='word_1_161' title='bbox 1034 2295 1288 2356; x_wconf 90' lang='lat' dir='ltr'><strong>possunt,</strong></span> <span class='ocrx_word' id='word_1_162' title='bbox 1319 2286 1371 2339; x_wconf 92' lang='lat' dir='ltr'><strong>in</strong></span> <span class='ocrx_word' id='word_1_163' title='bbox 1400 2285 1481 2340; x_wconf 89' lang='lat' dir='ltr'><strong>his</strong></span> <span class='ocrx_word' id='word_1_164' title='bbox 1511 2285 1660 2340; x_wconf 81' lang='lat' dir='ltr'><strong>libris</strong></span> 
     </span>
    </p>
   </div>
   <div class='ocr_carea' id='block_1_22' title="bbox 133 2371 1657 2449">
    <p class='ocr_par' dir='ltr' id='par_1_22' title="bbox 133 2371 1657 2449">
     <span class='ocr_line' id='line_1_23' title="bbox 133 2371 1657 2449; baseline 0.003 -25"><span class='ocrx_word' id='word_1_165' title='bbox 133 2371 416 2442; x_wconf 83' lang='lat' dir='ltr'><strong>enodantur;</strong></span> <span class='ocrx_word' id='word_1_166' title='bbox 459 2376 581 2447; x_wconf 89' lang='lat' dir='ltr'><strong>quia</strong></span> <span class='ocrx_word' id='word_1_167' title='bbox 632 2377 724 2448; x_wconf 90' lang='lat' dir='ltr'><strong>qui</strong></span> <span class='ocrx_word' id='word_1_168' title='bbox 774 2377 1083 2433; x_wconf 85' lang='lat' dir='ltr'><strong>consulebat</strong></span> <span class='ocrx_word' id='word_1_169' title='bbox 1129 2376 1505 2449; x_wconf 81' lang='lat' dir='ltr'><strong>Augustinum,</strong></span> <span class='ocrx_word' id='word_1_170' title='bbox 1547 2375 1657 2446; x_wconf 87' lang='lat' dir='ltr'><strong>jam</strong></span> 
     </span>
    </p>
   </div>
   <div class='ocr_carea' id='block_1_23' title="bbox 131 2466 592 2538">
    <p class='ocr_par' dir='ltr' id='par_1_23' title="bbox 131 2466 592 2538">
     <span class='ocr_line' id='line_1_24' title="bbox 131 2466 592 2538; baseline 0.015 -21"><span class='ocrx_word' id='word_1_171' title='bbox 131 2466 340 2538; x_wconf 87' lang='lat' dir='ltr'><strong>pleraque</strong></span> <span class='ocrx_word' id='word_1_172' title='bbox 362 2479 592 2524; x_wconf 77' lang='lat' dir='ltr'><strong>noverat.</strong></span> 
     </span>
    </p>
   </div>
   <div class='ocr_carea' id='block_1_24' title="bbox 189 2557 1660 2633">
    <p class='ocr_par' dir='ltr' id='par_1_24' title="bbox 189 2557 1660 2633">
     <span class='ocr_line' id='line_1_25' title="bbox 189 2557 1660 2633; baseline 0.002 -22"><span class='ocrx_word' id='word_1_173' title='bbox 189 2557 230 2611; x_wconf 91' lang='lat'><strong>7.</strong></span> <span class='ocrx_word' id='word_1_174' title='bbox 263 2557 630 2618; x_wconf 80' lang='lat' dir='ltr'><strong>Adnotationcs</strong></span> <span class='ocrx_word' id='word_1_175' title='bbox 663 2562 718 2616; x_wconf 90' lang='lat' dir='ltr'><strong>in</strong></span> <span class='ocrx_word' id='word_1_176' title='bbox 749 2561 849 2618; x_wconf 78' lang='lat' dir='ltr'><strong>Job</strong></span> <span class='ocrx_word' id='word_1_177' title='bbox 885 2571 1010 2618; x_wconf 91' lang='lat' dir='ltr'><strong>sunt</strong></span> <span class='ocrx_word' id='word_1_178' title='bbox 1046 2560 1286 2633; x_wconf 61' lang='lat' dir='ltr'><strong>quaedam</strong></span> <span class='ocrx_word' id='word_1_179' title='bbox 1325 2559 1660 2616; x_wconf 88' lang='lat' dir='ltr'><strong>solummodo</strong></span> 
     </span>
    </p>
   </div>
   <div class='ocr_carea' id='block_1_25' title="bbox 128 2650 1660 2726">
    <p class='ocr_par' dir='ltr' id='par_1_25' title="bbox 128 2650 1660 2726">
     <span class='ocr_line' id='line_1_26' title="bbox 128 2650 1660 2726; baseline 0.003 -21"><span class='ocrx_word' id='word_1_180' title='bbox 128 2650 322 2722; x_wconf 84' lang='lat' dir='ltr'><strong>scholia,</strong></span> <span class='ocrx_word' id='word_1_181' title='bbox 359 2671 474 2726; x_wconf 65' lang='lat' dir='ltr'><strong>quae</strong></span> <span class='ocrx_word' id='word_1_182' title='bbox 518 2672 549 2710; x_wconf 87' lang='lat' dir='ltr'><strong>a</strong></span> <span class='ocrx_word' id='word_1_183' title='bbox 587 2665 774 2712; x_wconf 88' lang='lat' dir='ltr'><strong>sancto</strong></span> <span class='ocrx_word' id='word_1_184' title='bbox 806 2656 1033 2712; x_wconf 88' lang='lat' dir='ltr'><strong>Doctore</strong></span> <span class='ocrx_word' id='word_1_185' title='bbox 1059 2655 1129 2712; x_wconf 89' lang='lat' dir='ltr'><strong>ad</strong></span> <span class='ocrx_word' id='word_1_186' title='bbox 1158 2656 1446 2726; x_wconf 84' lang='lat' dir='ltr'><strong>marginem</strong></span> <span class='ocrx_word' id='word_1_187' title='bbox 1485 2663 1660 2710; x_wconf 87' lang='lat' dir='ltr'><strong>textus</strong></span> 
     </span>
    </p>
   </div>
   <div class='ocr_carea' id='block_1_26' title="bbox 127 2741 1660 2817">
    <p class='ocr_par' dir='ltr' id='par_1_26' title="bbox 127 2741 1660 2817">
     <span class='ocr_line' id='line_1_27' title="bbox 127 2741 1660 2817; baseline 0.001 -21"><span class='ocrx_word' id='word_1_188' title='bbox 127 2741 350 2815; x_wconf 84' lang='lat' dir='ltr'><strong>adscripta</strong></span> <span class='ocrx_word' id='word_1_189' title='bbox 371 2786 386 2811; x_wconf 94' lang='lat'><strong>,</strong></span> <span class='ocrx_word' id='word_1_190' title='bbox 413 2761 604 2817; x_wconf 91' lang='lat' dir='ltr'><strong>parum</strong></span> <span class='ocrx_word' id='word_1_191' title='bbox 634 2755 885 2802; x_wconf 90' lang='lat' dir='ltr'><strong>accurate</strong></span> <span class='ocrx_word' id='word_1_192' title='bbox 922 2745 1012 2800; x_wconf 90' lang='lat' dir='ltr'><strong>alii</strong></span> <span class='ocrx_word' id='word_1_193' title='bbox 1057 2747 1480 2816; x_wconf 78' lang='lat' dir='ltr'><strong>exscripserunt,</strong></span> <span class='ocrx_word' id='word_1_194' title='bbox 1509 2753 1565 2800; x_wconf 88' lang='lat' dir='ltr'><strong>et</strong></span> <span class='ocrx_word' id='word_1_195' title='bbox 1607 2745 1660 2798; x_wconf 91' lang='lat' dir='ltr'><strong>in</strong></span> 
     </span>
    </p>
   </div>
   <div class='ocr_carea' id='block_1_27' title="bbox 129 2836 1660 2908">
    <p class='ocr_par' dir='ltr' id='par_1_27' title="bbox 129 2836 1660 2908">
     <span class='ocr_line' id='line_1_28' title="bbox 129 2836 1660 2908; baseline 0.003 -23"><span class='ocrx_word' id='word_1_196' title='bbox 129 2847 259 2888; x_wconf 83' lang='lat' dir='ltr'><strong>unum</strong></span> <span class='ocrx_word' id='word_1_197' title='bbox 283 2851 466 2906; x_wconf 86' lang='lat' dir='ltr'><strong>corpus</strong></span> <span class='ocrx_word' id='word_1_198' title='bbox 503 2837 844 2908; x_wconf 84' lang='lat' dir='ltr'><strong>redegerunt.</strong></span> <span class='ocrx_word' id='word_1_199' title='bbox 874 2836 1027 2894; x_wconf 86' lang='lat' dir='ltr'><strong>Unde</strong></span> <span class='ocrx_word' id='word_1_200' title='bbox 1065 2836 1269 2892; x_wconf 85' lang='lat' dir='ltr'><strong>dubitat</strong></span> <span class='ocrx_word' id='word_1_201' title='bbox 1300 2836 1660 2907; x_wconf 83' lang='lat' dir='ltr'><strong>Augustinus,</strong></span> 
     </span>
    </p>
   </div>
   <div class='ocr_carea' id='block_1_28' title="bbox 128 2922 1662 2999">
    <p class='ocr_par' dir='ltr' id='par_1_28' title="bbox 128 2922 1662 2999">
     <span class='ocr_line' id='line_1_29' title="bbox 128 2922 1662 2999; baseline 0.002 -22"><span class='ocrx_word' id='word_1_202' title='bbox 128 2936 178 2977; x_wconf 84' lang='lat' dir='ltr'><strong>an</strong></span> <span class='ocrx_word' id='word_1_203' title='bbox 202 2922 324 2982; x_wconf 86' lang='lat' dir='ltr'><strong>hunc</strong></span> <span class='ocrx_word' id='word_1_204' title='bbox 349 2927 516 2984; x_wconf 88' lang='lat' dir='ltr'><strong>fetum</strong></span> <span class='ocrx_word' id='word_1_205' title='bbox 541 2937 600 2982; x_wconf 91' lang='lat' dir='ltr'><strong>ut</strong></span> <span class='ocrx_word' id='word_1_206' title='bbox 634 2943 792 2983; x_wconf 89' lang='lat' dir='ltr'><strong>suum</strong></span> <span class='ocrx_word' id='word_1_207' title='bbox 833 2935 887 2983; x_wconf 88' lang='lat' dir='ltr'><strong>et</strong></span> <span class='ocrx_word' id='word_1_208' title='bbox 925 2928 1216 2999; x_wconf 90' lang='lat' dir='ltr'><strong>legitimum</strong></span> <span class='ocrx_word' id='word_1_209' title='bbox 1254 2941 1542 2998; x_wconf 89' lang='lat' dir='ltr'><strong>agnoscere</strong></span> <span class='ocrx_word' id='word_1_210' title='bbox 1565 2925 1662 2981; x_wconf 88' lang='lat' dir='ltr'><strong>de-</strong></span> 
     </span>
    </p>
   </div>
   <div class='ocr_carea' id='block_1_29' title="bbox 130 3013 1664 3089">
    <p class='ocr_par' dir='ltr' id='par_1_29' title="bbox 130 3013 1664 3089">
     <span class='ocr_line' id='line_1_30' title="bbox 130 3013 1664 3089; baseline 0.001 -20"><span class='ocrx_word' id='word_1_211' title='bbox 130 3013 238 3070; x_wconf 83' lang='lat' dir='ltr'><strong>beat.</strong></span> <span class='ocrx_word' id='word_1_212' title='bbox 257 3017 462 3078; x_wconf 82' lang='lat' dir='ltr'><strong>Fatetur</strong></span> <span class='ocrx_word' id='word_1_213' title='bbox 489 3020 590 3075; x_wconf 85' lang='lat' dir='ltr'><strong>bas</strong></span> <span class='ocrx_word' id='word_1_214' title='bbox 618 3019 1000 3077; x_wconf 86' lang='lat' dir='ltr'><strong>Adnotationes</strong></span> <span class='ocrx_word' id='word_1_215' title='bbox 1025 3027 1272 3089; x_wconf 87' lang='lat' dir='ltr'><strong>acceptas</strong></span> <span class='ocrx_word' id='word_1_216' title='bbox 1304 3027 1356 3074; x_wconf 87' lang='lat' dir='ltr'><strong>et</strong></span> <span class='ocrx_word' id='word_1_217' title='bbox 1378 3017 1446 3072; x_wconf 91' lang='lat' dir='ltr'><strong>ad</strong></span> <span class='ocrx_word' id='word_1_218' title='bbox 1471 3016 1664 3073; x_wconf 86' lang='lat' dir='ltr'><strong>intelli-</strong></span> 
     </span>
    </p>
   </div>
   <div class='ocr_carea' id='block_1_30' title="bbox 131 3107 1661 3180">
    <p class='ocr_par' dir='ltr' id='par_1_30' title="bbox 131 3107 1661 3180">
     <span class='ocr_line' id='line_1_31' title="bbox 131 3107 1661 3180; baseline -0.003 -15"><span class='ocrx_word' id='word_1_219' title='bbox 131 3109 315 3176; x_wconf 74' lang='lat' dir='ltr'><strong>gentiam</strong></span> <span class='ocrx_word' id='word_1_220' title='bbox 339 3114 769 3168; x_wconf 82' lang='lat' dir='ltr'><strong>accommodatas</strong></span> <span class='ocrx_word' id='word_1_221' title='bbox 804 3125 908 3166; x_wconf 89' lang='lat' dir='ltr'><strong>non</strong></span> <span class='ocrx_word' id='word_1_222' title='bbox 957 3110 1105 3178; x_wconf 91' lang='lat' dir='ltr'><strong>fore,</strong></span> <span class='ocrx_word' id='word_1_223' title='bbox 1147 3109 1249 3165; x_wconf 89' lang='lat' dir='ltr'><strong>nisi</strong></span> <span class='ocrx_word' id='word_1_224' title='bbox 1291 3107 1661 3180; x_wconf 89' lang='lat' dir='ltr'><strong>paucissimis;</strong></span> 
     </span>
    </p>
   </div>
   <div class='ocr_carea' id='block_1_31' title="bbox 131 3199 1665 3273">
    <p class='ocr_par' dir='ltr' id='par_1_31' title="bbox 131 3199 1665 3273">
     <span class='ocr_line' id='line_1_32' title="bbox 131 3199 1665 3273; baseline -0.002 -16"><span class='ocrx_word' id='word_1_225' title='bbox 131 3199 283 3268; x_wconf 74' lang='lat' dir='ltr'><strong>quibus</strong></span> <span class='ocrx_word' id='word_1_226' title='bbox 303 3203 454 3260; x_wconf 88' lang='lat' dir='ltr'><strong>etiam</strong></span> <span class='ocrx_word' id='word_1_227' title='bbox 481 3204 649 3259; x_wconf 89' lang='lat' dir='ltr'><strong>multa</strong></span> <span class='ocrx_word' id='word_1_228' title='bbox 682 3205 736 3259; x_wconf 93' lang='lat' dir='ltr'><strong>in</strong></span> <span class='ocrx_word' id='word_1_229' title='bbox 763 3203 847 3259; x_wconf 87' lang='lat' dir='ltr'><strong>his</strong></span> <span class='ocrx_word' id='word_1_230' title='bbox 875 3211 1182 3269; x_wconf 88' lang='lat' dir='ltr'><strong>occurrent,</strong></span> <span class='ocrx_word' id='word_1_231' title='bbox 1221 3218 1339 3273; x_wconf 66' lang='lat' dir='ltr'><strong>qua:</strong></span> <span class='ocrx_word' id='word_1_232' title='bbox 1366 3200 1665 3272; x_wconf 89' lang='lat' dir='ltr'><strong>percepturi</strong></span> 
     </span>
    </p>
   </div>
   <div class='ocr_carea' id='block_1_32' title="bbox 132 3292 1664 3367">
    <p class='ocr_par' dir='ltr' id='par_1_32' title="bbox 132 3292 1664 3367">
     <span class='ocr_line' id='line_1_33' title="bbox 132 3292 1664 3367; baseline 0.001 -25"><span class='ocrx_word' id='word_1_233' title='bbox 132 3305 212 3344; x_wconf 75' lang='lat' dir='ltr'><strong>non</strong></span> <span class='ocrx_word' id='word_1_234' title='bbox 233 3293 354 3362; x_wconf 89' lang='lat' dir='ltr'><strong>sint,</strong></span> <span class='ocrx_word' id='word_1_235' title='bbox 379 3311 503 3351; x_wconf 88' lang='lat' dir='ltr'><strong>cum</strong></span> <span class='ocrx_word' id='word_1_236' title='bbox 531 3304 754 3367; x_wconf 87' lang='lat' dir='ltr'><strong>propter</strong></span> <span class='ocrx_word' id='word_1_237' title='bbox 782 3294 1161 3350; x_wconf 89' lang='lat' dir='ltr'><strong>sententiarum</strong></span> <span class='ocrx_word' id='word_1_238' title='bbox 1184 3292 1496 3349; x_wconf 85' lang='lat' dir='ltr'><strong>brevitatem</strong></span> <span class='ocrx_word' id='word_1_239' title='bbox 1512 3331 1527 3358; x_wconf 92' lang='lat'><strong>,</strong></span> <span class='ocrx_word' id='word_1_240' title='bbox 1554 3298 1664 3345; x_wconf 92' lang='lat' dir='ltr'><strong>tum</strong></span> 
     </span>
    </p>
   </div>
   <div class='ocr_carea' id='block_1_33' title="bbox 133 3385 1669 3460">
    <p class='ocr_par' dir='ltr' id='par_1_33' title="bbox 133 3385 1669 3460">
     <span class='ocr_line' id='line_1_34' title="bbox 133 3385 1669 3460; baseline -0.001 -23"><span class='ocrx_word' id='word_1_241' title='bbox 133 3396 310 3455; x_wconf 83' lang='lat' dir='ltr'><strong>prepter</strong></span> <span class='ocrx_word' id='word_1_242' title='bbox 332 3387 544 3453; x_wconf 89' lang='lat' dir='ltr'><strong>menda,</strong></span> <span class='ocrx_word' id='word_1_243' title='bbox 567 3404 688 3460; x_wconf 77' lang='lat' dir='ltr'><strong>qua:</strong></span> <span class='ocrx_word' id='word_1_244' title='bbox 713 3389 765 3442; x_wconf 93' lang='lat' dir='ltr'><strong>in</strong></span> <span class='ocrx_word' id='word_1_245' title='bbox 791 3403 882 3444; x_wconf 89' lang='lat' dir='ltr'><strong>eas</strong></span> <span class='ocrx_word' id='word_1_246' title='bbox 904 3397 1011 3442; x_wconf 89' lang='lat' dir='ltr'><strong>tam</strong></span> <span class='ocrx_word' id='word_1_247' title='bbox 1031 3386 1217 3442; x_wconf 89' lang='lat' dir='ltr'><strong>crebra</strong></span> <span class='ocrx_word' id='word_1_248' title='bbox 1243 3385 1587 3456; x_wconf 88' lang='lat' dir='ltr'><strong>irrepserunt,</strong></span> <span class='ocrx_word' id='word_1_249' title='bbox 1611 3389 1669 3436; x_wconf 89' lang='lat' dir='ltr'><strong>ut</strong></span> 
     </span>
    </p>
   </div>
   <div class='ocr_carea' id='block_1_34' title="bbox 132 3475 1669 3549">
    <p class='ocr_par' dir='ltr' id='par_1_34' title="bbox 132 3475 1669 3549">
     <span class='ocr_line' id='line_1_35' title="bbox 132 3475 1669 3549; baseline 0.003 -23"><span class='ocrx_word' id='word_1_250' title='bbox 132 3475 372 3533; x_wconf 85' lang='lat' dir='ltr'><strong>emendare</strong></span> <span class='ocrx_word' id='word_1_251' title='bbox 407 3495 519 3535; x_wconf 87' lang='lat' dir='ltr'><strong>non</strong></span> <span class='ocrx_word' id='word_1_252' title='bbox 575 3479 828 3549; x_wconf 89' lang='lat' dir='ltr'><strong>potuerit.</strong></span> <span class='ocrx_word' id='word_1_253' title='bbox 870 3478 1260 3547; x_wconf 86' lang='lat' dir='ltr'><strong>Qualecumque</strong></span> <span class='ocrx_word' id='word_1_254' title='bbox 1304 3484 1479 3530; x_wconf 88' lang='lat' dir='ltr'><strong>tamen</strong></span> <span class='ocrx_word' id='word_1_255' title='bbox 1526 3483 1669 3530; x_wconf 86' lang='lat' dir='ltr'><strong>esset</strong></span> 
     </span>
    </p>
   </div>
   <div class='ocr_carea' id='block_1_35' title="bbox 137 3561 1668 3642">
    <p class='ocr_par' dir='ltr' id='par_1_35' title="bbox 137 3561 1668 3642">
     <span class='ocr_line' id='line_1_36' title="bbox 137 3561 1668 3642; baseline 0.007 -28"><span class='ocrx_word' id='word_1_256' title='bbox 137 3561 224 3618; x_wconf 85' lang='lat' dir='ltr'><strong>hoc</strong></span> <span class='ocrx_word' id='word_1_257' title='bbox 245 3579 386 3636; x_wconf 88' lang='lat' dir='ltr'><strong>opus,</strong></span> <span class='ocrx_word' id='word_1_258' title='bbox 408 3571 707 3642; x_wconf 76' lang='lat' dir='ltr'><strong>expetitum</strong></span> <span class='ocrx_word' id='word_1_259' title='bbox 747 3568 844 3624; x_wconf 88' lang='lat' dir='ltr'><strong>fuit</strong></span> <span class='ocrx_word' id='word_1_260' title='bbox 869 3584 898 3624; x_wconf 88' lang='lat' dir='ltr'><strong>a</strong></span> <span class='ocrx_word' id='word_1_261' title='bbox 925 3568 1177 3624; x_wconf 85' lang='lat' dir='ltr'><strong>fratribus</strong></span> <span class='ocrx_word' id='word_1_262' title='bbox 1193 3609 1208 3636; x_wconf 89' lang='lat'><strong>,</strong></span> <span class='ocrx_word' id='word_1_263' title='bbox 1239 3582 1466 3640; x_wconf 90' lang='lat' dir='ltr'><strong>quorum</strong></span> <span class='ocrx_word' id='word_1_264' title='bbox 1492 3569 1668 3625; x_wconf 88' lang='lat' dir='ltr'><strong>studio</strong></span> 
     </span>
    </p>
   </div>
   <div class='ocr_carea' id='block_1_36' title="bbox 135 3657 1667 3732">
    <p class='ocr_par' dir='ltr' id='par_1_36' title="bbox 135 3657 1667 3732">
     <span class='ocr_line' id='line_1_37' title="bbox 135 3657 1667 3732; baseline 0.006 -26"><span class='ocrx_word' id='word_1_265' title='bbox 135 3667 235 3708; x_wconf 90' lang='lat' dir='ltr'><strong>cum</strong></span> <span class='ocrx_word' id='word_1_266' title='bbox 259 3657 494 3732; x_wconf 84' lang='lat' dir='ltr'><strong>denegare</strong></span> <span class='ocrx_word' id='word_1_267' title='bbox 523 3676 636 3717; x_wconf 91' lang='lat' dir='ltr'><strong>non</strong></span> <span class='ocrx_word' id='word_1_268' title='bbox 673 3659 936 3732; x_wconf 91' lang='lat' dir='ltr'><strong>potuisset</strong></span> <span class='ocrx_word' id='word_1_269' title='bbox 957 3660 1278 3732; x_wconf 86' lang='lat' dir='ltr'><strong>Augustinus</strong></span> <span class='ocrx_word' id='word_1_270' title='bbox 1297 3701 1312 3727; x_wconf 91' lang='lat'><strong>,</strong></span> <span class='ocrx_word' id='word_1_271' title='bbox 1341 3659 1393 3714; x_wconf 92' lang='lat' dir='ltr'><strong>in</strong></span> <span class='ocrx_word' id='word_1_272' title='bbox 1419 3659 1532 3714; x_wconf 88' lang='lat' dir='ltr'><strong>suis</strong></span> <span class='ocrx_word' id='word_1_273' title='bbox 1559 3658 1667 3715; x_wconf 82' lang='lat' dir='ltr'><strong>Re-</strong></span> 
     </span>
    </p>
   </div>
   <div class='ocr_carea' id='block_1_37' title="bbox 134 3751 1662 3826">
    <p class='ocr_par' dir='ltr' id='par_1_37' title="bbox 134 3751 1662 3826">
     <span class='ocr_line' id='line_1_38' title="bbox 134 3751 1662 3826; baseline 0.005 -26"><span class='ocrx_word' id='word_1_274' title='bbox 134 3751 456 3810; x_wconf 87' lang='lat' dir='ltr'><strong>tractationum</strong></span> <span class='ocrx_word' id='word_1_275' title='bbox 510 3753 665 3810; x_wconf 87' lang='lat' dir='ltr'><strong>libris</strong></span> <span class='ocrx_word' id='word_1_276' title='bbox 713 3753 843 3809; x_wconf 90' lang='lat' dir='ltr'><strong>illud</strong></span> <span class='ocrx_word' id='word_1_277' title='bbox 891 3762 949 3810; x_wconf 93' lang='lat' dir='ltr'><strong>ut</strong></span> <span class='ocrx_word' id='word_1_278' title='bbox 996 3770 1150 3810; x_wconf 87' lang='lat' dir='ltr'><strong>suum</strong></span> <span class='ocrx_word' id='word_1_279' title='bbox 1202 3754 1414 3826; x_wconf 84' lang='lat' dir='ltr'><strong>agnovit</strong></span> <span class='ocrx_word' id='word_1_280' title='bbox 1456 3751 1662 3825; x_wconf 60' lang='lat' dir='ltr'><strong>(Ibid,</strong></span> 
     </span>
    </p>
   </div>
   <div class='ocr_carea' id='block_1_38' title="bbox 130 3843 337 3914">
    <p class='ocr_par' dir='ltr' id='par_1_38' title="bbox 130 3843 337 3914">
     <span class='ocr_line' id='line_1_39' title="bbox 130 3843 337 3914; baseline 0.014 -18"><span class='ocrx_word' id='word_1_281' title='bbox 130 3854 220 3909; x_wconf 79' lang='lat' dir='ltr'><strong>mp.</strong></span> <span class='ocrx_word' id='word_1_282' title='bbox 239 3843 337 3914; x_wconf 79' lang='lat'><strong>13).</strong></span> 
     </span>
    </p>
   </div>
   <div class='ocr_carea' id='block_1_39' title="bbox 183 3930 1670 4006">
    <p class='ocr_par' dir='ltr' id='par_1_39' title="bbox 183 3930 1670 4006">
     <span class='ocr_line' id='line_1_40' title="bbox 183 3930 1670 4006; baseline 0.003 -20"><span class='ocrx_word' id='word_1_283' title='bbox 183 3930 226 3986; x_wconf 86' lang='lat'><strong>8.</strong></span> <span class='ocrx_word' id='word_1_284' title='bbox 261 3934 639 3993; x_wconf 79' lang='lat' dir='ltr'><strong>Adnotationes</strong></span> <span class='ocrx_word' id='word_1_285' title='bbox 663 3936 793 3992; x_wconf 88' lang='lat' dir='ltr'><strong>istas</strong></span> <span class='ocrx_word' id='word_1_286' title='bbox 814 3934 1010 4006; x_wconf 82' lang='lat' dir='ltr'><strong>excipit</strong></span> <span class='ocrx_word' id='word_1_287' title='bbox 1034 3935 1168 3990; x_wconf 89' lang='lat' dir='ltr'><strong>liber</strong></span> <span class='ocrx_word' id='word_1_288' title='bbox 1185 3934 1254 3991; x_wconf 91' lang='lat' dir='ltr'><strong>de</strong></span> <span class='ocrx_word' id='word_1_289' title='bbox 1272 3933 1670 3990; x_wconf 86' lang='lat' dir='ltr'><strong>Catechizandis</strong></span> 
     </span>
    </p>
   </div>
   <div class='ocr_carea' id='block_1_40' title="bbox 132 4023 1674 4101">
    <p class='ocr_par' dir='ltr' id='par_1_40' title="bbox 132 4023 1674 4101">
     <span class='ocr_line' id='line_1_41' title="bbox 132 4023 1674 4101; baseline 0.004 -28"><span class='ocrx_word' id='word_1_290' title='bbox 132 4023 310 4080; x_wconf 88' lang='lat' dir='ltr'><strong>rudibus</strong></span> <span class='ocrx_word' id='word_1_291' title='bbox 329 4026 479 4101; x_wconf 76' lang='lat' dir='ltr'><strong>(Ibid.</strong></span> <span class='ocrx_word' id='word_1_292' title='bbox 503 4069 521 4098; x_wconf 94' lang='lat'><strong>,</strong></span> <span class='ocrx_word' id='word_1_293' title='bbox 555 4044 677 4099; x_wconf 87' lang='lat' dir='ltr'><strong>cap.</strong></span> <span class='ocrx_word' id='word_1_294' title='bbox 709 4027 822 4099; x_wconf 75' lang='grc'><strong>14),</strong></span> <span class='ocrx_word' id='word_1_295' title='bbox 859 4027 928 4082; x_wconf 88' lang='lat' dir='ltr'><strong>ad</strong></span> <span class='ocrx_word' id='word_1_296' title='bbox 966 4028 1269 4097; x_wconf 87' lang='lat' dir='ltr'><strong>Deogratias</strong></span> <span class='ocrx_word' id='word_1_297' title='bbox 1294 4025 1674 4096; x_wconf 85' lang='lat' dir='ltr'><strong>Carthaginen—</strong></span> 
     </span>
    </p>
   </div>
   <div class='ocr_carea' id='block_1_41' title="bbox 131 4115 1671 4191">
    <p class='ocr_par' dir='ltr' id='par_1_41' title="bbox 131 4115 1671 4191">
     <span class='ocr_line' id='line_1_42' title="bbox 131 4115 1671 4191; baseline 0.003 -26"><span class='ocrx_word' id='word_1_298' title='bbox 131 4128 220 4168; x_wconf 80' lang='lat' dir='ltr'><strong>sem</strong></span> <span class='ocrx_word' id='word_1_299' title='bbox 242 4115 528 4189; x_wconf 83' lang='lat' dir='ltr'><strong>diaconum,</strong></span> <span class='ocrx_word' id='word_1_300' title='bbox 562 4118 636 4174; x_wconf 91' lang='lat' dir='ltr'><strong>ad</strong></span> <span class='ocrx_word' id='word_1_301' title='bbox 673 4134 836 4191; x_wconf 84' lang='lat' dir='ltr'><strong>quem</strong></span> <span class='ocrx_word' id='word_1_302' title='bbox 875 4117 1056 4189; x_wconf 90' lang='lat' dir='ltr'><strong>primis</strong></span> <span class='ocrx_word' id='word_1_303' title='bbox 1097 4116 1218 4172; x_wconf 91' lang='lat' dir='ltr'><strong>ﬁdei</strong></span> <span class='ocrx_word' id='word_1_304' title='bbox 1248 4117 1525 4173; x_wconf 90' lang='lat' dir='ltr'><strong>elementis</strong></span> <span class='ocrx_word' id='word_1_305' title='bbox 1569 4116 1671 4170; x_wconf 90' lang='lat' dir='ltr'><strong>im-</strong></span> 
     </span>
    </p>
   </div>
   <div class='ocr_carea' id='block_1_42' title="bbox 131 4203 1672 4283">
    <p class='ocr_par' dir='ltr' id='par_1_42' title="bbox 131 4203 1672 4283">
     <span class='ocr_line' id='line_1_43' title="bbox 131 4203 1672 4283; baseline 0.001 -21"><span class='ocrx_word' id='word_1_306' title='bbox 131 4203 292 4263; x_wconf 75' lang='lat' dir='ltr'><strong>huendi</strong></span> <span class='ocrx_word' id='word_1_307' title='bbox 324 4214 514 4283; x_wconf 57' lang='lat' dir='ltr'><strong>sapius</strong></span> <span class='ocrx_word' id='word_1_308' title='bbox 551 4211 988 4277; x_wconf 87' lang='lat' dir='ltr'><strong>deducebantur;</strong></span> <span class='ocrx_word' id='word_1_309' title='bbox 1032 4211 1173 4282; x_wconf 93' lang='lat' dir='ltr'><strong>quod</strong></span> <span class='ocrx_word' id='word_1_310' title='bbox 1217 4209 1264 4264; x_wconf 90' lang='lat' dir='ltr'><strong>is</strong></span> <span class='ocrx_word' id='word_1_311' title='bbox 1306 4212 1358 4264; x_wconf 88' lang='lat' dir='ltr'><strong>in</strong></span> <span class='ocrx_word' id='word_1_312' title='bbox 1387 4209 1672 4264; x_wconf 89' lang='lat' dir='ltr'><strong>christiana</strong></span> 
     </span>
    </p>
   </div>
   <div class='ocr_carea' id='block_1_43' title="bbox 131 4298 1672 4374">
    <p class='ocr_par' dir='ltr' id='par_1_43' title="bbox 131 4298 1672 4374">
     <span class='ocr_line' id='line_1_44' title="bbox 131 4298 1672 4374; baseline 0.002 -24"><span class='ocrx_word' id='word_1_313' title='bbox 131 4298 346 4372; x_wconf 82' lang='lat' dir='ltr'><strong>religione</strong></span> <span class='ocrx_word' id='word_1_314' title='bbox 383 4305 522 4360; x_wconf 86' lang='lat' dir='ltr'><strong>foret</strong></span> <span class='ocrx_word' id='word_1_315' title='bbox 556 4303 800 4374; x_wconf 90' lang='lat' dir='ltr'><strong>apprime</strong></span> <span class='ocrx_word' id='word_1_316' title='bbox 838 4302 1108 4368; x_wconf 87' lang='lat' dir='ltr'><strong>eruditus,</strong></span> <span class='ocrx_word' id='word_1_317' title='bbox 1135 4316 1198 4356; x_wconf 89' lang='lat' dir='ltr'><strong>ac</strong></span> <span class='ocrx_word' id='word_1_318' title='bbox 1236 4301 1382 4355; x_wconf 88' lang='lat' dir='ltr'><strong>suavi</strong></span> <span class='ocrx_word' id='word_1_319' title='bbox 1428 4299 1672 4354; x_wconf 87' lang='lat' dir='ltr'><strong>facundia</strong></span> 
     </span>
    </p>
   </div>
   <div class='ocr_carea' id='block_1_44' title="bbox 132 4391 1674 4468">
    <p class='ocr_par' dir='ltr' id='par_1_44' title="bbox 132 4391 1674 4468">
     <span class='ocr_line' id='line_1_45' title="bbox 132 4391 1674 4468; baseline -0.001 -20"><span class='ocrx_word' id='word_1_320' title='bbox 132 4391 446 4468; x_wconf 81' lang='lat' dir='ltr'><strong>singularique</strong></span> <span class='ocrx_word' id='word_1_321' title='bbox 472 4395 842 4454; x_wconf 78' lang='lat' dir='ltr'><strong>catecbizandi</strong></span> <span class='ocrx_word' id='word_1_322' title='bbox 871 4393 1119 4449; x_wconf 85' lang='lat' dir='ltr'><strong>facultate</strong></span> <span class='ocrx_word' id='word_1_323' title='bbox 1145 4393 1388 4464; x_wconf 85' lang='lat' dir='ltr'><strong>polleret.</strong></span> <span class='ocrx_word' id='word_1_324' title='bbox 1429 4394 1674 4447; x_wconf 85' lang='lat' dir='ltr'><strong>Attamen</strong></span> 
     </span>
    </p>
   </div>
   <div class='ocr_carea' id='block_1_45' title="bbox 131 4480 1674 4558">
    <p class='ocr_par' dir='ltr' id='par_1_45' title="bbox 131 4480 1674 4558">
     <span class='ocr_line' id='line_1_46' title="bbox 131 4480 1674 4558; baseline 0.002 -23"><span class='ocrx_word' id='word_1_325' title='bbox 131 4480 176 4537; x_wconf 92' lang='lat' dir='ltr'><strong>in</strong></span> <span class='ocrx_word' id='word_1_326' title='bbox 197 4483 282 4541; x_wconf 86' lang='lat' dir='ltr'><strong>hac</strong></span> <span class='ocrx_word' id='word_1_327' title='bbox 303 4489 682 4545; x_wconf 82' lang='lat' dir='ltr'><strong>exercitatione</strong></span> <span class='ocrx_word' id='word_1_328' title='bbox 709 4487 808 4543; x_wconf 88' lang='lat' dir='ltr'><strong>sibi</strong></span> <span class='ocrx_word' id='word_1_329' title='bbox 835 4487 949 4558; x_wconf 93' lang='lat' dir='ltr'><strong>ipse</strong></span> <span class='ocrx_word' id='word_1_330' title='bbox 977 4500 1081 4540; x_wconf 91' lang='lat' dir='ltr'><strong>non</strong></span> <span class='ocrx_word' id='word_1_331' title='bbox 1111 4485 1334 4539; x_wconf 87' lang='lat' dir='ltr'><strong>faciebat</strong></span> <span class='ocrx_word' id='word_1_332' title='bbox 1353 4484 1512 4550; x_wconf 88' lang='lat' dir='ltr'><strong>satis;</strong></span> <span class='ocrx_word' id='word_1_333' title='bbox 1542 4498 1674 4554; x_wconf 88' lang='lat' dir='ltr'><strong>pene</strong></span> 
     </span>
    </p>
   </div>
   <div class='ocr_carea' id='block_1_46' title="bbox 133 4575 1675 4650">
    <p class='ocr_par' dir='ltr' id='par_1_46' title="bbox 133 4575 1675 4650">
     <span class='ocr_line' id='line_1_47' title="bbox 133 4575 1675 4650; baseline -0.001 -21"><span class='ocrx_word' id='word_1_334' title='bbox 133 4588 312 4645; x_wconf 80' lang='lat' dir='ltr'><strong>semper</strong></span> <span class='ocrx_word' id='word_1_335' title='bbox 349 4579 622 4650; x_wconf 88' lang='lat' dir='ltr'><strong>angustias</strong></span> <span class='ocrx_word' id='word_1_336' title='bbox 669 4575 1207 4649; x_wconf 45' lang='lat' dir='ltr'><strong>patiebatur,‘dubius</strong></span> <span class='ocrx_word' id='word_1_337' title='bbox 1250 4584 1304 4630; x_wconf 90' lang='lat' dir='ltr'><strong>ct</strong></span> <span class='ocrx_word' id='word_1_338' title='bbox 1344 4589 1539 4644; x_wconf 89' lang='lat' dir='ltr'><strong>anceps</strong></span> <span class='ocrx_word' id='word_1_339' title='bbox 1570 4589 1675 4645; x_wconf 91' lang='lat' dir='ltr'><strong>quo</strong></span> 
     </span>
    </p>
   </div>
   <div class='ocr_carea' id='block_1_47' title="bbox 133 4667 1674 4742">
    <p class='ocr_par' dir='ltr' id='par_1_47' title="bbox 133 4667 1674 4742">
     <span class='ocr_line' id='line_1_48' title="bbox 133 4667 1674 4742; baseline 0.001 -21"><span class='ocrx_word' id='word_1_340' title='bbox 133 4674 258 4732; x_wconf 83' lang='lat' dir='ltr'><strong>pacto</strong></span> <span class='ocrx_word' id='word_1_341' title='bbox 276 4683 355 4737; x_wconf 84' lang='lat' dir='ltr'><strong>ea,</strong></span> <span class='ocrx_word' id='word_1_342' title='bbox 381 4687 612 4742; x_wconf 89' lang='lat' dir='ltr'><strong>quorum</strong></span> <span class='ocrx_word' id='word_1_343' title='bbox 642 4669 776 4725; x_wconf 80' lang='lat' dir='ltr'><strong>fides</strong></span> <span class='ocrx_word' id='word_1_344' title='bbox 803 4684 900 4723; x_wconf 89' lang='lat' dir='ltr'><strong>nos</strong></span> <span class='ocrx_word' id='word_1_345' title='bbox 925 4668 1243 4723; x_wconf 78' lang='lat' dir='ltr'><strong>christianos</strong></span> <span class='ocrx_word' id='word_1_346' title='bbox 1271 4667 1411 4734; x_wconf 81' lang='lat' dir='ltr'><strong>facit,</strong></span> <span class='ocrx_word' id='word_1_347' title='bbox 1440 4681 1674 4736; x_wconf 80' lang='lat' dir='ltr'><strong>expone-</strong></span> 
     </span>
    </p>
   </div>
   <div class='ocr_carea' id='block_1_48' title="bbox 134 4759 1676 4824">
    <p class='ocr_par' dir='ltr' id='par_1_48' title="bbox 134 4759 1676 4824">
     <span class='ocr_line' id='line_1_49' title="bbox 134 4759 1676 4824; baseline -0.001 -10"><span class='ocrx_word' id='word_1_348' title='bbox 134 4765 232 4822; x_wconf 66' lang='lat' dir='ltr'><strong>ret;</strong></span> <span class='ocrx_word' id='word_1_349' title='bbox 257 4761 509 4816; x_wconf 89' lang='lat' dir='ltr'><strong>undenam</strong></span> <span class='ocrx_word' id='word_1_350' title='bbox 537 4759 863 4818; x_wconf 76' lang='lat' dir='ltr'><strong>exordiendo</strong></span> <span class='ocrx_word' id='word_1_351' title='bbox 883 4771 1026 4815; x_wconf 89' lang='lat' dir='ltr'><strong>esset</strong></span> <span class='ocrx_word' id='word_1_352' title='bbox 1055 4759 1331 4824; x_wconf 88' lang='lat' dir='ltr'><strong>institutio,</strong></span> <span class='ocrx_word' id='word_1_353' title='bbox 1360 4767 1413 4813; x_wconf 92' lang='lat' dir='ltr'><strong>et</strong></span> <span class='ocrx_word' id='word_1_354' title='bbox 1438 4759 1527 4814; x_wconf 90' lang='lat' dir='ltr'><strong>ubi</strong></span> <span class='ocrx_word' id='word_1_355' title='bbox 1551 4773 1676 4813; x_wconf 90' lang='lat' dir='ltr'><strong>con-</strong></span> 
     </span>
    </p>
   </div>
   <div class='ocr_carea' id='block_1_49' title="bbox 135 4844 1676 4920">
    <p class='ocr_par' dir='ltr' id='par_1_49' title="bbox 135 4844 1676 4920">
     <span class='ocr_line' id='line_1_50' title="bbox 135 4844 1676 4920; baseline -0.001 -17"><span class='ocrx_word' id='word_1_356' title='bbox 135 4844 389 4905; x_wconf 70' lang='lat' dir='ltr'><strong>eludenda:</strong></span> <span class='ocrx_word' id='word_1_357' title='bbox 412 4867 480 4906; x_wconf 90' lang='lat' dir='ltr'><strong>an</strong></span> <span class='ocrx_word' id='word_1_358' title='bbox 513 4851 834 4907; x_wconf 89' lang='lat' dir='ltr'><strong>institutioni</strong></span> <span class='ocrx_word' id='word_1_359' title='bbox 864 4850 1186 4920; x_wconf 86' lang='lat' dir='ltr'><strong>subjicienda</strong></span> <span class='ocrx_word' id='word_1_360' title='bbox 1213 4849 1453 4920; x_wconf 63' lang='lat' dir='ltr'><strong>quaedam</strong></span> <span class='ocrx_word' id='word_1_361' title='bbox 1480 4848 1676 4904; x_wconf 77' lang='lat' dir='ltr'><strong>exhor-</strong></span> 
     </span>
    </p>
   </div>
   <div class='ocr_carea' id='block_1_50' title="bbox 137 4940 1676 5016">
    <p class='ocr_par' dir='ltr' id='par_1_50' title="bbox 137 4940 1676 5016">
     <span class='ocr_line' id='line_1_51' title="bbox 137 4940 1676 5016; baseline 0.003 -23"><span class='ocrx_word' id='word_1_362' title='bbox 137 4940 341 5010; x_wconf 83' lang='lat' dir='ltr'><strong>tatio,an</strong></span> <span class='ocrx_word' id='word_1_363' title='bbox 375 4947 550 5001; x_wconf 85' lang='lat' dir='ltr'><strong>solum</strong></span> <span class='ocrx_word' id='word_1_364' title='bbox 577 4944 891 5016; x_wconf 86' lang='lat' dir='ltr'><strong>exponenda</strong></span> <span class='ocrx_word' id='word_1_365' title='bbox 920 4953 1200 5013; x_wconf 80' lang='lat' dir='ltr'><strong>praecepta,</strong></span> <span class='ocrx_word' id='word_1_366' title='bbox 1232 4957 1453 5012; x_wconf 91' lang='lat' dir='ltr'><strong>quorum</strong></span> <span class='ocrx_word' id='word_1_367' title='bbox 1493 4941 1676 4996; x_wconf 88' lang='lat' dir='ltr'><strong>obser-</strong></span> 
     </span>
    </p>
   </div>
   <div class='ocr_carea' id='block_1_51' title="bbox 141 5033 1677 5095">
    <p class='ocr_par' dir='ltr' id='par_1_51' title="bbox 141 5033 1677 5095">
     <span class='ocr_line' id='line_1_52' title="bbox 141 5033 1677 5095; baseline 0.001 -10"><span class='ocrx_word' id='word_1_368' title='bbox 141 5033 363 5093; x_wconf 84' lang='lat' dir='ltr'><strong>vationem</strong></span> <span class='ocrx_word' id='word_1_369' title='bbox 389 5038 456 5094; x_wconf 88' lang='lat' dir='ltr'><strong>ad</strong></span> <span class='ocrx_word' id='word_1_370' title='bbox 486 5039 781 5095; x_wconf 86' lang='lat' dir='ltr'><strong>christiano</strong></span> <span class='ocrx_word' id='word_1_371' title='bbox 821 5052 968 5092; x_wconf 89' lang='lat' dir='ltr'><strong>more</strong></span> <span class='ocrx_word' id='word_1_372' title='bbox 1001 5036 1279 5091; x_wconf 88' lang='lat' dir='ltr'><strong>vivendum</strong></span> <span class='ocrx_word' id='word_1_373' title='bbox 1325 5035 1677 5090; x_wconf 89' lang='lat' dir='ltr'><strong>necessariam</strong></span> 
     </span>
    </p>
   </div>
   <div class='ocr_carea' id='block_1_52' title="bbox 140 5124 1676 5197">
    <p class='ocr_par' dir='ltr' id='par_1_52' title="bbox 140 5124 1676 5197">
     <span class='ocr_line' id='line_1_53' title="bbox 140 5124 1676 5197; baseline -0.001 -16"><span class='ocrx_word' id='word_1_374' title='bbox 140 5124 250 5181; x_wconf 51' lang='lat' dir='ltr'><strong>scire</strong></span> <span class='ocrx_word' id='word_1_375' title='bbox 290 5136 558 5186; x_wconf 79' lang='lat' dir='ltr'><strong>teneretur</strong></span> <span class='ocrx_word' id='word_1_376' title='bbox 596 5128 1022 5186; x_wconf 84' lang='lat' dir='ltr'><strong>catechizandus.</strong></span> <span class='ocrx_word' id='word_1_377' title='bbox 1062 5126 1389 5196; x_wconf 84' lang='lat' dir='ltr'><strong>Querebatur</strong></span> <span class='ocrx_word' id='word_1_378' title='bbox 1435 5139 1676 5197; x_wconf 86' lang='lat' dir='ltr'><strong>quoque,</strong></span> 
     </span>
    </p>
   </div>
   <div class='ocr_carea' id='block_1_53' title="bbox 142 5215 1680 5291">
    <p class='ocr_par' dir='ltr' id='par_1_53' title="bbox 142 5215 1680 5291">
     <span class='ocr_line' id='line_1_54' title="bbox 142 5215 1680 5291; baseline -0.001 -17"><span class='ocrx_word' id='word_1_379' title='bbox 142 5215 255 5282; x_wconf 79' lang='lat' dir='ltr'><strong>quod</strong></span> <span class='ocrx_word' id='word_1_380' title='bbox 278 5221 472 5288; x_wconf 79' lang='lat' dir='ltr'><strong>prolixo</strong></span> <span class='ocrx_word' id='word_1_381' title='bbox 501 5237 752 5277; x_wconf 87' lang='lat' dir='ltr'><strong>sermone</strong></span> <span class='ocrx_word' id='word_1_382' title='bbox 795 5221 1040 5291; x_wconf 88' lang='lat' dir='ltr'><strong>fatigatus</strong></span> <span class='ocrx_word' id='word_1_383' title='bbox 1073 5234 1311 5290; x_wconf 84' lang='lat' dir='ltr'><strong>persaepe</strong></span> <span class='ocrx_word' id='word_1_384' title='bbox 1352 5233 1460 5286; x_wconf 75' lang='lat' dir='ltr'><strong>pra:</strong></span> <span class='ocrx_word' id='word_1_385' title='bbox 1496 5226 1680 5286; x_wconf 84' lang='lat' dir='ltr'><strong>tepore</strong></span> 
     </span>
    </p>
   </div>
   <div class='ocr_carea' id='block_1_54' title="bbox 145 5303 1680 5380">
    <p class='ocr_par' dir='ltr' id='par_1_54' title="bbox 145 5303 1680 5380">
     <span class='ocr_line' id='line_1_55' title="bbox 145 5303 1680 5380; baseline -0.003 -15"><span class='ocrx_word' id='word_1_386' title='bbox 145 5303 489 5380; x_wconf 75' lang='lat' dir='ltr'><strong>languesceret,</strong></span> <span class='ocrx_word' id='word_1_387' title='bbox 526 5323 582 5368; x_wconf 89' lang='lat' dir='ltr'><strong>et</strong></span> <span class='ocrx_word' id='word_1_388' title='bbox 621 5312 699 5367; x_wconf 92' lang='lat' dir='ltr'><strong>sic</strong></span> <span class='ocrx_word' id='word_1_389' title='bbox 717 5311 898 5365; x_wconf 90' lang='lat' dir='ltr'><strong>animo</strong></span> <span class='ocrx_word' id='word_1_390' title='bbox 941 5309 1160 5365; x_wconf 76' lang='lat' dir='ltr'><strong>allectus</strong></span> <span class='ocrx_word' id='word_1_391' title='bbox 1204 5324 1302 5364; x_wconf 88' lang='lat' dir='ltr'><strong>nec</strong></span> <span class='ocrx_word' id='word_1_392' title='bbox 1346 5307 1680 5363; x_wconf 87' lang='lat' dir='ltr'><strong>catechizan—</strong></span> 
     </span>
    </p>
   </div>
   <div class='ocr_carea' id='block_1_55' title="bbox 145 5393 1683 5470">
    <p class='ocr_par' dir='ltr' id='par_1_55' title="bbox 145 5393 1683 5470">
     <span class='ocr_line' id='line_1_56' title="bbox 145 5393 1683 5470; baseline 0.005 -23"><span class='ocrx_word' id='word_1_393' title='bbox 145 5393 266 5466; x_wconf 87' lang='lat' dir='ltr'><strong>dum,</strong></span> <span class='ocrx_word' id='word_1_394' title='bbox 302 5416 394 5460; x_wconf 89' lang='lat' dir='ltr'><strong>nec</strong></span> <span class='ocrx_word' id='word_1_395' title='bbox 431 5403 711 5460; x_wconf 87' lang='lat' dir='ltr'><strong>audientes</strong></span> <span class='ocrx_word' id='word_1_396' title='bbox 744 5401 1081 5457; x_wconf 88' lang='lat' dir='ltr'><strong>accenderet.</strong></span> <span class='ocrx_word' id='word_1_397' title='bbox 1129 5401 1477 5470; x_wconf 81' lang='lat' dir='ltr'><strong>Augustinum</strong></span> <span class='ocrx_word' id='word_1_398' title='bbox 1524 5399 1683 5469; x_wconf 85' lang='lat' dir='ltr'><strong>igitur</strong></span> 
     </span>
    </p>
   </div>
   <div class='ocr_carea' id='block_1_56' title="bbox 145 5484 1682 5552">
    <p class='ocr_par' dir='ltr' id='par_1_56' title="bbox 145 5484 1682 5552">
     <span class='ocr_line' id='line_1_57' title="bbox 145 5484 1682 5552; baseline -0.002 -3"><span class='ocrx_word' id='word_1_399' title='bbox 145 5484 229 5543; x_wconf 64' lang='lat' dir='ltr'><strong>hac</strong></span> <span class='ocrx_word' id='word_1_400' title='bbox 256 5491 315 5548; x_wconf 80' lang='lat' dir='ltr'><strong>de</strong></span> <span class='ocrx_word' id='word_1_401' title='bbox 347 5510 406 5552; x_wconf 84' lang='lat' dir='ltr'><strong>re</strong></span> <span class='ocrx_word' id='word_1_402' title='bbox 440 5495 547 5552; x_wconf 89' lang='lat' dir='ltr'><strong>sibi</strong></span> <span class='ocrx_word' id='word_1_403' title='bbox 574 5496 774 5550; x_wconf 88' lang='lat' dir='ltr'><strong>monita</strong></span> <span class='ocrx_word' id='word_1_404' title='bbox 799 5495 1043 5549; x_wconf 89' lang='lat' dir='ltr'><strong>daturum</strong></span> <span class='ocrx_word' id='word_1_405' title='bbox 1081 5492 1341 5548; x_wconf 87' lang='lat' dir='ltr'><strong>credidit:</strong></span> <span class='ocrx_word' id='word_1_406' title='bbox 1368 5500 1421 5547; x_wconf 92' lang='lat' dir='ltr'><strong>et</strong></span> <span class='ocrx_word' id='word_1_407' title='bbox 1463 5501 1519 5546; x_wconf 89' lang='lat' dir='ltr'><strong>ut</strong></span> <span class='ocrx_word' id='word_1_408' title='bbox 1544 5491 1682 5546; x_wconf 92' lang='lat' dir='ltr'><strong>illius</strong></span> 
     </span>
    </p>
   </div>
   <div class='ocr_carea' id='block_1_57' title="bbox 145 5572 1681 5659">
    <p class='ocr_par' dir='ltr' id='par_1_57' title="bbox 145 5572 1681 5659">
     <span class='ocr_line' id='line_1_58' title="bbox 145 5572 1681 5659; baseline -0.003 -16"><span class='ocrx_word' id='word_1_409' title='bbox 145 5572 380 5643; x_wconf 63' lang='lat' dir='ltr'><strong>Minoris</strong></span> <span class='ocrx_word' id='word_1_410' title='bbox 401 5597 541 5657; x_wconf 86' lang='lat' dir='ltr'><strong>erat,</strong></span> <span class='ocrx_word' id='word_1_411' title='bbox 565 5589 631 5644; x_wconf 86' lang='lat' dir='ltr'><strong>ab</strong></span> <span class='ocrx_word' id='word_1_412' title='bbox 654 5603 721 5645; x_wconf 92' lang='lat' dir='ltr'><strong>eo</strong></span> <span class='ocrx_word' id='word_1_413' title='bbox 742 5602 839 5659; x_wconf 88' lang='lat' dir='ltr'><strong>per</strong></span> <span class='ocrx_word' id='word_1_414' title='bbox 863 5587 1065 5642; x_wconf 86' lang='lat' dir='ltr'><strong>litteras</strong></span> <span class='ocrx_word' id='word_1_415' title='bbox 1093 5585 1263 5656; x_wconf 89' lang='lat' dir='ltr'><strong>petiit,</strong></span> <span class='ocrx_word' id='word_1_416' title='bbox 1280 5595 1338 5640; x_wconf 93' lang='lat' dir='ltr'><strong>ut</strong></span> <span class='ocrx_word' id='word_1_417' title='bbox 1367 5585 1503 5640; x_wconf 90' lang='lat' dir='ltr'><strong>inter</strong></span> <span class='ocrx_word' id='word_1_418' title='bbox 1522 5599 1681 5639; x_wconf 91' lang='lat' dir='ltr'><strong>occu-</strong></span> 
     </span>
    </p>
   </div>
   <div class='ocr_carea' id='block_1_58' title="bbox 145 5673 1681 5751">
    <p class='ocr_par' dir='ltr' id='par_1_58' title="bbox 145 5673 1681 5751">
     <span class='ocr_line' id='line_1_59' title="bbox 145 5673 1681 5751; baseline -0.006 -13"><span class='ocrx_word' id='word_1_419' title='bbox 145 5673 352 5738; x_wconf 57' lang='lat' dir='ltr'><strong>lnlioues</strong></span> <span class='ocrx_word' id='word_1_420' title='bbox 375 5695 501 5736; x_wconf 87' lang='lat' dir='ltr'><strong>suas</strong></span> <span class='ocrx_word' id='word_1_421' title='bbox 544 5696 647 5736; x_wconf 92' lang='lat' dir='ltr'><strong>non</strong></span> <span class='ocrx_word' id='word_1_422' title='bbox 690 5687 998 5751; x_wconf 85' lang='lat' dir='ltr'><strong>gravaretur</strong></span> <span class='ocrx_word' id='word_1_423' title='bbox 1039 5676 1253 5746; x_wconf 91' lang='lat' dir='ltr'><strong>aliquod</strong></span> <span class='ocrx_word' id='word_1_424' title='bbox 1305 5677 1404 5731; x_wconf 87' lang='lat' dir='ltr'><strong>sibi</strong></span> <span class='ocrx_word' id='word_1_425' title='bbox 1443 5673 1681 5730; x_wconf 85' lang='lat' dir='ltr'><strong>catechi-</strong></span> 
     </span>
    </p>
   </div>
   <div class='ocr_carea' id='block_1_59' title="bbox 145 5759 1681 5839">
    <p class='ocr_par' dir='ltr' id='par_1_59' title="bbox 145 5759 1681 5839">
     <span class='ocr_line' id='line_1_60' title="bbox 145 5759 1681 5839; baseline -0.001 -16"><span class='ocrx_word' id='word_1_426' title='bbox 145 5759 274 5819; x_wconf 66' lang='lat' dir='ltr'><strong>uadi</strong></span> <span class='ocrx_word' id='word_1_427' title='bbox 293 5770 557 5838; x_wconf 68' lang='lat' dir='ltr'><strong>Specimen</strong></span> <span class='ocrx_word' id='word_1_428' title='bbox 593 5770 770 5826; x_wconf 86' lang='lat' dir='ltr'><strong>edere.</strong></span> <span class='ocrx_word' id='word_1_429' title='bbox 811 5769 1144 5825; x_wconf 86' lang='lat' dir='ltr'><strong>Existimavit</strong></span> <span class='ocrx_word' id='word_1_430' title='bbox 1173 5768 1508 5839; x_wconf 77' lang='lat' dir='ltr'><strong>Augustinus,</strong></span> <span class='ocrx_word' id='word_1_431' title='bbox 1533 5781 1592 5822; x_wconf 90' lang='lat' dir='ltr'><strong>se</strong></span> <span class='ocrx_word' id='word_1_432' title='bbox 1615 5784 1681 5824; x_wconf 91' lang='lat' dir='ltr'><strong>ex</strong></span> 
     </span>
    </p>
   </div>
   <div class='ocr_carea' id='block_1_60' title="bbox 143 5847 1676 5931">
    <p class='ocr_par' dir='ltr' id='par_1_60' title="bbox 143 5847 1676 5931">
     <span class='ocr_line' id='line_1_61' title="bbox 143 5847 1676 5931; baseline 0.007 -25"><span class='ocrx_word' id='word_1_433' title='bbox 143 5847 296 5911; x_wconf 64' lang='lat' dir='ltr'><strong>ﬂcio</strong></span> <span class='ocrx_word' id='word_1_434' title='bbox 325 5867 380 5915; x_wconf 86' lang='lat' dir='ltr'><strong>et</strong></span> <span class='ocrx_word' id='word_1_435' title='bbox 411 5860 690 5926; x_wconf 86' lang='lat' dir='ltr'><strong>charitate,</strong></span> <span class='ocrx_word' id='word_1_436' title='bbox 716 5878 816 5931; x_wconf 86' lang='lat' dir='ltr'><strong>qua</strong></span> <span class='ocrx_word' id='word_1_437' title='bbox 854 5877 956 5914; x_wconf 86' lang='lat' dir='ltr'><strong>non</strong></span> <span class='ocrx_word' id='word_1_438' title='bbox 993 5862 1080 5916; x_wconf 83' lang='lat' dir='ltr'><strong>uni</strong></span> <span class='ocrx_word' id='word_1_439' title='bbox 1126 5871 1327 5916; x_wconf 82' lang='lat' dir='ltr'><strong>tantum</strong></span> <span class='ocrx_word' id='word_1_440' title='bbox 1368 5862 1558 5930; x_wconf 82' lang='lat' dir='ltr'><strong>amico,</strong></span> <span class='ocrx_word' id='word_1_441' title='bbox 1583 5861 1676 5918; x_wconf 89' lang='lat' dir='ltr'><strong>sed</strong></span> 
     </span>
    </p>
   </div>
   <div class='ocr_carea' id='block_1_61' title="bbox 464 5952 1112 6016">
    <p class='ocr_par' dir='ltr' id='par_1_61' title="bbox 464 5952 1112 6016">
     <span class='ocr_line' id='line_1_62' title="bbox 464 5952 1112 6016; baseline -0.002 0"><span class='ocrx_word' id='word_1_442' title='bbox 464 5952 692 6016; x_wconf 60' lang='lat' dir='ltr'><strong>Sacr.</strong></span> <span class='ocrx_word' id='word_1_443' title='bbox 741 5957 875 6016; x_wconf 81' lang='lat' dir='ltr'><strong>AUG</strong></span> <span class='ocrx_word' id='word_1_444' title='bbox 885 5973 1016 6016; x_wconf 72' lang='lat' dir='ltr'><strong>uer.</strong></span> <span class='ocrx_word' id='word_1_445' title='bbox 1059 5957 1112 6015; x_wconf 85' lang='grc' dir='ltr'>ι.</span> 
     </span>
    </p>
   </div>
   <div class='ocr_carea' id='block_1_62' title="bbox 555 6055 834 6074">
    <p class='ocr_par' dir='ltr' id='par_1_62' title="bbox 555 6055 834 6074">
     <span class='ocr_line' id='line_1_63' title="bbox 555 6055 834 6074; baseline 0 -2"><span class='ocrx_word' id='word_1_446' title='bbox 555 6055 814 6074; x_wconf 54' lang='grc'><strong>·“⁴’-“⁴</strong></span> <span class='ocrx_word' id='word_1_447' title='bbox 827 6055 834 6057; x_wconf 83' lang='grc'><strong><em>“</em></strong></span> 
     </span>
    </p>
   </div>
   <div class='ocr_carea' id='block_1_63' title="bbox 3223 425 3328 485">
    <p class='ocr_par' dir='ltr' id='par_1_63' title="bbox 3223 425 3328 485">
     <span class='ocr_line' id='line_1_64' title="bbox 3223 425 3328 485; baseline 0.019 -2"><span class='ocrx_word' id='word_1_448' title='bbox 3223 425 3328 485; x_wconf 75' lang='lat'><strong>266</strong></span> 
     </span>
    </p>
   </div>
   <div class='ocr_carea' id='block_1_64' title="bbox 1757 538 3328 612">
    <p class='ocr_par' dir='ltr' id='par_1_64' title="bbox 1757 538 3328 612">
     <span class='ocr_line' id='line_1_65' title="bbox 1757 538 3328 612; baseline 0.002 -15"><span class='ocrx_word' id='word_1_449' title='bbox 1757 541 2050 612; x_wconf 84' lang='lat' dir='ltr'><strong>generatim</strong></span> <span class='ocrx_word' id='word_1_450' title='bbox 2090 539 2182 594; x_wconf 90' lang='lat' dir='ltr'><strong>toti</strong></span> <span class='ocrx_word' id='word_1_451' title='bbox 2220 538 2473 595; x_wconf 67' lang='lat' dir='ltr'><strong>Ecclesiae</strong></span> <span class='ocrx_word' id='word_1_452' title='bbox 2510 540 2792 597; x_wconf 84' lang='lat' dir='ltr'><strong>obstrictus</strong></span> <span class='ocrx_word' id='word_1_453' title='bbox 2818 554 2948 611; x_wconf 89' lang='lat' dir='ltr'><strong>erat,</strong></span> <span class='ocrx_word' id='word_1_454' title='bbox 2982 545 3150 601; x_wconf 81' lang='lat' dir='ltr'><strong>teneri</strong></span> <span class='ocrx_word' id='word_1_455' title='bbox 3175 561 3234 602; x_wconf 91' lang='lat' dir='ltr'><strong>se</strong></span> <span class='ocrx_word' id='word_1_456' title='bbox 3260 547 3328 600; x_wconf 90' lang='lat' dir='ltr'><strong>ad</strong></span> 
     </span>
    </p>
   </div>
   <div class='ocr_carea' id='block_1_65' title="bbox 1757 632 3327 704">
    <p class='ocr_par' dir='ltr' id='par_1_65' title="bbox 1757 632 3327 704">
     <span class='ocr_line' id='line_1_66' title="bbox 1757 632 3327 704; baseline 0.003 -16"><span class='ocrx_word' id='word_1_457' title='bbox 1757 633 1881 690; x_wconf 90' lang='lat' dir='ltr'><strong>illud</strong></span> <span class='ocrx_word' id='word_1_458' title='bbox 1903 632 2121 688; x_wconf 89' lang='lat' dir='ltr'><strong>alterius</strong></span> <span class='ocrx_word' id='word_1_459' title='bbox 2135 642 2258 688; x_wconf 91' lang='lat' dir='ltr'><strong>voto</strong></span> <span class='ocrx_word' id='word_1_460' title='bbox 2278 633 2503 689; x_wconf 89' lang='lat' dir='ltr'><strong>libenter</strong></span> <span class='ocrx_word' id='word_1_461' title='bbox 2521 635 2933 692; x_wconf 90' lang='lat' dir='ltr'><strong>concedendum.</strong></span> <span class='ocrx_word' id='word_1_462' title='bbox 2969 638 3169 704; x_wconf 82' lang='lat' dir='ltr'><strong>Quanto</strong></span> <span class='ocrx_word' id='word_1_463' title='bbox 3195 643 3327 695; x_wconf 87' lang='lat' dir='ltr'><strong>enim</strong></span> 
     </span>
    </p>
   </div>
   <div class='ocr_carea' id='block_1_66' title="bbox 1754 725 3329 799">
    <p class='ocr_par' dir='ltr' id='par_1_66' title="bbox 1754 725 3329 799">
     <span class='ocr_line' id='line_1_67' title="bbox 1754 725 3329 799; baseline 0.006 -21"><span class='ocrx_word' id='word_1_464' title='bbox 1754 727 1921 797; x_wconf 82' lang='lat' dir='ltr'><strong>cupio,</strong></span> <span class='ocrx_word' id='word_1_465' title='bbox 1948 726 2138 796; x_wconf 88' lang='lat' dir='ltr'><strong>inquit,</strong></span> <span class='ocrx_word' id='word_1_466' title='bbox 2159 725 2308 780; x_wconf 86' lang='lat' dir='ltr'><strong>latius</strong></span> <span class='ocrx_word' id='word_1_467' title='bbox 2334 728 2531 798; x_wconf 86' lang='lat' dir='ltr'><strong>erogari</strong></span> <span class='ocrx_word' id='word_1_468' title='bbox 2558 730 2817 797; x_wconf 80' lang='lat' dir='ltr'><strong>pecuniam</strong></span> <span class='ocrx_word' id='word_1_469' title='bbox 2846 732 3165 799; x_wconf 84' lang='lat' dir='ltr'><strong>dominicam,</strong></span> <span class='ocrx_word' id='word_1_470' title='bbox 3189 743 3329 787; x_wconf 87' lang='lat' dir='ltr'><strong>tanto</strong></span> 
     </span>
    </p>
   </div>
   <div class='ocr_carea' id='block_1_67' title="bbox 1753 817 3328 892">
    <p class='ocr_par' dir='ltr' id='par_1_67' title="bbox 1753 817 3328 892">
     <span class='ocr_line' id='line_1_68' title="bbox 1753 817 3328 892; baseline 0.007 -23"><span class='ocrx_word' id='word_1_471' title='bbox 1753 817 1914 888; x_wconf 84' lang='lat' dir='ltr'><strong>magis</strong></span> <span class='ocrx_word' id='word_1_472' title='bbox 1943 834 2021 872; x_wconf 90' lang='lat' dir='ltr'><strong>me</strong></span> <span class='ocrx_word' id='word_1_473' title='bbox 2040 828 2253 890; x_wconf 79' lang='lat' dir='ltr'><strong>oportet,</strong></span> <span class='ocrx_word' id='word_1_474' title='bbox 2276 820 2320 874; x_wconf 85' lang='lat' dir='ltr'><strong>si</strong></span> <span class='ocrx_word' id='word_1_475' title='bbox 2344 836 2496 891; x_wconf 86' lang='lat' dir='ltr'><strong>quam</strong></span> <span class='ocrx_word' id='word_1_476' title='bbox 2523 821 2888 892; x_wconf 79' lang='lat' dir='ltr'><strong>dispensatores</strong></span> <span class='ocrx_word' id='word_1_477' title='bbox 2911 840 3168 880; x_wconf 81' lang='lat' dir='ltr'><strong>conservos</strong></span> <span class='ocrx_word' id='word_1_478' title='bbox 3193 843 3328 880; x_wconf 92' lang='lat' dir='ltr'><strong>meos</strong></span> 
     </span>
    </p>
   </div>
   <div class='ocr_carea' id='block_1_68' title="bbox 1755 907 3322 987">
    <p class='ocr_par' dir='ltr' id='par_1_68' title="bbox 1755 907 3322 987">
     <span class='ocr_line' id='line_1_69' title="bbox 1755 907 3322 987; baseline 0.007 -27"><span class='ocrx_word' id='word_1_479' title='bbox 1755 907 2094 978; x_wconf 71' lang='lat' dir='ltr'><strong>difﬁcultatem</strong></span> <span class='ocrx_word' id='word_1_480' title='bbox 2122 909 2176 964; x_wconf 85' lang='lat' dir='ltr'><strong>in</strong></span> <span class='ocrx_word' id='word_1_481' title='bbox 2204 911 2459 982; x_wconf 87' lang='lat' dir='ltr'><strong>eroganda</strong></span> <span class='ocrx_word' id='word_1_482' title='bbox 2485 913 2669 966; x_wconf 87' lang='lat' dir='ltr'><strong>sentire</strong></span> <span class='ocrx_word' id='word_1_483' title='bbox 2693 929 2956 982; x_wconf 86' lang='lat' dir='ltr'><strong>cognosco,</strong></span> <span class='ocrx_word' id='word_1_484' title='bbox 2986 931 3131 984; x_wconf 85' lang='lat' dir='ltr'><strong>agere</strong></span> <span class='ocrx_word' id='word_1_485' title='bbox 3164 933 3322 987; x_wconf 86' lang='lat' dir='ltr'><strong>quan-</strong></span> 
     </span>
    </p>
   </div>
   <div class='ocr_carea' id='block_1_69' title="bbox 1755 1000 3331 1077">
    <p class='ocr_par' dir='ltr' id='par_1_69' title="bbox 1755 1000 3331 1077">
     <span class='ocr_line' id='line_1_70' title="bbox 1755 1000 3331 1077; baseline 0.006 -25"><span class='ocrx_word' id='word_1_486' title='bbox 1755 1008 1861 1052; x_wconf 85' lang='lat' dir='ltr'><strong>tum</strong></span> <span class='ocrx_word' id='word_1_487' title='bbox 1905 1000 1960 1055; x_wconf 87' lang='lat' dir='ltr'><strong>in</strong></span> <span class='ocrx_word' id='word_1_488' title='bbox 2003 1015 2082 1054; x_wconf 87' lang='lat' dir='ltr'><strong>me</strong></span> <span class='ocrx_word' id='word_1_489' title='bbox 2116 1010 2207 1069; x_wconf 85' lang='lat' dir='ltr'><strong>est,</strong></span> <span class='ocrx_word' id='word_1_490' title='bbox 2240 1011 2294 1055; x_wconf 85' lang='lat' dir='ltr'><strong>ut</strong></span> <span class='ocrx_word' id='word_1_491' title='bbox 2335 1002 2486 1073; x_wconf 80' lang='lat' dir='ltr'><strong>facile</strong></span> <span class='ocrx_word' id='word_1_492' title='bbox 2531 1014 2678 1073; x_wconf 87' lang='lat' dir='ltr'><strong>atque</strong></span> <span class='ocrx_word' id='word_1_493' title='bbox 2705 1003 2934 1074; x_wconf 69' lang='lat' dir='ltr'><strong>expedite</strong></span> <span class='ocrx_word' id='word_1_494' title='bbox 2963 1006 3171 1074; x_wconf 83' lang='lat' dir='ltr'><strong>possint,</strong></span> <span class='ocrx_word' id='word_1_495' title='bbox 3199 1011 3331 1077; x_wconf 85' lang='lat' dir='ltr'><strong>quod</strong></span> 
     </span>
    </p>
   </div>
   <div class='ocr_carea' id='block_1_70' title="bbox 1754 1090 3335 1166">
    <p class='ocr_par' dir='ltr' id='par_1_70' title="bbox 1754 1090 3335 1166">
     <span class='ocr_line' id='line_1_71' title="bbox 1754 1090 3335 1166; baseline 0.006 -23"><span class='ocrx_word' id='word_1_496' title='bbox 1754 1090 1968 1162; x_wconf 79' lang='lat' dir='ltr'><strong>impigre</strong></span> <span class='ocrx_word' id='word_1_497' title='bbox 1981 1107 2040 1144; x_wconf 89' lang='lat' dir='ltr'><strong>ac</strong></span> <span class='ocrx_word' id='word_1_498' title='bbox 2052 1091 2270 1147; x_wconf 84' lang='lat' dir='ltr'><strong>studiose</strong></span> <span class='ocrx_word' id='word_1_499' title='bbox 2284 1094 2454 1146; x_wconf 84' lang='lat' dir='ltr'><strong>volunt</strong></span> <span class='ocrx_word' id='word_1_500' title='bbox 2473 1091 2573 1166; x_wconf 89' lang='lat' dir='ltr'><strong>(De</strong></span> <span class='ocrx_word' id='word_1_501' title='bbox 2589 1093 2790 1148; x_wconf 77' lang='lat' dir='ltr'><strong>Cateclz.</strong></span> <span class='ocrx_word' id='word_1_502' title='bbox 2804 1095 2920 1148; x_wconf 86' lang='lat' dir='ltr'><strong>rud.</strong></span> <span class='ocrx_word' id='word_1_503' title='bbox 2931 1137 2945 1162; x_wconf 94' lang='lat'><strong>,</strong></span> <span class='ocrx_word' id='word_1_504' title='bbox 2960 1111 3005 1149; x_wconf 89' lang='lat' dir='ltr'><strong>c.</strong></span> <span class='ocrx_word' id='word_1_505' title='bbox 3023 1097 3074 1162; x_wconf 89' lang='lat'><strong>1,</strong></span> <span class='ocrx_word' id='word_1_506' title='bbox 3095 1114 3146 1149; x_wconf 82' lang='grc' dir='ltr'>η.</span> <span class='ocrx_word' id='word_1_507' title='bbox 3165 1096 3241 1166; x_wconf 75' lang='lat'><strong>2).</strong></span> <span class='ocrx_word' id='word_1_508' title='bbox 3260 1099 3335 1153; x_wconf 92' lang='lat' dir='ltr'><strong>De</strong></span> 
     </span>
    </p>
   </div>
   <div class='ocr_carea' id='block_1_71' title="bbox 1757 1181 3335 1259">
    <p class='ocr_par' dir='ltr' id='par_1_71' title="bbox 1757 1181 3335 1259">
     <span class='ocr_line' id='line_1_72' title="bbox 1757 1181 3335 1259; baseline 0.006 -23"><span class='ocrx_word' id='word_1_509' title='bbox 1757 1181 1859 1237; x_wconf 88' lang='lat' dir='ltr'><strong>hoc</strong></span> <span class='ocrx_word' id='word_1_510' title='bbox 1882 1182 2042 1254; x_wconf 89' lang='lat' dir='ltr'><strong>igitur</strong></span> <span class='ocrx_word' id='word_1_511' title='bbox 2072 1196 2380 1254; x_wconf 87' lang='lat' dir='ltr'><strong>argumento</strong></span> <span class='ocrx_word' id='word_1_512' title='bbox 2402 1185 2594 1240; x_wconf 88' lang='lat' dir='ltr'><strong>librum</strong></span> <span class='ocrx_word' id='word_1_513' title='bbox 2625 1201 2729 1257; x_wconf 88' lang='lat' dir='ltr'><strong>quo</strong></span> <span class='ocrx_word' id='word_1_514' title='bbox 2749 1186 2815 1243; x_wconf 89' lang='lat' dir='ltr'><strong>de</strong></span> <span class='ocrx_word' id='word_1_515' title='bbox 2841 1188 3073 1259; x_wconf 88' lang='lat' dir='ltr'><strong>agimus,</strong></span> <span class='ocrx_word' id='word_1_516' title='bbox 3106 1189 3171 1244; x_wconf 86' lang='lat' dir='ltr'><strong>ad</strong></span> <span class='ocrx_word' id='word_1_517' title='bbox 3212 1206 3335 1245; x_wconf 89' lang='lat' dir='ltr'><strong>eum</strong></span> 
     </span>
    </p>
   </div>
   <div class='ocr_carea' id='block_1_72' title="bbox 1757 1274 3336 1353">
    <p class='ocr_par' dir='ltr' id='par_1_72' title="bbox 1757 1274 3336 1353">
     <span class='ocr_line' id='line_1_73' title="bbox 1757 1274 3336 1353; baseline 0.005 -23"><span class='ocrx_word' id='word_1_518' title='bbox 1757 1274 1987 1346; x_wconf 87' lang='lat' dir='ltr'><strong>scripsit,</strong></span> <span class='ocrx_word' id='word_1_519' title='bbox 2008 1275 2097 1332; x_wconf 89' lang='lat' dir='ltr'><strong>ubi</strong></span> <span class='ocrx_word' id='word_1_520' title='bbox 2114 1278 2342 1348; x_wconf 91' lang='lat' dir='ltr'><strong>primum</strong></span> <span class='ocrx_word' id='word_1_521' title='bbox 2359 1278 2664 1333; x_wconf 90' lang='lat' dir='ltr'><strong>consolatur</strong></span> <span class='ocrx_word' id='word_1_522' title='bbox 2684 1293 2806 1336; x_wconf 92' lang='lat' dir='ltr'><strong>eum</strong></span> <span class='ocrx_word' id='word_1_523' title='bbox 2824 1280 2892 1337; x_wconf 91' lang='lat' dir='ltr'><strong>de</strong></span> <span class='ocrx_word' id='word_1_524' title='bbox 2908 1281 3084 1349; x_wconf 65' lang='lat' dir='ltr'><strong>taedio,</strong></span> <span class='ocrx_word' id='word_1_525' title='bbox 3102 1282 3242 1353; x_wconf 90' lang='lat' dir='ltr'><strong>quod</strong></span> <span class='ocrx_word' id='word_1_526' title='bbox 3263 1284 3336 1338; x_wconf 90' lang='lat' dir='ltr'><strong>illi</strong></span> 
     </span>
    </p>
   </div>
   <div class='ocr_carea' id='block_1_73' title="bbox 1756 1367 3338 1448">
    <p class='ocr_par' dir='ltr' id='par_1_73' title="bbox 1756 1367 3338 1448">
     <span class='ocr_line' id='line_1_74' title="bbox 1756 1367 3338 1448; baseline 0.006 -26"><span class='ocrx_word' id='word_1_527' title='bbox 1756 1367 1952 1423; x_wconf 90' lang='lat' dir='ltr'><strong>dicenti</strong></span> <span class='ocrx_word' id='word_1_528' title='bbox 1973 1369 2260 1439; x_wconf 89' lang='lat' dir='ltr'><strong>subrepere</strong></span> <span class='ocrx_word' id='word_1_529' title='bbox 2285 1370 2511 1428; x_wconf 90' lang='lat' dir='ltr'><strong>solebat.</strong></span> <span class='ocrx_word' id='word_1_530' title='bbox 2532 1370 2679 1429; x_wconf 82' lang='lat' dir='ltr'><strong>Idem</strong></span> <span class='ocrx_word' id='word_1_531' title='bbox 2705 1373 2918 1429; x_wconf 89' lang='lat' dir='ltr'><strong>sibimet</strong></span> <span class='ocrx_word' id='word_1_532' title='bbox 2938 1390 3100 1447; x_wconf 89' lang='lat' dir='ltr'><strong>prope</strong></span> <span class='ocrx_word' id='word_1_533' title='bbox 3121 1391 3338 1448; x_wconf 89' lang='lat' dir='ltr'><strong>semper</strong></span> 
     </span>
    </p>
   </div>
   <div class='ocr_carea' id='block_1_74' title="bbox 1757 1452 3338 1532">
    <p class='ocr_par' dir='ltr' id='par_1_74' title="bbox 1757 1452 3338 1532">
     <span class='ocr_line' id='line_1_75' title="bbox 1757 1452 3338 1532; baseline 0.006 -24"><span class='ocrx_word' id='word_1_534' title='bbox 1757 1452 2066 1524; x_wconf 89' lang='lat' dir='ltr'><strong>contingere</strong></span> <span class='ocrx_word' id='word_1_535' title='bbox 2094 1452 2308 1523; x_wconf 85' lang='lat' dir='ltr'><strong>fatetur,</strong></span> <span class='ocrx_word' id='word_1_536' title='bbox 2331 1455 2455 1510; x_wconf 88' lang='lat' dir='ltr'><strong>dttm</strong></span> <span class='ocrx_word' id='word_1_537' title='bbox 2476 1457 2529 1512; x_wconf 92' lang='lat' dir='ltr'><strong>in</strong></span> <span class='ocrx_word' id='word_1_538' title='bbox 2555 1457 2882 1529; x_wconf 88' lang='lat' dir='ltr'><strong>exponendis</strong></span> <span class='ocrx_word' id='word_1_539' title='bbox 2916 1459 3037 1515; x_wconf 89' lang='lat' dir='ltr'><strong>ﬁdei</strong></span> <span class='ocrx_word' id='word_1_540' title='bbox 3072 1464 3338 1532; x_wconf 85' lang='lat' dir='ltr'><strong>mysteriis</strong></span> 
     </span>
    </p>
   </div>
   <div class='ocr_carea' id='block_1_75' title="bbox 1757 1543 3336 1620">
    <p class='ocr_par' dir='ltr' id='par_1_75' title="bbox 1757 1543 3336 1620">
     <span class='ocr_line' id='line_1_76' title="bbox 1757 1543 3336 1620; baseline 0.006 -22"><span class='ocrx_word' id='word_1_541' title='bbox 1757 1543 1935 1614; x_wconf 84' lang='lat' dir='ltr'><strong>lingua</strong></span> <span class='ocrx_word' id='word_1_542' title='bbox 1961 1546 2122 1600; x_wconf 90' lang='lat' dir='ltr'><strong>menti</strong></span> <span class='ocrx_word' id='word_1_543' title='bbox 2149 1545 2394 1604; x_wconf 88' lang='lat' dir='ltr'><strong>sufﬁcere</strong></span> <span class='ocrx_word' id='word_1_544' title='bbox 2419 1564 2524 1604; x_wconf 90' lang='lat' dir='ltr'><strong>non</strong></span> <span class='ocrx_word' id='word_1_545' title='bbox 2549 1559 2722 1620; x_wconf 90' lang='lat' dir='ltr'><strong>potest</strong></span> <span class='ocrx_word' id='word_1_546' title='bbox 2746 1567 2758 1604; x_wconf 92' lang='lat'><strong>:</strong></span> <span class='ocrx_word' id='word_1_547' title='bbox 2788 1549 2911 1607; x_wconf 90' lang='lat' dir='ltr'><strong>inde</strong></span> <span class='ocrx_word' id='word_1_548' title='bbox 2929 1551 3162 1606; x_wconf 90' lang='lat' dir='ltr'><strong>animum</strong></span> <span class='ocrx_word' id='word_1_549' title='bbox 3183 1569 3336 1608; x_wconf 89' lang='lat' dir='ltr'><strong>suum</strong></span> 
     </span>
    </p>
   </div>
   <div class='ocr_carea' id='block_1_76' title="bbox 1759 1633 3340 1710">
    <p class='ocr_par' dir='ltr' id='par_1_76' title="bbox 1759 1633 3340 1710">
     <span class='ocr_line' id='line_1_77' title="bbox 1759 1633 3340 1710; baseline 0.008 -21"><span class='ocrx_word' id='word_1_550' title='bbox 1759 1633 1949 1707; x_wconf 87' lang='lat' dir='ltr'><strong>frangi,</strong></span> <span class='ocrx_word' id='word_1_551' title='bbox 1981 1652 2148 1709; x_wconf 88' lang='lat' dir='ltr'><strong>seque</strong></span> <span class='ocrx_word' id='word_1_552' title='bbox 2174 1639 2291 1694; x_wconf 90' lang='lat' dir='ltr'><strong>aliis</strong></span> <span class='ocrx_word' id='word_1_553' title='bbox 2317 1641 2597 1697; x_wconf 90' lang='lat' dir='ltr'><strong>molestum</strong></span> <span class='ocrx_word' id='word_1_554' title='bbox 2623 1643 2898 1710; x_wconf 90' lang='lat' dir='ltr'><strong>arbitrari;</strong></span> <span class='ocrx_word' id='word_1_555' title='bbox 2927 1658 3049 1701; x_wconf 90' lang='lat' dir='ltr'><strong>cum</strong></span> <span class='ocrx_word' id='word_1_556' title='bbox 3078 1653 3251 1700; x_wconf 89' lang='lat' dir='ltr'><strong>tamen</strong></span> <span class='ocrx_word' id='word_1_557' title='bbox 3274 1662 3340 1702; x_wconf 85' lang='lat' dir='ltr'><strong>ex</strong></span> 
     </span>
    </p>
   </div>
   <div class='ocr_carea' id='block_1_77' title="bbox 1760 1729 3340 1805">
    <p class='ocr_par' dir='ltr' id='par_1_77' title="bbox 1760 1729 3340 1805">
     <span class='ocr_line' id='line_1_78' title="bbox 1760 1729 3340 1805; baseline 0.005 -21"><span class='ocrx_word' id='word_1_558' title='bbox 1760 1729 1936 1785; x_wconf 89' lang='lat' dir='ltr'><strong>studio</strong></span> <span class='ocrx_word' id='word_1_559' title='bbox 1959 1739 2013 1786; x_wconf 92' lang='lat' dir='ltr'><strong>et</strong></span> <span class='ocrx_word' id='word_1_560' title='bbox 2029 1732 2322 1798; x_wconf 88' lang='lat' dir='ltr'><strong>alacritate,</strong></span> <span class='ocrx_word' id='word_1_561' title='bbox 2339 1749 2495 1804; x_wconf 89' lang='lat' dir='ltr'><strong>quam</strong></span> <span class='ocrx_word' id='word_1_562' title='bbox 2514 1749 2623 1805; x_wconf 74' lang='lat' dir='ltr'><strong>pra:</strong></span> <span class='ocrx_word' id='word_1_563' title='bbox 2646 1749 2705 1790; x_wconf 92' lang='lat' dir='ltr'><strong>se</strong></span> <span class='ocrx_word' id='word_1_564' title='bbox 2725 1733 2900 1790; x_wconf 87' lang='lat' dir='ltr'><strong>ferunt</strong></span> <span class='ocrx_word' id='word_1_565' title='bbox 2917 1735 3213 1803; x_wconf 88' lang='lat' dir='ltr'><strong>audientes,</strong></span> <span class='ocrx_word' id='word_1_566' title='bbox 3230 1737 3340 1792; x_wconf 90' lang='lat' dir='ltr'><strong>elo-</strong></span> 
     </span>
    </p>
   </div>
   <div class='ocr_carea' id='block_1_78' title="bbox 1760 1823 3336 1897">
    <p class='ocr_par' dir='ltr' id='par_1_78' title="bbox 1760 1823 3336 1897">
     <span class='ocr_line' id='line_1_79' title="bbox 1760 1823 3336 1897; baseline 0.003 -21"><span class='ocrx_word' id='word_1_567' title='bbox 1760 1823 1942 1890; x_wconf 90' lang='lat' dir='ltr'><strong>quium</strong></span> <span class='ocrx_word' id='word_1_568' title='bbox 1972 1836 2148 1890; x_wconf 90' lang='lat' dir='ltr'><strong>suum,</strong></span> <span class='ocrx_word' id='word_1_569' title='bbox 2179 1825 2519 1894; x_wconf 88' lang='lat' dir='ltr'><strong>quantumvis</strong></span> <span class='ocrx_word' id='word_1_570' title='bbox 2546 1825 2644 1880; x_wconf 92' lang='lat' dir='ltr'><strong>sibi</strong></span> <span class='ocrx_word' id='word_1_571' title='bbox 2681 1825 2779 1894; x_wconf 90' lang='lat' dir='ltr'><strong>ipsi</strong></span> <span class='ocrx_word' id='word_1_572' title='bbox 2807 1824 3052 1897; x_wconf 88' lang='lat' dir='ltr'><strong>frigidum</strong></span> <span class='ocrx_word' id='word_1_573' title='bbox 3079 1827 3336 1895; x_wconf 84' lang='lat' dir='ltr'><strong>videatur,</strong></span> 
     </span>
    </p>
   </div>
   <div class='ocr_carea' id='block_1_79' title="bbox 1762 1912 3341 1990">
    <p class='ocr_par' dir='ltr' id='par_1_79' title="bbox 1762 1912 3341 1990">
     <span class='ocr_line' id='line_1_80' title="bbox 1762 1912 3341 1990; baseline 0.006 -23"><span class='ocrx_word' id='word_1_574' title='bbox 1762 1912 1881 1968; x_wconf 92' lang='lat' dir='ltr'><strong>illos</strong></span> <span class='ocrx_word' id='word_1_575' title='bbox 1927 1914 2258 1972; x_wconf 81' lang='lat' dir='ltr'><strong>inﬂammare</strong></span> <span class='ocrx_word' id='word_1_576' title='bbox 2303 1917 2568 1986; x_wconf 87' lang='lat' dir='ltr'><strong>conjiciat.</strong></span> <span class='ocrx_word' id='word_1_577' title='bbox 2611 1916 2750 1972; x_wconf 86' lang='lat' dir='ltr'><strong>Inter</strong></span> <span class='ocrx_word' id='word_1_578' title='bbox 2786 1917 2886 1973; x_wconf 88' lang='lat' dir='ltr'><strong>alia</strong></span> <span class='ocrx_word' id='word_1_579' title='bbox 2919 1930 3177 1990; x_wconf 72' lang='lat' dir='ltr'><strong>prmcepta</strong></span> <span class='ocrx_word' id='word_1_580' title='bbox 3221 1937 3341 1990; x_wconf 76' lang='lat' dir='ltr'><strong>quae</strong></span> 
     </span>
    </p>
   </div>
   <div class='ocr_carea' id='block_1_80' title="bbox 1761 2004 3340 2079">
    <p class='ocr_par' dir='ltr' id='par_1_80' title="bbox 1761 2004 3340 2079">
     <span class='ocr_line' id='line_1_81' title="bbox 1761 2004 3340 2079; baseline 0.007 -21"><span class='ocrx_word' id='word_1_581' title='bbox 1761 2004 1943 2074; x_wconf 90' lang='lat' dir='ltr'><strong>tradit,</strong></span> <span class='ocrx_word' id='word_1_582' title='bbox 1971 2015 2152 2062; x_wconf 90' lang='lat' dir='ltr'><strong>monet</strong></span> <span class='ocrx_word' id='word_1_583' title='bbox 2174 2007 2447 2077; x_wconf 84' lang='lat' dir='ltr'><strong>expedire,</strong></span> <span class='ocrx_word' id='word_1_584' title='bbox 2474 2019 2534 2063; x_wconf 93' lang='lat' dir='ltr'><strong>ut</strong></span> <span class='ocrx_word' id='word_1_585' title='bbox 2573 2009 2815 2079; x_wconf 87' lang='lat' dir='ltr'><strong>privatim</strong></span> <span class='ocrx_word' id='word_1_586' title='bbox 2843 2011 3178 2066; x_wconf 90' lang='lat' dir='ltr'><strong>instituendis</strong></span> <span class='ocrx_word' id='word_1_587' title='bbox 3206 2013 3340 2068; x_wconf 77' lang='lat' dir='ltr'><strong>offe-</strong></span> 
     </span>
    </p>
   </div>
   <div class='ocr_carea' id='block_1_81' title="bbox 1761 2097 3341 2174">
    <p class='ocr_par' dir='ltr' id='par_1_81' title="bbox 1761 2097 3341 2174">
     <span class='ocr_line' id='line_1_82' title="bbox 1761 2097 3341 2174; baseline 0.006 -24"><span class='ocrx_word' id='word_1_588' title='bbox 1761 2105 1908 2150; x_wconf 89' lang='lat' dir='ltr'><strong>ratur</strong></span> <span class='ocrx_word' id='word_1_589' title='bbox 1930 2097 2121 2165; x_wconf 87' lang='lat' dir='ltr'><strong>sessio,</strong></span> <span class='ocrx_word' id='word_1_590' title='bbox 2143 2111 2263 2153; x_wconf 90' lang='lat' dir='ltr'><strong>cum</strong></span> <span class='ocrx_word' id='word_1_591' title='bbox 2281 2108 2339 2153; x_wconf 93' lang='lat' dir='ltr'><strong>ut</strong></span> <span class='ocrx_word' id='word_1_592' title='bbox 2358 2099 2565 2154; x_wconf 87' lang='lat' dir='ltr'><strong>videtur</strong></span> <span class='ocrx_word' id='word_1_593' title='bbox 2589 2101 2677 2154; x_wconf 92' lang='lat' dir='ltr'><strong>illa</strong></span> <span class='ocrx_word' id='word_1_594' title='bbox 2698 2101 2904 2170; x_wconf 89' lang='lat' dir='ltr'><strong>species</strong></span> <span class='ocrx_word' id='word_1_595' title='bbox 2929 2100 3114 2170; x_wconf 86' lang='lat' dir='ltr'><strong>fastus,</strong></span> <span class='ocrx_word' id='word_1_596' title='bbox 3130 2105 3341 2174; x_wconf 89' lang='lat' dir='ltr'><strong>quando</strong></span> 
     </span>
    </p>
   </div>
   <div class='ocr_carea' id='block_1_82' title="bbox 1762 2189 3344 2263">
    <p class='ocr_par' dir='ltr' id='par_1_82' title="bbox 1762 2189 3344 2263">
     <span class='ocr_line' id='line_1_83' title="bbox 1762 2189 3344 2263; baseline 0.005 -21"><span class='ocrx_word' id='word_1_597' title='bbox 1762 2195 1966 2243; x_wconf 89' lang='lat' dir='ltr'><strong>stantes</strong></span> <span class='ocrx_word' id='word_1_598' title='bbox 2009 2189 2282 2244; x_wconf 86' lang='lat' dir='ltr'><strong>sedentem</strong></span> <span class='ocrx_word' id='word_1_599' title='bbox 2322 2190 2578 2260; x_wconf 86' lang='lat' dir='ltr'><strong>jubentur</strong></span> <span class='ocrx_word' id='word_1_600' title='bbox 2615 2191 2817 2258; x_wconf 88' lang='lat' dir='ltr'><strong>audire,</strong></span> <span class='ocrx_word' id='word_1_601' title='bbox 2851 2201 2959 2248; x_wconf 91' lang='lat' dir='ltr'><strong>tum</strong></span> <span class='ocrx_word' id='word_1_602' title='bbox 2987 2195 3109 2263; x_wconf 87' lang='lat' dir='ltr'><strong>quia</strong></span> <span class='ocrx_word' id='word_1_603' title='bbox 3137 2197 3344 2250; x_wconf 92' lang='lat' dir='ltr'><strong>contin-</strong></span> 
     </span>
    </p>
   </div>
   <div class='ocr_carea' id='block_1_83' title="bbox 1761 2281 3340 2352">
    <p class='ocr_par' dir='ltr' id='par_1_83' title="bbox 1761 2281 3340 2352">
     <span class='ocr_line' id='line_1_84' title="bbox 1761 2281 3340 2352; baseline 0.005 -20"><span class='ocrx_word' id='word_1_604' title='bbox 1761 2292 1888 2348; x_wconf 91' lang='lat' dir='ltr'><strong>gere</strong></span> <span class='ocrx_word' id='word_1_605' title='bbox 1938 2288 2146 2349; x_wconf 90' lang='lat' dir='ltr'><strong>potest,</strong></span> <span class='ocrx_word' id='word_1_606' title='bbox 2175 2289 2234 2334; x_wconf 92' lang='lat' dir='ltr'><strong>ut</strong></span> <span class='ocrx_word' id='word_1_607' title='bbox 2276 2281 2464 2336; x_wconf 88' lang='lat' dir='ltr'><strong>stando</strong></span> <span class='ocrx_word' id='word_1_608' title='bbox 2505 2281 2774 2352; x_wconf 88' lang='lat' dir='ltr'><strong>defatigati</strong></span> <span class='ocrx_word' id='word_1_609' title='bbox 2809 2297 2889 2351; x_wconf 92' lang='lat' dir='ltr'><strong>se,</strong></span> <span class='ocrx_word' id='word_1_610' title='bbox 2927 2284 3082 2338; x_wconf 90' lang='lat' dir='ltr'><strong>aliam</strong></span> <span class='ocrx_word' id='word_1_611' title='bbox 3127 2301 3340 2340; x_wconf 89' lang='lat' dir='ltr'><strong>causam</strong></span> 
     </span>
    </p>
   </div>
   <div class='ocr_carea' id='block_1_84' title="bbox 1763 2373 3340 2448">
    <p class='ocr_par' dir='ltr' id='par_1_84' title="bbox 1763 2373 3340 2448">
     <span class='ocr_line' id='line_1_85' title="bbox 1763 2373 3340 2448; baseline 0.005 -25"><span class='ocrx_word' id='word_1_612' title='bbox 1763 2378 2136 2440; x_wconf 67' lang='lat' dir='ltr'><strong>prtetexentes,</strong></span> <span class='ocrx_word' id='word_1_613' title='bbox 2175 2373 2509 2428; x_wconf 89' lang='lat' dir='ltr'><strong>subducant:</strong></span> <span class='ocrx_word' id='word_1_614' title='bbox 2537 2374 2676 2444; x_wconf 92' lang='lat' dir='ltr'><strong>quod</strong></span> <span class='ocrx_word' id='word_1_615' title='bbox 2721 2375 2821 2430; x_wconf 91' lang='lat' dir='ltr'><strong>sibi</strong></span> <span class='ocrx_word' id='word_1_616' title='bbox 2856 2375 3113 2431; x_wconf 90' lang='lat' dir='ltr'><strong>rusticum</strong></span> <span class='ocrx_word' id='word_1_617' title='bbox 3152 2393 3340 2448; x_wconf 91' lang='lat' dir='ltr'><strong>quem-</strong></span> 
     </span>
    </p>
   </div>
   <div class='ocr_carea' id='block_1_85' title="bbox 1659 2459 3345 2532">
    <p class='ocr_par' dir='ltr' id='par_1_85' title="bbox 1659 2459 3345 2532">
     <span class='ocr_line' id='line_1_86' title="bbox 1659 2459 3345 2532; baseline 0.005 -18"><span class='ocrx_word' id='word_1_618' title='bbox 1659 2497 1662 2499; x_wconf 48' lang='grc' dir='ltr'>λ</span> <span class='ocrx_word' id='word_1_619' title='bbox 1764 2459 1886 2516; x_wconf 90' lang='lat' dir='ltr'><strong>dam</strong></span> <span class='ocrx_word' id='word_1_620' title='bbox 1905 2463 2088 2532; x_wconf 90' lang='lat' dir='ltr'><strong>primis</strong></span> <span class='ocrx_word' id='word_1_621' title='bbox 2107 2462 2229 2520; x_wconf 88' lang='lat' dir='ltr'><strong>ﬁdei</strong></span> <span class='ocrx_word' id='word_1_622' title='bbox 2247 2465 2558 2520; x_wconf 91' lang='lat' dir='ltr'><strong>rudimentis</strong></span> <span class='ocrx_word' id='word_1_623' title='bbox 2576 2464 2834 2523; x_wconf 90' lang='lat' dir='ltr'><strong>imbuenti</strong></span> <span class='ocrx_word' id='word_1_624' title='bbox 2851 2466 3104 2522; x_wconf 88' lang='lat' dir='ltr'><strong>accidisse</strong></span> <span class='ocrx_word' id='word_1_625' title='bbox 3125 2477 3345 2524; x_wconf 86' lang='lat' dir='ltr'><strong>testatur</strong></span> 
     </span>
    </p>
   </div>
   <div class='ocr_carea' id='block_1_86' title="bbox 1766 2549 3345 2628">
    <p class='ocr_par' dir='ltr' id='par_1_86' title="bbox 1766 2549 3345 2628">
     <span class='ocr_line' id='line_1_87' title="bbox 1766 2549 3345 2628; baseline 0.006 -24"><span class='ocrx_word' id='word_1_626' title='bbox 1766 2549 1925 2621; x_wconf 82' lang='lat' dir='ltr'><strong>(Ibid.</strong></span> <span class='ocrx_word' id='word_1_627' title='bbox 1937 2595 1951 2621; x_wconf 92' lang='lat'><strong>,</strong></span> <span class='ocrx_word' id='word_1_628' title='bbox 1965 2569 2010 2608; x_wconf 88' lang='lat' dir='ltr'><strong>c.</strong></span> <span class='ocrx_word' id='word_1_629' title='bbox 2029 2555 2119 2621; x_wconf 82' lang='grc'><strong>15,</strong></span> <span class='ocrx_word' id='word_1_630' title='bbox 2137 2572 2189 2608; x_wconf 87' lang='lat' dir='ltr'><strong>n.</strong></span> <span class='ocrx_word' id='word_1_631' title='bbox 2213 2554 2322 2628; x_wconf 91' lang='lat'><strong>19).</strong></span> <span class='ocrx_word' id='word_1_632' title='bbox 2347 2557 2671 2627; x_wconf 85' lang='lat' dir='ltr'><strong>Deogratias,</strong></span> <span class='ocrx_word' id='word_1_633' title='bbox 2685 2557 2768 2612; x_wconf 91' lang='lat' dir='ltr'><strong>cui</strong></span> <span class='ocrx_word' id='word_1_634' title='bbox 2786 2566 3039 2615; x_wconf 88' lang='lat' dir='ltr'><strong>tractatus</strong></span> <span class='ocrx_word' id='word_1_635' title='bbox 3052 2558 3139 2614; x_wconf 81' lang='lat' dir='ltr'><strong>hic</strong></span> <span class='ocrx_word' id='word_1_636' title='bbox 3155 2559 3314 2614; x_wconf 86' lang='lat' dir='ltr'><strong>inseri</strong></span> <span class='ocrx_word' id='word_1_637' title='bbox 3326 2590 3345 2600; x_wconf 87' lang='lat'><strong>-</strong></span> 
     </span>
    </p>
   </div>
   <div class='ocr_carea' id='block_1_87' title="bbox 1763 2643 3346 2720">
    <p class='ocr_par' dir='ltr' id='par_1_87' title="bbox 1763 2643 3346 2720">
     <span class='ocr_line' id='line_1_88' title="bbox 1763 2643 3346 2720; baseline 0.006 -22"><span class='ocrx_word' id='word_1_638' title='bbox 1763 2643 1927 2713; x_wconf 87' lang='lat' dir='ltr'><strong>bitur,</strong></span> <span class='ocrx_word' id='word_1_639' title='bbox 1960 2646 2025 2700; x_wconf 91' lang='lat' dir='ltr'><strong>ad</strong></span> <span class='ocrx_word' id='word_1_640' title='bbox 2051 2647 2439 2720; x_wconf 86' lang='lat' dir='ltr'><strong>presbyterium</strong></span> <span class='ocrx_word' id='word_1_641' title='bbox 2466 2648 2657 2704; x_wconf 89' lang='lat' dir='ltr'><strong>deinde</strong></span> <span class='ocrx_word' id='word_1_642' title='bbox 2688 2663 2968 2720; x_wconf 88' lang='lat' dir='ltr'><strong>provectus</strong></span> <span class='ocrx_word' id='word_1_643' title='bbox 2995 2662 3095 2718; x_wconf 89' lang='lat' dir='ltr'><strong>est,</strong></span> <span class='ocrx_word' id='word_1_644' title='bbox 3120 2654 3166 2711; x_wconf 89' lang='lat' dir='ltr'><strong>si</strong></span> <span class='ocrx_word' id='word_1_645' title='bbox 3188 2654 3346 2709; x_wconf 90' lang='lat' dir='ltr'><strong>modo</strong></span> 
     </span>
    </p>
   </div>
   <div class='ocr_carea' id='block_1_88' title="bbox 1765 2732 3345 2814">
    <p class='ocr_par' dir='ltr' id='par_1_88' title="bbox 1765 2732 3345 2814">
     <span class='ocr_line' id='line_1_89' title="bbox 1765 2732 3345 2814; baseline 0.008 -26"><span class='ocrx_word' id='word_1_646' title='bbox 1765 2732 1906 2788; x_wconf 90' lang='lat' dir='ltr'><strong>idem</strong></span> <span class='ocrx_word' id='word_1_647' title='bbox 1936 2745 2016 2790; x_wconf 90' lang='lat' dir='ltr'><strong>est</strong></span> <span class='ocrx_word' id='word_1_648' title='bbox 2052 2738 2137 2791; x_wconf 91' lang='lat' dir='ltr'><strong>cui</strong></span> <span class='ocrx_word' id='word_1_649' title='bbox 2165 2739 2490 2808; x_wconf 88' lang='lat' dir='ltr'><strong>Augustinus</strong></span> <span class='ocrx_word' id='word_1_650' title='bbox 2529 2740 2671 2794; x_wconf 89' lang='lat' dir='ltr'><strong>circa</strong></span> <span class='ocrx_word' id='word_1_651' title='bbox 2707 2756 2904 2796; x_wconf 91' lang='lat' dir='ltr'><strong>annum</strong></span> <span class='ocrx_word' id='word_1_652' title='bbox 2933 2743 3345 2814; x_wconf 79' lang='lat' dir='ltr'><strong>quadringente-</strong></span> 
     </span>
    </p>
   </div>
   <div class='ocr_carea' id='block_1_89' title="bbox 1766 2823 3346 2904">
    <p class='ocr_par' dir='ltr' id='par_1_89' title="bbox 1766 2823 3346 2904">
     <span class='ocr_line' id='line_1_90' title="bbox 1766 2823 3346 2904; baseline 0.008 -27"><span class='ocrx_word' id='word_1_653' title='bbox 1766 2823 1958 2878; x_wconf 88' lang='lat' dir='ltr'><strong>simum</strong></span> <span class='ocrx_word' id='word_1_654' title='bbox 1999 2836 2210 2880; x_wconf 85' lang='lat' dir='ltr'><strong>sextum</strong></span> <span class='ocrx_word' id='word_1_655' title='bbox 2240 2829 2306 2881; x_wconf 89' lang='lat' dir='ltr'><strong>ad</strong></span> <span class='ocrx_word' id='word_1_656' title='bbox 2349 2829 2668 2899; x_wconf 72' lang='lat' dir='ltr'><strong>quzestiones</strong></span> <span class='ocrx_word' id='word_1_657' title='bbox 2696 2831 2763 2885; x_wconf 91' lang='lat' dir='ltr'><strong>ab</strong></span> <span class='ocrx_word' id='word_1_658' title='bbox 2791 2847 2856 2886; x_wconf 91' lang='lat' dir='ltr'><strong>eo</strong></span> <span class='ocrx_word' id='word_1_659' title='bbox 2897 2833 2996 2887; x_wconf 89' lang='lat' dir='ltr'><strong>sibi</strong></span> <span class='ocrx_word' id='word_1_660' title='bbox 3029 2833 3346 2904; x_wconf 87' lang='lat' dir='ltr'><strong>Carthagine</strong></span> 
     </span>
    </p>
   </div>
   <div class='ocr_carea' id='block_1_90' title="bbox 1767 2917 3345 2991">
    <p class='ocr_par' dir='ltr' id='par_1_90' title="bbox 1767 2917 3345 2991">
     <span class='ocr_line' id='line_1_91' title="bbox 1767 2917 3345 2991; baseline 0.007 -21"><span class='ocrx_word' id='word_1_661' title='bbox 1767 2917 1957 2972; x_wconf 89' lang='lat' dir='ltr'><strong>missas</strong></span> <span class='ocrx_word' id='word_1_662' title='bbox 1995 2917 2280 2989; x_wconf 87' lang='lat' dir='ltr'><strong>respondet</strong></span> <span class='ocrx_word' id='word_1_663' title='bbox 2319 2921 2542 2991; x_wconf 79' lang='lat' dir='ltr'><strong>epistola</strong></span> <span class='ocrx_word' id='word_1_664' title='bbox 2578 2922 2866 2977; x_wconf 87' lang='lat' dir='ltr'><strong>centesima</strong></span> <span class='ocrx_word' id='word_1_665' title='bbox 2904 2925 3154 2979; x_wconf 90' lang='lat' dir='ltr'><strong>secunda.</strong></span> <span class='ocrx_word' id='word_1_666' title='bbox 3195 2925 3345 2982; x_wconf 82' lang='lat' dir='ltr'><strong>Hunc</strong></span> 
     </span>
    </p>
   </div>
   <div class='ocr_carea' id='block_1_91' title="bbox 1769 3010 3344 3084">
    <p class='ocr_par' dir='ltr' id='par_1_91' title="bbox 1769 3010 3344 3084">
     <span class='ocr_line' id='line_1_92' title="bbox 1769 3010 3344 3084; baseline 0.007 -20"><span class='ocrx_word' id='word_1_667' title='bbox 1769 3010 2136 3082; x_wconf 88' lang='lat' dir='ltr'><strong>presbyterum</strong></span> <span class='ocrx_word' id='word_1_668' title='bbox 2166 3028 2270 3066; x_wconf 89' lang='lat' dir='ltr'><strong>non</strong></span> <span class='ocrx_word' id='word_1_669' title='bbox 2300 3013 2458 3068; x_wconf 89' lang='lat' dir='ltr'><strong>modo</strong></span> <span class='ocrx_word' id='word_1_670' title='bbox 2496 3023 2553 3068; x_wconf 92' lang='lat' dir='ltr'><strong>ut</strong></span> <span class='ocrx_word' id='word_1_671' title='bbox 2579 3015 2891 3070; x_wconf 84' lang='lat' dir='ltr'><strong>familiarem</strong></span> <span class='ocrx_word' id='word_1_672' title='bbox 2916 3030 3069 3073; x_wconf 92' lang='lat' dir='ltr'><strong>suum</strong></span> <span class='ocrx_word' id='word_1_673' title='bbox 3092 3059 3106 3084; x_wconf 93' lang='lat'><strong>,</strong></span> <span class='ocrx_word' id='word_1_674' title='bbox 3136 3018 3218 3072; x_wconf 93' lang='lat' dir='ltr'><strong>cui</strong></span> <span class='ocrx_word' id='word_1_675' title='bbox 3248 3019 3344 3075; x_wconf 88' lang='lat' dir='ltr'><strong>de-</strong></span> 
     </span>
    </p>
   </div>
   <div class='ocr_carea' id='block_1_92' title="bbox 1768 3103 3347 3178">
    <p class='ocr_par' dir='ltr' id='par_1_92' title="bbox 1768 3103 3347 3178">
     <span class='ocr_line' id='line_1_93' title="bbox 1768 3103 3347 3178; baseline 0.006 -22"><span class='ocrx_word' id='word_1_676' title='bbox 1768 3117 1966 3174; x_wconf 87' lang='lat' dir='ltr'><strong>negare</strong></span> <span class='ocrx_word' id='word_1_677' title='bbox 2005 3103 2133 3158; x_wconf 87' lang='lat' dir='ltr'><strong>nihil</strong></span> <span class='ocrx_word' id='word_1_678' title='bbox 2179 3105 2369 3174; x_wconf 88' lang='lat' dir='ltr'><strong>possit,</strong></span> <span class='ocrx_word' id='word_1_679' title='bbox 2397 3105 2718 3178; x_wconf 86' lang='lat' dir='ltr'><strong>compellat;</strong></span> <span class='ocrx_word' id='word_1_680' title='bbox 2744 3106 2841 3164; x_wconf 87' lang='lat' dir='ltr'><strong>sed</strong></span> <span class='ocrx_word' id='word_1_681' title='bbox 2879 3107 3039 3164; x_wconf 91' lang='lat' dir='ltr'><strong>etiam</strong></span> <span class='ocrx_word' id='word_1_682' title='bbox 3083 3118 3140 3164; x_wconf 93' lang='lat' dir='ltr'><strong>ut</strong></span> <span class='ocrx_word' id='word_1_683' title='bbox 3175 3111 3347 3166; x_wconf 91' lang='lat' dir='ltr'><strong>virum</strong></span> 
     </span>
    </p>
   </div>
   <div class='ocr_carea' id='block_1_93' title="bbox 1769 3194 3349 3272">
    <p class='ocr_par' dir='ltr' id='par_1_93' title="bbox 1769 3194 3349 3272">
     <span class='ocr_line' id='line_1_94' title="bbox 1769 3194 3349 3272; baseline 0.006 -24"><span class='ocrx_word' id='word_1_684' title='bbox 1769 3194 2018 3266; x_wconf 89' lang='lat' dir='ltr'><strong>peritum,</strong></span> <span class='ocrx_word' id='word_1_685' title='bbox 2038 3194 2126 3265; x_wconf 87' lang='lat' dir='ltr'><strong>qui</strong></span> <span class='ocrx_word' id='word_1_686' title='bbox 2151 3195 2517 3254; x_wconf 84' lang='lat' dir='ltr'><strong>consuleretur</strong></span> <span class='ocrx_word' id='word_1_687' title='bbox 2542 3198 2593 3252; x_wconf 91' lang='lat' dir='ltr'><strong>in</strong></span> <span class='ocrx_word' id='word_1_688' title='bbox 2616 3197 2813 3266; x_wconf 87' lang='lat' dir='ltr'><strong>dubiis,</strong></span> <span class='ocrx_word' id='word_1_689' title='bbox 2831 3207 2884 3254; x_wconf 87' lang='lat' dir='ltr'><strong>et</strong></span> <span class='ocrx_word' id='word_1_690' title='bbox 2906 3199 3056 3272; x_wconf 85' lang='lat' dir='ltr'><strong>cujus</strong></span> <span class='ocrx_word' id='word_1_691' title='bbox 3076 3200 3227 3256; x_wconf 87' lang='lat' dir='ltr'><strong>stilus</strong></span> <span class='ocrx_word' id='word_1_692' title='bbox 3250 3203 3349 3258; x_wconf 87' lang='lat' dir='ltr'><strong>sibi</strong></span> 
     </span>
    </p>
   </div>
   <div class='ocr_carea' id='block_1_94' title="bbox 1770 3287 2328 3357">
    <p class='ocr_par' dir='ltr' id='par_1_94' title="bbox 1770 3287 2328 3357">
     <span class='ocr_line' id='line_1_95' title="bbox 1770 3287 2328 3357; baseline 0 -15"><span class='ocrx_word' id='word_1_693' title='bbox 1770 3292 1828 3342; x_wconf 85' lang='lat' dir='ltr'><strong>et</strong></span> <span class='ocrx_word' id='word_1_694' title='bbox 1852 3287 1971 3342; x_wconf 90' lang='lat' dir='ltr'><strong>aliis</strong></span> <span class='ocrx_word' id='word_1_695' title='bbox 2002 3289 2328 3357; x_wconf 88' lang='lat' dir='ltr'><strong>probaretur.</strong></span> 
     </span>
    </p>
   </div>
   <div class='ocr_carea' id='block_1_95' title="bbox 1842 3375 3352 3456">
    <p class='ocr_par' dir='ltr' id='par_1_95' title="bbox 1842 3375 3352 3456">
     <span class='ocr_line' id='line_1_96' title="bbox 1842 3375 3352 3456; baseline 0.007 -24"><span class='ocrx_word' id='word_1_696' title='bbox 1842 3375 1896 3434; x_wconf 90' lang='lat'><strong>9.</strong></span> <span class='ocrx_word' id='word_1_697' title='bbox 1937 3377 2097 3432; x_wconf 88' lang='lat' dir='ltr'><strong>Libro</strong></span> <span class='ocrx_word' id='word_1_698' title='bbox 2113 3379 2180 3434; x_wconf 91' lang='lat' dir='ltr'><strong>de</strong></span> <span class='ocrx_word' id='word_1_699' title='bbox 2204 3379 2609 3436; x_wconf 83' lang='lat' dir='ltr'><strong>Catecbizandis</strong></span> <span class='ocrx_word' id='word_1_700' title='bbox 2625 3381 2844 3438; x_wconf 91' lang='lat' dir='ltr'><strong>rudibus</strong></span> <span class='ocrx_word' id='word_1_701' title='bbox 2859 3384 3034 3440; x_wconf 91' lang='lat' dir='ltr'><strong>subdit</strong></span> <span class='ocrx_word' id='word_1_702' title='bbox 3052 3385 3352 3456; x_wconf 88' lang='lat' dir='ltr'><strong>quindecim</strong></span> 
     </span>
    </p>
   </div>
   <div class='ocr_carea' id='block_1_96' title="bbox 1771 3468 3352 3550">
    <p class='ocr_par' dir='ltr' id='par_1_96' title="bbox 1771 3468 3352 3550">
     <span class='ocr_line' id='line_1_97' title="bbox 1771 3468 3352 3550; baseline 0.006 -24"><span class='ocrx_word' id='word_1_703' title='bbox 1771 3468 1936 3526; x_wconf 92' lang='lat' dir='ltr'><strong>libros</strong></span> <span class='ocrx_word' id='word_1_704' title='bbox 1965 3470 2031 3525; x_wconf 91' lang='lat' dir='ltr'><strong>de</strong></span> <span class='ocrx_word' id='word_1_705' title='bbox 2065 3470 2323 3528; x_wconf 89' lang='lat' dir='ltr'><strong>Trinitate</strong></span> <span class='ocrx_word' id='word_1_706' title='bbox 2347 3472 2593 3545; x_wconf 82' lang='lat' dir='ltr'><strong>(Retract.</strong></span> <span class='ocrx_word' id='word_1_707' title='bbox 2617 3474 2706 3529; x_wconf 88' lang='lat' dir='ltr'><strong>lib.</strong></span> <span class='ocrx_word' id='word_1_708' title='bbox 2726 3476 2782 3543; x_wconf 79' lang='grc'><strong>2,</strong></span> <span class='ocrx_word' id='word_1_709' title='bbox 2803 3493 2917 3546; x_wconf 89' lang='lat' dir='ltr'><strong>cap.</strong></span> <span class='ocrx_word' id='word_1_710' title='bbox 2944 3478 3054 3550; x_wconf 86' lang='lat'><strong>15),</strong></span> <span class='ocrx_word' id='word_1_711' title='bbox 3080 3494 3214 3550; x_wconf 90' lang='lat' dir='ltr'><strong>quos</strong></span> <span class='ocrx_word' id='word_1_712' title='bbox 3259 3497 3352 3550; x_wconf 89' lang='lat' dir='ltr'><strong>per</strong></span> 
     </span>
    </p>
   </div>
   <div class='ocr_carea' id='block_1_97' title="bbox 1771 3561 3352 3642">
    <p class='ocr_par' dir='ltr' id='par_1_97' title="bbox 1771 3561 3352 3642">
     <span class='ocr_line' id='line_1_98' title="bbox 1771 3561 3352 3642; baseline 0.009 -27"><span class='ocrx_word' id='word_1_713' title='bbox 1771 3561 1971 3632; x_wconf 88' lang='lat' dir='ltr'><strong>aliquot</strong></span> <span class='ocrx_word' id='word_1_714' title='bbox 1994 3578 2164 3618; x_wconf 88' lang='lat' dir='ltr'><strong>annos</strong></span> <span class='ocrx_word' id='word_1_715' title='bbox 2191 3564 2530 3622; x_wconf 90' lang='lat' dir='ltr'><strong>elucubratus</strong></span> <span class='ocrx_word' id='word_1_716' title='bbox 2559 3577 2659 3634; x_wconf 90' lang='lat' dir='ltr'><strong>est,</strong></span> <span class='ocrx_word' id='word_1_717' title='bbox 2690 3584 2812 3624; x_wconf 92' lang='lat' dir='ltr'><strong>cum</strong></span> <span class='ocrx_word' id='word_1_718' title='bbox 2845 3586 2959 3638; x_wconf 90' lang='lat' dir='ltr'><strong>eos,</strong></span> <span class='ocrx_word' id='word_1_719' title='bbox 2987 3580 3043 3625; x_wconf 95' lang='lat' dir='ltr'><strong>ut</strong></span> <span class='ocrx_word' id='word_1_720' title='bbox 3081 3572 3193 3642; x_wconf 91' lang='lat' dir='ltr'><strong>ipse</strong></span> <span class='ocrx_word' id='word_1_721' title='bbox 3217 3575 3352 3628; x_wconf 92' lang='lat' dir='ltr'><strong>scri-</strong></span> 
     </span>
    </p>
   </div>
   <div class='ocr_carea' id='block_1_98' title="bbox 1772 3653 3356 3736">
    <p class='ocr_par' dir='ltr' id='par_1_98' title="bbox 1772 3653 3356 3736">
     <span class='ocr_line' id='line_1_99' title="bbox 1772 3653 3356 3736; baseline 0.009 -28"><span class='ocrx_word' id='word_1_722' title='bbox 1772 3653 1868 3718; x_wconf 87' lang='lat' dir='ltr'><strong>bit,</strong></span> <span class='ocrx_word' id='word_1_723' title='bbox 1892 3654 2101 3723; x_wconf 85' lang='lat' dir='ltr'><strong>juvenis</strong></span> <span class='ocrx_word' id='word_1_724' title='bbox 2126 3655 2406 3726; x_wconf 85' lang='lat' dir='ltr'><strong>inchoarit,</strong></span> <span class='ocrx_word' id='word_1_725' title='bbox 2429 3673 2591 3716; x_wconf 89' lang='lat' dir='ltr'><strong>senex</strong></span> <span class='ocrx_word' id='word_1_726' title='bbox 2611 3660 3200 3736; x_wconf 67' lang='lat' dir='ltr'><strong>ediderit(l§pist.17~l).</strong></span> <span class='ocrx_word' id='word_1_727' title='bbox 3231 3664 3356 3722; x_wconf 84' lang='lat' dir='ltr'><strong>illos</strong></span> 
     </span>
    </p>
   </div>
   <div class='ocr_carea' id='block_1_99' title="bbox 1772 3746 3354 3826">
    <p class='ocr_par' dir='ltr' id='par_1_99' title="bbox 1772 3746 3354 3826">
     <span class='ocr_line' id='line_1_100' title="bbox 1772 3746 3354 3826; baseline 0.006 -25"><span class='ocrx_word' id='word_1_728' title='bbox 1772 3746 2035 3816; x_wconf 87' lang='lat' dir='ltr'><strong>siquidem</strong></span> <span class='ocrx_word' id='word_1_729' title='bbox 2059 3747 2456 3818; x_wconf 88' lang='lat' dir='ltr'><strong>intermittebat,</strong></span> <span class='ocrx_word' id='word_1_730' title='bbox 2479 3751 2689 3822; x_wconf 89' lang='lat' dir='ltr'><strong>quoties</strong></span> <span class='ocrx_word' id='word_1_731' title='bbox 2715 3753 2820 3807; x_wconf 92' lang='lat' dir='ltr'><strong>alio</strong></span> <span class='ocrx_word' id='word_1_732' title='bbox 2844 3754 3212 3824; x_wconf 87' lang='lat' dir='ltr'><strong>implicabatur</strong></span> <span class='ocrx_word' id='word_1_733' title='bbox 3229 3772 3354 3826; x_wconf 89' lang='lat' dir='ltr'><strong>ope-</strong></span> 
     </span>
    </p>
   </div>
   <div class='ocr_carea' id='block_1_100' title="bbox 1773 3837 3349 3916">
    <p class='ocr_par' dir='ltr' id='par_1_100' title="bbox 1773 3837 3349 3916">
     <span class='ocr_line' id='line_1_101' title="bbox 1773 3837 3349 3916; baseline 0.007 -25"><span class='ocrx_word' id='word_1_734' title='bbox 1773 3852 1854 3905; x_wconf 90' lang='lat' dir='ltr'><strong>re,</strong></span> <span class='ocrx_word' id='word_1_735' title='bbox 1874 3837 2011 3908; x_wconf 86' lang='lat' dir='ltr'><strong>quod</strong></span> <span class='ocrx_word' id='word_1_736' title='bbox 2033 3839 2271 3908; x_wconf 89' lang='lat' dir='ltr'><strong>pluribus</strong></span> <span class='ocrx_word' id='word_1_737' title='bbox 2295 3841 2625 3911; x_wconf 86' lang='lat' dir='ltr'><strong>profuturum</strong></span> <span class='ocrx_word' id='word_1_738' title='bbox 2642 3844 2974 3900; x_wconf 80' lang='lat' dir='ltr'><strong>existimabat</strong></span> <span class='ocrx_word' id='word_1_739' title='bbox 2991 3845 3240 3916; x_wconf 83' lang='lat' dir='ltr'><strong>(Retract.</strong></span> <span class='ocrx_word' id='word_1_740' title='bbox 3262 3850 3349 3904; x_wconf 84' lang='lat' dir='ltr'><strong>lib.</strong></span> 
     </span>
    </p>
   </div>
   <div class='ocr_carea' id='block_1_101' title="bbox 1772 3927 3350 4008">
    <p class='ocr_par' dir='ltr' id='par_1_101' title="bbox 1772 3927 3350 4008">
     <span class='ocr_line' id='line_1_102' title="bbox 1772 3927 3350 4008; baseline 0.006 -26"><span class='ocrx_word' id='word_1_741' title='bbox 1772 3927 1828 3996; x_wconf 69' lang='grc'><strong>2,</strong></span> <span class='ocrx_word' id='word_1_742' title='bbox 1851 3945 1963 3998; x_wconf 91' lang='lat' dir='ltr'><strong>cap.</strong></span> <span class='ocrx_word' id='word_1_743' title='bbox 1987 3928 2074 4004; x_wconf 88' lang='lat'><strong>16)</strong></span> <span class='ocrx_word' id='word_1_744' title='bbox 2095 3948 2108 3995; x_wconf 90' lang='lat'><strong>;</strong></span> <span class='ocrx_word' id='word_1_745' title='bbox 2128 3940 2277 3986; x_wconf 82' lang='lat' dir='ltr'><strong>ratus</strong></span> <span class='ocrx_word' id='word_1_746' title='bbox 2302 3931 2438 3987; x_wconf 90' lang='lat' dir='ltr'><strong>istud</strong></span> <span class='ocrx_word' id='word_1_747' title='bbox 2457 3935 2729 4004; x_wconf 89' lang='lat' dir='ltr'><strong>operosius</strong></span> <span class='ocrx_word' id='word_1_748' title='bbox 2751 3944 2806 3989; x_wconf 89' lang='lat' dir='ltr'><strong>et</strong></span> <span class='ocrx_word' id='word_1_749' title='bbox 2834 3938 3009 3990; x_wconf 89' lang='lat' dir='ltr'><strong>minus</strong></span> <span class='ocrx_word' id='word_1_750' title='bbox 3029 3937 3179 4005; x_wconf 89' lang='lat' dir='ltr'><strong>utile,</strong></span> <span class='ocrx_word' id='word_1_751' title='bbox 3195 3954 3350 4008; x_wconf 90' lang='lat' dir='ltr'><strong>quam</strong></span> 
     </span>
    </p>
   </div>
   <div class='ocr_carea' id='block_1_102' title="bbox 1775 4021 3350 4096">
    <p class='ocr_par' dir='ltr' id='par_1_102' title="bbox 1775 4021 3350 4096">
     <span class='ocr_line' id='line_1_103' title="bbox 1775 4021 3350 4096; baseline 0.006 -22"><span class='ocrx_word' id='word_1_752' title='bbox 1775 4021 2027 4091; x_wconf 88' lang='lat' dir='ltr'><strong>pleraque</strong></span> <span class='ocrx_word' id='word_1_753' title='bbox 2052 4023 2175 4089; x_wconf 89' lang='lat' dir='ltr'><strong>alia,</strong></span> <span class='ocrx_word' id='word_1_754' title='bbox 2204 4023 2342 4093; x_wconf 92' lang='lat' dir='ltr'><strong>quod</strong></span> <span class='ocrx_word' id='word_1_755' title='bbox 2366 4038 2453 4078; x_wconf 90' lang='lat' dir='ltr'><strong>res</strong></span> <span class='ocrx_word' id='word_1_756' title='bbox 2469 4024 2642 4079; x_wconf 87' lang='lat' dir='ltr'><strong>minus</strong></span> <span class='ocrx_word' id='word_1_757' title='bbox 2658 4027 2983 4080; x_wconf 85' lang='lat' dir='ltr'><strong>necessarias</strong></span> <span class='ocrx_word' id='word_1_758' title='bbox 3012 4037 3064 4080; x_wconf 90' lang='lat' dir='ltr'><strong>et</strong></span> <span class='ocrx_word' id='word_1_759' title='bbox 3085 4042 3114 4080; x_wconf 90' lang='lat' dir='ltr'><strong>a</strong></span> <span class='ocrx_word' id='word_1_760' title='bbox 3133 4030 3350 4096; x_wconf 89' lang='lat' dir='ltr'><strong>paucio-</strong></span> 
     </span>
    </p>
   </div>
   <div class='ocr_carea' id='block_1_103' title="bbox 1777 4113 3350 4192">
    <p class='ocr_par' dir='ltr' id='par_1_103' title="bbox 1777 4113 3350 4192">
     <span class='ocr_line' id='line_1_104' title="bbox 1777 4113 3350 4192; baseline 0.004 -25"><span class='ocrx_word' id='word_1_761' title='bbox 1777 4113 1925 4167; x_wconf 88' lang='lat' dir='ltr'><strong>ribus</strong></span> <span class='ocrx_word' id='word_1_762' title='bbox 1952 4113 2317 4182; x_wconf 78' lang='lat' dir='ltr'><strong>intelligendas</strong></span> <span class='ocrx_word' id='word_1_763' title='bbox 2343 4114 2638 4170; x_wconf 88' lang='lat' dir='ltr'><strong>contineret</strong></span> <span class='ocrx_word' id='word_1_764' title='bbox 2660 4114 2852 4187; x_wconf 84' lang='lat' dir='ltr'><strong>(Epist.</strong></span> <span class='ocrx_word' id='word_1_765' title='bbox 2887 4117 3008 4185; x_wconf 83' lang='lat'><strong>169,</strong></span> <span class='ocrx_word' id='word_1_766' title='bbox 3032 4134 3079 4170; x_wconf 89' lang='lat' dir='ltr'><strong>c.</strong></span> <span class='ocrx_word' id='word_1_767' title='bbox 3103 4119 3154 4184; x_wconf 84' lang='lat' dir='ltr'><strong>l,</strong></span> <span class='ocrx_word' id='word_1_768' title='bbox 3187 4136 3238 4173; x_wconf 91' lang='lat' dir='ltr'><strong>n.</strong></span> <span class='ocrx_word' id='word_1_769' title='bbox 3272 4121 3350 4192; x_wconf 91' lang='lat'><strong>1).</strong></span> 
     </span>
    </p>
   </div>
   <div class='ocr_carea' id='block_1_104' title="bbox 1777 4202 3352 4281">
    <p class='ocr_par' dir='ltr' id='par_1_104' title="bbox 1777 4202 3352 4281">
     <span class='ocr_line' id='line_1_105' title="bbox 1777 4202 3352 4281; baseline 0.004 -22"><span class='ocrx_word' id='word_1_770' title='bbox 1777 4202 1930 4259; x_wconf 89' lang='lat' dir='ltr'><strong>Unde</strong></span> <span class='ocrx_word' id='word_1_771' title='bbox 1960 4203 2011 4258; x_wconf 92' lang='lat' dir='ltr'><strong>id</strong></span> <span class='ocrx_word' id='word_1_772' title='bbox 2049 4219 2181 4274; x_wconf 91' lang='lat' dir='ltr'><strong>opus</strong></span> <span class='ocrx_word' id='word_1_773' title='bbox 2215 4205 2542 4275; x_wconf 89' lang='lat' dir='ltr'><strong>potissimum</strong></span> <span class='ocrx_word' id='word_1_774' title='bbox 2569 4209 2798 4276; x_wconf 89' lang='lat' dir='ltr'><strong>suscepit</strong></span> <span class='ocrx_word' id='word_1_775' title='bbox 2824 4208 2875 4262; x_wconf 92' lang='lat' dir='ltr'><strong>in</strong></span> <span class='ocrx_word' id='word_1_776' title='bbox 2905 4223 3086 4263; x_wconf 88' lang='lat' dir='ltr'><strong>eorum</strong></span> <span class='ocrx_word' id='word_1_777' title='bbox 3109 4212 3352 4281; x_wconf 82' lang='lat' dir='ltr'><strong>gratiam,</strong></span> 
     </span>
    </p>
   </div>
   <div class='ocr_carea' id='block_1_105' title="bbox 1778 4293 3356 4372">
    <p class='ocr_par' dir='ltr' id='par_1_105' title="bbox 1778 4293 3356 4372">
     <span class='ocr_line' id='line_1_106' title="bbox 1778 4293 3356 4372; baseline 0.008 -26"><span class='ocrx_word' id='word_1_778' title='bbox 1778 4295 1868 4364; x_wconf 91' lang='lat' dir='ltr'><strong>qui</strong></span> <span class='ocrx_word' id='word_1_779' title='bbox 1886 4293 2007 4351; x_wconf 88' lang='lat' dir='ltr'><strong>ﬁdei</strong></span> <span class='ocrx_word' id='word_1_780' title='bbox 2025 4297 2389 4351; x_wconf 88' lang='lat' dir='ltr'><strong>auctoritatem</strong></span> <span class='ocrx_word' id='word_1_781' title='bbox 2413 4298 2767 4367; x_wconf 89' lang='lat' dir='ltr'><strong>repudiantes,</strong></span> <span class='ocrx_word' id='word_1_782' title='bbox 2794 4301 3135 4372; x_wconf 87' lang='lat' dir='ltr'><strong>myteriorum</strong></span> <span class='ocrx_word' id='word_1_783' title='bbox 3164 4305 3356 4359; x_wconf 83' lang='lat' dir='ltr'><strong>verita-</strong></span> 
     </span>
    </p>
   </div>
   <div class='ocr_carea' id='block_1_106' title="bbox 1779 4385 3351 4462">
    <p class='ocr_par' dir='ltr' id='par_1_106' title="bbox 1779 4385 3351 4462">
     <span class='ocr_line' id='line_1_107' title="bbox 1779 4385 3351 4462; baseline 0.006 -24"><span class='ocrx_word' id='word_1_784' title='bbox 1779 4393 1887 4439; x_wconf 90' lang='lat' dir='ltr'><strong>tem</strong></span> <span class='ocrx_word' id='word_1_785' title='bbox 1908 4385 2111 4441; x_wconf 87' lang='lat' dir='ltr'><strong>ratione</strong></span> <span class='ocrx_word' id='word_1_786' title='bbox 2135 4385 2233 4442; x_wconf 90' lang='lat' dir='ltr'><strong>sibi</strong></span> <span class='ocrx_word' id='word_1_787' title='bbox 2260 4386 2610 4442; x_wconf 87' lang='lat' dir='ltr'><strong>demonstrari</strong></span> <span class='ocrx_word' id='word_1_788' title='bbox 2637 4389 2880 4443; x_wconf 87' lang='lat' dir='ltr'><strong>volebant</strong></span> <span class='ocrx_word' id='word_1_789' title='bbox 2907 4388 3007 4462; x_wconf 80' lang='lat' dir='ltr'><strong>(De</strong></span> <span class='ocrx_word' id='word_1_790' title='bbox 3023 4389 3162 4445; x_wconf 85' lang='lat' dir='ltr'><strong>Trin.</strong></span> <span class='ocrx_word' id='word_1_791' title='bbox 3186 4393 3272 4447; x_wconf 79' lang='lat' dir='ltr'><strong>lib.</strong></span> <span class='ocrx_word' id='word_1_792' title='bbox 3301 4395 3351 4461; x_wconf 89' lang='lat'><strong>1,</strong></span> 
     </span>
    </p>
   </div>
   <div class='ocr_carea' id='block_1_107' title="bbox 1783 4476 3355 4549">
    <p class='ocr_par' dir='ltr' id='par_1_107' title="bbox 1783 4476 3355 4549">
     <span class='ocr_line' id='line_1_108' title="bbox 1783 4476 3355 4549; baseline 0.004 -18"><span class='ocrx_word' id='word_1_793' title='bbox 1783 4493 1829 4531; x_wconf 90' lang='lat' dir='ltr'><strong>c.</strong></span> <span class='ocrx_word' id='word_1_794' title='bbox 1853 4477 1905 4545; x_wconf 87' lang='grc'><strong>1,</strong></span> <span class='ocrx_word' id='word_1_795' title='bbox 1929 4477 2078 4548; x_wconf 84' lang='grc' dir='ltr'>η.1).</span> <span class='ocrx_word' id='word_1_796' title='bbox 2095 4476 2228 4532; x_wconf 90' lang='lat' dir='ltr'><strong>Cum</strong></span> <span class='ocrx_word' id='word_1_797' title='bbox 2244 4487 2418 4533; x_wconf 87' lang='lat' dir='ltr'><strong>autem</strong></span> <span class='ocrx_word' id='word_1_798' title='bbox 2438 4478 2491 4533; x_wconf 91' lang='lat' dir='ltr'><strong>in</strong></span> <span class='ocrx_word' id='word_1_799' title='bbox 2518 4479 2631 4549; x_wconf 88' lang='lat' dir='ltr'><strong>lege</strong></span> <span class='ocrx_word' id='word_1_800' title='bbox 2648 4479 2877 4546; x_wconf 90' lang='lat' dir='ltr'><strong>Domini,</strong></span> <span class='ocrx_word' id='word_1_801' title='bbox 2898 4489 3149 4549; x_wconf 90' lang='lat' dir='ltr'><strong>quantum</strong></span> <span class='ocrx_word' id='word_1_802' title='bbox 3171 4483 3270 4538; x_wconf 90' lang='lat' dir='ltr'><strong>sibi</strong></span> <span class='ocrx_word' id='word_1_803' title='bbox 3287 4483 3355 4538; x_wconf 88' lang='lat' dir='ltr'><strong>li-</strong></span> 
     </span>
    </p>
   </div>
   <div class='ocr_carea' id='block_1_108' title="bbox 1789 4567 3356 4643">
    <p class='ocr_par' dir='ltr' id='par_1_108' title="bbox 1789 4567 3356 4643">
     <span class='ocr_line' id='line_1_109' title="bbox 1789 4567 3356 4643; baseline 0.004 -21"><span class='ocrx_word' id='word_1_804' title='bbox 1789 4569 1962 4632; x_wconf 83' lang='lat' dir='ltr'><strong>cebat,</strong></span> <span class='ocrx_word' id='word_1_805' title='bbox 1988 4567 2361 4633; x_wconf 88' lang='lat' dir='ltr'><strong>meditaretur;</strong></span> <span class='ocrx_word' id='word_1_806' title='bbox 2385 4584 2488 4622; x_wconf 91' lang='lat' dir='ltr'><strong>non</strong></span> <span class='ocrx_word' id='word_1_807' title='bbox 2514 4568 2808 4638; x_wconf 88' lang='lat' dir='ltr'><strong>patiebatur</strong></span> <span class='ocrx_word' id='word_1_808' title='bbox 2829 4568 3058 4623; x_wconf 85' lang='lat' dir='ltr'><strong>Charitas</strong></span> <span class='ocrx_word' id='word_1_809' title='bbox 3079 4586 3216 4638; x_wconf 91' lang='lat' dir='ltr'><strong>eum,</strong></span> <span class='ocrx_word' id='word_1_810' title='bbox 3238 4588 3356 4643; x_wconf 78' lang='lat' dir='ltr'><strong>qua:</strong></span> 
     </span>
    </p>
   </div>
   <div class='ocr_carea' id='block_1_109' title="bbox 1781 4659 3355 4734">
    <p class='ocr_par' dir='ltr' id='par_1_109' title="bbox 1781 4659 3355 4734">
     <span class='ocr_line' id='line_1_110' title="bbox 1781 4659 3355 4734; baseline 0.003 -16"><span class='ocrx_word' id='word_1_811' title='bbox 1781 4677 1845 4718; x_wconf 84' lang='lat' dir='ltr'><strong>ex</strong></span> <span class='ocrx_word' id='word_1_812' title='bbox 1863 4660 1952 4715; x_wconf 87' lang='lat' dir='ltr'><strong>Dei</strong></span> <span class='ocrx_word' id='word_1_813' title='bbox 1969 4660 2108 4714; x_wconf 91' lang='lat' dir='ltr'><strong>dono</strong></span> <span class='ocrx_word' id='word_1_814' title='bbox 2119 4675 2180 4715; x_wconf 89' lang='lat' dir='ltr'><strong>ac</strong></span> <span class='ocrx_word' id='word_1_815' title='bbox 2193 4661 2511 4716; x_wconf 90' lang='lat' dir='ltr'><strong>revelatione</strong></span> <span class='ocrx_word' id='word_1_816' title='bbox 2526 4661 2838 4733; x_wconf 86' lang='lat' dir='ltr'><strong>accepisset,</strong></span> <span class='ocrx_word' id='word_1_817' title='bbox 2853 4659 2970 4716; x_wconf 86' lang='lat' dir='ltr'><strong>aliis</strong></span> <span class='ocrx_word' id='word_1_818' title='bbox 2987 4661 3248 4734; x_wconf 86' lang='lat' dir='ltr'><strong>denegare</strong></span> <span class='ocrx_word' id='word_1_819' title='bbox 3266 4682 3276 4717; x_wconf 87' lang='lat'>:</span> <span class='ocrx_word' id='word_1_820' title='bbox 3293 4681 3355 4722; x_wconf 91' lang='lat' dir='ltr'><strong>ac</strong></span> 
     </span>
    </p>
   </div>
   <div class='ocr_carea' id='block_1_110' title="bbox 1791 4750 3360 4826">
    <p class='ocr_par' dir='ltr' id='par_1_110' title="bbox 1791 4750 3360 4826">
     <span class='ocr_line' id='line_1_111' title="bbox 1791 4750 3360 4826; baseline 0.003 -20"><span class='ocrx_word' id='word_1_821' title='bbox 1791 4751 1891 4806; x_wconf 86' lang='lat' dir='ltr'><strong>sibi</strong></span> <span class='ocrx_word' id='word_1_822' title='bbox 1910 4751 2258 4822; x_wconf 89' lang='lat' dir='ltr'><strong>pollicebatur</strong></span> <span class='ocrx_word' id='word_1_823' title='bbox 2277 4750 2409 4818; x_wconf 87' lang='lat' dir='ltr'><strong>fore,</strong></span> <span class='ocrx_word' id='word_1_824' title='bbox 2432 4762 2564 4805; x_wconf 90' lang='lat' dir='ltr'><strong>utea</strong></span> <span class='ocrx_word' id='word_1_825' title='bbox 2581 4752 2928 4807; x_wconf 85' lang='lat' dir='ltr'><strong>ministrando</strong></span> <span class='ocrx_word' id='word_1_826' title='bbox 2945 4753 3083 4821; x_wconf 73' lang='lat' dir='ltr'><strong>aliis,</strong></span> <span class='ocrx_word' id='word_1_827' title='bbox 3105 4754 3216 4826; x_wconf 90' lang='lat' dir='ltr'><strong>ipse</strong></span> <span class='ocrx_word' id='word_1_828' title='bbox 3233 4772 3360 4826; x_wconf 88' lang='lat' dir='ltr'><strong>quo-</strong></span> 
     </span>
    </p>
   </div>
   <div class='ocr_carea' id='block_1_111' title="bbox 1783 4844 3360 4917">
    <p class='ocr_par' dir='ltr' id='par_1_111' title="bbox 1783 4844 3360 4917">
     <span class='ocr_line' id='line_1_112' title="bbox 1783 4844 3360 4917; baseline 0.002 -17"><span class='ocrx_word' id='word_1_829' title='bbox 1783 4862 1886 4917; x_wconf 91' lang='lat' dir='ltr'><strong>que</strong></span> <span class='ocrx_word' id='word_1_830' title='bbox 1899 4844 2200 4914; x_wconf 89' lang='lat' dir='ltr'><strong>proﬁceret;</strong></span> <span class='ocrx_word' id='word_1_831' title='bbox 2219 4844 2451 4915; x_wconf 88' lang='lat' dir='ltr'><strong>dumque</strong></span> <span class='ocrx_word' id='word_1_832' title='bbox 2466 4845 2542 4899; x_wconf 91' lang='lat' dir='ltr'><strong>eis</strong></span> <span class='ocrx_word' id='word_1_833' title='bbox 2558 4853 2774 4915; x_wconf 90' lang='lat' dir='ltr'><strong>cuperet</strong></span> <span class='ocrx_word' id='word_1_834' title='bbox 2789 4846 3108 4914; x_wconf 87' lang='lat' dir='ltr'><strong>respondere</strong></span> <span class='ocrx_word' id='word_1_835' title='bbox 3125 4864 3360 4917; x_wconf 68' lang='lat' dir='ltr'><strong>qumren-</strong></span> 
     </span>
    </p>
   </div>
   <div class='ocr_carea' id='block_1_112' title="bbox 1783 4936 3355 5008">
    <p class='ocr_par' dir='ltr' id='par_1_112' title="bbox 1783 4936 3355 5008">
     <span class='ocr_line' id='line_1_113' title="bbox 1783 4936 3355 5008; baseline 0.002 -15"><span class='ocrx_word' id='word_1_836' title='bbox 1783 4939 1946 5006; x_wconf 88' lang='lat' dir='ltr'><strong>tibus,</strong></span> <span class='ocrx_word' id='word_1_837' title='bbox 1969 4936 2108 5007; x_wconf 90' lang='lat' dir='ltr'><strong>quod</strong></span> <span class='ocrx_word' id='word_1_838' title='bbox 2125 4938 2280 4991; x_wconf 87' lang='lat' dir='ltr'><strong>etiam</strong></span> <span class='ocrx_word' id='word_1_839' title='bbox 2307 4938 2419 5005; x_wconf 90' lang='lat' dir='ltr'><strong>ipse</strong></span> <span class='ocrx_word' id='word_1_840' title='bbox 2449 4937 2717 5007; x_wconf 78' lang='lat' dir='ltr'><strong>quaerebat</strong></span> <span class='ocrx_word' id='word_1_841' title='bbox 2744 4937 3003 4992; x_wconf 89' lang='lat' dir='ltr'><strong>inveniret</strong></span> <span class='ocrx_word' id='word_1_842' title='bbox 3025 4937 3207 5008; x_wconf 85' lang='lat' dir='ltr'><strong>(lbid.,</strong></span> <span class='ocrx_word' id='word_1_843' title='bbox 3232 4957 3278 4995; x_wconf 90' lang='lat' dir='ltr'><strong>c.</strong></span> <span class='ocrx_word' id='word_1_844' title='bbox 3302 4941 3355 5003; x_wconf 81' lang='grc'><strong>5,</strong></span> 
     </span>
    </p>
   </div>
   <div class='ocr_carea' id='block_1_113' title="bbox 1781 5026 3363 5103">
    <p class='ocr_par' dir='ltr' id='par_1_113' title="bbox 1781 5026 3363 5103">
     <span class='ocr_line' id='line_1_114' title="bbox 1781 5026 3363 5103; baseline 0.002 -19"><span class='ocrx_word' id='word_1_845' title='bbox 1781 5046 1836 5084; x_wconf 84' lang='lat' dir='ltr'><strong>n.</strong></span> <span class='ocrx_word' id='word_1_846' title='bbox 1868 5026 1944 5100; x_wconf 82' lang='lat'><strong>5).</strong></span> <span class='ocrx_word' id='word_1_847' title='bbox 1969 5027 2106 5099; x_wconf 85' lang='lat' dir='ltr'><strong>Ergo</strong></span> <span class='ocrx_word' id='word_1_848' title='bbox 2129 5029 2322 5100; x_wconf 85' lang='lat' dir='ltr'><strong>suscepi</strong></span> <span class='ocrx_word' id='word_1_849' title='bbox 2346 5028 2473 5095; x_wconf 73' lang='lat' dir='ltr'><strong>lucc,</strong></span> <span class='ocrx_word' id='word_1_850' title='bbox 2493 5028 2678 5098; x_wconf 89' lang='lat' dir='ltr'><strong>inquit,</strong></span> <span class='ocrx_word' id='word_1_851' title='bbox 2692 5027 2896 5101; x_wconf 79' lang='lat' dir='ltr'><strong>jubcnte</strong></span> <span class='ocrx_word' id='word_1_852' title='bbox 2915 5041 3069 5099; x_wconf 84' lang='lat' dir='ltr'><strong>atque</strong></span> <span class='ocrx_word' id='word_1_853' title='bbox 3091 5031 3363 5103; x_wconf 85' lang='lat' dir='ltr'><strong>adjuvante</strong></span> 
     </span>
    </p>
   </div>
   <div class='ocr_carea' id='block_1_114' title="bbox 1781 5119 3362 5192">
    <p class='ocr_par' dir='ltr' id='par_1_114' title="bbox 1781 5119 3362 5192">
     <span class='ocr_line' id='line_1_115' title="bbox 1781 5119 3362 5192; baseline 0.001 -17"><span class='ocrx_word' id='word_1_854' title='bbox 1781 5119 2005 5176; x_wconf 87' lang='lat' dir='ltr'><strong>Domino</strong></span> <span class='ocrx_word' id='word_1_855' title='bbox 2022 5119 2128 5175; x_wconf 86' lang='lat' dir='ltr'><strong>Deo</strong></span> <span class='ocrx_word' id='word_1_856' title='bbox 2145 5130 2335 5188; x_wconf 86' lang='lat' dir='ltr'><strong>nostro,</strong></span> <span class='ocrx_word' id='word_1_857' title='bbox 2350 5137 2450 5176; x_wconf 85' lang='lat' dir='ltr'><strong>non</strong></span> <span class='ocrx_word' id='word_1_858' title='bbox 2471 5130 2572 5176; x_wconf 86' lang='lat' dir='ltr'><strong>tant</strong></span> <span class='ocrx_word' id='word_1_859' title='bbox 2587 5121 2786 5192; x_wconf 84' lang='lat' dir='ltr'><strong>cognita</strong></span> <span class='ocrx_word' id='word_1_860' title='bbox 2805 5137 2917 5174; x_wconf 86' lang='lat' dir='ltr'><strong>cum</strong></span> <span class='ocrx_word' id='word_1_861' title='bbox 2939 5123 3232 5176; x_wconf 86' lang='lat' dir='ltr'><strong>auctoritate</strong></span> <span class='ocrx_word' id='word_1_862' title='bbox 3257 5122 3362 5176; x_wconf 82' lang='lat' dir='ltr'><strong>dis-</strong></span> 
     </span>
    </p>
   </div>
   <div class='ocr_carea' id='block_1_115' title="bbox 1784 5211 3356 5284">
    <p class='ocr_par' dir='ltr' id='par_1_115' title="bbox 1784 5211 3356 5284">
     <span class='ocr_line' id='line_1_116' title="bbox 1784 5211 3356 5284; baseline -0.001 -18"><span class='ocrx_word' id='word_1_863' title='bbox 1784 5229 1966 5279; x_wconf 82' lang='lat' dir='ltr'><strong>serere,</strong></span> <span class='ocrx_word' id='word_1_864' title='bbox 1980 5229 2128 5282; x_wconf 87' lang='lat' dir='ltr'><strong>quam</strong></span> <span class='ocrx_word' id='word_1_865' title='bbox 2145 5229 2204 5266; x_wconf 89' lang='lat' dir='ltr'><strong>ea</strong></span> <span class='ocrx_word' id='word_1_866' title='bbox 2221 5227 2333 5264; x_wconf 89' lang='lat' dir='ltr'><strong>cum</strong></span> <span class='ocrx_word' id='word_1_867' title='bbox 2347 5212 2529 5281; x_wconf 86' lang='lat' dir='ltr'><strong>pietate</strong></span> <span class='ocrx_word' id='word_1_868' title='bbox 2543 5211 2830 5266; x_wconf 86' lang='lat' dir='ltr'><strong>disserendo</strong></span> <span class='ocrx_word' id='word_1_869' title='bbox 2847 5227 3141 5282; x_wconf 84' lang='lat' dir='ltr'><strong>cognoscere</strong></span> <span class='ocrx_word' id='word_1_870' title='bbox 3173 5211 3220 5284; x_wconf 90' lang='lat' dir='ltr'><strong>(I</strong></span> <span class='ocrx_word' id='word_1_871' title='bbox 3229 5213 3356 5277; x_wconf 80' lang='lat' dir='ltr'><strong>bid.,</strong></span> 
     </span>
    </p>
   </div>
   <div class='ocr_carea' id='block_1_116' title="bbox 1785 5302 3362 5376">
    <p class='ocr_par' dir='ltr' id='par_1_116' title="bbox 1785 5302 3362 5376">
     <span class='ocr_line' id='line_1_117' title="bbox 1785 5302 3362 5376; baseline -0.002 -17"><span class='ocrx_word' id='word_1_872' title='bbox 1785 5321 1831 5359; x_wconf 88' lang='lat' dir='ltr'><strong>c.</strong></span> <span class='ocrx_word' id='word_1_873' title='bbox 1848 5305 1902 5372; x_wconf 84' lang='lat'><strong>5,</strong></span> <span class='ocrx_word' id='word_1_874' title='bbox 1918 5321 1970 5358; x_wconf 84' lang='grc' dir='ltr'>η.</span> <span class='ocrx_word' id='word_1_875' title='bbox 1988 5305 2065 5376; x_wconf 87' lang='grc'><strong>8).</strong></span> <span class='ocrx_word' id='word_1_876' title='bbox 2079 5302 2325 5359; x_wconf 90' lang='lat' dir='ltr'><strong>Cernitur</strong></span> <span class='ocrx_word' id='word_1_877' title='bbox 2342 5303 2388 5359; x_wconf 90' lang='lat' dir='ltr'><strong>is</strong></span> <span class='ocrx_word' id='word_1_878' title='bbox 2405 5303 2571 5358; x_wconf 89' lang='lat' dir='ltr'><strong>sancti</strong></span> <span class='ocrx_word' id='word_1_879' title='bbox 2587 5303 2828 5358; x_wconf 91' lang='lat' dir='ltr'><strong>Doctoris</strong></span> <span class='ocrx_word' id='word_1_880' title='bbox 2844 5304 3050 5358; x_wconf 89' lang='lat' dir='ltr'><strong>animus</strong></span> <span class='ocrx_word' id='word_1_881' title='bbox 3067 5305 3116 5356; x_wconf 90' lang='lat' dir='ltr'><strong>in</strong></span> <span class='ocrx_word' id='word_1_882' title='bbox 3134 5305 3362 5373; x_wconf 84' lang='lat' dir='ltr'><strong>permul-</strong></span> 
     </span>
    </p>
   </div>
   <div class='ocr_carea' id='block_1_117' title="bbox 1787 5394 3360 5468">
    <p class='ocr_par' dir='ltr' id='par_1_117' title="bbox 1787 5394 3360 5468">
     <span class='ocr_line' id='line_1_118' title="bbox 1787 5394 3360 5468; baseline -0.004 -15"><span class='ocrx_word' id='word_1_883' title='bbox 1787 5399 1854 5454; x_wconf 88' lang='lat' dir='ltr'><strong>tis</strong></span> <span class='ocrx_word' id='word_1_884' title='bbox 1877 5398 2032 5468; x_wconf 88' lang='lat' dir='ltr'><strong>hujus</strong></span> <span class='ocrx_word' id='word_1_885' title='bbox 2057 5398 2234 5468; x_wconf 89' lang='lat' dir='ltr'><strong>operis</strong></span> <span class='ocrx_word' id='word_1_886' title='bbox 2255 5397 2404 5464; x_wconf 91' lang='lat' dir='ltr'><strong>locis,</strong></span> <span class='ocrx_word' id='word_1_887' title='bbox 2427 5406 2480 5452; x_wconf 91' lang='lat' dir='ltr'><strong>et</strong></span> <span class='ocrx_word' id='word_1_888' title='bbox 2495 5396 2547 5450; x_wconf 93' lang='lat' dir='ltr'><strong>in</strong></span> <span class='ocrx_word' id='word_1_889' title='bbox 2565 5395 2692 5465; x_wconf 90' lang='lat' dir='ltr'><strong>ipsis</strong></span> <span class='ocrx_word' id='word_1_890' title='bbox 2709 5399 2934 5452; x_wconf 89' lang='lat' dir='ltr'><strong>maxime</strong></span> <span class='ocrx_word' id='word_1_891' title='bbox 2952 5395 3240 5466; x_wconf 61' lang='lat' dir='ltr'><strong>prooemiis.</strong></span> <span class='ocrx_word' id='word_1_892' title='bbox 3261 5394 3360 5447; x_wconf 86' lang='lat' dir='ltr'><strong>Te-</strong></span> 
     </span>
    </p>
   </div>
   <div class='ocr_carea' id='block_1_118' title="bbox 1786 5483 3360 5558">
    <p class='ocr_par' dir='ltr' id='par_1_118' title="bbox 1786 5483 3360 5558">
     <span class='ocr_line' id='line_1_119' title="bbox 1786 5483 3360 5558; baseline -0.006 -13"><span class='ocrx_word' id='word_1_893' title='bbox 1786 5497 1955 5545; x_wconf 88' lang='lat' dir='ltr'><strong>statur</strong></span> <span class='ocrx_word' id='word_1_894' title='bbox 1974 5489 2151 5544; x_wconf 90' lang='lat' dir='ltr'><strong>stilum</strong></span> <span class='ocrx_word' id='word_1_895' title='bbox 2172 5503 2231 5543; x_wconf 89' lang='lat' dir='ltr'><strong>se</strong></span> <span class='ocrx_word' id='word_1_896' title='bbox 2251 5488 2572 5558; x_wconf 90' lang='lat' dir='ltr'><strong>perlibenter</strong></span> <span class='ocrx_word' id='word_1_897' title='bbox 2593 5485 2756 5542; x_wconf 89' lang='lat' dir='ltr'><strong>fuisse</strong></span> <span class='ocrx_word' id='word_1_898' title='bbox 2768 5499 3188 5557; x_wconf 89' lang='lat' dir='ltr'><strong>suppressurum,</strong></span> <span class='ocrx_word' id='word_1_899' title='bbox 3206 5483 3252 5536; x_wconf 91' lang='lat' dir='ltr'><strong>si</strong></span> <span class='ocrx_word' id='word_1_900' title='bbox 3270 5491 3360 5536; x_wconf 89' lang='lat' dir='ltr'><strong>aut</strong></span> 
     </span>
    </p>
   </div>
   <div class='ocr_carea' id='block_1_119' title="bbox 1785 5575 3350 5653">
    <p class='ocr_par' dir='ltr' id='par_1_119' title="bbox 1785 5575 3350 5653">
     <span class='ocr_line' id='line_1_120' title="bbox 1785 5575 3350 5653; baseline -0.008 -16"><span class='ocrx_word' id='word_1_901' title='bbox 1785 5596 1875 5637; x_wconf 89' lang='lat' dir='ltr'><strong>res</strong></span> <span class='ocrx_word' id='word_1_902' title='bbox 1903 5581 2206 5653; x_wconf 85' lang='lat' dir='ltr'><strong>bujusmodi</strong></span> <span class='ocrx_word' id='word_1_903' title='bbox 2235 5578 2562 5634; x_wconf 86' lang='lat' dir='ltr'><strong>sufﬁcienter</strong></span> <span class='ocrx_word' id='word_1_904' title='bbox 2585 5594 2616 5631; x_wconf 92' lang='lat' dir='ltr'><strong>a</strong></span> <span class='ocrx_word' id='word_1_905' title='bbox 2642 5577 2843 5633; x_wconf 88' lang='lat' dir='ltr'><strong>Latinis</strong></span> <span class='ocrx_word' id='word_1_906' title='bbox 2877 5575 3236 5630; x_wconf 90' lang='lat' dir='ltr'><strong>invenirentur</strong></span> <span class='ocrx_word' id='word_1_907' title='bbox 3261 5587 3350 5625; x_wconf 86' lang='lat' dir='ltr'><strong>ex-</strong></span> 
     </span>
    </p>
   </div>
   <div class='ocr_carea' id='block_1_120' title="bbox 1786 5661 3357 5744">
    <p class='ocr_par' dir='ltr' id='par_1_120' title="bbox 1786 5661 3357 5744">
     <span class='ocr_line' id='line_1_121' title="bbox 1786 5661 3357 5744; baseline -0.008 -15"><span class='ocrx_word' id='word_1_908' title='bbox 1786 5673 1994 5744; x_wconf 64' lang='lat' dir='ltr'><strong>positae,</strong></span> <span class='ocrx_word' id='word_1_909' title='bbox 2023 5682 2114 5728; x_wconf 89' lang='lat' dir='ltr'><strong>aut</strong></span> <span class='ocrx_word' id='word_1_910' title='bbox 2139 5671 2309 5728; x_wconf 67' lang='lat' dir='ltr'><strong>Graeci</strong></span> <span class='ocrx_word' id='word_1_911' title='bbox 2332 5670 2623 5740; x_wconf 89' lang='lat' dir='ltr'><strong>scriptores</strong></span> <span class='ocrx_word' id='word_1_912' title='bbox 2639 5677 2822 5726; x_wconf 88' lang='lat' dir='ltr'><strong>essent</strong></span> <span class='ocrx_word' id='word_1_913' title='bbox 2847 5667 3007 5722; x_wconf 89' lang='lat' dir='ltr'><strong>latine</strong></span> <span class='ocrx_word' id='word_1_914' title='bbox 3032 5661 3244 5728; x_wconf 89' lang='lat' dir='ltr'><strong>redditi,</strong></span> <span class='ocrx_word' id='word_1_915' title='bbox 3267 5673 3357 5716; x_wconf 84' lang='lat' dir='ltr'><strong>aut</strong></span> 
     </span>
    </p>
   </div>
   <div class='ocr_carea' id='block_1_121' title="bbox 1787 5751 3360 5834">
    <p class='ocr_par' dir='ltr' id='par_1_121' title="bbox 1787 5751 3360 5834">
     <span class='ocr_line' id='line_1_122' title="bbox 1787 5751 3360 5834; baseline -0.009 -15"><span class='ocrx_word' id='word_1_916' title='bbox 1787 5766 1875 5820; x_wconf 91' lang='lat' dir='ltr'><strong>alii</strong></span> <span class='ocrx_word' id='word_1_917' title='bbox 1895 5764 2121 5834; x_wconf 89' lang='lat' dir='ltr'><strong>denique</strong></span> <span class='ocrx_word' id='word_1_918' title='bbox 2141 5776 2321 5817; x_wconf 87' lang='lat' dir='ltr'><strong>curant</strong></span> <span class='ocrx_word' id='word_1_919' title='bbox 2342 5757 2696 5828; x_wconf 91' lang='lat' dir='ltr'><strong>respondendi</strong></span> <span class='ocrx_word' id='word_1_920' title='bbox 2722 5752 3092 5828; x_wconf 72' lang='lat' dir='ltr'><strong>qumstionibus</strong></span> <span class='ocrx_word' id='word_1_921' title='bbox 3112 5751 3210 5803; x_wconf 88' lang='lat' dir='ltr'><strong>sibi</strong></span> <span class='ocrx_word' id='word_1_922' title='bbox 3235 5765 3360 5820; x_wconf 90' lang='lat' dir='ltr'><strong>pro-</strong></span> 
     </span>
    </p>
   </div>
   <div class='ocr_carea' id='block_1_122' title="bbox 1786 5841 3356 5930">
    <p class='ocr_par' dir='ltr' id='par_1_122' title="bbox 1786 5841 3356 5930">
     <span class='ocr_line' id='line_1_123' title="bbox 1786 5841 3356 5930; baseline -0.013 -16"><span class='ocrx_word' id='word_1_923' title='bbox 1786 5857 1975 5930; x_wconf 88' lang='lat' dir='ltr'><strong>positis</strong></span> <span class='ocrx_word' id='word_1_924' title='bbox 2010 5855 2208 5914; x_wconf 85' lang='lat' dir='ltr'><strong>velleut</strong></span> <span class='ocrx_word' id='word_1_925' title='bbox 2244 5849 2533 5920; x_wconf 76' lang='lat' dir='ltr'><strong>suscipere.</strong></span> <span class='ocrx_word' id='word_1_926' title='bbox 2575 5845 2732 5903; x_wconf 79' lang='lat' dir='ltr'><strong>Initio</strong></span> <span class='ocrx_word' id='word_1_927' title='bbox 2775 5846 2888 5900; x_wconf 85' lang='lat' dir='ltr'><strong>libri</strong></span> <span class='ocrx_word' id='word_1_928' title='bbox 2931 5841 3120 5897; x_wconf 87' lang='lat' dir='ltr'><strong>decimi</strong></span> <span class='ocrx_word' id='word_1_929' title='bbox 3163 5841 3356 5910; x_wconf 89' lang='lat' dir='ltr'><strong>uuinti,</strong></span> 
     </span>
    </p>
   </div>
   <div class='ocr_carea' id='block_1_123' title="bbox 2662 5941 2916 6023">
    <p class='ocr_par' dir='ltr' id='par_1_123' title="bbox 2662 5941 2916 6023">
     <span class='ocr_line' id='line_1_124' title="bbox 2662 5941 2916 6023; baseline -0.004 -22"><span class='ocrx_word' id='word_1_930' title='bbox 2662 5941 2916 6023; x_wconf 68' lang='lat' dir='ltr'><strong>(Na-sf</strong></span> 
     </span>
    </p>
   </div>
  </div>
