3868 6434
516 396 618 455 267

513 527 633 584 qua:
673 509 725 563 in
769 505 1127 579 superioribus
1167 510 1511 573 exposuerat,
1541 502 1935 572 compendiario
1973 516 2092 558 ser-

510 618 670 660 mone
716 594 1121 670 cornplectitur(
1152 593 1324 662 1bid.,
1351 593 1438 650 tib.
1484 596 1570 661 15,
1602 613 1654 649 η.
1681 588 1756 667 3).
1781 594 1888 651 Hos
1930 594 2091 649 libros

507 692 815 763 singillatim
841 688 1004 745 cdere
1032 687 1267 756 nolebat,
1294 688 1446 741 sicuti
1474 686 1637 742 libros
1656 685 1723 741 de
1751 686 1974 741 Civitate
1997 684 2089 742 Dei

504 794 686 855 postea
712 781 901 846 edidit,
929 780 1023 836 sed
1049 794 1235 835 omnes
1262 777 1447 844 simul;
1473 777 1611 849 quod
1627 789 1863 833 extrema
1882 777 2087 849 primis,

503 874 928 932 ratiocinationis
971 873 1121 944 quasi
1171 870 1399 937 vinculo,
1448 879 1847 927 connectantur.
1895 868 2087 927 Verum

503 969 593 1040 qui
623 968 690 1023 de
724 966 872 1021 hisce
903 964 1052 1020 libris
1078 962 1278 1035 aliquid
1305 962 1618 1028 audierant,
1651 974 1705 1018 et
1747 961 1865 1018 illos
1891 961 2088 1019 habere

500 1060 847 1117 vehementer
891 1057 1193 1126 cupiebant,
1223 1063 1419 1109 tantam
1454 1069 1659 1109 moram
1697 1065 1751 1110 et
1777 1048 2085 1109 dilationem

499 1152 721 1207 minime
750 1149 914 1221 passi,
936 1162 1097 1202 unum
1128 1146 1200 1200 illi
1227 1144 1497 1215 exemplar
1522 1145 1915 1207 subtraxcrunt,
1950 1143 2087 1201 libro

499 1242 813 1299 duodecimo
843 1238 1076 1295 nondum
1093 1236 1358 1305 absoluto,
1377 1234 1562 1292 etaliis
1585 1235 1760 1292 minus
1788 1234 2084 1293 emendatis

494 1344 550 1390 et
574 1334 875 1404 recognitis,
910 1346 1066 1403 quam
1098 1345 1190 1385 eos
1218 1328 1457 1385 editurus
1483 1344 1603 1387 esse
1630 1329 1898 1385 voluisset.
1930 1329 2083 1397 Quod

493 1426 582 1482 ubi
601 1422 882 1494 comperit,
894 1428 1151 1479 statuerat
1175 1434 1288 1488 eos,
1309 1418 1489 1475 labore
1514 1435 1612 1475 suo
1630 1416 1953 1488 intermisso,
1977 1435 2082 1476 non

492 1517 674 1585 cdere,
697 1516 788 1573 sed
810 1516 864 1572 in
884 1516 988 1572 alio
1006 1514 1236 1587 quodam
1261 1513 1519 1585 opusculo
1538 1510 1608 1569 de
1630 1513 1776 1569 hisce
1804 1514 1951 1570 libris
1980 1514 2081 1569 sibi

490 1609 757 1680 subreptis
783 1607 1039 1678 conqueri
1067 1624 1082 1661 :
1107 1621 1293 1662 verum
1320 1605 1705 1661 ardentissimis
1726 1605 1945 1661 fratrum
1964 1620 2083 1674 prc-

491 1703 661 1767 cibus,
693 1710 748 1757 et
791 1701 846 1756 in
890 1699 1076 1771 primis
1105 1698 1308 1753 Aurelii
1346 1696 1774 1767 Carthaginensis
1827 1696 2081 1753 Ecclesia:

492 1795 728 1866 episcopi
752 1792 916 1864 jussis
933 1790 1180 1847 reluctari
1204 1805 1310 1844 non
1330 1789 1509 1844 valuit.
1537 1787 1717 1859 Itaque
1736 1786 1877 1859 quod
1898 1803 2082 1858 super-

490 1886 697 1943 eratad
725 1884 1038 1941 coronidem
1064 1882 1337 1953 perduxit.
1362 1888 1418 1936 et
1457 1881 1660 1951 priores
1690 1879 1852 1935 libros
1893 1895 2078 1936 cmen-

490 1979 635 2035 davit
657 1996 670 2042 ;
697 1993 798 2032 non
820 1985 997 2031 tamen
1025 1984 1085 2029 ut
1101 1973 1169 2028 ad
1200 1989 1290 2029 res
1310 1971 1442 2028 adeo
1463 1970 1705 2026 difficiles
1723 1970 2080 2041 explanandas

490 2080 547 2126 et
574 2067 907 2123 illustrandas
935 2065 1301 2122 necessarium
1329 2078 1448 2118 esse
1477 2061 1758 2128 censebat,
1786 2060 1878 2118 sed
1905 2070 1963 2116 ut
1982 2076 2078 2132 po-

492 2162 609 2225 luit,
631 2174 846 2229 operam
865 2157 1124 2212 adhibens
1154 2172 1220 2211 ne
1248 2156 1315 2209 ab
1346 2156 1432 2222 its,
1461 2154 1549 2225 qui
1580 2154 1694 2223 ipso
1722 2154 1892 2210 invito
1921 2154 2080 2225 prod-

491 2250 908 2315 ierant,multum
928 2245 1629 2318 discreparent(Retract.tib.
1644 2243 1701 2312 2,
1718 2261 1831 2317 cap.
1847 2242 2075 2319 15,n.1).

492 2342 600 2397 Eos
625 2340 849 2396 subinde
879 2354 975 2411 per
1003 2338 1286 2393 diaconum
1314 2334 1597 2405 quemdam
1630 2335 1774 2389 misit
1811 2335 1877 2389 ad
1905 2336 2077 2391 Aure-

490 2433 619 2487 lium
662 2430 1137 2500 Carthaginensem
1165 2443 1267 2482 una
1308 2442 1429 2481 cum
1475 2424 1909 2498 cpistola(Epist.
1953 2425 2078 2502 174)

490 2540 648 2596 quam
678 2524 730 2578 in
757 2523 934 2578 fronte
961 2522 1225 2577 librorum
1257 2517 1454 2589 prmligi
1481 2518 1720 2590 rogabat,
1750 2526 1808 2573 ut
1832 2526 1978 2575 esset
1999 2519 2080 2575 in-

492 2625 604 2670 star
620 2614 863 2684 prooemii
885 2633 896 2666 :
917 2622 1196 2684 propterea
1212 2610 1352 2682 quod
1371 2610 1465 2666 hac
1484 2610 1536 2665 iu
1556 2612 1800 2680 cpistola,
1818 2628 1936 2683 qua:
1953 2628 2077 2669 mox

492 2708 767 2762 retulimus
795 2706 1099 2761 adnotabat.
1145 2702 1202 2758 In
1227 2702 1452 2774 quadam
1482 2702 1549 2759 ad
1571 2701 1828 2759 Evodium
1853 2704 2077 2775 epistola

490 2800 700 2867 scribit,
722 2814 780 2854 se
802 2798 1036 2854 nondum
1056 2797 1159 2852 hoc
1174 2812 1307 2867 opus
1324 2795 1554 2852 edidisse
1575 2794 1764 2868 (Epist.
1783 2797 1903 2864 162,
1918 2815 1971 2853 n.
1991 2796 2076 2870 2);

489 2901 545 2949 et
569 2894 621 2949 in
646 2894 867 2964 epistola
895 2891 963 2948 ad
990 2891 1239 2948 eumdem
1282 2891 1471 2959 altera,
1497 2905 1616 2962 qua:
1651 2890 1822 2946 solum
1848 2902 2078 2949 exeunte

490 3003 630 3042 anno
650 2986 1173 3057 quadringentesimo
1202 2983 1409 3039 decimo
1436 2982 1621 3053 quinto
1644 2982 1947 3052 conscripta
1969 2991 2074 3051 est,

490 3093 552 3135 se
581 3078 812 3133 nondum
839 3076 968 3131 illud
1000 3075 1284 3147 perfecisse
1314 3083 1536 3131 testatur
1565 3073 1752 3144 (Epist.
1782 3074 1908 3138 169,
1939 3090 1987 3130 c.
2018 3076 2079 3142 1,

490 3171 626 3238 n.1),
642 3170 881 3240 quamvis
896 3169 1004 3237 jam
1020 3169 1221 3238 primos
1235 3167 1469 3237 quinque
1484 3163 1552 3219 de
1563 3163 1788 3220 Civitate
1800 3164 1892 3219 Dei
1907 3164 2079 3221 libros

489 3262 834 3318 elaborasset.
858 3262 933 3315 Ex
955 3261 1058 3315 alia
1079 3275 1239 3329 porro
1254 3260 1475 3329 epistola
1497 3259 1598 3314 sub
1618 3260 1773 3313 linem
1800 3259 1924 3314 anui
1943 3274 2076 3330 qua-

490 3352 890 3424 dringentesimi
930 3351 1228 3406 duodecimi
1266 3350 1331 3404 ad
1379 3349 1740 3405 Marcellinum
1781 3350 1921 3418 data,
1952 3351 2074 3407 licet

488 3446 803 3515 intelligere,
830 3444 1031 3498 amicos
1056 3442 1124 3498 ab
1147 3456 1213 3498 eo
1240 3441 1521 3512 ﬂagitasse,
1545 3451 1603 3496 ut
1629 3440 1727 3495 bos
1750 3442 1915 3497 libros
1940 3441 2077 3499 ede-

488 3544 592 3602 ret,
610 3551 715 3605 quo
736 3542 917 3604 posset
938 3531 1247 3590 corumdem
1270 3533 1380 3602 ipse
1401 3530 1765 3587 defensionem
1780 3532 2073 3603 suscipere,

488 3627 535 3683 si
563 3626 645 3682 vel
667 3626 739 3680 ab
762 3624 991 3679 inimicis
1013 3623 1371 3690 mordacibus,
1395 3623 1477 3678 vel
1496 3624 1653 3677 etiam
1677 3623 1743 3677 ab
1763 3623 1947 3678 amicis
1970 3624 2073 3679 mi-

486 3732 589 3772 nus
615 3715 1027 3786 intelligentibus
1049 3714 1313 3785 quidpiam
1345 3714 1396 3768 in
1429 3714 1530 3769 illis
1558 3714 1695 3770 forte
1722 3724 2030 3784 carperetur
2054 3733 2070 3772 :

486 3810 660 3876 ipsum
688 3817 872 3863 contra
904 3806 1103 3863 diutius
1129 3822 1221 3863 eos
1249 3807 1557 3870 retinuisse.
1590 3822 1746 3877 quam
1784 3807 1979 3862 vellent
2006 3823 2071 3864 ac

485 3900 686 3956 ferrent
708 3900 886 3966 amici,
914 3900 983 3954 ob
1010 3898 1299 3969 periculum
1322 3899 1461 3969 quod
1482 3898 1717 3966 suberat,
1742 3914 1811 3953 ne
1833 3900 1886 3954 in
1908 3914 2070 3971 argu-

483 4003 683 4059 mento,
712 3993 778 4048 de
804 4008 908 4063 quo
931 3992 1246 4058 tractabant,
1275 3990 1544 4046 falleretur
1569 4010 1584 4047 :
1609 3989 1677 4047 Ut
1702 3992 1868 4047 sinon
1895 4001 2070 4065 potue-

481 4085 602 4150 rint,
624 4084 810 4154 inquit,
833 4083 931 4137 nisi
955 4083 1138 4138 habere
1154 4083 1345 4154 aliqua,
1373 4098 1485 4153 qua:
1504 4084 1679 4137 merito
1698 4085 2069 4155 reprehendan-

483 4183 584 4240 tur,
602 4174 781 4226 saltem
800 4173 1042 4241 pauciora
1067 4173 1191 4239 sint,
1213 4188 1365 4242 quant
1385 4189 1488 4228 esse
1508 4183 1728 4243 possent,
1753 4176 1796 4228 si
1823 4177 2069 4248 pracipiti

482 4266 798 4336 festinatione
836 4265 1167 4319 inconsultius
1201 4265 1463 4318 ederentur
1504 4265 1691 4337 (Epist.
1743 4268 1864 4333 145,
1900 4286 1953 4322 η.
1984 4268 2063 4340 4).

481 4355 732 4414 Scriberis
767 4371 980 4427 quoque
1016 4354 1083 4409 ad
1120 4356 1484 4421 Consentium,
1518 4356 1757 4412 meminit
1794 4359 1972 4428 operis
1999 4359 2067 4416 de

480 4444 762 4512 Trinitate,
788 4447 932 4519 quod
960 4447 1013 4502 in
1041 4446 1288 4501 manibus
1317 4446 1565 4510 habebat,
1593 4457 1648 4502 et
1671 4449 1741 4504 ob
1767 4451 2065 4521 argumenti

482 4541 842 4608 pra‘stautiam
861 4554 923 4595 ac
937 4538 1307 4595 difﬁcultatem
1327 4540 1557 4594 nondum
1575 4543 1834 4613 perlicere
1858 4552 2066 4615 poterat

480 4629 676 4700 (Epist.
702 4632 823 4698 120,
846 4648 896 4684 c.
916 4633 969 4697 5,
994 4650 1047 4687 η.
1068 4633 1181 4704 15).
1204 4631 1261 4687 In
1285 4631 1369 4687 bis
1386 4634 1632 4691 omnibus
1652 4635 1804 4705 locis,
1820 4638 1865 4691 si
1885 4638 2058 4694 forsan

480 4729 806 4790 postremum
832 4721 1086 4792 excipias,
1113 4722 1346 4793 loquitur
1370 4722 1436 4779 de
1457 4739 1622 4794 opere
1650 4741 1744 4781 suo
1772 4727 1913 4782 velut
1932 4742 2059 4783 nec-

479 4810 606 4864 dum
632 4810 794 4866 edito.
834 4811 1094 4878 Quocirca
1120 4813 1420 4883 conjectare
1456 4815 1602 4883 licet,
1633 4817 1864 4888 priorem
1892 4818 2059 4888 ipsam

479 4900 786 4966 editionem,
811 4916 931 4971 quze
948 4916 1015 4958 eo
1035 4903 1257 4959 necdum
1288 4905 1527 4962 absoluto
1552 4909 1765 4981 prodiit,
1790 4926 1893 4964 non
1925 4926 2062 4980 prae—

478 4994 704 5049 cessisse
718 5009 913 5049 annum
932 4996 1508 5067 quadringentesimum
1524 5001 1919 5059 duodecimum.
1931 5004 2061 5059 Con-

473 5092 583 5139 stat
620 5092 819 5151 autem,
866 5086 1087 5142 alteram
1137 5091 1349 5144 nonnisi
1386 5100 1507 5162 post
1548 5092 1759 5163 longum
1806 5096 2059 5165 temporis

473 5175 813 5231 intervallum
845 5177 1161 5248 publicatam
1201 5196 1496 5237 esse:eum
1538 5182 1652 5252 ipse
1680 5185 1812 5240 libro
1849 5185 2059 5243 decimo

477 5269 633 5324 tertio
652 5269 918 5340 quidpiam
940 5271 1083 5327 dicat
1102 5287 1221 5328 esse
1242 5274 1351 5342 jam
1374 5289 1404 5327 a
1430 5289 1489 5329 se
1515 5275 1830 5343 explicatum
1852 5277 1903 5329 in
1926 5277 2058 5333 duo-

475 5358 685 5414 decimo
708 5360 776 5416 de
804 5361 1028 5418 Cit’itate
1052 5363 1177 5429 Dei;
1205 5363 1294 5432 qui
1324 5373 1447 5417 ante
1477 5379 1672 5418 annum
1702 5366 2057 5439 quadringen-

380 5511 388 5527 ι
470 5454 719 5508 tesimum
757 5454 1021 5509 decimum
1064 5463 1276 5510 sextum
1315 5456 1639 5524 compositus
1664 5472 1769 5512 non
1796 5457 1912 5514 fuit.
1955 5460 2054 5518 Ubi

469 5547 801 5601 mentionem.
839 5546 962 5601 fecit
1001 5547 1326 5616 Augustinus
1369 5547 1629 5604 librorum
1669 5550 1738 5606 de
1775 5552 2047 5616 Triuitate.

469 5649 566 5689 eos
589 5644 877 5703 memorat,
900 5650 1035 5705 quos
1059 5634 1126 5689 dc
1152 5634 1425 5691 Consensn
1455 5638 1906 5709 Evangelistarum
1935 5657 2053 5714 post

469 5723 659 5792 ipsam,
681 5734 737 5779 ut
758 5725 982 5789 videtur,
1002 5726 1331 5780 eversionem
1355 5728 1669 5799 templorum
1691 5747 1828 5787 anno
1849 5743 2052 5791 trecen-

468 5812 662 5868 tesimo
681 5813 1025 5888 nonagesimo
1047 5831 1189 5874 nunc
1211 5816 1425 5890 factum,
1449 5822 1776 5897 conscripsit.
1803 5824 2045 5901 Quaprm

1654 386 1814 444 VITA
1850 385 1909 446 s.
1950 384 2315 445 sucusrist
2349 383 2670 442 EPISCOPI.
3614 402 3695 465 ,δε

2201 511 2319 572 pter
2343 502 2412 558 de
2437 503 2540 558 illis
2561 502 2661 559 hoc
2687 503 2806 560 loco
2835 519 2940 559 non
2965 504 3187 576 agimus.
3213 504 3322 562 Jam
3348 510 3603 569 notavimus
3621 517 3695 573 mi-

2200 592 2344 649 nime
2369 610 2465 649 nos
2488 592 2830 662 contendere,
2858 596 3032 651 omnia
3054 604 3231 667 opera,
3251 606 3359 668 qtrze
3384 596 3524 656 modo
3540 612 3694 661 memo-

2197 682 2450 750 ravimus,
2471 686 2570 741 hoc
2584 701 2725 741 anno
2741 683 2905 742 fuisse
2918 686 3181 743 elaborata
3200 705 3213 742 :
3232 686 3323 743 sed
3336 685 3491 745 solum
3506 706 3562 746 eo
3573 690 3696 753 ferme

2197 775 2404 845 ordine,
2423 791 2582 849 quem
2606 777 2710 834 illis
2729 777 3110 851 assignavimus
3132 795 3145 832 :
3167 787 3219 833 ct
3236 776 3433 850 quidem
3452 781 3695 841 melius!

2193 866 2261 924 de
2288 864 2563 925 Consensu
2588 864 3063 943 Evangelistarum,
3091 868 3321 941 aliosque
3363 876 3529 942 postea
3553 882 3695 930 recen-

2192 962 2409 1019 sendos.

2824 1048 3049 1111 CAPUT
3085 1048 3223 1110 XI“.

2192 1146 2218 1201 1
2253 1141 2476 1200 Possidii
2500 1145 2757 1202 ordinatio
2774 1147 2827 1201 in
2853 1141 3194 1202 Catamensem
3208 1146 3496 1217 episcopum.
3515 1144 3547 1202 2
3560 1142 3697 1203 Him-

2259 1253 2438 1309 nymus
2474 1232 2693 1292 scribens
2736 1237 2805 1291 ad
2827 1236 3190 1309 Augustinum,
3242 1248 3389 1309 papa!
3415 1238 3571 1309 ipsum
3596 1239 3703 1294 titulo

2259 1338 2489 1383 exornat.
2520 1326 2557 1384 5
2583 1322 2817 1399 Epistota
2839 1327 2909 1383 att
2930 1324 3295 1401 Hieronymum
3319 1329 3434 1382 data
3455 1326 3601 1384 Paulo
3620 1342 3702 1400 per-

2257 1419 2465 1495 ferenda
2491 1420 2687 1477 tardius
2704 1418 2785 1477 illi
2800 1420 3045 1476 redditur.
3079 1420 3116 1479 ὁ
3137 1417 3383 1493 Epistolas
3402 1418 3465 1476 ad
3488 1416 3702 1477 Paulinum

2257 1510 2532 1584 Augustini
2556 1512 2802 1584 rescripta
2827 1511 3128 1583 postutantt's
3145 1510 3279 1567 dare.

2265 1601 2316 1657 1.
2359 1600 2428 1658 Ut
2455 1617 2662 1671 eorum,
2688 1617 2807 1674 qua:
2834 1602 2901 1657 ad
2921 1612 3119 1657 annum
3148 1603 3563 1658 trecentesimum
3579 1612 3704 1656 nona-

2184 1692 2447 1764 gesimum
2491 1695 2776 1763 septimum
2823 1690 3012 1749 referri
3050 1699 3291 1765 possunt,
3330 1692 3512 1748 seriem
3545 1696 3709 1762 repete--

2186 1800 2306 1841 mus
2329 1804 2343 1839 :
2369 1785 2707 1857 reponendus
2728 1793 2811 1842 est
2831 1786 2933 1842 hoc
2946 1798 3087 1841 anno
3101 1782 3305 1857 ’degalii
3316 1780 3556 1840 numidia!
3568 1782 3706 1839 deraui

2183 1874 2298 1933 sive
2326 1876 2566 1947 primatis
2603 1877 2800 1945 obitus,
2827 1892 2948 1933 cum
2989 1877 3041 1933 in
3080 1874 3313 1933 concilio
3350 1873 3705 1945 Carthaginensi,

2183 1968 2323 2040 quod
2348 1970 2666 2025 celebratum
2706 1979 2787 2026 est
2817 1968 2920 2025 hoc
2954 1984 3117 2038 anno,
3145 1969 3331 2042 quinto
3381 1964 3611 2023 kalendas
3646 1979 3709 2021 se-

2182 2061 2460 2130 ptembris,
2483 2060 2727 2117 Aurelius
2752 2076 2811 2118 se
2832 2061 3035 2117 litteras
3055 2075 3087 2117 a
3116 2060 3489 2117 Crescentia‘no
3508 2058 3711 2130 primaria

2182 2149 2325 2207 sedis
2351 2151 2730 2219 Numidiarum,
2766 2160 2823 2208 ut
2846 2151 3263 2209 Crescentlanus
3304 2150 3417 2222 ipse
3448 2147 3709 2214 instituebat,

2183 2241 2454 2312 episc0po,
2479 2258 2588 2297 non
2610 2244 2681 2298 ita
2702 2243 2906 2314 pridem
2933 2244 3209 2314 accepisse
3230 2250 3449 2299 testetur
3471 2236 3604 2313 (Cod.
3621 2234 3711 2295 Car.

2182 2331 2344 2405 Afric.
2375 2351 2488 2388 can.
2521 2334 2634 2407 55).
2669 2333 2825 2391 Unde
2846 2337 3013 2407 liquet
3037 2335 3301 2391 nesciisse
3325 2344 3451 2391 tunc
3469 2330 3713 2395 Aurelium,

2183 2439 2307 2479 eum
2330 2439 2451 2481 esse
2478 2424 2775 2493 decanum;
2808 2426 2951 2497 quod
2990 2434 3171 2482 tamen
3201 2426 3253 2482 in
3287 2424 3468 2497 primis
3501 2424 3622 2478 scire
3646 2419 3716 2475 de-

2180 2515 2388 2573 buerat.
2429 2517 2634 2585 Quarto
2664 2530 2719 2576 et
2744 2520 2999 2576 vicesimo
3027 2521 3249 2575 circiter
3274 2518 3361 2575 die
3386 2517 3453 2573 ab
3489 2514 3615 2573 obitu
3636 2509 3717 2568 le-

2180 2606 2306 2679 galii
2355 2611 2568 2681 scripsit
2610 2612 2939 2683 Augustinus
2981 2610 3050 2667 ad
3095 2610 3447 2667 Profuturum
3480 2602 3720 2664 Cirtenses]

2180 2701 2511 2774 episcopum,
2544 2714 2601 2759 ut
2626 2705 2788 2760 sciret
2815 2717 2883 2760 an
2907 2714 3281 2760 successorem
3304 2704 3358 2759 in
3389 2699 3518 2758 iHius
3541 2693 3720 2772 primm

2180 2793 2504 2851 invenisset:
2532 2794 2583 2852 id
2622 2797 2765 2852 enim
2803 2796 3151 2868 quaesiturum
3198 2806 3261 2853 se
3304 2792 3567 2865 pudicita!
3593 2786 3722 2843 fuerat

2180 2882 2370 2956 (Epist.
2401 2888 2490 2955 38,
2518 2886 2673 2959 11.2).
2701 2887 2783 2943 Ad
2808 2887 3054 2944 eumdem
3076 2887 3291 2955 scribit,
3314 2900 3373 2942 se
3402 2900 3505 2957 prie
3522 2874 3719 2951 rhagadis

2177 2978 2269 3032 vel
2288 2979 2572 3036 exochadis
2590 2980 2773 3036 dolore
2799 2995 2863 3036 ac
2888 2988 3116 3050 tumore,
3132 2992 3236 3037 nec
3266 2980 3476 3047 sedere,
3495 2990 3589 3034 nec
3599 2980 3723 3038 stare.

2178 3088 2282 3129 nec
2304 3071 2575 3129 ambulare
2598 3088 2770 3144 posse,
2787 3073 2882 3129 sed
2902 3074 3043 3129 lecto
3059 3072 3207 3146 affigi
3228 3088 3245 3129 :
3265 3070 3612 3135 nihilominus,
3626 3072 3726 3134 σασα

2179 3169 2322 3224 niam
2354 3164 2405 3222 id
2443 3166 2667 3222 Domino
2701 3167 2967 3239 placeret,
2996 3178 3182 3222 secum
3208 3167 3297 3239 om
3322 3150 3729 3238 prteclaremtdu

2179 3277 2235 3315 η.
2265 3259 2341 3333 1).
2386 3256 2444 3314 lu
2474 3254 2660 3315 eadem
2683 3260 2906 3329 epistola
2936 3257 3097 3315 habet
3124 3259 3293 3332 iunge
3335 3246 3733 3330 pulchenimsde

2176 3344 2369 3409 adectu
2410 3352 2502 3406 ira:
2530 3350 2844 3419 cohibendo,
2880 3369 2947 3408 ne
2975 3352 3029 3407 in
3065 3351 3257 3408 odium
3285 3352 3567 3423 degeneret
3587 3340 3733 3418 (ibit,

2176 3462 2228 3501 n.
2259 3443 2341 3515 2).
2381 3442 2495 3513 Qua
2523 3442 2591 3501 de
2619 3460 2676 3501 re
2703 3445 2943 3501 consulto
2967 3445 3233 3517 loquitur,
3267 3446 3342 3502 ob
3368 3445 3423 3501 id
3447 3440 3578 3515 quod
3602 3448 3734 3507 nuper

2177 3536 2277 3608 ipsi
2305 3535 2619 3592 Profuturus
2649 3538 2700 3592 in
2726 3536 2913 3592 itinere
2942 3536 3173 3594 dixerat.
3208 3534 3416 3595 Verum
3445 3532 3569 3609 quid
3591 3529 3657 3588 rd
3670 3528 3737 3594 sit,

2175 3627 2365 3699 conjici
2391 3643 2494 3683 non
2524 3636 2716 3699 potest.
2757 3627 2979 3698 Scripsit
3006 3627 3077 3683 ad
3098 3628 3457 3685 Profuturum
3486 3641 3576 3698 per
3601 3620 3736 3677 Vialo-

2176 3735 2315 3787 rem,
2346 3720 2436 3790 qui
2474 3716 2872 3775 Constantinam
2903 3719 3177 3790 petiturus
3208 3728 3340 3778 eum
3379 3716 3737 3793 praealtum!-

2178 3810 2511 3883 Quapmpter
2531 3813 2584 3867 in
2608 3811 2824 3868 dubium
2839 3812 3017 3867 vocari
3039 3828 3146 3867 non
3172 3819 3374 3884 potest,
3395 3811 3522 3884 quin
3541 3804 3740 3865 istem

2174 3903 2383 3959 futurus
2421 3904 2508 3959 ille
2535 3905 2647 3974 ipse
2674 3904 2763 3969 sit,
2790 3904 2880 3975 qui
2908 3904 3028 3959 alibi
3060 3904 3265 3975 legitur
3293 3904 3463 3960 fuisse
3489 3901 3635 3958 Cum
3654 3894 3741 3951 sive

2173 3988 2534 4049 Constantina:
2561 3994 2858 4065 episcopus.
2882 3990 3053 4065 Rogat
3086 4009 3216 4049 eum
3249 3994 3593 4066 Augustinus,
3612 3994 3663 4043 ut
3674 3983 3744 4037 Vi-

2174 4093 2292 4140 ctor
2317 4101 2410 4156 per
2438 4080 2802 4141 Calamensem
2828 4084 3096 4140 civitatem
3119 4092 3349 4142 remeet
3367 4086 3475 4160 (sic
3492 4081 3623 4140 enim
3644 4086 3742 4150 pro-

2172 4175 2439 4247 miserat),
2464 4175 2533 4230 ob
2562 4172 2827 4246 negotium
2850 4175 2999 4247 cujus
3028 4175 3153 4246 ipse
3175 4178 3435 4233 notitiam
3462 4173 3678 4234 haberet,
3696 4165 3745 4221 de

2172 4282 2278 4338 quo
2328 4283 2356 4320 a
2383 4264 2630 4322 Nectario
2669 4269 2874 4337 majore
2914 4267 3275 4325 vehementer
3304 4274 3603 4341 urgeretur.
3636 4254 3746 4329 Quid

2172 4357 2300 4413 illud
2328 4358 2502 4426 fuerit,
2531 4374 2637 4413 non
2666 4356 2849 4429 liquet.
2893 4359 3258 4430 Augustinum
3279 4362 3477 4433 paucis
3495 4364 3609 4432 post
3628 4350 3747 4410 *θυῖε

2168 4448 2447 4518 scripsisse
2473 4448 2767 4504 ridebimus
2803 4448 2871 4505 ad
2910 4448 3224 4507 Nectarium
3250 4450 3452 4526 (Epist.
3481 4448 3590 4525 91),
3618 4454 3744 4502 unum

2169 4556 2200 4596 e
2222 4536 2451 4596 Calamm
2471 4540 2809 4612 primoribus,
2831 4542 3117 4597 admodum
3142 4554 3314 4601 tutate
3335 4552 3661 4619 provectum,
3676 4532 3748 4592 Sed

2167 4646 2449 4705 paganum,
2467 4632 2703 4703 quamvis
2721 4632 2857 4689 illius
2873 4644 3023 4705 pater
3036 4634 3405 4692 Christianam
3427 4634 3582 4692 fidem
3597 4628 3749 4687 inissa

2168 4722 2459 4793 professus.
2490 4722 2763 4795 Megalius,
2793 4732 2853 4779 ut
2879 4723 3129 4792 diximus,
3162 4724 3521 4784 Calamensis'
3534 4716 3750 4788 erat’epi‘

2167 4829 2359 4886 sc0pus
2375 4832 2389 4882 ;
2407 4814 2645 4887 adeoque
2665 4815 2739 4871 illi
2755 4813 3026 4873 Possidius
3043 4816 3341 4889 Augustini
3357 4815 3646 4890 discipulus
3656 4818 3751 4865 80¢“

2166 4908 2390 4961 cesserit
2414 4922 2631 4963 necesse
2657 4918 2740 4964 est
2767 4926 2780 4963 :
2808 4923 2929 4963 eum
2955 4908 3097 4964 enim
3126 4910 3330 4966 sedem
3369 4910 3515 4966 hanc
3546 4904 3751 4964 laborum

2165 5012 2383 5053 suorum
2411 5008 2462 5054 et
2485 4997 2806 5057 fortitudinis
2834 5001 2998 5072 gloria
3030 4999 3411 5059 ill‘ustrantem'
3443 4992 3747 5060 subinde/Vi-

2162 5086 2424 5144 debimus.
2460 5088 2770 5162 Quanquam
2808 5098 3016 5164 oportet
3040 5091 3445 5152 Caiamensem
3482 5090 3754 5150 sedet!”tu

2163 5182 2467 5253 aliquandiu
2493 5199 2710 5240 vacasse
2737 5192 2857 5255 post
2884 5184 3195 5256 Megalium,
3221 5195 3323 5243 aut
3343 5194 3659 5259 episcopum
3674 5178 3751 5233 h1-

2162 5273 2342 5332 buisse
2377 5273 2446 5331 ad
2489 5275 2757 5331 modicum
2805 5287 3008 5348 tempus
3047 5278 3221 5334 alium
3268 5295 3304 5336 a
3348 5280 3615 5336 Possidio.
3644 5270 3753 5330 Nam

2161 5367 2429 5425 Profuturi
2460 5370 2693 5442 episc0pi
2714 5368 2972 5427 Cirtensis
3000 5371 3069 5427 ad
3089 5387 3267 5443 quem
3309 5372 3545 5446 negatio
3562 5371 3663 5442 jam
3682 5364 3755 5419 de-

2159 5460 2343 5518 functo
2364 5463 2502 5518 datze
2530 5473 2655 5519 sunt
2680 5463 2746 5519 ab
2771 5464 3069 5536 Augustino
3089 5464 3328 5534 littera,
3352 5476 3639 5524 successor
3651 5456 3758 5515 For.

2163 5563 2376 5610 tunatus
2404 5554 2461 5609 in
2487 5550 2753 5611 Africanis
2779 5555 2974 5627 ubique
3011 5558 3267 5616 conciliis
3316 5568 3452 5616 ante
3482 5550 3753 5616 Possidium

2163 5646 2476 5701 collocatur.

2228 5736 2282 5791 2.
2316 5734 2431 5793 Hoc
2458 5736 2574 5808 ipso
2602 5753 2763 5807 anno,
2794 5749 2856 5796 ut
2883 5738 3104 5806 videtur,
3142 5736 3551 5815 Hieronymus,
3570 5736 3657 5811 qui
3679 5742 3757 5807 Pcf

2160 5825 2428 5889 Asterium
2454 5841 2594 5887 anno
2624 5831 2885 5904 superiori
2915 5832 3119 5889 litteras
3152 5832 3228 5891 ad
3270 5831 3643 5909 Augustinum
3672 5821 3761 5885 tui-
