3868 6392
218 331 297 391 in?
1489 323 1694 383 LIBER
1728 321 2067 391 QUARTUS.

214 459 340 513 serat,
362 448 535 521 scripsit
556 461 762 503 rursum
782 445 848 502 ad
876 460 995 502 eum
1013 444 1185 517 (Apud
1199 444 1360 515 Aug.,
1389 442 1553 513 Epist.
1583 440 1697 514 39),

216 546 593 604 commendaturus
618 542 693 598 illi
721 540 1035 597 Praesidium
1066 538 1378 595 familiarem
1405 553 1580 605 suum,
1609 535 1701 609 qui

212 640 336 695 certis
355 637 410 694 de
425 636 572 694 causis
598 634 650 690 in
675 633 1013 690 Occidentem
1037 632 1337 703 trajecerat.
1367 629 1417 686 is
1438 631 1698 686 bonorum

210 731 417 786 amicitias
447 728 809 786 studiosissime
848 725 1285 794 consectabatur,
1329 740 1460 797 quas
1499 724 1543 781 si
1584 716 1700 795 quis

209 824 283 893 ipsi
303 824 604 888 conciliasset,
628 820 843 876 maximi
865 819 1106 877 beneﬁcii
1127 820 1245 875 loco
1265 818 1513 875 ducebat.
1532 817 1702 888 Rogat

206 912 333 983 igitur
363 912 673 985 Augustinum
728 912 1104 986 Hieronymus,
1132 920 1193 968 ut
1219 910 1322 966 hoc
1358 910 1431 965 illi
1464 918 1697 982 praestet,

204 1020 280 1061 nec
296 1004 413 1062 enim
434 1009 501 1063 rei
525 1004 732 1061 alterius
759 1004 1014 1077 indigere.
1045 1004 1400 1077 Hieronymus
1437 1003 1490 1057 in
1513 1001 1699 1059 eadem

203 1098 380 1168 epistola
400 1098 618 1170 Alypium
645 1096 854 1154 salvere
877 1095 1050 1169 jubet,
1089 1111 1254 1168 seque
1285 1095 1555 1152 molestias
1578 1090 1702 1149 huic

201 1200 358 1247 nostra:
373 1188 746 1264 peregrinationi
764 1205 999 1247 annexus
1018 1190 1305 1258 sustinere,
1325 1197 1379 1245 et
1400 1187 1560 1245 variis
1579 1186 1703 1242 hinc

200 1281 302 1339 inde
324 1281 534 1339 ﬂuctibus
554 1283 603 1338 in
632 1282 959 1338 monasterio
978 1280 1170 1353 jactari
1191 1290 1350 1352 atque
1388 1278 1600 1336 concuti
1625 1287 1702 1334 te-

195 1381 347 1430 statur.
385 1376 685 1448 Quapropter
716 1374 857 1432 hanc
899 1375 1179 1447 epistolam
1221 1374 1289 1431 ad
1320 1376 1459 1430 hunc
1503 1389 1699 1428 annum

197 1467 557 1522 trecentesimum
583 1466 984 1537 nonagesimum
1014 1466 1299 1536 septimum
1328 1463 1529 1520 referre
1557 1463 1703 1534 cogi-

194 1569 289 1611 mur
318 1564 564 1629 antequam
600 1558 741 1614 inter
768 1572 890 1614 eum
930 1568 983 1613 et
1009 1556 1270 1613 Joannem
1296 1556 1699 1627 Jerosolymita-

194 1661 291 1702 num
313 1647 399 1704 hoc
420 1651 521 1721 ipso
537 1666 673 1706 anno
691 1650 1031 1707 convenisset
1051 1668 1064 1705 :
1087 1666 1207 1706 cum
1230 1651 1446 1706 minime
1464 1650 1703 1721 legamus

192 1752 289 1794 eum
322 1739 381 1794 ab
404 1741 478 1795 illa
516 1742 941 1800 reconciliatione
968 1741 1265 1799 concordiae
1304 1758 1425 1799 cum
1456 1742 1661 1799 Joanne
1682 1784 1697 1811 ,

196 1845 331 1901 usque
345 1831 400 1887 ad
417 1835 790 1904 persecutiones
811 1851 841 1890 a
864 1834 1164 1905 Pelagianis
1188 1850 1329 1891 anno
1348 1834 1701 1907 quadringen-

195 1922 348 1978 tesimo
362 1924 540 1982 decimo
560 1938 714 1983 sexto
742 1928 796 1985 in
823 1927 997 1999 ipsum
1025 1928 1336 1995 concitatas,
1367 1928 1700 1985 occasionem

198 2012 255 2067 ita
271 2016 567 2086 conquerendi
589 2017 860 2074 habuisse.
895 2018 1054 2091 Papae
1075 2018 1226 2075 titulo
1244 2020 1409 2076 semel
1432 2029 1485 2076 et
1510 2020 1699 2076 iterum

203 2101 371 2175 insignit
381 2106 696 2179 Augustinum
721 2109 907 2183 (Ibid,
927 2110 1155 2181 inscript.
1179 2119 1226 2166 et
1245 2128 1299 2165 n.
1322 2109 1411 2180 2);
1440 2111 1579 2167 unde
1597 2126 1702 2167 non

202 2194 319 2263 prius
333 2212 444 2254 anno
466 2202 829 2258 trecentesimo
854 2202 1200 2273 nonagesimo
1220 2212 1371 2258 sexto
1397 2202 1701 2275 reponenda

194 2294 259 2340 est
295 2288 491 2357 epistola.
533 2293 663 2349 Cum
694 2303 875 2350 autem
922 2294 1276 2367 Hieronymus
1321 2296 1611 2366 Augustino
1634 2293 1703 2349 ad

188 2377 481 2448 episcopatum
502 2395 753 2455 provecto
781 2385 833 2439 in
861 2400 921 2441 ea
945 2401 1050 2441 non
1071 2384 1365 2456 gratuletur
1388 2403 1403 2452 ;
1432 2384 1704 2456 probabile

187 2477 266 2536 εει,
302 2470 345 2527 id
371 2476 676 2545 praestitisse,
720 2492 844 2534 cum
888 2477 956 2532 ad
985 2493 1105 2533 eum
1137 2476 1398 2547 superiori
1427 2492 1568 2532 anno
1610 2492 1704 2547 per

183 2560 401 2619 Asterium
424 2568 641 2639 scripsit.
678 2568 963 2625 Prmsidius
979 2584 1137 2640 quem
1162 2568 1514 2640 Hieronymus
1535 2569 1586 2623 in
1605 2567 1705 2640 hac

182 2652 359 2722 epistola
382 2658 446 2713 illi
466 2659 826 2727 commendat,
853 2659 1065 2716 videtur
1083 2659 1302 2715 omnino
1326 2659 1371 2715 is
1390 2674 1530 2725 esse,
1552 2658 1705 2728 cujus

181 2758 310 2816 opera
332 2763 441 2805 usus
460 2760 536 2806 est
551 2752 902 2822 Augustinus,
925 2761 982 2807 ut
1003 2752 1373 2807 cxacerbatum
1403 2750 1567 2821 ipsius
1584 2749 1705 2805 llic-

180 2838 343 2908 ronymi
369 2840 589 2896 animum
616 2841 719 2896 sibi
744 2850 999 2899 excusato
1024 2842 1333 2898 conciliaret
1357 2839 1546 2914 (Epist.
1580 2837 1698 2912 Ἡ).

180 2923 241 2982 Ex
260 2928 450 2987 diacono
471 2933 579 3003 jam
606 2941 819 2989 creatus
843 2932 1015 2989 fuerat
1040 2934 1355 3003 cpiscopus;
1386 2939 1441 2987 et
1468 2949 1496 2984 ιι
1523 2931 1702 2986 conci-

180 3015 232 3071 lio
259 3014 620 3093 Carthagincnsi
660 3023 728 3079 ad
774 3024 1153 3096 Imperatorem
1193 3032 1376 3078 contra
1406 3022 1706 3077 Donatistas

180 3104 339 3180 legatus
364 3127 488 3169 anno
513 3114 1041 3186 quadringentesimo
1068 3114 1278 3170 decimo
1303 3112 1705 3169 celeberrimam

180 3196 288 3257 illam
305 3205 612 3263 collationem
637 3205 1136 3279 Carthaginensem,
1155 3221 1271 3277 qua:
1292 3220 1434 3260 anno
1459 3203 1704 3275 sequenti

182 3294 317 3354 habita
337 3311 422 3369 cst,
443 3301 687 3357 obtinuit.
718 3294 863 3357 Idem
904 3301 1144 3371 epistola:
1185 3299 1397 3355 concilii
1442 3296 1705 3353 Numidia!

180 3396 323 3445 contra
346 3391 642 3464 Pelagianos
671 3392 740 3448 ad
769 3392 1133 3448 innocentium
1164 3405 1352 3461 papam
1393 3388 1707 3459 subscripsit

183 3494 292 3558 anno
312 3485 813 3558 quadringentesimo
838 3483 1047 3541 decimo
1065 3492 1219 3539 sexto
1243 3481 1435 3555 (Apud
1459 3482 1671 3553 August.
1688 3520 1704 3547 ,

194 3556 318 3640 Epic.
340 3575 419 3632 ηδ
432 3580 471 3648 ).

196 3732 207 3737 _
242 3661 285 3717 5.
318 3665 404 3722 Sub
424 3668 473 3723 id
505 3670 733 3725 fortasse
775 3677 985 3739 tempus
1025 3665 1353 3738 Augustinus
1371 3664 1647 3737 epistolam
1676 3679 1708 3719 a

185 3751 313 3810 Paulo
324 3760 672 3829 perferendam
691 3760 905 3831 scripsit
918 3758 984 3815 ad
1003 3759 1382 3830 Hieronymum
1401 3756 1591 3828 (Epist.
1614 3756 1705 3824 40,

182 3860 217 3897 ε.
237 3844 423 3924 l,n.i).
449 3852 685 3907 Primum
720 3850 934 3923 quidem
965 3851 1182 3907 alterius
1215 3848 1487 3919 cujusdam
1521 3848 1708 3903 litteris

182 3936 462 3999 subscribens
485 3959 607 3999 eum
628 3942 871 3999 ofﬁciose
905 3942 1250 4009 salutaverat,
1277 3948 1333 3997 et
1356 3939 1709 4010 Hieronymus

184 4030 363 4103 proejns
383 4035 676 4093 urbanitate
700 4035 1024 4107 peculiarem
1053 4035 1127 4090 illi
1157 4033 1431 4104 epistolam
1461 4031 1709 4088 reddide-

182 4129 257 4176 rat.
280 4124 341 4180 Ea
361 4136 462 4193 est,
492 4129 548 4184 ni
580 4127 832 4193 fallimur,
859 4127 1087 4198 epistola
1111 4141 1271 4197 quam
1321 4140 1414 4196 per
1442 4124 1709 4181 Asterium

181 4210 400 4273 diaconum
414 4218 769 4292 Hieronymus
783 4219 851 4274 ad
867 4234 988 4274 eum
1007 4217 1152 4272 misit
1165 4229 1305 4270 anno
1322 4216 1495 4271 forsan
1515 4226 1713 4272 trecen-

181 4304 327 4363 teaimo
344 4310 681 4381 nonagesimo
708 4319 896 4378 sexto,
924 4318 981 4364 ut
1008 4308 1087 4364 illi
1123 4307 1452 4364 salutationis
1478 4308 1710 4364 officium

181 4394 391 4456 redderet.
411 4399 539 4457 Cum
564 4402 724 4474 igitur
753 4402 804 4457 ei
836 4401 1134 4457 rescribere
1167 4408 1435 4457 teneretur
1466 4400 1711 4471 Augusti-

182 4499 272 4559 nus,
284 4493 592 4549 occasionem
609 4493 837 4564 arripuit
850 4493 918 4548 ab
932 4508 997 4548 eo
1013 4492 1334 4561 sciscitandi,
1350 4492 1476 4565 quid
1491 4492 1559 4548 de
1569 4492 1710 4550 Petri

182 4584 224 4634 et
244 4577 363 4637 Pauli
386 4583 770 4657 disceptatione
794 4586 1034 4642 sentiret.
1064 4584 1137 4641 lbi
1158 4586 1319 4641 etiam
1334 4586 1575 4641 meminit
1594 4585 1711 4641 libri

184 4667 235 4725 ab
265 4674 427 4731 eodem
454 4676 747 4748 conscripti
794 4676 862 4734 de
905 4676 1252 4747 scriptoribus
1294 4675 1666 4732 ecclesiasticis
1694 4716 1709 4744 ,

186 4774 306 4830 qum
347 4783 506 4840 nuper
531 4769 649 4839 ipse
678 4769 882 4840 legerat
909 4785 927 4824 :
955 4769 1218 4840 simulque
1244 4768 1415 4824 amice
1442 4768 1710 4834 admonet,

184 4851 386 4924 siquidem
411 4859 461 4916 in
483 4876 549 4917 eo
575 4859 715 4915 libro
736 4875 837 4916 nec
861 4860 1170 4917 haeresiotas
1196 4860 1599 4931 praetermittere
1617 4876 1713 4916 γοα»

184 4941 356 5019 luisset,
393 4954 727 5009 commodius
769 4953 872 5010 sibi
918 4951 1088 5009 videri
1131 4951 1391 5009 facturum
1432 4950 1625 5018 fuisse,
1668 4953 1716 5009 si

185 5040 414 5101 nominatis
449 5047 576 5117 illis,
604 5047 970 5118 subjunxisset
1003 5048 1162 5104 etiam
1192 5047 1248 5102 in
1276 5048 1465 5118 quibus
1495 5048 1715 5104 cavendi

188 5140 336 5191 αωι.
362 5137 486 5195 Eum
517 5140 717 5211 pariter
758 5148 935 5211 rogat,
971 5154 1081 5211 quo
1120 5140 1340 5195 consilio
1366 5139 1621 5211 quosdam
1649 5154 1716 5196 ex

190 5218 240 5279 iis
256 5226 299 5283 iu
319 5230 490 5289 eodem
515 5247 683 5304 opere
712 5232 1065 5303 praeterierit;
1094 5238 1188 5287 aut
1215 5231 1260 5285 si
1297 5231 1580 5287 voluminis
1608 5246 1715 5287 non

193 5320 569 5395 Νικίαι-θύει
596 5324 706 5380 hoc
727 5320 925 5380 factum
950 5323 1039 5390 sit,
1059 5309 1157 5379 (ιώ
1180 5321 1445 5378 haereticis
1463 5322 1718 5379 duntaxat

191 5416 585 5487 “memoratis,
630 5433 741 5474 non
780 5416 1046 5473 addiderit
1070 5417 1125 5472 in
1164 5416 1355 5488 quibus
1391 5430 1485 5471 eos
1527 5416 1715 5472 catho-

192 5493 269 5559 II
282 5502 519 5567 damnauit
533 5509 845 5567 auctoritas.
868 5506 937 5566 Et
952 5509 1076 5581 quia
1091 5509 1158 5566 de
1175 5508 1402 5579 Origene
1420 5506 1717 5566 rescribens

193 5585 489 5671 “Mittimus
517 5608 764 5658 innuerat
792 5618 911 5658 cum
944 5603 995 5657 in
1021 5602 1140 5657 aliis
1177 5601 1390 5673 quidem
1421 5602 1719 5673 approbatrc

192 5676 699 5761 dluctlaudttndnm,
727 5694 780 5747 in
819 5693 934 5748 aliis
958 5708 1087 5748 vero
1110 5692 1514 5762 improbandum
1557 5700 1715 5765 atque

192 5772 659 5854 “ﬁndendum;
683 5783 965 5845 certiorem
988 5796 1109 5846 cum
1130 5783 1253 5871 facit
1277 5795 1398 5846 sese
1419 5780 1529 5857 jam
1553 5793 1713 5857 ερίιιο,

3280 328 3387 391 270

1813 456 1917 495 non
1945 449 2147 494 tantum
2172 439 2225 494 in
2255 439 2648 509 ecclesiasticis,
2693 441 2785 498 sed
2813 440 2869 499 in
2897 442 3141 504 omnibus
3168 444 3376 519 litteris,

1807 544 1951 590 recta
1982 542 2035 590 ct
2075 549 2198 589 vera
2227 549 2344 605 quae
2372 535 2725 591 invenerimus
2753 537 3048 609 approbare
3073 549 3232 614 atque
3263 543 3380 600 lau-

1806 628 1957 694 dare,
1989 625 2117 682 falsa
2145 641 2272 681 vero
2301 636 2356 682 et
2394 642 2552 697 prava
2578 628 2875 698 improbare
2900 640 3057 703 atque
3083 635 3378 705 reprehen-

1804 720 1977 776 dere:
2013 720 2113 776 hoc
2154 728 2331 775 autem
2383 734 2442 775 se
2490 718 2837 790 desiderasse,
2889 732 3045 795 atque
3090 727 3379 784 etiamnum

1806 813 2130 880 desiderare,
2157 821 2216 868 ut
2242 821 2364 869 nota
2407 812 2508 868 sibi
2536 811 2736 870 faceret
2773 825 2967 886 errata,
3005 820 3194 889 quibus
3219 837 3249 877 a
3271 822 3379 880 [ide

1806 905 2044 962 veritatis
2095 905 2187 962 ille
2226 905 2310 960 vir
2359 913 2539 962 tantus
2577 907 2865 964 recessisse
2905 910 3250 969 convincitur.
3302 914 3380 972 Ita

1807 998 2071 1054 scribebat
2112 997 2185 1053 illi
2216 1013 2315 1070 per
2339 997 2581 1066 Paulum,
2608 999 2760 1069 cujus
2794 1001 3062 1070 proiciam:
3113 1005 3382 1061 existima-

1806 1090 1935 1147 tioni
1990 1091 2348 1147 uastimonium
2396 1091 2597 1147 tribuit.
2649 1090 2756 1149 Sed
2800 1091 2994 1149 Paulus
3038 1096 3385 1167 navigationis

1805 1182 2085 1239 consilium
2124 1184 2346 1239 mutavit
2375 1200 2389 1237 :
2435 1183 2734 1255 factumque
2768 1193 2870 1251 est,
2898 1194 2959 1241 ut
2987 1188 3210 1258 epistola
3238 1191 3384 1260 prius

1806 1290 2145 1350 spargeretur
2169 1296 2266 1350 per
2308 1280 2531 1347 italiam,
2563 1296 2720 1351 quam
2764 1281 2830 1337 ad
2858 1281 3238 1356 Hieronymum
3264 1300 3380 1356 pero

1804 1370 2012 1428 veniret
2035 1371 2229 1443 (Epist.
2258 1373 2347 1441 72,
2370 1390 2422 1428 η.
2451 1372 2526 1446 i).
2553 1373 2704 1441 Quod
2727 1376 2863 1431 inter
2882 1384 3164 1449 utrumque
3182 1378 3385 1436 discor-

1804 1466 1946 1522 diam
1984 1466 2284 1522 animorum
2311 1482 2491 1525 serere
2514 1477 2740 1539 poterat,
2773 1469 2874 1525 nisi
2903 1470 3173 1529 humilitas
3196 1474 3383 1530 mode-

1804 1561 2010 1631 stiaque
2052 1561 2352 1631 Augustini,
2400 1571 2455 1619 et
2498 1564 2772 1635 utriusque
2798 1562 3031 1622 charitas
3075 1567 3388 1626 oiibnsionis

1803 1653 2009 1709 semina
2030 1652 2362 1709 suil'ocasset.
2712 1700 2719 1707 .

1876 1747 1932 1802 ni.
1960 1746 2413 1813 Quemadmodum
2436 1747 2488 1802 in
2515 1747 2734 1819 epistula
2761 1751 3039 1821 superiore
3062 1752 3388 1825 Augustinus

1806 1853 2127 1909 magnopere
2153 1840 2283 1910 petit
2321 1838 2391 1895 ub
2414 1839 2759 1912 Hieronymo,
2787 1850 2844 1898 ut
2870 1843 3183 1900 litterariam
3219 1845 3389 1902 collo-

1806 1930 2072 1985 cutionem
2102 1944 2282 1986 secum
2311 1929 2534 1997 habent;
2566 1931 2706 2003 quod
2736 1933 2789 1987 id
2814 1933 2866 1988 in
2912 1935 3098 2005 primis
3125 1936 3298 1992 valeat
3320 1937 3389 1993 ad

1807 2020 2054 2076 tuendam
2097 2021 2401 2088 amicitiam,
2436 2022 2694 2093 faciatque
2721 2032 2788 2079 ne
2825 2024 3051 2081 multum
3079 2025 3146 2081 ad
3185 2027 3387 2086 anticus

1804 2112 2205 2183 disjungendos,
2238 2122 2296 2167 ut
2331 2113 2582 2183 loquitur,
2612 2115 2771 2170 liceat
2792 2116 3049 2173 absentia;
3084 2120 3385 2190 corporali:

1806 2203 1883 2258 sic
1919 2204 1972 2258 in
2011 2205 2121 2271 illa,
2149 2220 2305 2275 quam
2337 2204 2438 2261 hoc
2483 2205 2673 2262 eodem
2723 2216 2961 2277 tempore
2988 2208 3133 2264 dedit
3159 2212 3226 2266 ad
3254 2212 3391 2267 Pau-

1808 2295 1996 2365 linum,
2028 2296 2149 2351 huic
2168 2305 2352 2353 sancto
2378 2298 2511 2364 viro,
2545 2298 2697 2370 cujus
2736 2299 3028 2354 amicitiam
3049 2303 3264 2357 maximi
3291 2302 3389 2358 dus

1807 2388 1980 2456 cehat,
2011 2390 2353 2446 vehementer
2396 2391 2576 2457 instat,
2623 2406 2731 2463 quo
2755 2394 3009 2464 rescriptu
3038 2395 3160 2460 sibi,
3209 2408 3270 2451 ea
3296 2394 3391 2453 diu

1807 2481 2162 2552 ardenterque
2189 2484 2477 2554 expetenti,
2521 2485 2808 2554 persolvat.
2855 2485 3012 2557 Uqui
3035 2500 3134 2555 res,
3173 2487 3388 2559 inquit,

1807 2574 1994 2627 vestras
2017 2573 2239 2645 quotidie
2266 2574 2483 2639 donatis,
2523 2573 2743 2629 debitum
2763 2575 2974 2630 reddite.
3001 2575 3118 2631 Jam
3144 2586 3314 2633 annus
3333 2586 3389 2635 et

1807 2662 2033 2731 amplius
2060 2662 2339 2719 efﬂuxerat
2360 2662 2428 2718 ub
2448 2662 2648 2719 ultimis
2673 2664 2863 2720 litteris
2886 2665 3087 2721 Paulini
3117 2680 3258 2723 anno
3285 2674 3391 2723 tre-

1810 2754 2105 2809 centesimo
2129 2756 2473 2826 nonagesimo
2501 2756 2686 2825 quinto
2706 2755 2805 2811 sibi
2827 2756 3045 2813 redditis
3068 2774 3081 2811 :
3103 2754 3243 2829 quod
3267 2770 3391 2829 per-

1808 2844 1990 2914 spicue
2039 2843 2237 2901 indicat
2288 2844 2378 2900 illa
2422 2845 2701 2917 Augustini
2758 2848 3112 2918 conquestio:
3146 2850 3280 2915 Quid
3316 2859 3392 2904 est

1807 2936 1942 3008 quod
1971 2937 2097 2991 duas
2120 2946 2336 3003 (estates,
2367 2938 2664 3010 easdequ
2686 2938 2742 2993 in
2766 2936 2957 3009 Africa,
2987 2940 3125 2993 sitire
3152 2954 3392 3011 cogamur

1811 3026 2004 3099 (Epist.
2033 3027 2123 3094 49,
2155 3045 2208 3082 n.
2241 3026 2315 3102 l).
2350 3028 2425 3083 lbi
2453 3029 2747 3083 Romanum
2770 3037 2822 3083 et
2845 3028 3048 3100 Agilem
3078 3029 3284 3085 salvere
3299 3030 3390 3099 jus

1810 3118 1920 3184 bet,
1943 3128 2169 3190 quorum
2190 3119 2481 3175 honoriﬁce
2496 3119 2736 3175 meminit
2753 3120 2984 3176 etiamin
3005 3121 3228 3192 epistola
3251 3136 3392 3179 anno

1811 3220 2068 3282 sequente
2094 3209 2159 3265 ad
2194 3211 2439 3265 eumdem
2469 3211 2669 3277 missa;
2701 3211 2754 3265 in
2778 3224 2881 3281 qua
2919 3222 3132 3267 rursum
3158 3212 3393 3281 insistit,

1810 3308 1871 3358 ut
1887 3301 2101 3358 demum
2127 3312 2246 3373 post
2260 3303 2454 3358 biennii
2472 3302 2737 3357 silentium
2753 3302 3031 3358 renti-ibat.
3061 3301 3396 3375 Nequaquam

1812 3403 1922 3458 nos,
1956 3393 2046 3459 ait,
2077 3393 2242 3447 nescio
2269 3408 2368 3463 qua
2405 3400 2567 3448 uestra
2594 3392 2825 3459 cess-tio,
2852 3406 2951 3463 qua
2988 3406 3099 3447 cccc
3124 3408 3213 3465 per
3235 3403 3396 3450 totum

1813 3482 2087 3551 biennium,
2114 3498 2179 3539 ea:
2197 3499 2297 3555 quo
2320 3501 2354 3538 α
2380 3483 2522 3538 nobis
2546 3482 2826 3538 dulcissimi
2853 3483 3038 3553 fratres
3064 3484 3326 3539 Romus
3349 3493 3398 3540 et

1814 3575 1974 3647 Agilis
1995 3576 2063 3629 ad
2088 3590 2171 3630 vos
2190 3576 2553 3643 remeaveranl,
2577 3575 2746 3630 nullas
2762 3591 2796 3628 ο
2816 3575 2954 3629 nobis
2970 3575 3159 3629 litteras
3176 3575 3399 3646 sumpsi-

1813 3680 1943 3731 ntus,
1977 3665 2146 3737 pigros
2172 3664 2241 3719 ad
2269 3666 2584 3720 scribendum
2612 3665 2747 3737 fecit.
2782 3663 2923 3718 Nam
2946 3676 3062 3719 cum
3098 3665 3152 3719 in
3179 3664 3296 3720 aliis
3316 3679 3399 3721 re-

1814 3754 1925 3824 bus,
1973 3763 2160 3828 quanto
2205 3756 2414 3828 quisque
2450 3756 2669 3828 amplius
2710 3752 2959 3826 diligitur,
3008 3763 3149 3809 tento
3198 3756 3400 3825 dignior

1814 3848 2089 3903 imitatione
2106 3848 2353 3915 uideatur,
2378 3848 2429 3902 in
2456 3848 2552 3901 hac
2579 3862 2635 3902 re
2668 3854 2845 3901 contra
2868 3855 2959 3900 est.
3010 3844 3122 3911 Quo
3149 3844 3284 3900 enim
3313 3862 3398 3902 uos

1816 3958 2045 3996 amotus
2058 3942 2332 4007 ardentius,
2342 3944 2406 3996 eo
2422 3941 2585 3995 minus
2606 3942 2833 4012 ferimus,
2848 3940 2984 4009 quod
2995 3938 3137 3993 nobis
3154 3950 3254 3993 non
3266 3939 3392 3992 scri-

1816 4032 1970 4099 bitis;
1993 4049 2082 4089 nec
2107 4048 2194 4087 vos
2220 4032 2275 4086 in
2315 4047 2372 4087 eo
2408 4031 2638 4086 volumus
2660 4030 2849 4084 imitari
2874 4028 3075 4102 (Epist.
3103 4030 3193 4093 45,
3217 4046 3269 4083 η.
3302 4028 3392 4100 1).

1818 4125 1876 4181 in
1898 4133 2121 4196 utraque
2140 4124 2364 4196 epistola
2388 4131 2541 4195 rogat
2559 4122 2856 4189 Paulinum,
2883 4130 2941 4176 ut
2956 4121 3055 4177 sibi
3077 4122 3250 4177 mittat
3264 4134 3397 4192 opus

1817 4224 2004 4272 contra
2030 4215 2286 4288 Paganos,
2335 4214 2479 4287 quod
2507 4215 2575 4271 ab
2602 4215 2717 4286 ipso
2741 4213 3003 4270 eiaburari
3031 4214 3251 4271 audivit.

2418 4304 2644 4363 CAPUT
2682 4303 2820 4360 XIV.

1820 4403 1845 4457 i
1881 4400 2190 4473 Augustinus
2218 4397 2410 4453 Cirtam
2436 4413 2490 4452 se
2533 4399 2795 4469 conferens
2819 4411 2933 4449 cum
2965 4395 3151 4465 Alypio
3193 4395 3260 4447 ad
3306 4410 3393 4448 or-

1891 4491 2170 4547 dinandum
2214 4488 2556 4544 Fortunatam
2613 4488 2926 4559 episcopum,
2974 4485 3105 4539 venit
3143 4486 3196 4539 in
3236 4485 3398 4540 collo-

1889 4586 2060 4656 quium
2079 4598 2193 4636 cum
2212 4578 2458 4635 Fortunio
2489 4578 2870 4633 Donatistarum
2896 4574 3119 4631 Tartarei
3144 4575 3400 4647 episcopo.

1890 4678 1927 4733 ι
1944 4677 2172 4743 Quanam
2195 4684 2415 4745 tempore
2428 4672 2653 4727 habitum
2667 4672 2731 4726 sit
2745 4670 2880 4726 istud
2900 4670 3223 4741 colloquium.
3243 4671 3278 4725 ὅ
3295 4667 3402 4724 Lit-

1892 4780 2012 4826 tera
2041 4769 2110 4824 ad
2157 4766 2390 4823 Gloriam
2424 4765 2649 4838 aliosque
2671 4763 2967 4818 Donatistae
3009 4762 3255 4834 quosdam
3293 4770 3404 4833 post

1824 4924 1828 4929 ,
1893 4860 2195 4931 colloquium
2234 4858 2456 4928 scripta.
2499 4855 2536 4912 4
2558 4853 2640 4910 Dc
2678 4854 2783 4909 alia
2815 4854 3035 4926 quadam
3073 4852 3407 4909 collocatione

1822 4953 1835 5024 ξ
1893 4967 2007 5006 cum
2043 4949 2220 5004 iisdem
2254 4947 2425 5002 habita
2452 4955 2570 5001 ante
2608 4959 2932 5018 congressum
2975 4956 3089 4999 cum
3130 4942 3402 4998 Fortuitis.

1896 5045 1931 5101 ii
1951 5044 2078 5100 Cum
2117 5041 2400 5097 Fortunato
2420 5038 2806 5095 Donatistarum
2832 5040 3065 5111 episcopo
3102 5032 3407 5109 disputatio-

1828 5140 1841 5207 ἶ
1894 5153 2012 5193 nem
2034 5151 2124 5207 per
2147 5135 2340 5191 litteras
2361 5132 2673 5205 aggreditur.
2702 5128 2736 5186 6
2758 5129 2837 5184 De
2851 5122 3120 5187 Galiculis.

1896 5231 1950 5285 ι.
1982 5227 2151 5298 Supra
2170 5224 2418 5290 vidimus,
2444 5221 2798 5294 Augustinum
2822 5230 3009 5276 exacto
3026 5216 3408 5290 propemodum

1826 5336 2011 5380 mae
2057 5321 2125 5375 ab
2166 5318 2313 5374 obitu
2361 5316 2588 5386 Megalii,
2634 5314 2913 5385 scripsisse
2957 5312 3027 5368 ad
3069 5311 3407 5368 Profuturum

1827 5414 2125 5472 Cirteuscm
2148 5411 2477 5480 episcopum.
2504 5407 2726 5462 Videtur
2752 5405 2797 5461 is
2820 5404 2977 5475 paulo
2996 5408 3118 5473 post
3134 5414 3167 5456 θ
3185 5401 3291 5454 vita
3310 5398 3412 5452 mi-

1825 5516 2043 5577 grasse;
2075 5516 2174 5557 nec
2199 5499 2341 5556 enim
2374 5496 2465 5554 diu
2492 5498 2856 5569 episcOpatum
2889 5492 3055 5549 tenuit
3089 5489 3290 5560 (Epist.
3315 5487 3408 5554 7i,

1828 5616 1876 5654 ο.
1899 5598 1952 5664 i,
1974 5613 2027 5649 η.
2050 5597 2086 5650 2
2104 5595 2143 5666 ),
2175 5601 2230 5649 et
2257 5592 2411 5647 annis
2442 5592 2642 5662 aliquot
2681 5595 2804 5644 ante
2825 5587 2931 5642 vlta
2957 5582 3217 5644 discessit,
3249 5590 3410 5651 quam

1832 5688 2154 5760 Augustinus
2171 5685 2365 5738 librum
2385 5683 2452 5738 dc
2469 5681 2639 5737 Unico
2654 5677 2922 5749 Baptism
2938 5672 3295 5729 conscriberet
3309 5667 3415 5742 (Ds

1836 5788 1998 5844 Unico
2043 5779 2322 5852 Baptismo,
2371 5791 2421 5831 ll.
2469 5769 2589 5845 99)·
2641 5762 2909 5833 Successit
2954 5762 3003 5822 ct
3048 5761 3409 5827 ιεύίδιοιιιιιιιιο.
