3868 6402
477 339 574 396 271

479 474 614 514 unus
639 474 702 513 ex
743 460 842 513 illis
870 469 1092 530 septem,
1123 460 1210 532 qui
1248 461 1313 516 ad
1340 462 1588 516 Ecclesia:
1629 476 1845 517 causam
1877 461 1928 516 in
1956 476 2045 516 ee-

478 548 756 605 lebcrrima
785 551 868 606 illa
905 549 1307 623 Carthaginensi
1332 553 1613 608 collatione
1643 563 1825 608 contra
1874 553 2045 607 Dona-

477 642 625 694 tistas
646 643 1100 713 propugnandum,
1129 658 1268 698 anno
1287 644 1806 716 quadringentesimo
1832 642 2047 698 undeci-

473 747 585 799 mo,
631 736 698 788 ab
726 735 985 790 universis
1012 735 1204 790 Africze
1233 737 1496 808 episcopis
1537 737 1810 793 catholicis
1855 735 2044 792 delecti

475 831 616 876 sunt.
660 822 739 879 Ob
761 826 989 879 studium
1023 829 1340 896 paupertatis
1371 828 1613 883 laudatur
1635 830 1700 883 ab
1730 829 2042 899 Augustino,

473 914 562 982 qui
583 914 697 984 ejus
722 915 1039 971 ordinationi
1058 917 1225 972 adfuit
1247 934 1366 973 cum
1389 920 1577 990 Alypio
1601 919 1810 992 (Contra
1830 918 2046 973 Litteras

475 1004 740 1072 Petiliam‘,
761 1025 805 1060 ε.
823 1007 910 1071 99,
926 1025 976 1061 n.
994 1008 1143 1079 228).
1161 1009 1409 1080 Legimus
1425 1011 1563 1065 enim
1577 1012 1759 1066 ambos
1774 1013 1903 1066 istos
1921 1025 2046 1080 prac-

482 1096 626 1150 sules
651 1113 752 1151 una
768 1095 968 1154 Cirtam
999 1100 1306 1156 festinanter
1336 1118 1393 1158 se
1413 1103 1698 1157 contulisse
1724 1102 1791 1157 ad
1813 1102 2046 1174 episcopi

474 1184 860 1243 ordinationem
887 1189 1078 1260 (Epist.
1107 1191 1196 1258 44,
1220 1195 1295 1246 c.l
1311 1235 1326 1258 ,
1342 1211 1396 1247 η.
1418 1195 1469 1259 l,
1489 1203 1532 1246 rt
1549 1211 1595 1246 c.
1615 1194 1668 1258 5,
1688 1211 1740 1247 η.
1761 1194 1839 1264 6).
1880 1194 2047 1249 Porro

475 1285 687 1332 constat
704 1278 753 1332 id
771 1280 1054 1350 contigisse
1069 1291 1192 1337 ante
1207 1283 1540 1338 collationem
1555 1285 2044 1354 Carthaginiensem,

473 1369 561 1422 cui
579 1367 1039 1427 Fortunatusinter
1057 1369 1174 1426 fuit.
1196 1373 1327 1427 Cum
1342 1373 1539 1428 Cirtam
1559 1384 1855 1446 pergerent,
1876 1383 2048 1428 trans-

473 1459 978 1527 ieruntTubursico,
1006 1462 1156 1532 cujus
1185 1463 1330 1518 urbis
1359 1465 1636 1535 cpiscopus
1665 1481 1727 1519 ex
1761 1474 1907 1534 parte
1937 1465 2043 1518 Do-

478 1550 791 1605 natistarum
819 1559 933 1606 erat
976 1551 1277 1620 Fortunius,
1323 1553 1483 1608 homo
1512 1554 1750 1609 confecta
1780 1564 1954 1618 actate,
1981 1570 2047 1608 cu

466 1641 558 1710 jus
575 1641 947 1713 benignitatem
962 1643 1238 1698 laudarant
1252 1644 1387 1714 apud
1405 1645 1750 1715 Augustinum
1763 1647 2048 1700 Donatista:

473 1732 694 1803 aliquot,
717 1733 948 1802 Glorius,
974 1736 1238 1804 Eleusius,
1261 1746 1315 1792 et
1341 1737 1507 1805 Felix,
1530 1739 1620 1807 qui
1641 1739 1871 1792 vicissim
1889 1737 2050 1792 bono-

470 1825 673 1881 rificam
723 1827 791 1883 de
821 1829 1112 1899 Augustino
1155 1830 1480 1886 mentionem
1510 1830 1766 1885 Fortunio
1794 1831 2044 1886 fecerant.

471 1918 706 1986 Apparet
733 1919 818 1974 vel
859 1935 925 1974 ex
951 1921 1114 1976 verbo
1152 1921 1342 1989 soletis,
1371 1937 1475 1989 quo
1498 1936 1591 1976 eos
1627 1922 1908 1992 alloquitur
1941 1923 2050 1976 Au-

468 2012 957 2085 gustinus(1bid.,
989 2031 1043 2067 n.
1078 2012 1155 2086 1),
1202 2015 1303 2085 ipsi
1347 2013 1507 2069 fuisse
1561 2030 1681 2068 cum
1740 2014 1844 2069 illis
1893 2029 2046 2068 usum

468 2113 524 2157 et
565 2104 1043 2160 consuetudinem:
1073 2105 1199 2160 licet
1243 2104 1677 2176 llippone~chio
1721 2120 1824 2159 non
1871 2113 2049 2159 essent

468 2193 697 2262 oriundi,
728 2194 820 2249 sed
849 2195 949 2250 alia
979 2196 1218 2263 civitate,
1251 2210 1417 2266 eaque
1439 2195 1634 2251 Gelizu}
1656 2205 1814 2265 atque
1845 2196 1963 2264 ipsi,
1993 2205 2049 2249 ut

465 2284 692 2352 videtur,
709 2285 934 2356 Hipponi
950 2287 1169 2342 finitima
1184 2287 1372 2358 (Epist.
1393 2289 1480 2354 45,
1502 2305 1547 2341 c.
1562 2288 1616 2351 2,
1631 2305 1685 2341 η.
1700 2288 1777 2359 5).
1796 2287 2048 2341 Solebant

464 2374 546 2428 illi
566 2375 939 2446 benignissime
955 2376 1189 2447 polliceri
1211 2377 1525 2446 Augustino,
1550 2392 1654 2430 non
1675 2384 2043 2432 recusaturum

466 2464 781 2522 Fortunium
807 2467 874 2522 de
902 2467 1274 2536 componendo
1308 2468 1664 2522 Ecclesiarum
1685 2468 1906 2522 discidio
1925 2482 2046 2522 cum

467 2571 534 2610 eo
549 2557 775 2626 colloqui
800 2556 988 2626 (Epist.
1011 2557 1098 2624 44,
1123 2558 1240 2622 0.1,
1260 2574 1312 2610 η.
1337 2557 1414 2626 l).
1439 2557 1767 2627 Quapropter
1794 2574 1914 2614 cum
1940 2558 2048 2612 'l‘u-

468 2645 739 2700 bursicum
760 2647 1008 2711 venisset,
1033 2648 1348 2702 renuntiavit
1367 2646 1642 2715 Fortunio,
1667 2663 1724 2703 se
1744 2647 1808 2702 iis
1836 2665 1951 2718 qua:
1977 2647 2046 2703 de

467 2735 586 2804 ipso
613 2735 922 2802 iuaudierat,
954 2737 1018 2792 ad
1036 2752 1157 2793 eum
1179 2747 1232 2793 et
1248 2737 1531 2794 videndum
1549 2740 2043 2810 etcompellandum

467 2828 664 2885 induci.
709 2829 907 2885 Annuit
952 2830 1062 2886 ille.
1109 2831 1226 2886 Mox
1275 2832 1621 2903 Augustinus.
1670 2833 2044 2889 comitantibus

472 2935 577 2976 non
611 2923 808 2992 paucis,
832 2937 966 2994 quos
995 2923 1068 2977 illi
1099 2921 1345 2979 fortuitus
1385 2939 1540 2978 casus
1564 2924 1893 2994 adjunxerat,
1921 2940 2042 2980 eum

465 3016 730 3078 convenit,
757 3015 856 3070 hoc
882 3016 1021 3069 illius
1049 3016 1191 3070 aetati
1215 3015 1548 3071 tribuendum
1573 3016 1878 3070 arbitratus.
1910 3017 2042 3070 Cum

463 3106 600 3176 apud
621 3121 742 3160 eum
768 3107 1114 3172 consedisset,
1157 3105 1406 3176 frequens
1435 3108 1628 3162 civium
1668 3108 1841 3172 turba,
1884 3124 2041 3177 quam

463 3195 626 3264 hujus
655 3196 904 3266 colloquii
931 3211 1113 3250 rumor
1143 3212 1238 3266 per
1267 3197 1451 3252 urbem
1482 3198 1754 3268 dispersus
1789 3199 2038 3266 accierat,

464 3287 652 3344 eodem
679 3286 949 3342 conﬂuxit.
990 3286 1046 3341 ln
1071 3296 1214 3342 tanta
1239 3296 1416 3344 tamen
1444 3287 1737 3359 frequentia
1765 3292 1916 3362 pauci
1943 3293 2041 3347 ad-

464 3377 680 3431 modum
721 3375 893 3431 studio
931 3377 1314 3446 cognoscendae
1343 3378 1597 3445 veritatis,
1630 3395 1787 3450 quam
1828 3382 2039 3451 plurimi

464 3482 594 3521 vero
621 3466 731 3520 sola
773 3465 1143 3536 disputationis
1168 3468 1471 3524 curiositate
1495 3472 1742 3541 permoti,
1787 3472 1929 3528 velut
1971 3473 2040 3529 ad

463 3557 824 3626 spectaculum
866 3567 1240 3613 convenerant.
1293 3560 1370 3614 Ex
1416 3560 1518 3615 isto
1559 3562 1735 3632 populi
1779 3578 2038 3620 concursu

463 3657 579 3700 orta
605 3655 685 3701 est
713 3647 1036 3717 perturbatio
1060 3664 1073 3700 :
1100 3663 1269 3719 neque
1302 3664 1504 3720 preces,
1547 3667 1719 3722 neque
1747 3655 1902 3708 mina:
1931 3663 2037 3710 tam

465 3737 743 3806 Augustini
789 3753 947 3810 quam
973 3738 1239 3804 Fortunii,
1292 3742 1650 3796 necessarium
1697 3743 2036 3814 disputationi

461 3827 729 3882 silentium
747 3837 1063 3900 extorquere
1091 3837 1388 3900 potuerunt.
1424 3831 1527 3887 Res
1550 3842 1729 3888 tamen
1753 3844 2037 3905 utcumque

461 3919 544 3990 agi
569 3926 742 3990 empta
771 3930 872 3989 est,
899 3931 953 3977 et
979 3937 1074 3992 per
1099 3921 1255 3977 horas
1285 3922 1486 3992 aliquot
1506 3924 1730 3979 invicem
1763 3941 2036 3982 sermones

461 4012 815 4083 contulerunt.
848 4013 1171 4084 Augustinus
1210 4013 1276 4069 ab
1306 4015 1422 4085 ipso
1467 4014 1631 4071 ferme
1666 4016 2037 4087 disputationis

462 4104 682 4159 exordio
726 4104 1027 4174 postulavit,
1070 4117 1128 4161 ut
1154 4106 1314 4162 verba
1359 4109 1496 4162 ultro
1545 4110 1783 4180 citroque
1833 4111 2034 4181 prolata

460 4195 828 4265 exciperentur
851 4213 882 4251 a
906 4199 1158 4265 notariis;
1191 4216 1295 4269 quo
1320 4202 1554 4269 pacatior
1576 4212 1625 4258 et
1651 4204 1938 4261 modestior
1955 4205 2037 4261 fo-

459 4296 542 4342 rct
570 4287 874 4358 disputatio.
907 4289 1105 4343 Annuit
1133 4305 1275 4359 :cgre
1305 4289 1609 4348 Fortunius.
1659 4293 1761 4348 Sed
1791 4297 2030 4365 notariis,

459 4380 550 4450 qui
599 4380 839 4447 aderant,
891 4382 1136 4452 excipere
1177 4384 1539 4450 renuentibus,
1568 4386 1653 4440 alii
1701 4387 1800 4442 hoc
1842 4405 2034 4446 munus

457 4472 712 4542 aggressi,
743 4473 812 4528 ob
842 4473 1164 4528 inordinatas
1190 4475 1632 4546 perstrepentium
1663 4478 2034 4549 interpellatio-

456 4576 555 4617 nes
583 4563 838 4618 desistere
859 4565 1027 4620 coacti
1059 4574 1200 4620 sunt.
1234 4565 1518 4622 Fortunius
1548 4569 1716 4639 primo
1741 4574 2026 4639 contendit,

458 4668 556 4722 per
586 4662 750 4708 totum
791 4664 1046 4712 terrarum
1071 4658 1252 4712 orbem
1283 4658 1525 4715 diffusam
1553 4677 1670 4717 esse
1697 4666 2030 4722 communio-

457 4759 580 4800 nem
610 4760 802 4800 suam:
845 4747 937 4802 sed
987 4748 1254 4806 affirmare
1301 4768 1405 4807 non
1449 4764 1530 4809 est
1558 4771 1736 4824 ausus,
1784 4774 1944 4830 posse
1973 4776 2032 4818 se

457 4833 662 4890 litteras
703 4838 1197 4894 communicatorias
1236 4858 1568 4916 quocumque
1598 4849 1824 4904 mittere.
1877 4851 2029 4918 Quod

456 4926 505 4980 si
535 4927 868 4990 asseruisset,
900 4942 1020 4981 eum
1044 4931 1385 5000 compulisset
1408 4936 1750 5007 Augustinus,
1776 4949 2028 4998 utsecum

457 5015 658 5087 pariter
679 5015 746 5071 ad
792 5017 1058 5074 Ecclesias
1087 5020 1138 5075 in
1166 5021 1450 5094 Scripturis
1490 5032 1793 5098 apostolicis
1822 5043 2029 5092 notatas

457 5107 733 5162 scriberet.
765 5107 899 5164 Tum
924 5109 1206 5168 Fortunius
1249 5115 1316 5170 ad
1365 5122 1756 5187 persecutiones
1783 5139 1813 5176 a
1842 5139 2030 5181 conse-

455 5197 657 5253 ctaneis
680 5197 807 5266 suis,
831 5206 888 5255 ut
910 5201 1139 5270 dicebat,
1171 5205 1416 5263 toleratas
1441 5208 1689 5280 delapsus
1708 5221 1807 5266 est.
1830 5212 2028 5268 Verum

454 5288 683 5358 subjecit
704 5290 1046 5362 Augustinus,
1075 5298 1473 5364 persecutiones
1499 5314 1593 5355 eos
1631 5302 1774 5356 solos
1809 5319 2030 5361 numero

453 5381 728 5438 beatorum
747 5383 1058 5456 adjungerc,
1072 5387 1159 5456 qui
1183 5398 1398 5458 propter
1412 5391 1668 5460 justitiam
1687 5403 1994 5465 paterentur
2011 5418 2025 5454 :

452 5473 678 5545 ideoque
701 5476 746 5530 si
775 5476 1054 5543 Macarius,
1083 5476 1150 5532 de
1169 5493 1274 5547 quo
1299 5489 1405 5534 tam
1431 5483 1622 5539 acerbe
1648 5487 2025 5558 querebantur,

450 5579 546 5620 eos
570 5565 637 5620 ab
657 5573 841 5621 exorto
863 5566 1033 5621 solum
1054 5566 1342 5625 schismate
1369 5571 1641 5630 divexarat
1663 5592 1803 5632 anno
1829 5569 2029 5637 trecen-

455 5656 642 5711 tesimo
666 5655 1074 5727 quadragesimo
1103 5668 1310 5730 octavo,
1343 5663 1541 5720 nullum
1569 5665 1692 5723 hinc
1716 5683 1826 5724 suae
1849 5687 2025 5730 causae

453 5747 787 5804 commodum
825 5747 945 5807 illos
988 5768 1145 5815 posse
1185 5759 1462 5821 deducere.
1518 5764 1809 5835 Respondit
1834 5766 2025 5825 Fortu-

1606 340 1765 396 VITA
1805 339 1863 394 S.
1905 331 2269 393 AUGUSTINI
2309 338 2624 396 EPISCOPI.
3584 352 3670 413 θη

2156 456 2293 522 nius,
2322 461 2784 514 transmarinarum
2813 461 3037 531 partium
3072 463 3329 519 Ecclesias
3355 469 3584 527 mansisse
3605 475 3668 530 iu-

2156 560 2428 616 nocentes,
2470 550 2639 606 donec
2667 555 3060 608 consensissent
3086 554 3135 608 in
3163 571 3340 611 eorum
3370 562 3668 631 sanguinem,

2153 656 2286 710 quos
2309 641 2599 698 Macariana
2621 645 2916 713 persecutio
2945 647 3258 704 sustulisset.
3297 649 3398 704 Sed
3417 666 3526 706 eum
3549 670 3674 727 urge-

2154 742 2319 798 retur,
2375 741 2548 788 utrum
2592 736 2921 790 consectanei
2965 737 3045 791 sui
3089 737 3272 793 saltem
3315 739 3379 794 ad
3419 741 3498 796 illa
3543 759 3673 814 usque

2155 833 2393 894 tempora
2419 841 2538 880 cum
2563 826 2913 882 Orientalibus
2953 828 3200 885 Eeelesiis
3227 832 3523 902 exterisque
3557 837 3672 893 orbis

2153 917 2388 987 partibus
2427 917 2480 973 in
2518 919 2716 974 unitate
2754 921 3070 978 mansissent
3102 938 3114 974 :
3143 924 3356 992 protulit
3394 927 3631 998 epistolam
3656 973 3668 995 ,

2153 1024 2311 1078 quam
2348 1008 2625 1064 concilium
2669 1010 2983 1067 Sardicense
3018 1029 3157 1067 anno
3191 1015 3544 1070 trecentesimo
3574 1035 3672 1088 qua-

2153 1099 2451 1169 dragesimo
2477 1103 2699 1173 septimo
2723 1104 3008 1175 scripserat
3025 1104 3090 1158 ad
3109 1105 3382 1172 Donatum,
3397 1122 3538 1176 quem
3553 1124 3672 1164 suum

2153 1189 2620 1260 Carlhaginensem
2649 1207 2768 1249 esse
2804 1194 3173 1250 contendebat.
3206 1195 3353 1251 Patet
3382 1197 3674 1266 Augustinum

2153 1280 2350 1334 nullam
2378 1281 2633 1338 hactenus
2662 1284 2818 1354 hujus
2845 1286 3082 1354 epistolzc
3103 1293 3192 1340 aut
3221 1287 3422 1341 concilii
3447 1287 3676 1344 Sardicen-

2155 1375 2228 1428 sis
2277 1374 2522 1430 habuisse
2568 1377 2825 1431 notitiam.
2881 1377 3075 1433 Verum
3113 1394 3232 1433 cum
3275 1380 3327 1434 in
3371 1379 3463 1434 hac
3499 1383 3675 1450 cpistola

2156 1466 2498 1521 Athanasium
2526 1469 2966 1536 Alexandrinum,
2998 1480 3051 1527 et
3075 1471 3269 1527 Julium
3295 1473 3568 1529 Romanum
3590 1478 3675 1545 epi-

2155 1572 2369 1628 scopum
2389 1559 2670 1627 improbari
2694 1561 2929 1629 vidisset,
2953 1578 3069 1618 eam
3091 1579 3156 1618 ex
3181 1564 3485 1620 Arianorum
3506 1566 3674 1622 ofﬁcina

2154 1651 2413 1720 prodiisse
2441 1649 2592 1706 facile
2617 1652 3006 1708 animadvertit.
3038 1655 3198 1710 Petiit
3223 1655 3377 1726 igitur
3393 1665 3448 1710 ut
3470 1657 3527 1711 ad
3553 1673 3673 1711 accn-

2154 1742 2403 1798 raliorem
2451 1752 2746 1812 temporum
2790 1744 3174 1801 diseussioncm
3227 1747 3325 1801 sibi
3378 1748 3546 1802 liceret
3588 1764 3676 1802 eam

2154 1833 2410 1903 accipere,
2451 1849 2513 1889 ac
2550 1849 2730 1890 secum
2773 1835 3002 1893 auferre.
3061 1837 3256 1892 Renuit
3301 1838 3580 1903 Fortunius,
3605 1855 3676 1894 nec

2155 1939 2274 1979 eum
2299 1926 2380 1979 vel
2408 1941 2564 1980 manu
2587 1941 2679 1981 sua
2704 1926 2969 1997 quidpiam
2996 1927 3254 1984 adnotare
3278 1929 3506 1998 permisit
3530 1947 3540 1980 :
3568 1929 3676 1999 quod

2157 2025 2329 2071 tamen
2376 2019 2589 2087 optabat
2641 2021 2997 2090 Augustinus,
3045 2036 3113 2076 ne
3159 2021 3258 2076 sibi
3302 2037 3453 2078 causa
3498 2021 3673 2076 forsitan

2154 2107 2396 2177 exigente
2433 2110 2661 2179 petenda
2691 2119 2831 2166 esset
2853 2111 2940 2166 illa
2977 2112 3223 2182 epistola,
3263 2123 3315 2168 ct
3341 2113 3437 2168 alia
3462 2127 3677 2183 suppone-

2155 2210 2322 2255 retur.
2347 2199 2478 2254 Cum
2501 2211 2744 2272 pergeret
2767 2203 3050 2258 Fortunius
3070 2204 3326 2275 justitiam
3351 2220 3456 2259 sua:
3478 2207 3613 2274 partis
3628 2219 3676 2258 ex

2153 2306 2220 2346 eo
2244 2301 2441 2348 certam
2470 2294 2606 2348 velle
2652 2295 2906 2366 intelligi,
2956 2298 3078 2367 quia
3125 2300 3531 2368 persecutionem
3557 2311 3676 2367 passa

2155 2383 2344 2449 fuerit;
2389 2386 2710 2456 Augustinus
2761 2390 3024 2457 ostendit,
3066 2391 3483 2460 persecutionem
3525 2391 3582 2446 ad
3613 2391 3677 2460 jus

2153 2489 2330 2530 causa:
2372 2477 2698 2546 probandum
2729 2493 2836 2534 non
2860 2479 2990 2536 satis
3029 2480 3230 2537 habere
3261 2483 3502 2538 momenti
3523 2498 3536 2548 ;
3557 2481 3677 2550 idque

2153 2566 2486 2622 confirmavit
2525 2571 2781 2640 exemplis
2828 2571 3127 2628 Maximiani
3165 2575 3236 2629 ab
3277 2575 3402 2644 ipsis
3439 2573 3678 2628 Donatistis

2151 2659 2419 2728 exagitati,
2445 2670 2498 2715 et
2539 2662 2826 2731 Ambrosii,
2855 2679 3010 2734 quem
3057 2664 3403 2720 christianum
3449 2675 3497 2720 et
3517 2665 3677 2733 justum

2152 2748 2314 2804 fuisse
2336 2766 2530 2822 negare
2555 2754 2898 2824 cogebantur,
2921 2771 2951 2810 a
2977 2755 3185 2810 Justina
3221 2756 3466 2812 divexati.
3493 2756 3677 2810 Rursum

2152 2841 2436 2898 Fortunius
2462 2844 2835 2900 iuterventoris
2863 2845 3155 2916 cujusdam,
3189 2863 3345 2918 quem
3368 2863 3397 2901 a
3423 2845 3594 2901 nostris
3614 2859 3679 2899 oc-

2151 2937 2319 2993 cisum
2348 2937 2572 3006 dicebat,
2613 2949 2784 2996 morte
2809 2941 3036 3011 objecta,
3062 2943 3129 2998 ab
3157 2944 3448 3014 Augustino
3470 2943 3679 2996 instanter

2151 3042 2388 3097 qumrere
2413 3032 2591 3100 coepit,
2623 3046 2779 3102 quem
2807 3033 3005 3102 justum
3047 3043 3283 3104 putaret,
3312 3035 3400 3106 qui
3428 3033 3610 3097 occidit,
3628 3047 3676 3085 an

2151 3120 2240 3188 qui
2265 3122 2469 3176 occisus
2487 3131 2647 3177 esset.
2677 3122 2864 3179 Statim
2887 3125 2974 3181 ille
2989 3127 3036 3181 ei
3057 3126 3147 3182 uni
3174 3143 3276 3184 nec
3291 3128 3516 3200 probata:
3535 3125 3676 3188 morti,

2149 3225 2268 3263 cum
2296 3212 2458 3266 multa
2486 3213 2606 3280 alia,
2650 3224 2760 3270 tum
2788 3218 3018 3272 maxime
3041 3220 3292 3288 opposuit
3330 3229 3552 3291 apertum
3587 3217 3678 3272 Cir-

2148 3301 2548 3358 cumcellionum
2573 3303 2800 3360 furorem
2826 3304 3237 3380 frequentesque
3258 3311 3446 3366 caedes.
3476 3308 3568 3365 Sed
3585 3319 3678 3362 cum

2147 3389 2263 3444 hmc
2299 3392 2655 3450 dissimularet
2698 3393 3002 3466 Fortunius,
3057 3415 3236 3470 neque
3264 3416 3292 3454 a
3322 3399 3542 3472 quarsitis
3566 3395 3678 3452 desi-

2146 3490 2343 3548 steret;
2371 3483 2545 3541 allatis
2568 3485 2635 3540 ab
2655 3486 2946 3558 Augustino
2969 3489 3095 3544 Elite
3113 3493 3301 3561 gestis,
3328 3492 3507 3562 quibus
3531 3490 3603 3544 hic
3619 3487 3680 3542 vir

2146 3577 2240 3631 Dei
2275 3578 2454 3648 plures
2481 3581 2971 3651 pseudoprophetas
2993 3598 3151 3638 manu
3179 3600 3276 3639 sua
3305 3584 3574 3655 peremisse
3595 3594 3681 3635 nar-

2143 3680 2312 3733 ratur.
2340 3671 2520 3727 videre
2561 3672 2773 3728 demum
2805 3675 2986 3745 cespit,
3011 3675 3155 3745 justo
3197 3680 3380 3733 saltem
3409 3675 3583 3731 veteris
3603 3672 3682 3728 Το-

2143 3763 2390 3814 stamenti
2415 3763 2741 3832 temporibus
2761 3764 2975 3821 licuisse
2995 3767 3264 3824 occidere.
3298 3769 3521 3824 Perstitit
3539 3777 3678 3820 tamen

2143 3857 2202 3902 ut
2226 3859 2506 3919 quareret,
2537 3868 2659 3906 num
2691 3862 2746 3908 et
2773 3854 2873 3908 hoc
2897 3855 2964 3909 de
2999 3871 3137 3910 novo
3181 3857 3514 3913 Testamento
3537 3860 3680 3927 posset

2143 3940 2377 4008 probari.
2410 3941 2489 3996 Ad
2516 3958 2673 4012 quem
2701 3946 3023 4015 Augustinus
3053 3965 3067 4002 :
3093 3948 3195 4002 sibi
3224 3949 3432 4019 quidem
3455 3949 3502 4003 in
3520 3962 3576 4003 eo
3597 3959 3678 3999 non

2143 4044 2422 4086 occurrere
2465 4033 2664 4102 justum
2714 4035 2879 4090 ullum
2929 4038 3017 4107 qui
3077 4040 3308 4109 aliquem
3358 4035 3675 4098 interfecerit,

2143 4134 2505 4180 verumtamen
2561 4126 2758 4197 liquido
2805 4127 2874 4183 ibi
2919 4129 3293 4198 demonstrari,
3344 4132 3603 4187 sceleratos
3626 4126 3677 4179 ab

2144 4214 2511 4269 innocentibus
2543 4217 2594 4270 in
2635 4218 2876 4273 Ecclesia
2907 4220 3208 4278 tolerandos
3236 4238 3390 4287 esse;
3421 4237 3531 4276 cum
3557 4215 3678 4272 Chri-

2143 4314 2258 4359 stus
2273 4307 2382 4374 ipse
2403 4306 2590 4361 Judam
2615 4309 2935 4377 toleraverit,
2952 4312 3062 4366 etei
3077 4314 3303 4381 primum
3321 4314 3676 4367 Sacramcntunt

2145 4397 2382 4465 corporis
2404 4406 2455 4451 et
2480 4400 2747 4467 sanguinis
2768 4402 2845 4455 sui
2875 4405 3180 4471 porrexerit.
3213 4407 3327 4471 Quo
3343 4404 3568 4474 exemplo
3581 4412 3676 4455 cum

2145 4502 2308 4556 prope
2334 4503 2519 4542 omnes
2541 4501 2893 4556 moverentur,
2920 4492 3045 4547 illud
3064 4493 3348 4550 Fortunius
3365 4495 3565 4550 eludere
3587 4500 3677 4545 ten-

2142 4580 2290 4642 tavit,
2309 4595 2555 4636 assercns
2583 4584 2719 4637 illam
2736 4599 2854 4638 cum
2880 4587 3136 4642 scelerato
3163 4589 3572 4643 communionem
3593 4597 3676 4637 non

2142 4671 2378 4727 obfuisse
2403 4673 2689 4742 Apostolis,
2717 4676 2853 4745 quod
2876 4692 2980 4731 non
3007 4678 3166 4734 alium
3196 4697 3353 4750 quam
3378 4679 3578 4736 Joannis
3600 4676 3675 4730 bac

2141 4763 2390 4832 ptismum
2436 4774 2560 4820 tunc
2593 4769 2847 4835 temporis
2894 4770 3239 4839 accepissent.
3287 4773 3390 4828 Sed
3434 4765 3675 4840 uequcbic

2144 4857 2307 4910 valuit
2335 4859 2646 4926 Augustino,
2680 4873 2772 4914 eos
2811 4859 2919 4928 jam
2961 4869 3069 4914 tum
3103 4862 3368 4932 Baptismo
3396 4860 3573 4917 Christi
3597 4856 3672 4912 ab-

2143 4947 2282 5000 lutos
2300 4947 2456 5003 fuisse
2482 4949 2748 5018 probanti,
2769 4959 2924 5021 atque
2951 4951 3000 5005 in
3024 4968 3138 5007 eam
3165 4969 3277 5008 rem
3299 4948 3672 5010 confirmandam

2139 5039 2288 5108 plura
2317 5038 2488 5094 adhuc
2515 5043 2740 5111 paranti,
2772 5043 3038 5098 resistere.
3089 5045 3214 5100 Inde
3244 5063 3370 5102 vero
3411 5053 3672 5101 sermonem

2139 5132 2206 5185 ad
2233 5133 2282 5186 id
2301 5134 2578 5198 convertit,
2605 5135 2745 5190 unde
2770 5135 3058 5208 intelligere
3080 5137 3255 5203 liceat,
3281 5139 3562 5194 Donatistas
3576 5147 3672 5204 per.

2143 5225 2468 5279 secutionem
2507 5225 2732 5295 aliquam
2757 5227 2855 5282 sibi
2886 5236 2995 5282 tum
3025 5229 3415 5300 impendentem
3448 5225 3669 5283 timuisse.

2138 5313 2269 5370 Nam
2297 5317 2448 5386 petiit
2475 5317 2542 5370 ab
2563 5318 2876 5387 Augustino,
2907 5319 3154 5389 quidnam
3181 5321 3224 5375 si
3255 5336 3408 5376 casus
3431 5318 3668 5374 incideret,

2137 5409 2254 5480 ipse
2279 5420 2419 5466 esset
2461 5410 2714 5465 facturus.
2743 5410 3014 5479 Professus
3041 5423 3123 5468 est
3153 5414 3488 5485 Augustinus,
3533 5423 3587 5464 se
3611 5403 3670 5459 illi

2136 5517 2241 5556 non
2263 5519 2666 5571 consensurum,
2705 5503 2832 5576 quin
2885 5506 3062 5583 etiam‘
3099 5521 3195 5577 pro
3245 5506 3381 5562 virili
3418 5511 3557 5575 parte
3593 5497 3671 5552 ob-

2135 5592 2380 5646 stiturum
2429 5591 2632 5665 (Ibid.,
2660 5610 2712 5647 η.
2752 5594 2810 5648 Η
2849 5592 2890 5666 ).
2922 5595 3115 5666 Reipsa
3169 5605 3296 5651 tunc
3340 5592 3577 5664 temporis
3612 5588 3668 5640 ita

2134 5683 2393 5736 sentiebat
2408 5699 2422 5746 ;
2441 5683 2531 5737 sed
2551 5683 2871 5751 experientia
2888 5700 3007 5738 emn
3024 5685 3089 5740 de
3103 5685 3358 5740 sententia
3372 5677 3668 5754 postmodum

2134 5773 2333 5845 depulit
2349 5775 2533 5846 (Epist.
2558 5775 2678 5846 185,
2692 5793 2735 5831 c.
2756 5777 2806 5847 7,
2830 5777 3135 5848 21.225)er
3152 5777 3219 5834 de
3237 5777 3448 5834 sedibus
3467 5771 3565 5831 suis
3581 5766 3669 5826 dis.
