3868 6388
219 410 313 466 9⁸13

216 518 395 580 cessuri
427 521 764 573 surrexerant
781 554 795 578 ,
816 525 933 569 eum
951 510 1205 567 Fortunio
1220 508 1484 565 Genethlii
1509 508 1756 564 decesso-

216 615 280 671 ris
296 610 473 668 Aurelii
496 609 546 662 in
575 606 702 662 sede
729 602 1121 674 Carthaginensi
1147 602 1416 656 lenitatem
1437 601 1756 670 praedicante

215 704 412 774 subjecit
436 701 754 770 Augustinus
781 713 794 749 :
821 695 914 750 Ille
945 706 1118 749 tamen
1135 693 1468 758 Genethlius,
1492 694 1538 748 si
1568 693 1619 748 in
1645 709 1756 749 ma-

213 813 299 854 nus
324 804 511 851 vestras
533 790 816 854 incidisset,
849 787 1250 858 rebaptizandus
1275 797 1599 842 censeretur.
1638 787 1757 844 Fas-

211 903 289 944 sus
321 895 396 942 est
432 883 738 946 Fortunius,
781 880 1123 934 constitutum
1151 877 1288 948 apud
1318 893 1444 933 suos
1485 877 1665 944 fuisse,
1698 888 1758 935 ut

209 976 420 1050 quisquis
441 974 506 1030 ad
526 975 670 1044 ipsos
698 971 926 1026 fidelium
945 970 1168 1033 venerit,
1201 969 1586 1039 rebaptizetur:
1614 970 1754 1040 quod

211 1080 362 1124 tamen
399 1081 514 1120 cum
546 1064 766 1119 invitum
793 1070 986 1117 etcum
1012 1060 1194 1115 dolore
1222 1060 1382 1114 animi
1410 1059 1544 1114 hanc
1569 1075 1753 1114 eorum

210 1157 612 1216 consuetudinem
643 1152 991 1226 improbantis
1029 1151 1226 1217 dicere,
1259 1150 1412 1204 facile
1444 1150 1749 1220 apparebat.

213 1255 270 1309 Et
289 1268 338 1308 re
353 1249 552 1321 quidem
576 1247 691 1317 ipsa
713 1246 871 1300 tctius
895 1244 1121 1299 civitatis
1137 1241 1440 1297 testimonio
1457 1241 1747 1306 constabat,

209 1359 341 1414 quam
367 1349 499 1397 esset
536 1354 566 1393 a
591 1337 841 1392 violentis
884 1343 1044 1391 secta:
1073 1349 1185 1388 sua:
1228 1333 1379 1387 factis
1422 1332 1646 1399 alienus,
1686 1332 1754 1387 de

206 1437 370 1506 quibus
386 1432 515 1504 apud
540 1444 668 1486 suos
693 1430 887 1499 sapius
919 1426 1359 1497 eonquerebatnr,
1398 1433 1457 1479 ut
1481 1441 1600 1480 cum
1623 1425 1754 1496 ipsis

206 1527 341 1583 etiam
385 1522 650 1579 catholicis
693 1520 749 1574 in
787 1519 888 1573 hoc
921 1515 1187 1585 colloquio
1225 1515 1558 1570 condolebat.
1605 1515 1752 1582 Quo-

206 1618 324 1672 circa
371 1612 608 1671 convenit
659 1611 800 1666 inter
857 1624 985 1675 eos,
1039 1608 1270 1662 violenta
1321 1607 1583 1673 facinora,
1633 1623 1752 1678 quae

206 1711 290 1766 sibi
323 1707 527 1762 invicem
556 1705 850 1760 Donatista:
871 1712 928 1758 et
953 1701 1216 1757 Catholici
1256 1699 1666 1770 exprobrabant,
1697 1701 1750 1755 in

208 1802 277 1856 his
301 1796 722 1869 diSputationibus
762 1811 868 1849 non
896 1808 1017 1850 esse
1062 1791 1395 1863 proferenda.
1440 1792 1752 1848 Schismatis

209 1893 426 1948 adversus
445 1891 785 1946 Caecilianum
805 1903 837 1942 a
853 1885 1142 1941 Donatistis
1157 1885 1368 1940 excitati
1398 1884 1620 1954 qumstio
1637 1884 1751 1954 agi-

213 1986 346 2040 tanda
368 1983 598 2040 restabat.
631 1982 820 2050 Itaque
862 1977 1172 2033 Fortunium
1213 1977 1505 2031 obtestatus
1530 1986 1611 2032 est
1638 1977 1750 2031 Au-

220 2074 434 2146 gustinus,
457 2083 507 2126 nt
533 2080 728 2142 pacato
753 2069 930 2124 animo
967 2068 1034 2123 ad
1063 2079 1169 2122 tam
1193 2082 1406 2138 gravem
1432 2077 1752 2122 controver-

222 2166 332 2220 siam
367 2161 766 2233 componendam
793 2174 971 2215 secum
1010 2158 1356 2213 adniteretur.
1391 2157 1752 2228 Respondenti

219 2254 446 2321 Fortunio,
471 2254 604 2308 nolle
622 2251 937 2309 Catholieos
960 2249 1028 2305 de
1052 2249 1135 2304 his
1164 2248 1512 2318 quaestionem
1545 2248 1749 2314 haberi,

213 2345 434 2416 pollicitus
467 2353 546 2401 est
583 2330 941 2414 Augustinus,
968 2356 1027 2396 se
1052 2340 1286 2409 collegas
1324 2354 1470 2406 suos,
1501 2347 1646 2394 certe
1671 2339 1752 2394 vel

207 2436 382 2502 decem,
408 2437 487 2506 qui
532 2452 650 2491 suae
700 2433 980 2490 sentcntiae
1024 2431 1436 2496 subscriberent,
1485 2429 1753 2486 exhibitu-

205 2547 320 2586 rum.
363 2530 489 2586 Idem
515 2547 579 2585 ex
623 2536 784 2600 parte
814 2525 1209 2582 Donatistarum
1238 2521 1522 2593 spopondit
1563 2521 1754 2578 Fortu-

201 2623 316 2676 nius.
344 2621 443 2676 Sub
467 2620 577 2676 haec
604 2620 912 2675 discessum
940 2625 1044 2673 est.

255 2713 301 2768 2.
321 2712 562 2768 Postridie
577 2710 877 2766 Fortunius
893 2689 1243 2778 Augustinum
1265 2705 1533 2771 convenit,
1556 2713 1609 2760 et
1629 2720 1753 2759 rur-

200 2819 276 2862 sus
298 2806 468 2862 eadem
501 2805 568 2861 de
625 2819 685 2858 re
712 2808 954 2874 egerunt,
985 2799 1080 2855 sed
1111 2799 1327 2869 paucis;
1367 2798 1617 2869 quoniam
1649 2798 1757 2852 Au-

199 2899 406 2968 gustinus
441 2897 703 2966 Maiorem
731 2893 1105 2950 leicolarum
1141 2891 1513 2955 accersiverat,
1545 2903 1753 2944 sermo-

202 3004 300 3044 nem
326 3005 436 3044 cum
463 3004 525 3043 eo
549 2987 872 3050 habiturus;
894 2992 948 3041 et
972 2984 1039 3038 ad
1067 2982 1372 3053 episcopum
1402 2981 1754 3037 ordinandum

202 3083 545 3152 quamprimum
581 3087 704 3136 erat
732 3077 1062 3149 profecturus
1086 3094 1100 3130 :
1124 3076 1297 3146 ipsum
1321 3089 1532 3145 quoque
1560 3073 1754 3130 Fortu-

205 3167 328 3220 uium
357 3167 640 3237 cujusdam
669 3168 879 3221 itineris
909 3163 1204 3219 necessitas
1233 3162 1475 3232 urgebat.
1513 3161 1767 3232 Quando-

199 3261 380 3330 quidem
397 3263 604 3318 Cirtam
623 3275 683 3317 se
699 3259 994 3325 conferret,
1017 3256 1257 3313 dubitari
1280 3273 1386 3310 non
1415 3264 1610 3326 potest,
1633 3254 1767 3325 quin

201 3354 328 3408 istius
352 3356 578 3412 civitatis
613 3353 944 3410 ordinandus
982 3360 1129 3408 esset
1160 3351 1463 3418 episcopus,
1490 3347 1758 3403 Fortuna-

201 3451 272 3500 tus
293 3447 520 3504 videlicet
553 3445 838 3503 Profuturi
862 3457 1162 3500 successor.
1187 3440 1319 3496 Nam
1348 3439 1688 3506 Profuturus,
1705 3450 1766 3495 ut

207 3537 459 3607 docuimus,
485 3542 863 3610 Augustinum
897 3540 949 3593 in
977 3537 1296 3608 episcopatu
1319 3534 1691 3603 antecedebat,
1709 3541 1769 3588 et

210 3629 304 3695 ejus
323 3645 586 3689 successor
607 3632 940 3687 Fortunatus
963 3631 1102 3685 inter
1124 3628 1408 3700 primarius
1438 3635 1555 3681 erat
1579 3625 1632 3680 in
1652 3625 1766 3682 col-

205 3721 366 3780 latione
383 3724 800 3796 Carthaginensi
823 3737 966 3779 anno
983 3719 1516 3793 quadringentesimo
1539 3716 1768 3773 undeci-

203 3828 291 3870 mo.
306 3816 513 3875 Constat
535 3834 709 3890 porro
737 3817 880 3873 hunc
897 3815 1190 3886 Augustini
1211 3828 1332 3868 eum
1360 3812 1624 3868 Fortunio
1638 3827 1770 3868 con-

207 3911 412 3966 gressum
454 3909 510 3956 et
556 3898 887 3968 colloquium
924 3897 1208 3965 contigisse
1253 3904 1375 3949 ante
1399 3910 1594 3947 annum
1621 3910 1757 3964 qua-

207 3986 652 4058 dringentesimum
684 3987 1048 4042 undecimum.
1075 3984 1227 4051 Quod
1248 3984 1650 4053 conjiccrclicet
1675 3985 1756 4039 vel

206 4093 260 4131 ex
282 4079 384 4149 ipso
407 4080 689 4151 Augustini
718 4077 898 4132 animo
921 4093 953 4133 a
979 4075 1361 4146 persequendis
1382 4074 1648 4130 hmretieis
1665 4075 1756 4130 ad-

208 4168 296 4227 huc
331 4173 518 4228 alieno.
549 4172 896 4241 Perspicuum
940 4169 1102 4225 etiam
1137 4175 1238 4232 est,
1282 4166 1583 4222 Donatistas
1633 4176 1757 4222 tunc

205 4264 385 4331 quietos
407 4265 589 4328 fuisse,
610 4271 826 4332 totaque
846 4260 1066 4331 epistola
1089 4275 1181 4314 eos
1207 4259 1359 4328 plena
1391 4258 1493 4312 frui
1515 4259 1756 4314 libertate

207 4349 405 4418 indicat;
433 4353 574 4424 quod
602 4367 872 4422 nunquam
914 4349 1106 4404 accidit
1134 4349 1202 4403 ab
1229 4364 1370 4403 anno
1397 4348 1754 4418 quadringen-

208 4441 371 4496 tesimo
392 4445 690 4499 undecimo.
716 4442 905 4512 Liquet
927 4439 1131 4510 pariter
1156 4439 1529 4509 Augustinum,
1557 4453 1677 4492 cum
1705 4439 1752 4494 ei

209 4530 461 4589 Fortunius
500 4533 898 4606 pseudosynodi
935 4532 1268 4590 Sardicensis
1296 4531 1572 4600 epistolam
1599 4529 1753 4584 exhi-

208 4619 316 4687 buit,
345 4627 463 4694 quid
501 4626 615 4681 hac
651 4633 796 4681 esset
839 4633 963 4678 tunc
1005 4623 1291 4693 ignorasse.
1321 4621 1466 4675 Illam
1498 4629 1672 4675 tamen
1699 4621 1753 4676 in

210 4710 334 4768 libris
358 4727 530 4772 contra
560 4715 908 4772 CreSconium
930 4723 1053 4769 ante
1076 4728 1272 4767 annum
1292 4711 1754 4782 quadringentesi-

209 4817 334 4862 mum
370 4809 706 4866 undecimum
745 4807 1058 4877 conscriptis
1099 4812 1382 4870 memorat,
1419 4811 1475 4859 et
1515 4812 1574 4858 ut
1620 4819 1755 4873 opus

209 4897 449 4966 Arianum,
464 4903 602 4974 quod
622 4901 730 4972 jam
752 4901 843 4955 diu
865 4915 971 4970 pra:
991 4898 1237 4953 manibus
1257 4892 1494 4961 haberet,
1520 4895 1755 4965 explodit

212 4987 394 5058 (Contra
417 4992 754 5058 Cresconium,
775 4991 860 5046 lib.
889 4991 943 5056 5,
973 5005 1018 5043 c.
1043 4990 1132 5056 ‘54,
1156 5006 1209 5042 η.
1235 4988 1348 5058 '58).
1376 4987 1470 5041 Hie
1500 4997 1754 5056 praeterea

211 5074 462 5139 Fortunius
484 5083 752 5155 antiquior
797 5080 1093 5152 Augustino
1132 5079 1410 5149 episcopus
1454 5077 1756 5132 decesserat

213 5183 333 5227 anno
346 5176 852 5247 quadringentesimo
871 5173 1151 5230 undecimo
1171 5189 1184 5224 :
1214 5173 1406 5242 quippe
1426 5186 1544 5226 cum
1564 5169 1756 5224 Janua-

217 5261 330 5329 rius,
351 5273 409 5320 ut
427 5257 702 5339 episcopus
721 5266 1126 5324 Tubursicensis
1151 5265 1204 5320 in
1227 5263 1491 5326 Numidia,
1518 5279 1580 5318 ex
1605 5271 1757 5334 parte

221 5351 607 5426 Donatistarum,
662 5358 960 5415 interfuerit
1010 5357 1278 5413 eollationi
1327 5355 1754 5426 Carthaginensi.

221 5441 312 5500 Sed
333 5449 411 5505 me
432 5450 711 5507 Fortunius
736 5452 849 5522 ipse
887 5458 988 5518 est,
1024 5449 1163 5504 haud
1199 5447 1379 5513 dubie,
1407 5447 1496 5517 qui
1523 5447 1756 5502 decimus

221 5547 492 5598 muneratur
525 5544 663 5598 inter
689 5549 953 5598 trecentos
977 5549 1032 5598 et
1055 5541 1239 5596 decem
1270 5539 1552 5608 episcopos
1579 5537 1760 5592 conci-

220 5619 272 5678 ἶίί
305 5626 583 5702 Bagaiensis
623 5648 767 5689 anno
800 5633 1172 5689 trecentesimo
1201 5628 1542 5700 nonagesimo
1570 5638 1758 5700 quarto

227 5712 385 5790 (Ibid,
403 5723 482 5778 us.
499 5727 552 5792 ι,
569 5743 614 5780 ε.
631 5726 719 5794 to,
735 5744 788 5780 η.
812 5726 926 5799 te).
943 5726 1043 5782 Ubi
1068 5727 1119 5780 in
1139 5723 1391 5796 praedicto
1410 5722 1674 5793 colloquio
1693 5721 1759 5777 de

227 5805 472 5872 Altitudo
486 5831 659 5873 sermo
687 5818 889 5888 incidit,
907 5817 1179 5890 Augustini
1193 5817 1354 5874 verba
1369 5815 1619 5873 inducere
1633 5830 1757 5886 pos-

1536 393 1739 451 LIBER
1777 394 2101 464 QUARTUS

3336 405 3443 464 9.74

1863 517 2008 579 sunt,
2029 519 2085 564 ut
2109 519 2348 567 sanctum
2375 513 2522 568 illum
2546 515 2821 584 praesulem
2848 532 2902 572 tn
2921 517 3054 573 vivis
3075 517 3247 574 adhuc
3267 521 3442 590 egisse

1863 600 2173 656 credamus:
2199 613 2358 674 atque
2384 605 2470 660 ubi
2497 615 2668 661 actum
2710 619 2792 664 est
2833 609 2902 666 de
2942 614 3308 682 persecutione
3335 615 3441 670 Do-

1864 692 2175 746 natistarum
2205 694 2257 748 in
2281 694 2718 764 Maximianistas,
2756 700 2930 755 nullus
2955 718 3130 758 sermo
3155 703 3325 759 factus
3353 721 3441 761 re-

1861 783 2067 852 peritur
2094 783 2160 838 de
2190 784 2510 841 Prmtextato
2535 798 2589 841 et
2613 787 2907 856 Feliciano,
2947 808 3080 862 quos
3123 804 3437 865 receperant

1863 877 1962 931 sub
2005 877 2212 932 initium
2257 879 2380 932 anni
2427 883 2784 936 trecentesimi
2833 887 3158 955 nonagesimi
3201 889 3435 959 septimi.

1861 969 1990 1026 Haec
2015 986 2142 1025 vero
2163 971 2409 1026 videntur
2438 974 2723 1043 postulare,
2744 983 2802 1029 ut
2828 975 2966 1030 istud
2982 977 3298 1047 colloquium
3330 996 3439 1036 non

1862 1064 2035 1120 serius
2060 1065 2273 1119 ineunte
2293 1080 2434 1120 anno
2457 1067 2833 1123 trecentesimo
2856 1069 3198 1138 nonagesimo
3213 1073 3440 1141 septimo

1859 1158 2097 1213 habitum
2119 1174 2489 1230 agnoscamus.
2509 1160 2612 1216 Sed
2635 1161 2755 1230 quia
2777 1170 2985 1217 constat
3005 1162 3057 1216 id
3088 1162 3442 1234 Augustinum

1860 1248 2127 1316 habuisse,
2147 1265 2267 1305 cum
2296 1251 2362 1305 ad
2392 1251 2742 1306 ordinandum
2774 1253 3046 1308 Profuturi
3076 1268 3441 1310 successorem

1857 1341 2312 1413 proficisceretur;
2337 1344 2637 1412 ponendum
2665 1353 2808 1400 esset
2832 1343 3127 1414 Megalium,
3148 1346 3234 1400 cui
3254 1361 3444 1416 super-

1856 1442 1967 1489 stes
2022 1432 2120 1488 fuit
2175 1433 2488 1489 Profuturus
2538 1443 2662 1489 tunc
2714 1434 3023 1501 defunctus,
3069 1434 3268 1492 obiisse
3316 1446 3443 1493 ante

1857 1527 2028 1596 ipsum
2055 1543 2251 1582 annum
2269 1528 2698 1583 trecentesimum
2713 1528 3112 1598 nonagesimum
3129 1528 3438 1600 septimum,

1857 1627 2014 1690 atque
2043 1619 2164 1674 anni
2193 1620 2298 1673 fere
2329 1619 2556 1688 spatium
2588 1619 2734 1690 prius
2753 1617 3220 1688 cffluxisse,quam
3246 1619 3360 1688 ejus
3384 1620 3441 1674 in

1859 1711 2086 1782 primatu
2114 1725 2390 1765 successor
2417 1710 2826 1764 renuntiaretur.
2854 1709 2986 1764 Nam
3009 1709 3439 1776 Crescentianus,

1857 1804 1945 1873 qui
1967 1804 2017 1858 ei
2045 1804 2368 1859 successisse
2387 1803 2640 1868 creditur,
2665 1803 2862 1872 primas
2891 1817 2999 1856 non
3031 1801 3148 1867 fuit,
3171 1802 3272 1856 nisi
3297 1802 3439 1856 circa

1857 1893 2062 1947 initium
2104 1894 2308 1962 augusti
2344 1893 2469 1947 anni
2510 1893 2665 1960 hujus
2711 1892 3065 1947 treeentesimi
3110 1890 3439 1962 nonagesimi

1857 1984 2086 2052 septimi.
2118 1984 2267 2039 Licet
2303 1993 2480 2038 autem
2522 1984 2796 2054 Megalium
2840 1983 2978 2038 inter
3013 1991 3067 2038 et
3103 1983 3433 2039 Crescentiao

1858 2091 1984 2131 num
2010 2075 2208 2144 primas
2253 2076 2421 2145 possit
2455 2075 2718 2140 interseri,
2749 2089 2856 2128 non
2881 2083 3055 2127 tamen
3081 2083 3180 2139 est,
3210 2089 3304 2128 cur
3335 2073 3438 2128 hoc

1858 2164 1930 2218 ita
1955 2165 2240 2235 contigisse
2261 2180 2578 2218 asseramus.
2598 2163 2858 2230 Quocirca
2882 2163 3145 2217 malumus
3167 2163 3305 2217 istud
3328 2163 3440 2217 col-

1857 2255 2091 2324 loquiutn
2131 2264 2222 2308 aut
2250 2263 2474 2309 exeunte
2515 2269 2654 2308 anno
2681 2254 3060 2308 trecentesimo
3091 2253 3437 2323 nonagesimo

1858 2348 2083 2417 septimo
2106 2363 2384 2416 reponere,
2416 2356 2505 2400 aut
2535 2345 2708 2415 potius
2737 2344 2951 2398 ineunte
2992 2358 3132 2397 anno
3163 2352 3434 2398 trecente-

1857 2439 1994 2492 simo
2019 2439 2360 2508 nonagesimo
2381 2447 2588 2499 octavo,
2617 2436 2742 2490 dum
2765 2434 3004 2489 Gildonis
3029 2433 3274 2489 interitus
3309 2449 3437 2504 per-

1857 2529 2144 2583 secutionis
2195 2535 2392 2581 metum
2420 2525 2707 2580 Donatistis
2741 2533 2953 2595 propter
2999 2522 3247 2594 Optatum
3283 2537 3437 2578 suum

1857 2618 2097 2675 Gildonis
2118 2617 2380 2672 fautorem
2411 2619 2629 2687 injicere
2651 2602 2875 2687 poterat.

1929 2717 1982 2769 5.
2009 2713 2350 2768 Postmodum
2391 2714 2714 2784 Augustinus
2745 2713 3014 2768 Eleusium
3063 2722 3120 2769 et
3160 2713 3316 2780 alios,
3347 2713 3441 2783 qui

1857 2804 1926 2861 de
1953 2804 2211 2860 Fortunio
2237 2805 2333 2873 ipsi
2361 2804 2519 2858 verba
2543 2803 2799 2869 fecerant,
2826 2804 3079 2874 colloquii
3105 2820 3226 2860 cum
3251 2820 3318 2860 eo
3345 2804 3441 2860 ha-

1856 2894 1953 2950 biti
1977 2896 2232 2948 certiores
2259 2892 2383 2947 fecit
2406 2909 2418 2945 :
2443 2901 2497 2946 et
2525 2893 2626 2946 hoc
2651 2893 2724 2947 illi
2753 2893 3112 2948 testimonium
3144 2893 3347 2960 tribuit,
3381 2893 3437 2948 in

1858 2986 2121 3057 episcOpis
2144 2985 2432 3039 Donatistis
2453 2984 2764 3040 difficillime
2791 2993 3063 3054 repertum
3093 2985 3158 3038 iri
3187 2993 3294 3039 tam
3329 2984 3436 3038 uti-

1859 3077 1964 3132 lem
1986 3076 2219 3130 animum
2247 3085 2298 3130 et
2329 3077 2671 3142 voluntatem,
2701 3091 2861 3146 quam
2879 3076 2931 3130 in
2946 3075 3048 3130 isto
3069 3090 3198 3131 sene
3216 3091 3437 3146 perspe-

1859 3170 2044 3224 xisset.
2074 3167 2181 3222 llos
2221 3167 2521 3222 Donatistas
2568 3182 2662 3236 per
2705 3166 2915 3221 Domini
2943 3166 3255 3236 sanguinem
3281 3152 3466 3222 obte?

1860 3268 2051 3325 statur,
2081 3275 2201 3314 eum
2226 3268 2282 3313 ut
2303 3258 2384 3312 sui
2411 3258 2477 3313 de
2504 3258 2876 3330 prosequendo
2901 3259 3168 3328 colloquio
3189 3260 3437 3330 promissi

1859 3359 2259 3414 eommoneant;
2289 3366 2394 3422 quo
2437 3366 2523 3404 res
2553 3351 2662 3421 jam
2698 3358 2872 3421 coepta
2896 3358 2953 3406 et
2981 3366 3169 3421 magna
3195 3367 3260 3406 ex
3283 3360 3435 3422 parte

1859 3453 2027 3512 gesta,
2058 3441 2273 3495 tandem
2319 3441 2605 3511 aliquando
2652 3449 2949 3512 peragatur.
2990 3441 3073 3496 Ad
3111 3457 3267 3511 quam
3306 3440 3438 3496 diri-

1860 3533 2104 3588 mendam
2140 3541 2338 3597 monet,
2367 3532 2540 3586 locum
2575 3532 2807 3602 aliquem
2855 3532 3095 3603 procula
3129 3531 3354 3587 tumultu
3383 3541 3442 3588 et

1861 3623 2162 3677 turbulenta
2190 3622 2464 3676 hominum
2497 3622 2790 3692 frequentia
2822 3637 2941 3678 esse
2981 3622 3325 3694 seligendum,
3368 3621 3440 3677 si-

1860 3725 1947 3769 cut
1977 3724 2058 3770 est
2085 3715 2205 3769 villa
2233 3714 2458 3782 Titiana,
2489 3714 2572 3770 vel
2599 3714 2770 3784 quivis
2794 3714 2928 3769 alius
2962 3714 3016 3769 in
3058 3715 3439 3771 Tubursicensi

1860 3816 1951 3861 aut
1976 3807 2282 3874 Tagastensi
2315 3807 2532 3862 dioecesi
2561 3807 2732 3874 locus,
2757 3808 2808 3861 in
2845 3822 2950 3878 quo
2977 3806 3115 3862 nulla
3161 3809 3230 3862 sit
3261 3809 3437 3863 eccle-

1861 3899 1961 3962 sia,
1991 3899 2081 3969 qui
2121 3908 2296 3953 tamen
2327 3897 2393 3952 ab
2421 3897 2710 3952 Catholicis
2749 3909 2802 3953 et
2842 3898 3126 3952 Donatistis
3156 3898 3436 3961 incolatur,

1860 4000 1920 4045 ut
1945 3992 2168 4060 quisque
2206 3989 2344 4060 apud
2386 3989 2648 4059 hospitem
2676 3989 3066 4044 communionis
3110 4004 3221 4045 sua:
3270 3991 3439 4059 possit

1860 4081 2148 4137 diversari:
2179 4081 2302 4135 illuc
2323 4079 2640 4135 deferendos
2661 4095 2781 4135 esse
2804 4079 3090 4134 canonicos
3118 4079 3351 4146 codices,
3382 4088 3438 4136 et

1861 4174 1905 4230 si
1931 4189 2030 4244 qua
2055 4172 2277 4243 proferri
2314 4171 2546 4228 debeant
2585 4172 2724 4227 ultro
2759 4173 3001 4243 citroque
3027 4187 3202 4229 causa:
3238 4173 3434 4228 instru-

1860 4275 2072 4330 menta;
2113 4264 2332 4333 singulis
2356 4263 2548 4318 deinde
2585 4263 2762 4319 dubiis
2787 4265 3150 4330 discutiendis,
3178 4275 3437 4337 quantum

1860 4371 1947 4410 res
1975 4355 2230 4426 exegerit,
2251 4354 2561 4408 vacandum.
2583 4355 2816 4424 Denique
2835 4355 3100 4410 Eleusium
3126 4363 3180 4407 et
3198 4355 3328 4407 alios
3349 4372 3439 4407 ro-

1859 4455 1966 4516 gat,
1997 4453 2057 4500 ιιι
2088 4444 2212 4515 quid
2249 4445 2345 4498 hac
2365 4444 2431 4499 de
2458 4461 2517 4498 re
2545 4445 2655 4498 sive
2682 4444 2810 4513 ipsis
2831 4447 2942 4499 sive
2972 4444 3225 4498 Fortunio
3251 4444 3436 4498 vidca-

1863 4545 1968 4602 tur,
2001 4535 2298 4590 reseribant
2323 4534 2509 4606 (Epist.
2541 4535 2628 4600 44,
2657 4551 2700 4587 ι’.
2724 4536 2776 4600 6,
2805 4552 2855 4587 η.
2882 4535 2990 4606 f2).
3022 4534 3172 4589 Latet
3201 4551 3299 4590 nos
3335 4536 3437 4591 lto-

1858 4642 2041 4682 rumce
2095 4626 2422 4696 negotiorum
2475 4635 2726 4694 eventus,
2773 4643 2891 4697 quae
2942 4628 3235 4698 Augustino
3291 4630 3436 4699 pacis

1859 4717 2201 4788 procurandae
2229 4730 2386 4771 causa
2412 4715 2644 4770 charitas
2673 4717 2978 4787 inSpirabat.

1928 4809 1980 4862 4.
2028 4809 2210 4861 Exstat
2251 4805 2425 4861 adhuc
2470 4805 2632 4861 altera
2675 4807 2952 4877 Augustini
2988 4809 3211 4880 epistola
3245 4810 3431 4866 iisdem

1858 4900 2060 4967 Glorio,
2091 4898 2324 4965 Eleusio,
2354 4898 2621 4969 Felicique
2661 4898 2943 4970 inscripta,
2975 4900 3167 4970 quibus
3194 4901 3434 4972 adjungit

1859 4991 2269 5050 Grammaticum
2292 4999 2344 5045 et
2374 5001 2598 5046 caeteros
2625 5007 2810 5046 omnes
2848 4991 3038 5061 quibus
3085 4991 3186 5047 hoc
3224 5003 3432 5062 gratum

1859 5083 2016 5139 fuerit
2044 5082 2231 5155 (Epist.
2263 5083 2374 5152 45).
2404 5079 2459 5134 lu
2492 5084 2587 5136 hac
2622 5083 2779 5136 etiam
2807 5083 3026 5152 epistola
3057 5082 3124 5138 de
3144 5083 3434 5139 schismate

1858 5174 2048 5244 agitur,
2081 5172 2323 5242 idemque
2352 5172 2517 5226 ferme
2554 5172 2619 5225 de
2646 5171 2962 5227 Maximiano
2994 5187 3171 5229 sermo
3194 5187 3310 5242 est,
3345 5177 3435 5246 qui

1861 5264 1913 5318 in
1944 5263 2215 5334 superiore
2247 5278 2259 5314 ε
2286 5262 2521 5331 nihilque
2547 5261 2756 5316 videtur
2780 5263 3013 5329 obstare,
3038 5265 3163 5336 quin
3189 5281 3306 5321 eam
3336 5268 3435 5320 sub

1861 5355 2002 5410 idem
2041 5363 2268 5424 tempus,
2312 5353 2418 5408 imo
2453 5353 2612 5423 paulo
2638 5362 2782 5420 ante,
2814 5355 3166 5424 conscriptam
3202 5357 3434 5411 arbitre—

1861 5463 2001 5502 mur.
2041 5444 2213 5516 Optati
2245 5444 2695 5516 Thumugadensis
2742 5446 3075 5518 tyrannidem
3111 5447 3184 5502 ibi
3226 5463 3434 5503 summa

1862 5536 2070 5592 dicendi
2111 5536 2353 5591 libertate
2381 5544 2764 5590 commemorat
2790 5536 3132 5606 Augustinus,
3165 5536 3230 5590 iis
3254 5543 3430 5592 tamen

1864 5628 2056 5694 verbis,
2087 5644 2204 5699 quae
2244 5627 2387 5681 illam
2427 5628 2660 5682 nondum
2691 5628 2910 5683 desiisse
2935 5627 3172 5681 innuant.
3202 5627 3434 5684 Demon-

1863 5727 1996 5774 strat
2021 5718 2234 5783 ibidem,
2266 5734 2422 5788 quam
2443 5719 2586 5787 juste
2610 5719 2849 5773 civilibus
2882 5717 3051 5787 pomis
3081 5726 3300 5786 possent
3329 5719 3433 5774 Do-

1864 5811 2071 5868 natistae
2099 5809 2338 5864 mulctari
2364 5825 2374 5859 :
2402 5807 2495 5862 sed
2525 5809 2573 5862 id
2597 5816 2766 5878 potest
2786 5807 2982 5876 optime
3003 5805 3188 5862 referri
3208 5807 3275 5862 ad
3296 5818 3433 5866 tem-
