3868 6406
473 386 582 448 275

473 519 605 579 pora
641 499 874 559 Macarii.
920 480 1044 556 Haec
1069 483 1296 570 epistola
1323 494 1596 552 memoriae
1619 493 1799 566 prodit
1827 492 2060 550 collocuâ€˜

473 600 672 655 tionem
693 596 874 660 aliam,
892 607 1194 664 quamcum
1220 591 1406 646 iisdem
1433 589 1720 644 Donatistis
1744 588 1794 642 in
1823 589 2056 657 ipsorum

471 693 684 747 civitate
727 689 986 744 habuerat
1027 685 1378 756 Augustinus.
1399 684 1534 738 Cum
1561 683 1701 738 enim
1730 681 1797 737 de
1822 696 2057 736 commu-

469 783 633 839 nione
657 781 960 838 chriStiana:
987 778 1206 834 unitatis
1231 791 1353 831 cum
1376 775 1479 830 illis
1495 783 1696 844 ageret,
1718 772 1917 844 prolata
1936 780 2057 830 sunt

465 886 539 932 an
563 875 628 930 iis
651 882 801 945 gesta
827 870 1094 943 quaedam,
1120 869 1173 923 in
1205 867 1397 938 quibus
1421 866 1734 921 Caecilianus
1771 872 1825 919 et
1853 863 1999 918 Felix
2025 877 2056 916 a

471 966 701 1023 concilio
718 961 1122 1034 Curthaginensi
1145 958 1379 1014 damnati
1408 957 1842 1027 perhibebantur.
1865 954 2056 1013 Osten-

474 1060 558 1116 dit
581 1059 688 1120 illis
716 1057 1060 1130 Augustinus,
1084 1069 1243 1125 quam
1274 1051 1521 1105 vitiosum
1548 1055 1692 1106 esset
1720 1046 1851 1104 illud
1877 1046 2056 1104 conci-

470 1153 625 1219 lium,
645 1161 701 1208 et
726 1164 827 1220 qua
853 1147 1059 1203 ratione
1086 1143 1373 1202 rescissum
1403 1140 1588 1198 fuisset
1617 1139 1757 1198 illius
1782 1137 2052 1194 decretum

467 1259 500 1300 a
529 1243 755 1300 concilio
781 1242 1039 1307 Romano,
1065 1237 1206 1310 quod
1237 1253 1304 1292 ex
1342 1237 1604 1307 episcopis
1644 1249 1675 1290 a
1707 1231 2054 1291 Constantino

467 1337 705 1410 ipsorum
727 1336 1122 1390 Donatistarum
1143 1340 1326 1402 rogatu
1344 1329 1521 1385 missis
1540 1329 1845 1392 constabat;
1873 1345 1901 1384 a
1926 1343 2054 1389 con-

467 1428 592 1484 cilio
624 1426 954 1491 Arelatensi;
1003 1424 1072 1480 ab
1114 1424 1342 1495 ipsemet
1387 1422 1754 1486 Constantino,
1789 1421 1854 1476 ad
1892 1436 2050 1492 quem

465 1519 567 1590 ipsi
608 1527 1056 1590 provocaverant;
1102 1515 1333 1588 denique
1373 1531 1402 1570 a
1455 1513 1797 1585 proconsule,
1827 1515 1914 1584 qui
1956 1529 2050 1572 sua

465 1611 727 1668 sententia
761 1611 990 1666 Felicem
1035 1616 1374 1680 purgaverat.
1406 1607 1524 1662 Non
1561 1615 1714 1662 erant
1756 1606 2052 1676 Augustino

463 1719 579 1775 pra
597 1705 839 1760 manibus
860 1703 1040 1758 omnia
1072 1703 1186 1758 haec
1213 1718 1388 1758 cauete
1419 1703 1766 1756 instrumenta
1794 1716 1806 1752 :
1835 1699 1928 1754 sed
1946 1706 2053 1754 sta-

463 1798 562 1864 tim
584 1797 908 1854 accersenda
934 1797 1157 1852 curavit.
1185 1797 1388 1852 interea
1411 1795 1647 1850 excurrit
1665 1793 1732 1848 ad
1755 1791 2048 1848 Ecclesium

463 1888 830 1945 Gelizitanam.
851 1887 980 1952 Quae
1007 1897 1182 1942 autem
1205 1888 1291 1942 illa
1319 1887 1408 1951 sit,
1439 1885 1630 1955 quidve
1655 1884 1725 1938 ibi
1746 1883 1934 1953 egerit,
1960 1898 2051 1937 ne-

465 1983 683 2038 scimus.
718 1981 843 2036 lnde
873 1996 1136 2044 reversus,
1154 1995 1274 2033 cum
1303 1979 1444 2034 bidui
1472 1993 1579 2033 non
1607 1977 1748 2046 pleni
1780 1975 2049 2030 intermis-

464 2075 616 2129 sione
653 2073 875 2144 quaesita
923 2074 1235 2143 accepisset,
1268 2071 1474 2142 singula
1501 2086 1608 2124 uno
1633 2069 1718 2124 die
1762 2067 2049 2124 Donatistis

464 2164 680 2220 recitari
707 2164 884 2234 jussit.
916 2165 997 2218 Ab
1024 2164 1156 2220 actis
1183 2163 1348 2234 coepit
1373 2161 1630 2218 Cirtensis
1650 2161 1859 2216 concilii
1887 2176 1898 2212 :
1930 2175 2049 2228 qua:

462 2255 588 2326 quia
615 2255 822 2308 illorum
852 2255 1094 2309 nonnulli
1121 2254 1344 2324 rejicere
1372 2252 1664 2315 tentabant,
1683 2251 1884 2306 causali
1912 2249 2051 2304 veri-

463 2348 638 2403 simile
663 2361 768 2402 non
795 2362 918 2402 esse
941 2346 1010 2402 ab
1037 2346 1116 2403 eis
1143 2347 1233 2416 qui
1265 2345 1562 2400 traditionis
1586 2345 1794 2398 veniam
1827 2344 1880 2398 in
1911 2359 2044 2402 con-

463 2439 587 2495 ciiio
601 2437 831 2494 Cirtensi
851 2437 1226 2504 obtinuissent,
1248 2437 1589 2492 Caecilianum
1615 2436 1802 2490 eodem
1826 2436 2050 2492 crimine

465 2528 633 2584 fuisse
659 2529 1098 2592 condemnatum;
1141 2537 1312 2596 totum
1363 2529 1418 2583 in
1461 2544 1525 2584 eo
1566 2528 1779 2599 negotio
1818 2528 2049 2584 Secundi

467 2620 745 2674 consilium
772 2619 928 2674 latius
949 2620 1211 2690 exposuit.
1241 2619 1404 2675 Jnssit
1423 2621 1616 2676 deinde
1646 2621 1854 2676 recitari
1885 2621 2048 2675 Gesta

466 2710 869 2780 proconsularia
907 2710 976 2765 de
999 2725 1158 2765 cauea
1188 2711 1380 2767 Felicis
1408 2712 1769 2783 Aptungitani.
1793 2711 1924 2766 Cum
1947 2729 2044 2766 au-

465 2809 574 2856 tem
605 2816 874 2856 nonnemo
898 2819 960 2858 ex
993 2803 1070 2857 eis
1101 2802 1329 2858 Felicem
1361 2805 1710 2874 suggillasset,
1742 2805 1892 2875 quasi
1937 2821 2048 2859 rem

467 2909 658 2964 passus
676 2902 822 2950 esset
849 2896 1100 2966 episcopo
1119 2897 1408 2967 indignam,
1425 2898 1564 2968 quod
1581 2900 1944 2968 proconsulari
1962 2899 2046 2968 ju-

465 2985 606 3042 dicio
627 2987 813 3044 fuisset
842 2989 1134 3052 absolutus,
1168 2999 1221 3044 et
1249 2991 1300 3044 in
1331 2992 1470 3046 illius
1495 3008 1652 3046 causa
1679 2993 1890 3062 quidam
1918 2993 2050 3046 fuis-

467 3087 550 3133 set
571 3081 846 3135 tormentis
873 3081 1143 3146 addictus;
1172 3082 1314 3134 illius
1344 3083 1630 3146 cavillatio,
1654 3093 1834 3153 utpote
1857 3085 2048 3137 absur-

470 3169 559 3236 da,
587 3171 797 3225 caeteris
831 3171 1118 3240 displicuit.
1146 3174 1240 3226 His
1266 3182 1386 3227 ante
1419 3172 1695 3228 meridiem
1721 3174 1892 3239 lectis,
1934 3181 2055 3244 post

471 3260 749 3316 meridiem
781 3261 1014 3316 recitata:
1041 3271 1168 3316 sunt
1201 3264 1590 3318 Donatistarum
1614 3278 1800 3332 preces
1816 3265 1879 3318 ad
1909 3264 2051 3318 Con-

469 3353 780 3418 stantinum,
812 3361 928 3406 acta
952 3355 1160 3408 concilii
1193 3355 1434 3417 Romani,
1467 3364 1522 3409 et
1547 3356 1876 3411 Constantini
1907 3357 2049 3412 litte-

469 3457 546 3496 ra:
575 3441 643 3496 de
667 3442 867 3511 judicio
893 3443 1033 3512 quod
1076 3445 1355 3499 Mediolani
1391 3447 1680 3501 secundum
1712 3448 2050 3504 Cmcilianum

471 3532 686 3586 tulerat.
707 3533 995 3588 Curaverat
1011 3536 1209 3604 pariter
1225 3538 1262 3588 A
1274 3537 1548 3605 ugustinus
1563 3537 1844 3593 deferenda
1865 3540 2047 3610 Gesta,

471 3624 664 3693 quibus
694 3623 1049 3680 Nnndinarius
1074 3627 1400 3695 ostenderat,
1424 3644 1563 3683 anno
1582 3632 1955 3686 trecentesimo
1977 3633 2055 3688 vi-

471 3715 709 3785 gesimo,
752 3732 931 3771 coram
979 3717 1289 3789 Zenophilo,
1318 3730 1597 3790 corruptos
1635 3721 1795 3776 fuisse
1834 3722 2054 3778 Lucillae

471 3806 694 3876 pecunia
721 3807 1021 3878 episcopos,
1051 3817 1106 3863 ut
1132 3810 1470 3865 Caecilianum
1489 3812 1905 3868 condemnarent
1926 3831 1938 3867 :
1959 3816 2053 3870 sed

471 3897 543 3952 ob
559 3899 812 3968 temporis
836 3899 1105 3970 angustias
1133 3901 1346 3956 recitari
1373 3918 1480 3956 non
1499 3912 1804 3973 potuerunt.
1823 3905 2052 3960 Omnem

469 3988 576 4044 illis
616 3988 730 4045 lucc
760 3989 922 4046 Gesta
953 3991 1266 4047 discutiendi
1307 4002 1361 4048 et
1405 3995 1740 4049 exscribcndi
1783 3995 2052 4052 licentiam

469 4083 674 4138 tribuit.
703 4084 813 4140 Sub
839 4085 943 4140 hoc
969 4086 1128 4157 igitur
1151 4086 1474 4157 colloquium
1502 4089 1711 4157 scripsit
1737 4087 1804 4142 ad
1835 4089 2050 4144 eosdem

469 4173 795 4239 Donatistas,
824 4175 944 4231 illos
973 4177 1349 4240 obtestaturus,
1380 4186 1434 4231 ut
1479 4178 1594 4232 hate
1621 4178 1779 4234 Gesta
1822 4181 2051 4250 inspice-

465 4273 589 4320 rent
612 4281 626 4318 :
649 4273 707 4321 et
733 4265 787 4320 in
814 4281 872 4321 re
902 4269 1031 4322 tanti
1069 4269 1322 4322 momenti
1349 4269 1427 4323 eis
1464 4270 1773 4324 inculcanda
1814 4273 2048 4342 pluribus

469 4354 804 4412 immoratur.
847 4357 965 4427 ipso
993 4358 1233 4428 epistola:
1263 4375 1374 4414 suae
1413 4360 1633 4415 exordio
1682 4377 1786 4416 non
1825 4362 2048 4419 obscure

468 4445 684 4513 iudicat,
711 4462 868 4517 posse
889 4463 918 4503 a
946 4449 1212 4504 nonnullis
1239 4451 1546 4520 improbari,
1571 4451 1710 4522 quod
1727 4453 1790 4507 ad
1810 4453 2050 4512 homines

468 4550 500 4589 a
526 4536 785 4594 catholica
817 4543 1192 4595 communione
1219 4540 1420 4597 alienos
1446 4543 1513 4598 de
1539 4544 1722 4598 salutis
1751 4561 1934 4600 eorum
1958 4562 2050 4602 nc-

468 4627 614 4696 gotio
633 4629 919 4695 scriberet;
949 4634 1036 4702 qui
1067 4642 1242 4689 tamen
1276 4635 1582 4704 probarent,
1609 4637 1651 4690 si
1680 4636 1746 4693 de
1772 4640 2048 4694 smcuiari-

467 4719 570 4774 bus
596 4722 821 4789 negotiis
851 4722 902 4776 id
933 4734 1244 4792 przestaret:
1274 4726 1442 4799 Usque
1471 4729 1615 4796 adeo,
1648 4729 1835 4800 inquit,
1868 4732 2049 4786 cltarus

466 4817 540 4864 est
562 4810 643 4862 hic
669 4813 888 4866 mundus
914 4815 1216 4883 hominibus,
1244 4827 1290 4870 et
1319 4821 1512 4874 sibimet
1539 4823 1637 4890 ipsi
1663 4823 1907 4877 viluerunt
1927 4825 1946 4878 .'
1973 4826 2048 4879 Eo

466 4901 715 4957 libentius
751 4904 818 4959 ad
847 4905 1006 4961 hosce
1036 4909 1334 4963 Donatislas
1365 4913 1649 4979 scribebat,
1682 4931 1785 4984 quo
1817 4933 2047 4986 propen-

464 4992 636 5048 siones
682 5009 774 5048 eos
811 4995 1023 5052 videbat
1065 5000 1131 5053 ad
1170 5002 1445 5056 veritatem
1475 5018 1538 5057 ex
1575 5007 1750 5059 animo
1781 5009 2048 5079 inquiren-

465 5085 608 5150 dam,
649 5096 704 5140 ut
743 5089 949 5144 sincere
976 5107 1110 5158 eam,
1142 5094 1327 5146 relicto
1347 5135 1360 5157 ,
1389 5111 1544 5163 quem
1574 5112 1602 5149 a
1632 5101 1933 5166 parentibus
1958 5117 2047 5156 ac-

463 5177 751 5246 cepissent,
772 5195 974 5245 crrore,
995 5193 1345 5238 sectarentur.
1365 5186 1652 5241 Enimvero
1672 5189 1806 5242 illius
1825 5193 2045 5260 cpistola

466 5269 535 5325 de
560 5271 847 5342 colloquio,
879 5274 1016 5344 quod
1047 5291 1166 5330 cum
1197 5276 1448 5332 Fortunio
1471 5278 1673 5346 habuit,
1698 5282 1826 5335 satis
1853 5284 2048 5340 indicat

466 5377 560 5418 eos
584 5378 689 5418 non
719 5363 882 5420 fuisse
911 5380 940 5419 a
964 5369 1245 5423 concordia
1271 5379 1322 5426 et
1349 5386 1481 5442 pace
1505 5372 1724 5428 alienos.
1754 5375 2042 5445 Epistulam

463 5453 521 5508 in
547 5453 664 5510 lucc
687 5457 850 5512 verba
887 5458 1190 5513 concludit:
1217 5460 1330 5515 Erit
1366 5471 1534 5517 autent
1571 5463 1706 5518 vobis
1743 5465 1822 5520 hic
1857 5485 2039 5539 sermo,

463 5562 611 5601 auem
634 5547 699 5602 de
723 5565 929 5604 munere
953 5549 1048 5604 Dei
1073 5553 1204 5606 novit
1225 5553 1348 5623 ipse,
1371 5566 1559 5623 quanta
1581 5567 1626 5609 ct
1654 5559 1790 5627 pacis
1813 5569 1860 5614 et
1882 5571 2042 5615 vestra

463 5635 726 5692 dilectione
750 5639 1171 5712 depmmpsimus,
1206 5648 1444 5699 correctio
1470 5647 1512 5700 si
1542 5647 1722 5714 velitis,
1755 5651 1890 5705 testis
1927 5668 2040 5708 vero

461 5728 551 5780 mi
575 5729 762 5784 nolitis.

531 5818 584 5880 5.
607 5820 853 5878 Nondum
874 5828 1082 5894 veritati
1110 5830 1287 5886 animo
1315 5839 1418 5886 tam
1449 5830 1656 5889 infenso
1683 5833 2038 5892 adversaban-

1631 375 1786 434 VITA
1823 377 1881 436 S.
1921 372 2288 438 AUGUSTINI
2326 373 2646 432 EPiSCOPl.

2170 499 2254 552 tur
2280 492 2586 558 Donatista,
2614 507 2678 550 ac
2713 494 2935 566 proinde
2971 510 3176 566 priores
3201 495 3371 559 adhuc
3393 497 3684 573 episcopatus

2164 599 2332 644 annos
2360 585 2546 654 agebat
2568 586 2908 655 Augustinus,
2940 603 3059 648 cum
3085 589 3378 646 Honoratus
3403 592 3528 650 illius
3549 598 3686 664 partit

2163 677 2462 746 cpisc0pns,
2491 685 2545 733 et
2573 679 2798 750 Bipponi
2828 679 3050 746 vicinus,
3079 682 3387 752 signiï¬cavit
3407 685 3452 740 ei
3477 701 3564 757 per
3577 688 3683 745 Ero-

2164 779 2294 837 tem,
2319 785 2378 826 se
2409 769 2636 830 libenter
2668 787 2788 830 eum
2835 772 2948 843 ipso
2979 790 3071 843 per
3111 774 3314 834 litteras
3349 775 3414 831 de
3445 777 3687 838 schismate

2160 862 2493 929 collaturum,
2525 875 2580 922 ut
2615 864 2684 920 de
2720 881 2777 920 re
2812 867 2941 922 tanti
2982 867 3256 932 momenti.
3283 883 3344 926 ea
3367 885 3466 940 qua
3491 887 3573 941 par
3595 885 3686 930 erat

2162 957 2379 1014 lenitate
2413 967 2467 1014 et
2508 960 2668 1016 animi
2703 960 3080 1030 tranquillitate
3106 961 3442 1024 dissererent.
3474 965 3684 1036 Augusti-

2160 1064 2280 1115 nus,
2311 1051 2399 1120 qui
2422 1050 2530 1119 jam
2561 1049 2763 1120 pridem
2790 1050 2932 1107 illius
2951 1051 3274 1122 colloquium
3295 1054 3576 1122 expetebat,
3597 1056 3687 1126 ejus

2157 1141 2262 1196 sibi
2291 1142 2571 1198 consilium
2616 1142 2839 1198 multum
2880 1144 3088 1214 placere
3121 1145 3423 1214 rescripsit:
3447 1155 3495 1202 et
3517 1155 3570 1202 ut
3588 1162 3686 1204 cau-

2153 1249 2270 1292 sam
2288 1236 3076 1305 aggrederetur,demonstravit
3093 1238 3339 1307 ipsi,cum
3353 1238 3687 1310 Scripturano-

2155 1326 2238 1381 bis
2266 1328 2576 1397 polliceatur
2594 1329 2881 1384 Ecclesiam
2901 1330 2993 1385 Dei
3014 1345 3112 1400 per
3130 1330 3313 1386 orbem
3340 1338 3688 1394 terrarumesse

2153 1417 2572 1483 diffundendam,
2603 1420 2740 1476 hanc
2770 1420 3102 1490 prophetiam
3133 1421 3185 1479 in
3219 1421 3453 1480 Ecclesia
3471 1421 3687 1484 catholica

2154 1512 2428 1581 compleri.
2454 1512 2654 1579 Qumrit
2675 1511 2872 1583 itaque,
2905 1520 2964 1567 ut
2989 1511 3314 1582 respondere
3341 1529 3442 1570 non
3459 1523 3685 1583 gravetur.

2153 1618 2261 1671 quo
2291 1613 2462 1673 pacto,
2491 1619 2609 1658 cum
2641 1605 2710 1658 ita
2737 1618 2796 1659 se
2824 1620 2910 1659 res
2945 1603 3166 1672 haheat,
3199 1621 3322 1675 pars
3354 1606 3532 1661 Donati
3558 1606 3690 1676 pinsit

2151 1709 2273 1750 esse
2298 1695 2532 1750 Ecclesia
2563 1696 2648 1751 illa
2677 1697 2928 1752 divinitus
2953 1699 3309 1766 praenuntiata
3330 1740 3344 1763 ,
3375 1706 3430 1754 et
3465 1698 3689 1766 quemodo

2149 1783 2395 1841 Christus
2423 1787 2785 1843 baereditatem
2811 1803 2963 1851 suam
2995 1789 3048 1844 in
3077 1797 3189 1844 toto
3210 1797 3467 1848 terrarum
3487 1788 3688 1852 Î¿Ï„Î¹)Î¸Îµá½¶Î¹á½¶

2153 1879 2469 1945 promissam
2513 1880 2590 1935 sic
2631 1881 2875 1936 amittere
2902 1882 3178 1951 potuisset,
3205 1891 3263 1938 ut
3297 1882 3352 1938 in
3391 1899 3489 1940 una
3523 1882 3686 1942 solum-

2153 1971 2312 2025 modo
2337 1972 2526 2028 Africtn
2550 1983 2697 2044 parte
2726 1975 2982 2030 resideret
3002 1973 3188 2050 (Epist.
3214 1976 3306 2042 49,
3335 1993 3386 2031 u.
3411 1976 3482 2046 á½·).

2222 2063 2276 2119 Ï.
2304 2065 2610 2122 Notavimus
2635 2083 2812 2138 supra,
2844 2083 2964 2122 cum
2993 2067 3282 2124 Fortunins
3300 2069 3498 2124 veniret
3513 2067 3573 2123 ad
3597 2069 3682 2122 Au-

2150 2156 2436 2225 gustinum,
2455 2158 2522 2212 ab
2539 2160 2638 2214 hoc
2653 2168 2837 2214 sancto
2850 2159 3082 2214 Praesule
3099 2160 3350 2229 Majorem
3368 2157 3687 2216 Coelicolum

2149 2250 2376 2304 accitum
2406 2250 2586 2317 inisse,
2617 2261 2674 2307 ut
2705 2268 2825 2307 cum
2854 2253 2942 2308 illo
2975 2253 3170 2323 aliquid
3209 2253 3509 2323 loqueretur
3533 2249 3686 2322 (Epist.

2151 2341 2239 2408 44,
2280 2360 2324 2396 c.
2357 2343 2409 2408 6,
2449 2362 2502 2397 Î·.
2539 2346 2658 2414 15).
2688 2346 2876 2400 Exstat
2908 2346 3098 2400 horum
3131 2344 3498 2408 leicolarum
3533 2356 3686 2399 nomen

2151 2433 2205 2488 in
2232 2435 2544 2504 quibusdam
2589 2437 2792 2508 legibus
2843 2437 3058 2492 llonorii
3112 2438 3336 2508 Augusti
3362 2435 3505 2508 (Cod.
3529 2433 3685 2489 Tlmd.

2153 2525 2216 2578 de
2245 2523 2454 2590 Haeret,
2485 2528 2589 2598 lege
2608 2529 2696 2596 45,
2716 2538 2762 2583 et
2782 2528 2844 2582 de
2862 2528 2989 2583 Iud.
3013 2529 3184 2584 Caelio.
3210 2547 3293 2584 ac.
3319 2528 3460 2584 Sam.
3483 2527 3579 2598 lege
3599 2524 3684 2598 i9);

2154 2632 2252 2672 nec
2291 2619 2418 2672 satis
2453 2619 2650 2690 liquet,
2683 2622 2897 2691 quinam
2929 2621 3003 2674 illi
3033 2621 3248 2675 fuerint.
3280 2621 3507 2690 Apparet
3527 2626 3687 2682 tuneo,

2153 2724 2258 2764 non
2308 2709 2469 2766 fuisse
2517 2721 2716 2766 sectam
2769 2713 3169 2780 Inereticorum,
3217 2728 3394 2783 neque
3440 2711 3689 2775 hominum,

2153 2803 2450 2872 opinamur,
2475 2803 2561 2873 qui
2575 2803 2846 2858 .ludalcam
2867 2803 3259 2875 professionem
3281 2820 3400 2859 cum
3417 2803 3690 2864 Christiani.

2153 2894 2290 2947 sicut
2318 2893 2574 2958 Nazarmi,
2602 2895 2972 2950 consociantes
2991 2937 3004 2957 ,
3033 2895 3456 2949 Christianorum
3493 2892 3581 2948 sibi
3615 2904 3690 2946 no-

2155 2999 2275 3037 men
2302 2993 2612 3053 arrogarent
2635 3003 2646 3038 :
2671 3001 2792 3040 eum
2821 2987 3167 3055 Augustinus,
3201 2987 3292 3057 qui
3323 3000 3415 3041 eos
3441 2984 3588 3067 probe
3613 2995 3688 3037 no-

2155 3086 2323 3140 verat,
2353 3078 2404 3130 in
2429 3093 2528 3134 suo
2553 3079 2690 3133 libro
2714 3079 2783 3134 de
2810 3079 3135 3144 Haeresibus,
3168 3078 3380 3133 illorum
3415 3075 3688 3132 creationem

2157 3187 2262 3226 non
2292 3172 2492 3227 fecerit.
2522 3173 2784 3227 Honorius
2828 3173 2879 3228 in
2923 3173 3125 3243 legibus
3156 3187 3301 3227 anno
3329 3171 3689 3244 quadringente-

2157 3263 2292 3316 simo
2317 3273 2500 3317 octavo
2521 3273 2574 3318 et
2599 3263 3125 3335 quadringentesimo
3160 3279 3307 3319 nono
3343 3263 3477 3327 latis,
3505 3258 3690 3315 ÏÏ‰á¼°á½¶Î¿Î¿Î¿

2159 3353 2238 3406 las
2275 3355 2447 3424 arguit
2473 3355 2592 3409 novi
2619 3355 2900 3424 dogmatis,
2931 3371 3081 3410 novae
3120 3353 3524 3416 superstitionis,
3545 3359 3591 3406 et
3613 3362 3689 3403 no-

2157 3446 2314 3500 minis
2346 3446 2598 3501 bactcnns
2627 3446 2869 3500 inauditi.
2904 3447 3040 3502 Fieri
3065 3447 3209 3501 enim
3238 3447 3429 3514 potuit,
3460 3453 3510 3499 ut
3534 3454 3690 3514 paucos

2156 3547 2280 3594 ante
2318 3556 2483 3594 annos
2527 3556 2585 3596 se
2620 3556 2714 3610 per
2738 3539 3078 3596 Occidentem
3108 3547 3505 3610 propagassent,
3534 3543 3610 3590 aut
3640 3529 3692 3586 ibi

2157 3630 2527 3700 primigenium
2556 3647 2708 3685 suum
2742 3646 2934 3686 nomen
2966 3631 3184 3684 nomine
3203 3630 3560 3685 (Zosiicolarum
3585 3636 3693 3678 coutâ€”

2157 3731 2469 3775 mutassent.
2499 3722 2760 3777 Praeterea
2799 3721 3054 3778 discimus
3101 3722 3168 3775 ab
3213 3722 3520 3793 Augustino,
3547 3727 3693 3773 eorum

2156 3813 2556 3882 antesignanum
2580 3829 2671 3867 seu
2698 3813 2972 3882 Maiorem,
3006 3822 3063 3867 ut
3090 3822 3268 3881 vocat,
3297 3828 3453 3885 quem
3492 3811 3590 3880 ipse
3609 3807 3694 3862 Tu-

2159 3903 2368 3957 bursico
2414 3904 2676 3958 transiens
2719 3904 2992 3969 accersiit,
3039 3919 3238 3961 novum
3287 3901 3527 3974 baptismi
3561 3908 3694 3970 genus

2155 3995 2291 4064 apud
2314 4010 2404 4047 eos
2422 3995 2710 4050 instituisse
2737 4015 2747 4049 :
2772 4011 2876 4065 quo
2901 3995 3182 4065 sacrilegio
3200 3995 3310 4064 jam
3332 3992 3603 4065 permultos
3620 3985 3688 4040 Ille

2155 4085 2431 4140 seduxerat
2454 4083 2641 4157 (Epist.
2657 4086 2746 4151 44,
2770 4103 2815 4140 c.
2831 4086 2886 4153 Ï,
2902 4104 2954 4141 n.
2974 4086 3083 4156 l5).
3097 4075 3693 4156 Quapropterhujusmodi

2156 4186 2321 4242 secta,
2351 4193 2467 4247 qum
2496 4178 2746 4249 quamdiu
2768 4178 2896 4234 nihil
2917 4179 3261 4248 conjunctum
3285 4188 3441 4247 atque
3457 4182 3693 4231 commune

2155 4283 2274 4322 cum
2308 4270 2542 4324 Ecclesia
2568 4270 2806 4336 haberet,
2837 4271 2888 4324 in
2920 4269 3065 4324 nullo
3095 4268 3266 4325 ferme
3293 4282 3511 4325 numero
3535 4262 3691 4320 fuerat.

2156 4375 2220 4414 eo
2248 4361 2581 4430 postmodum
2604 4362 2865 4416 exitiaiior
2883 4361 3102 4425 exstitit,
3127 4377 3234 4430 quo
3269 4361 3482 4431 propius
3523 4354 3583 4411 ad
3603 4364 3693 4407 eam

2156 4452 2460 4519 accedebat,
2493 4462 2546 4508 et
2576 4453 2717 4509 illius
2745 4460 3074 4509 sacramenta
3101 4453 3341 4508 tentabat
3365 4461 3617 4523 usurpare.

2750 4551 2974 4609 CAPUT
3021 4552 3138 4608 XV.

2155 4638 2182 4693 1
2211 4637 2516 4708 Augustinus
2536 4637 2605 4691 ad
2627 4637 2915 4692 Baliarium
2945 4639 3172 4692 abbatem
3189 4637 3379 4692 scribit.
3403 4637 3439 4691 á¼¢
3454 4632 3692 4691 Carteiam-

2227 4740 2309 4784 tur
2328 4729 2564 4784 adversus
2594 4729 2906 4783 Christianos
2925 4729 3012 4799 qui
3037 4727 3265 4801 Paganir
3307 4731 3361 4782 in
3388 4742 3549 4782 eorum
3586 4718 3688 4776 solt-

2227 4821 2910 4902 mnitatibusgdjuaguntur.
2924 4822 2957 4875 5
2971 4820 3318 4874 Simulacrum
3351 4815 3570 4874 Herculis
3594 4809 3690 4866 Cat-

2225 4917 2425 4986 lhagiue
2454 4931 2565 4968 cum
2584 4915 2825 4969 dedecore
2845 4923 3131 4967 tractatum.
3155 4915 3187 4968 4
3207 4911 3487 4968 Publicolae
3498 4904 3692 4981 quanti?

2224 5024 2308 5061 nes
2350 5007 2628 5061 solvuntur.

2226 5102 2274 5154 i.
2299 5099 2453 5155 Gildo
2481 5100 2578 5154 sub
2607 5096 2826 5153 Comitis
2864 5108 2915 5152 et
2958 5098 3186 5168 Magistri
3225 5098 3425 5152 militia:
3455 5093 3595 5150 titulo
3618 5099 3690 5157 per

2150 5192 2331 5247 decem
2369 5200 2462 5246 aut
2502 5192 2781 5246 duodecim
2822 5205 2988 5246 annos
3016 5206 3190 5245 rerum
3218 5191 3418 5261 potitus
3447 5190 3492 5241 in
3523 5181 3684 5240 Africa:

2149 5294 2376 5340 exeunte
2425 5300 2564 5338 anno
2607 5284 2982 5339 trecentesimo
3019 5283 3361 5352 nonagesimo
3388 5277 3614 5349 septimo,
3637 5267 3688 5322 Ib

2151 5376 2383 5431 llonorio
2409 5375 2603 5430 defecit
2628 5390 2692 5429 eo
2723 5375 2962 5442 obtentu,
2996 5383 3053 5429 ut
3076 5373 3304 5427 Africam
3327 5371 3378 5425 in
3408 5364 3598 5424 Arcadii
3621 5359 3688 5413 di-

2149 5469 2346 5523 tionem
2377 5467 2724 5521 transferret:
2749 5465 2840 5520 sed
2870 5467 3110 5536 proximo
3135 5481 3260 5519 vere
3291 5464 3498 5518 ineunte
3519 5457 3688 5512 Hasce-

2147 5565 2226 5618 zel
2254 5562 2366 5633 ejus
2397 5561 2560 5616 frater
2582 5576 2700 5614 cum
2729 5560 2895 5629 copiis
2933 5561 3000 5613 ab
3027 5559 3168 5614 italia
3209 5557 3429 5620 missus,
3465 5553 3684 5619 insignem

2145 5657 2212 5711 de
2253 5655 2340 5709 illo
2379 5651 2651 5706 victoriam
2696 5651 2872 5706 divina
2910 5667 3011 5722 ope
3051 5649 3294 5706 obtinuit.
3328 5649 3448 5702 Post
3473 5643 3577 5712 ejus
3599 5635 3686 5690 cla-

2146 5745 2268 5800 dem
2284 5743 2504 5812 Optatus
2520 5741 2973 5812 'lâ€˜hamugatlensis
2989 5743 3264 5812 episcopus
3281 5734 3559 5798 Donatista,
3573 5736 3684 5782 unus

2147 5852 2177 5894 c
2195 5833 2458 5906 primariis
2473 5833 2612 5888 illius
2628 5833 2960 5901 satellitibus,
2980 5834 3030 5888 in
3048 5846 3312 5888 carcerem
3337 5829 3584 5890 detrusus,
3598 5814 3684 5873 illic
