3868 6444
195 277 290 336 απ
1542 263 1722 321 LIBEF

1908 265 2122 323 tRTUS.
3332 287 3435 347 278

191 398 458 460 exstinctus
491 401 588 452 est.
619 391 915 450 Petilianus
949 388 1173 461 partium
1199 387 1591 447 Donatistarum
1627 383 1738 454 epi-
1844 384 2288 453 compendiariam
2311 401 2451 453 esse,
2479 390 2523 446 si
2541 388 2824 448 Christiani
2851 393 3215 454 solemnitates
3245 415 3428 458 eorum

192 505 364 560 scopas
383 486 732 557 Augustinum
767 493 946 556 postea
960 480 1302 546 insimulavit,
1329 478 1468 550 quod
1499 478 1562 536 ad
1595 478 1736 533 illius
1843 475 2125 546 deserant,
2155 496 2253 536 nec
2289 497 2347 538 se
2377 481 2586 538 illorum
2627 486 2781 557 nugis
2809 487 3144 546 immisceant
3170 510 3180 545 :
3211 509 3314 564 quo
3336 536 3349 559 ,
3385 499 3430 548 si

190 580 658 640 dannnationemsua
675 575 896 632 consilia
911 575 1216 632 contulisset
1233 571 1401 642 (Cant.
1419 573 1540 628 Litt.
1559 572 1734 639 Petil.,
1843 587 1944 626 non
1965 573 2274 630 consentiunt
2299 575 2495 630 veritati
2521 588 2723 646 nostrae,
2755 580 2950 651 inquit,
2980 584 3274 640 erubescant
3302 606 3428 658 pau-

189 673 265 734 ω.
294 674 406 740 5,ε.
429 669 516 738 ιο,
543 685 599 724 π.
624 667 742 741 68).
769 667 904 724 Tum
929 682 1078 732 vero,
1101 682 1219 724 cum
1241 666 1293 721 in
1323 667 1549 723 Africam
1580 665 1739 720 solvit
1841 665 1980 718 citati
2013 681 2135 720 sure.
2163 663 2219 722 In
2251 667 2349 723 hoc
2379 684 2625 725 sermone
2648 671 2919 740 cujusdam
2946 677 3207 743 meminit,
3243 681 3330 749 qui
3362 682 3426 736 ad

185 760 1226 832 Masead,wonacbosaliquot6aprariaz
1242 759 1448 825 insulae,
1470 760 1733 816 Etruriam
1842 756 1998 814 ﬁdem
2043 773 2331 816 conversus
2373 759 2593 818 fundum
2637 765 2886 822 Ecclesiae
2931 769 3180 837 dederat,
3225 774 3276 828 in
3322 792 3426 844 quo

187 855 643 917 interetCorsicam
670 853 813 916 sitae,
835 867 1021 910 secum
1043 851 1334 910 adduxerat
1361 849 1561 922 (Oros.,
1594 849 1726 905 Hist.
1840 861 1989 906 erant
2036 852 2174 909 idola
2219 871 2337 925 qua:
2376 856 2541 928 frangi
2588 870 2823 930 cuperet.
2857 862 3123 920 Voluntati
3171 867 3285 938 ejus
3319 849 3423 924 cito

186 953 322 1016 ΜΠ.
333 966 440 1020 ap.
461 948 574 1020 56).
587 945 858 1006 Fortassis
879 945 954 1002 illi
973 945 1072 1015 ipsi
1086 952 1228 1011 sunt,
1248 943 1315 1002 de
1337 944 1527 1015 quibus
1553 944 1734 1016 Augu-
1838 943 2265 1000 obsecundarunt
2304 944 2587 1003 Christiani
2614 991 2626 1014 ,
2672 949 3018 1009 frementibus
3069 956 3324 1024 Ethnicis,
3372 972 3419 1016 et

186 1045 394 1101 ειίηηείη
420 1041 638 1111 epistola
666 1037 733 1093 ad
760 1037 1058 1094 Eudoxium
1079 1037 1325 1093 abbatem
1343 1046 1398 1094 ct
1413 1039 1528 1105 ejus
1542 1036 1732 1093 fratres
1837 1036 2286 1104 conquerentibus
2307 1037 2442 1094 idola
2459 1039 2656 1111 passim
2675 1041 2742 1094 ab
2762 1044 3025 1113 episcopis
3051 1048 3426 1120 perfringeuda

185 1128 900 1206 mmriptaMuitur(Episf.
923 1129 1015 1195 48.
1033 1145 1086 1185 η.
1111 1126 1192 1202 4).
1213 1128 1459 1186 Testatur
1474 1143 1656 1183 eorum
1675 1142 1733 1182 se
1837 1129 2096 1198 conquiri.
2123 1129 2289 1202 Negat
2317 1132 2659 1203 Augustinus,
2687 1150 2936 1191 asserens
2966 1137 3082 1195 loca
3111 1156 3230 1196 esse
3259 1143 3424 1212 pluri-

185 1229 403 1300 pietatem
427 1224 650 1298 primum
681 1237 747 1280 ex
771 1222 938 1286 fama,
971 1220 1091 1278 dein
1117 1234 1182 1278 ex
1207 1219 1465 1278 relatione
1503 1217 1731 1274 Eustasii
1836 1233 1920 1272 ma
1952 1219 2004 1274 in
2034 1221 2226 1291 quibus
2254 1223 2454 1278 scirent
2486 1239 2605 1280 esse
2639 1225 2956 1295 simulacra,
2985 1244 3104 1300 quae
3133 1240 3311 1288 tamen
3342 1234 3424 1289 in-

180 1332 230 1378 et
252 1319 452 1378 Andreae
469 1317 722 1376 didicisse
744 1334 758 1372 :
782 1315 874 1386 qui
897 1331 965 1372 ex
991 1330 1174 1370 eorum
1211 1312 1534 1370 monasterio
1558 1312 1732 1383 profe—
1838 1321 1974 1369 tacta
2008 1315 2399 1386 relinquerent,
2436 1317 2576 1388 quod
2616 1333 2678 1374 ea
2721 1319 2860 1375 Deus
2897 1323 3144 1392 potestati
3190 1325 3423 1395 ipsorum

185 1414 261 1480 eti,
285 1414 464 1468 bonum
512 1409 654 1468 illius
699 1409 918 1466 odorem
965 1407 1018 1462 in
1064 1405 1297 1463 Africam
1342 1405 1646 1470 attulerant,
1677 1413 1730 1458 et
1837 1421 1941 1462 non
1992 1407 2352 1476 permisisset;
2382 1407 2513 1463 nihil
2556 1424 2649 1465 eos
2675 1411 2926 1481 aggredi,
2955 1412 3022 1467 de
3050 1431 3157 1484 quo
3184 1415 3424 1474 locorum

185 1516 584 1562 sanctameorum
603 1500 1066 1560 conversationem
1083 1497 1437 1569 divulgarant.
1460 1496 1729 1554 Certiores
1835 1497 2035 1553 domini
2080 1501 2331 1570 conqueri
2380 1503 2612 1572 possint;
2657 1503 2807 1574 prius
2849 1521 3009 1575 agere
3063 1517 3120 1562 ut
3167 1509 3310 1564 idola
3369 1513 3423 1567 in

180 1612 261 1651 eos
287 1595 397 1652 fecit
423 1594 598 1654 obitus
635 1589 1003 1659 Eustasii,qui
1033 1604 1137 1648 non
1161 1588 1391 1658 amplius
1419 1586 1725 1660 Caprariam
1836 1607 2018 1646 eorum
2073 1593 2235 1652 corde
2280 1593 2555 1663 frangant;
2603 1611 2699 1667 pro
2752 1595 3030 1656 hominum
3073 1603 3423 1659 conversione

185 1687 494 1746 desideraret,
516 1683 640 1754 quia
658 1697 759 1740 nec
778 1682 949 1738 cilicio
964 1681 1075 1752 jam
1097 1688 1367 1752 quaereret
1386 1679 1551 1736 indui.
1577 1679 1729 1735 Unde
1835 1682 2001 1738 Deum
2032 1683 2302 1752 deprecari
2335 1703 2348 1739 ς
2380 1686 2447 1740 ab
2473 1684 2702 1743 dominis
2726 1687 2964 1742 locorum
3000 1689 3067 1744 ad
3106 1690 3263 1746 ﬁdem
3288 1708 3422 1748 eon-

183 1777 402 1846 colligerc
447 1775 586 1842 licet,
617 1773 840 1830 Eudoxii
879 1771 1282 1837 monasterium,
1313 1786 1377 1828 ex
1403 1786 1512 1842 quo
1540 1770 1730 1826 Eusta-
1833 1775 2002 1829 versis
2040 1785 2254 1844 rogatos
2288 1776 2423 1831 idola
2461 1777 2513 1832 iu
2551 1778 2629 1834 eis
2656 1788 2865 1848 reperta
2897 1779 3266 1852 confringere;
3300 1800 3424 1839 reos

188 1870 280 1924 sius
299 1875 422 1934 erat,
445 1865 495 1922 in
520 1880 581 1920 ea
607 1863 769 1919 situm
797 1862 963 1920 fuisse
991 1861 1184 1920 insula.
1222 1861 1354 1917 llinc
1383 1862 1728 1933 consequitur
1833 1866 1949 1922 fore
1977 1867 2021 1924 si
2052 1867 2228 1922 desint
2262 1886 2274 1922 :
2307 1869 2500 1938 smpius
2547 1871 2615 1925 ab
2661 1870 2904 1940 ipsismet
2932 1888 3119 1928 recens
3149 1877 3424 1931 conversis

189 1971 236 2016 θι
271 1959 401 2024 illud.
434 1957 726 2022 ωοιικιιὶεν
761 1965 857 2014 θυι
893 1964 1038 2012 cene
1086 1955 1330 2010 EUSiaSiO
1377 1955 1451 2010 iiii
1484 1954 1728 2012 Solemne
1832 1959 1974 2015 idola
2001 1961 2291 2016 comminui
2319 1980 2330 2016 :
2361 1977 2641 2032 pravorum
2673 1962 2947 2018 hominum
2971 1980 3089 2020 esse
3114 1976 3166 2020 et
3194 1965 3424 2022 furioso-

197 2051 336 2106 fuisse
357 2050 509 2111 cilicio
531 2066 592 2104 ex
621 2048 860 2116 caprinis
887 2047 1011 2118 pilis
1048 2053 1297 2102 οοηιθπιο
1343 2045 1509 2100 indili-
1543 2046 1726 2118 Augu-
1830 2070 1949 2110 rum
1988 2054 2489 2110 Circumcellionum
2539 2071 2620 2122 ea,
2666 2072 2786 2127 quae
2816 2072 2920 2112 non
2946 2067 3069 2114 sunt
3113 2059 3165 2114 in
3205 2059 3417 2114 illorum

199 2146 345 2200 stinus
380 2145 516 2213 igitur
551 2141 798 2202 Eudoxio
835 2140 1058 2211 ejusque
1102 2139 1378 2194 monachis
1403 2139 1592 2209 aperit,
1621 2154 1726 2209 quo

1890 2156 2122 2212 itestate,
2153 2149 2290 2204 velle
2314 2148 2526 2206 diruere
2549 2190 2563 2213 ,
2591 2164 2756 2219 seque
2793 2150 2910 2206 vitae
2945 2151 3182 2220 periculo
3219 2160 3417 2207 temere

193 2248 399 2294 sanctam
423 2251 586 2292 eorum
610 2235 849 2304 quietem
874 2232 1054 2288 animo
1081 2231 1375 2302 afl'ectuque
1401 2232 1629 2298 cogitet:
1659 2232 1725 2288 il-
1831 2255 2117 2309 exponere.
2147 2241 2299 2295 Patet
2326 2240 2448 2295 inde
2470 2282 2483 2303 ,
2514 2241 2636 2296 licet
2673 2242 2722 2294 in
2755 2241 2995 2311 Paganos
3014 2241 3124 2311 jam
3151 2242 3296 2313 leges
3319 2243 3419 2297 ali-

184 2329 330 2388 iOI'ltll
368 2343 538 2395 preces
577 2325 855 2394 eﬂiagitat,
883 2333 937 2380 et
979 2338 1084 2394 quo
1121 2322 1448 2380 efﬁcaciores
1473 2323 1598 2390 sint,
1627 2323 1727 2392 piis
1829 2338 1957 2402 quot
1998 2330 2117 2387 ialm
2145 2329 2397 2390 fuissent.
2427 2330 2659 2385 nondum
2695 2338 2870 2386 tamen
2916 2331 3230 2401 rescriptum
3263 2332 3412 2392 illud.

181 2418 616 2482 adhortationibus,
636 2417 831 2486 quibus
855 2416 976 2474 illos
994 2413 1059 2472 ad
1083 2412 1376 2486 profectum
1400 2423 1455 2470 et
1480 2429 1728 2484 perscve-
1830 2435 1936 2491 quo
1978 2419 2268 2490 imperator
2306 2421 2588 2478 simulacra
2634 2419 2864 2474 tollenda
2893 2435 3012 2475 esse
3050 2420 3318 2486 decrevit,
3347 2421 3417 2475 de

180 2511 374 2566 uetiam
401 2509 723 2574 exstimulat,
753 2522 846 2564 eas
873 2504 1136 2562 demereri
1171 2504 1368 2560 studet.
1407 2504 1530 2560 Illos
1556 2505 1707 2575 potis-

1884 2529 1935 2570 ιο
1959 2515 2126 2570 acturi
2153 2529 2356 2581 sumus,
2385 2530 2525 2570 anno
2552 2516 2794 2585 proximo
2819 2513 2979 2569 fuisse
3003 2517 3411 2585 promulgatum.

176 2600 340 2662 Sittium
383 2608 579 2663 monet.
623 2607 681 2654 ιιι
732 2599 784 2654 in
837 2597 1082 2652 omnibus
1121 2596 1278 2652 bonis
1323 2597 1573 2668 operibus
1615 2596 1725 2650 Silis
1830 2605 1960 2662 Nam
1987 2607 2055 2662 ab
2094 2607 2194 2662 hoc
2228 2608 2489 2677 rescripto
2515 2609 2600 2664 i‘lla
2628 2608 2851 2678 Paganis
2879 2606 3085 2660 nonnisi
3115 2605 3414 2661 clanculum

175 2706 311 2746 suam
351 2692 436 2749 Dei
476 2691 700 2760 gloriam
739 2697 1010 2758 spectent;
1037 2688 1108 2742 ita
1150 2687 1258 2742 sint
1285 2686 1586 2742 solitudinis
1615 2694 1702 2742 stu

1889 2715 2044 2754 rvare
2068 2699 2233 2754 licuit.
2259 2699 2370 2753 Sub
2400 2699 2635 2765 ejusdem
2672 2699 2935 2753 sermonis
2968 2697 3124 2752 ﬁnem
3155 2696 3297 2768 loqui
3331 2696 3416 2751 vi-

175 2783 311 2848 diosi,
337 2793 513 2840 utnec
536 2798 631 2842 eos
655 2781 807 2838 avida
835 2781 994 2836 elatio
1018 2779 1086 2838 ad
1124 2778 1508 2851 capessendum
1535 2778 1702 2833 Eccle

1888 2800 1984 2846 stur
2011 2791 2078 2847 de
2104 2791 2255 2846 novis
2280 2791 2478 2860 aliquot
2507 2790 2712 2862 legibus
2735 2799 2918 2844 contra
2958 2789 3281 2855 Donatistas,
3314 2805 3415 2858 po-

174 2874 345 2936 Silflim
388 2875 622 2942 τθκὶιηειι
658 2873 783 2933 inde
821 2872 1087 2938 detrahat.
1116 2885 1215 2926 nec
1239 2869 1305 2924 ad
1332 2869 1582 2926 Εεειθεῖω
1611 2885 1726 2924 mli-
1829 2882 1934 2938 tius
1959 2891 2134 2938 tamen
2165 2881 2216 2936 in
2248 2882 2572 2952 privatorum
2593 2923 2606 2945 ,
2645 2897 2799 2952 quam
2843 2881 3104 2934 universa:
3130 2889 3289 2936 secta:
3321 2879 3416 2934 lla-

175 2967 245 3024 Iil
293 2977 498 3030 vocatos
551 2963 828 3022 blandiens
877 2962 1079 3018 desidia
1125 2961 1354 3018 retineat
1399 2960 1588 3032 (Ερίδιο
1632 2960 1721 3028 ⁴8ν
1827 2975 1952 3044 gitia
1983 2975 2122 3029 latis.
2148 2973 2341 3030 Scribit
2363 2977 2527 3040 enim,
2562 2973 2843 3029 haereticos
2865 2972 3054 3028 alicubi
3081 2987 3190 3027 sure
3225 2972 3413 3042 impie-

176 3061 318 3127 λινε,
343 3060 416 3130 ὅ).
1830 3069 1952 3123 talis
1980 3077 2034 3124 et
2061 3067 2259 3125 furoris
2293 3083 2478 3142 poenas
2505 3084 2568 3123 ex
2601 3067 2773 3138 legum
2815 3066 3125 3136 prtescripto
3169 3065 3412 3132 dedisse,

227 3151 279 3214 2.
307 3151 408 3210 Hoc
431 3151 562 3221 ipso,
587 3158 646 3206 ut
664 3149 892 3212 videtur,
923 3162 1062 3204 anno
1087 3145 1463 3204 trecentesimo
1489 3161 1723 3217 nonage-

1887 3160 1972 3218 ide
2017 3161 2119 3217 sibi
2165 3176 2196 3216 a
2239 3158 2525 3218 Catholicis
2569 3159 2830 3229 publicam
2878 3157 3297 3227 persecutionem
3344 3156 3414 3211 ad

176 3243 292 3302 rimo
314 3252 508 3311 octavo,
525 3251 672 3298 certe
691 3241 906 3313 quidem
933 3250 1055 3296 ante
1076 3256 1271 3296 annum
1291 3240 1699 3310 subsequentem

1888 3267 1982 3308 iam
2010 3251 2299 3322 perniciem
2345 3250 2548 3306 moveri
2584 3257 2953 3320 quererentur.
3010 3247 3232 3317 Insuper
3267 3255 3322 3302 et
3358 3263 3415 3302 in

180 3335 361 3394 habitus
383 3345 460 3394 est
484 3335 714 3398 eximius
743 3335 832 3392 ille
849 3350 1025 3392 sermo
1046 3377 1060 3402 ν
1087 3350 1194 3406 quo
1219 3334 1543 3405 Augustinus
1569 3333 1724 3390 Cbri-
1829 3343 2017 3399 eodem
2046 3358 2295 3400 sermone
2323 3350 2739 3404 commemorat,
2765 3339 3006 3406 .ludaaos,
3040 3355 3160 3392 cum
3197 3338 3415 3408 quibus-

178 3427 355 3482 ﬁiiams
379 3429 639 3498 retiarium
663 3469 678 3492 .
722 3427 812 3497 qui
842 3443 910 3484 ne
948 3427 1000 3483 in
1037 3435 1338 3497 maxumum
1379 3425 1725 3481 Oiieﬂﬁionem
1829 3435 1950 3492 dam
1985 3437 2036 3491 in
2062 3435 2193 3495 locis
2222 3434 2291 3490 ob
2321 3433 2690 3505 improbitates
2730 3446 2853 3486 suas
2890 3430 3120 3498 correpti
3161 3429 3412 3494 fuissent,

182 3520 489 3587 incurrerent,
515 3532 608 3578 aut
636 3521 705 3578 ab
731 3521 796 3580 iis
815 3520 1056 3590 injuriam
1081 3529 1405 3590 paterentur,
1428 3518 1728 3576 detrectare
1831 3529 1957 3587 hinc
1981 3544 2166 3586 ansam
2207 3526 2492 3597 arripuisse
2535 3523 2875 3590 criminandi,
2905 3523 2987 3578 vel
3033 3521 3294 3592 fingendi,
3324 3529 3417 3574 aut

187 3626 348 3670 ωηιω
366 3614 495 3682 itm
523 3631 629 3669 ηοη
656 3612 943 3676 ﬁdebam.
971 3626 1092 3666 eiii“
1115 3611 1186 3667 iiii
1214 3625 1270 3665 δε
1295 3611 1362 3664 ait
1382 3611 1460 3666 eis
1477 3611 1542 3665 ad
1563 3611 1726 3668 Simu-
1830 3620 2130 3690 auspicandi
2151 3663 2166 3688 ,
2199 3620 2251 3675 in
2278 3619 2329 3675 id
2353 3633 2566 3690 semper
2588 3617 2865 3686 episeopos
2889 3614 3223 3678 incumbere,
3254 3621 3314 3667 ut
3339 3611 3418 3666 fa-

184 3702 306 3762 lacra
327 3705 498 3762 deduci
522 3706 903 3775 praeciperent;
925 3719 1024 3762 nec
1045 3719 1173 3758 vero
1197 3703 1371 3758 solum
1399 3719 1492 3759 eos
1516 3703 1580 3758 ad
1609 3703 1726 3759 fana
1830 3711 2083 3767 cultatem
2123 3710 2252 3780 ipsis
2279 3707 2506 3764 nocendi
2551 3717 2867 3776 quaererent.
2911 3705 2988 3760 Eo
3027 3713 3182 3775 pacto
3220 3702 3412 3768 Judaei,

179 3806 344 3851 θυηιῶ
358 3799 634 3866 ﬁiili‘iballio
667 3796 762 3852 ⁸θά
787 3811 908 3852 cum
935 3797 1042 3852 iiiis
1065 3797 1224 3852 Θιῖαηι
1253 3796 1304 3850 in
1337 3795 1495 3850 id0ii0
1517 3812 1726 3851 νοειιιιι-
1831 3803 2024 3873 Pagani
2047 3813 2099 3857 et
2128 3801 2383 3864 ha-retici,
2412 3817 2530 3856 cum
2563 3799 2862 3854 universam
2884 3797 3178 3854 Ecclesiam
3200 3797 3298 3852 sibi
3322 3797 3417 3850 ha-

180 3885 352 3944 bebant
403 3889 549 3956 Quod
593 3889 929 3944 etlmicorum
958 3887 1178 3957 impium
1219 3902 1456 3944 errorem
1497 3885 1722 3954 fovebat,
1831 3892 2022 3948 berent
2059 3893 2315 3947 infensam
2341 3932 2357 3956 ,
2399 3889 2827 3959 conspirantibus
2870 3887 3063 3942 animis
3109 3887 3417 3941 societatem

179 3991 276 4032 eum
307 3978 382 4034 vel
417 3979 482 4036 ab
523 3977 654 4048 ipsis
693 3977 1012 4036 Christianis
1037 3977 1174 4034 idola
1202 3991 1294 4032 sua
1326 3975 1572 4032 honorari
1600 3993 1728 4032 con-
1831 3984 2166 4054 querelarum
2195 3981 2450 4040 adversus
2472 3997 2587 4036 eam
2615 3980 2846 4043 coibant,
2874 3978 3129 4034 unitatem
3161 3975 3419 4031 facientes

182 4070 428 4138 spheram.
455 4071 542 4134 Sic
565 4071 751 4136 ominis
778 4071 868 4130 ille
895 4071 1061 4134 labor.
1091 4087 1245 4142 quem
1274 4072 1325 4125 in
1355 4072 1727 4128 convertendis
1831 4083 2016 4130 contra
2044 4075 2319 4130 unitatem.
3446 4079 3451 4144 ξ

183 4160 432 4224 Gentilium
471 4166 711 4236 reliquiis
742 4163 1120 4234 impendebant
1151 4165 1405 4235 episcopi,
1438 4180 1577 4234 saepe
1606 4165 1725 4220 irri-
1902 4167 1954 4222 5.
1997 4165 2078 4220 Ad
2107 4165 2208 4221 hoc
2233 4165 2421 4221 saltem
2448 4172 2655 4234 tempus
2684 4160 2992 4219 referendus
3026 4175 3238 4231 quoque
3264 4159 3417 4214 vide-

186 4263 386 4312 luserat.
420 4257 548 4316 Nam
585 4256 781 4328 Pagani
817 4255 1074 4312 horumce
1097 4253 1515 4314 Christianorum
1545 4271 1726 4312 exem-
1832 4267 1918 4314 tur
1937 4273 2116 4312 sermo
2140 4257 2190 4312 in
2218 4271 2428 4311 versum
2451 4255 2640 4310 Psalmi
2663 4252 2968 4324 octogesimi
2991 4251 3228 4313 secundi,
3253 4249 3415 4316 Deus,

185 4346 253 4414 pio
270 4349 549 4405 conﬁrmati
571 4348 819 4406 dicebant
849 4347 982 4401 intra
1009 4362 1068 4406 se
1092 4364 1105 4400 :
1135 4346 1309 4414 Quare
1336 4361 1432 4401 nos
1458 4347 1726 4418 relinqua-
1831 4351 1942 4422 quis
1969 4349 2148 4405 similis
2169 4348 2258 4403 tibi
2277 4349 2469 4423 (Serm.
2496 4347 2566 4402 24
2587 4345 2642 4422 )?
2661 4344 3084 4418 quandoquidem
3113 4344 3287 4398 adhuc
3310 4342 3419 4397 ido-

187 4453 280 4492 mus
301 4439 436 4506 deos,
464 4455 601 4508 quos
629 4438 916 4499 Christiani
943 4439 1041 4508 ipsi
1072 4438 1345 4496 nobiscum
1372 4440 1726 4494 venerantur?
1833 4447 1896 4500 lis
1918 4445 2184 4507 litabatur,
2209 4452 2263 4497 et
2287 4457 2466 4496 eorum
2490 4441 2660 4495 cultus
2683 4438 3002 4507 Carthagine
3029 4436 3254 4505 vigebat.
3285 4435 3416 4489 Erat

187 4527 230 4582 in
253 4531 321 4586 his
357 4543 606 4602 praeterea
627 4530 890 4587 conviviis
918 4530 1199 4586 Christiani
1231 4540 1286 4585 et
1315 4531 1648 4601 blaSpbetuas
1674 4532 1726 4586 in
1833 4537 1940 4590 illic
1970 4537 2106 4591 inter
2132 4544 2322 4589 caetera
2352 4533 2690 4587 simulacrum
2721 4545 2787 4585 ex
2825 4528 3027 4598 lapide,
3061 4527 3303 4583 Herculis
3329 4525 3420 4582 dei

187 4620 411 4681 Christum
439 4640 596 4682 voces
632 4639 918 4684 evomere.
959 4623 1157 4692 eteius
1193 4621 1524 4682 divinitatem
1553 4622 1602 4676 iu
1629 4623 1754 4676 du-'
1834 4645 2025 4686 nomen
2057 4629 2112 4684 in
2143 4627 2296 4683 titulo
2337 4625 2642 4695 pncferens.
2675 4624 2871 4679 Statua:
2897 4621 3055 4692 hujus
3089 4621 3327 4687 barbam,
3361 4621 3418 4676 in

188 4710 302 4768 bium
325 4731 506 4774 "mre
529 4715 827 4772 discebant.
857 4713 967 4775 Hoc
991 4713 1241 4774 seandalo
1272 4722 1540 4783 permotus
1570 4713 1729 4768 Vcile-
1833 4736 1933 4792 qua
1961 4728 2066 4776 tota
2092 4718 2332 4777 Herculis
2355 4717 2520 4772 virtus
2548 4714 2857 4786 putabatur,
2879 4728 3046 4768 novus
3073 4713 3414 4782 magistratus

189 4815 354 4861 Mter
391 4806 715 4877 Augustinus
735 4845 752 4868 .
784 4804 852 4860 de
879 4805 972 4864 illo
1013 4820 1115 4875 qua
1147 4806 1318 4874 potuit
1355 4803 1587 4865 lenitate.
1620 4805 1727 4866 acri
1833 4827 1860 4865 a
1883 4810 2106 4880 Paganis
2129 4808 2377 4864 seductus
2401 4822 2532 4862 auro
2558 4804 2800 4876 perfundi
2839 4803 3170 4874 permiserat.
3214 4801 3418 4858 Verum

191 4903 330 4952 iam
365 4908 420 4956 et
455 4898 607 4969 gravi
647 4898 890 4956 oratione
925 4907 1248 4967 conquestus
1271 4907 1353 4954 est
1377 4897 1567 4970 (Serm.
1601 4899 1724 4968 62);
1832 4902 1900 4958 ad
1922 4902 2150 4957 dedecus
2174 4901 2433 4956 cultorum
2455 4900 2568 4967 ejus
2593 4914 2723 4954 auro
2746 4895 2954 4952 refulsit
2975 4897 3162 4952 falsum
3197 4910 3412 4950 numen.

192 4991 234 5037 et
261 4988 446 5055 quidem
473 4988 798 5058 Carthagine
817 5029 831 5053 ,
859 4996 919 5048 υι
945 4989 1179 5056 videtur;
1219 5005 1340 5046 cum
1368 4990 1586 5046 alterius
1615 5006 1728 5048 ser—
1831 4992 1958 5048 Inde
1983 4994 2123 5048 enim
2153 5008 2257 5047 non
2284 4991 2350 5048 ad
2390 4989 2747 5056 adorandum,
2786 4988 2879 5044 sed
2923 4988 2988 5044 ad
3035 4987 3412 5043 vindicandum

194 5077 333 5134 moui!
353 5081 660 5140 met-tionem
687 5079 1047 5150 facietque!!!
1071 5081 1253 5149 paucis
1281 5092 1404 5136 ante
1422 5079 1728 5140 dicbuslta-
1831 5094 2104 5156 permotus
2151 5083 2520 5145 Christianus,
2581 5080 2946 5152 superstitioni
3006 5080 3079 5134 illi
3134 5094 3254 5135 sese
3312 5079 3416 5132 im-

196 5164 348 5225 buat
367 5171 414 5227 in
433 5173 794 5244 lappaiibus,
826 5172 918 5232 ubi
941 5182 1146 5245 martyr
1169 5172 1464 5243 Cyprianus
1490 5177 1729 5246 quieSCc-
1833 5178 2079 5243 miscuit,
2111 5185 2168 5232 ut
2191 5175 2406 5234 barbam
2434 5175 2549 5245 ejus
2584 5173 2811 5230 raderet.
2852 5174 2933 5229 An
2965 5173 3065 5226 hoc
3091 5187 3224 5226 unus
3250 5185 3412 5225 ausus

199 5252 284 5320 Μ-
309 5261 443 5324 Mi
467 5276 720 5334 tif-nterea
745 5265 850 5325 bos
871 5265 1206 5326 Christianos
1227 5266 1406 5322 dicare
1429 5269 1638 5335 solitos,
1670 5285 1728 5325 se
1833 5272 1923 5338 sit,
1953 5270 2170 5326 dubium
2201 5280 2299 5334 est,
2329 5283 2448 5324 cum
2474 5282 2594 5324 mox
2623 5265 2945 5336 Augustinus
2979 5263 3256 5334 subjiciat,
3290 5262 3416 5316 bar-

199 5358 420 5426 ιαὶμύ
445 5359 604 5416 fuisse
639 5358 774 5419 deos
815 5359 1172 5425 discumbere,
1206 5359 1298 5414 sed
1338 5360 1476 5430 apud
1516 5361 1727 5432 genium
1833 5363 1954 5418 bam
1996 5361 2235 5416 Herculis
2278 5375 2308 5414 a
2344 5360 2453 5413 Deo
2494 5373 2664 5412 rasam
2690 5371 2808 5412 esse
2831 5373 2917 5424 per
2945 5355 3118 5424 ﬁdeles
3145 5370 3282 5417 suos,
3326 5367 3417 5422 per

201 5439 505 5519 milia,
527 5468 734 5510 meum
759 5453 1013 5522 lapidem,
1040 5453 1130 5523 qui
1159 5463 1332 5510 tamen
1358 5461 1414 5507 ut
1434 5453 1563 5508 deus
1581 5472 1610 5508 n
1635 5455 1730 5509 Pa-
1833 5455 2145 5510 Christianos
2169 5470 2301 5515 suos,
2334 5469 2420 5521 per
2447 5460 2710 5520 potestates
2734 5465 2766 5502 a
2789 5465 2842 5503 se
2874 5447 3148 5501 ordinatas.
3184 5443 3290 5496 Hac
3323 5441 3414 5494 ille

203 5536 325 5603 Ni!
342 5543 612 5612 colebatur,
644 5545 798 5615 euqu
825 5544 1070 5602 videlicet
1093 5552 1218 5600 ante
1243 5552 1472 5600 statuam
1500 5560 1590 5600 ara
1616 5554 1732 5602 erat
1833 5545 2114 5601 occasione
2137 5558 2456 5608 sermonem,
2477 5541 2544 5598 de
2563 5556 2668 5612 quo
2691 5540 2970 5610 loquimur,
2996 5533 3194 5587 habuit.
3224 5532 3413 5585 Dicen-

205 5626 363 5693 ’κίκι
399 5633 546 5692 Docet
568 5637 763 5691 ibidem
789 5635 1137 5706 Augustinus,
1165 5634 1300 5692 hanc
1327 5634 1464 5690 viam
1489 5635 1556 5690 ad
1586 5637 1730 5694 Gen-
1833 5646 1938 5694 tem
1965 5633 2318 5706 interpellavit
2338 5635 2580 5706 populus,
2605 5630 2899 5688 vociferans
2919 5634 2972 5680 et
2990 5624 3246 5685 clamans,
3273 5619 3414 5686 Quo-

207 5713 582 5790 “W
611 5739 667 5785 et
689 5728 1007 5790 Christianae
1037 5727 1158 5788 ﬁdei
1184 5729 1546 5804 aggregandos
1577 5733 1730 5806 quasi
1835 5729 1984 5785 modo
2019 5729 2199 5786 Roma.
2233 5725 2306 5782 sic
2333 5735 2377 5782 et
2404 5722 2690 5798 Carthago!
2713 5720 2766 5774 id
2805 5733 2862 5772 sc
2891 5714 3136 5770 nimirum
3168 5711 3325 5776 velle,
3358 5710 3415 5770 id
