  <div class='ocr_page' id='page_1' title='image "/cluster/home/n/w/nwhite01/storage/ocr_20150623/32/uva.x000669813/149.png"; bbox 0 0 3868 6444; ppageno 0'>
   <div class='ocr_carea' id='block_1_1' title="bbox 488 274 591 334">
    <p class='ocr_par' dir='ltr' id='par_1_1' title="bbox 488 274 591 334">
     <span class='ocr_line' id='line_1_1' title="bbox 488 274 591 334; baseline 0 -1"><span class='ocrx_word' id='word_1_1' title='bbox 488 274 591 334; x_wconf 76' lang='grc' dir='ltr'><strong>Ξ79</strong></span> 
     </span>
    </p>
   </div>
   <div class='ocr_carea' id='block_1_2' title="bbox 485 386 2067 471">
    <p class='ocr_par' dir='ltr' id='par_1_2' title="bbox 485 386 2067 471">
     <span class='ocr_line' id='line_1_2' title="bbox 485 386 2067 471; baseline -0.004 -17"><span class='ocrx_word' id='word_1_2' title='bbox 485 393 778 471; x_wconf 84' lang='lat' dir='ltr'><strong>postulare,</strong></span> <span class='ocrx_word' id='word_1_3' title='bbox 802 398 863 448; x_wconf 91' lang='lat' dir='ltr'><strong>ut</strong></span> <span class='ocrx_word' id='word_1_4' title='bbox 882 386 1057 447; x_wconf 90' lang='lat' dir='ltr'><strong>omnis</strong></span> <span class='ocrx_word' id='word_1_5' title='bbox 1077 386 1427 445; x_wconf 86' lang='lat' dir='ltr'><strong>Ethnicorum</strong></span> <span class='ocrx_word' id='word_1_6' title='bbox 1451 391 1757 463; x_wconf 74' lang='lat' dir='ltr'><strong>superstitio</strong></span> <span class='ocrx_word' id='word_1_7' title='bbox 1776 390 2067 460; x_wconf 74' lang='lat' dir='ltr'><strong>deleretur,</strong></span> 
     </span>
    </p>
   </div>
   <div class='ocr_carea' id='block_1_3' title="bbox 485 483 2072 561">
    <p class='ocr_par' dir='ltr' id='par_1_3' title="bbox 485 483 2072 561">
     <span class='ocr_line' id='line_1_3' title="bbox 485 483 2072 561; baseline -0.004 -13"><span class='ocrx_word' id='word_1_8' title='bbox 485 506 589 548; x_wconf 91' lang='lat' dir='ltr'><strong>nec</strong></span> <span class='ocrx_word' id='word_1_9' title='bbox 609 489 717 561; x_wconf 89' lang='lat' dir='ltr'><strong>jam</strong></span> <span class='ocrx_word' id='word_1_10' title='bbox 733 487 1052 559; x_wconf 75' lang='lat' dir='ltr'><strong>Carthagine</strong></span> <span class='ocrx_word' id='word_1_11' title='bbox 1065 486 1496 557; x_wconf 89' lang='lat' dir='ltr'><strong>permitterentur</strong></span> <span class='ocrx_word' id='word_1_12' title='bbox 1509 483 1763 541; x_wconf 85' lang='lat' dir='ltr'><strong>Hercules</strong></span> <span class='ocrx_word' id='word_1_13' title='bbox 1780 484 1976 557; x_wconf 80' lang='lat' dir='ltr'><strong>aliique</strong></span> <span class='ocrx_word' id='word_1_14' title='bbox 1997 485 2072 542; x_wconf 90' lang='lat' dir='ltr'><strong>dii</strong></span> 
     </span>
    </p>
   </div>
   <div class='ocr_carea' id='block_1_4' title="bbox 486 576 2070 653">
    <p class='ocr_par' dir='ltr' id='par_1_4' title="bbox 486 576 2070 653">
     <span class='ocr_line' id='line_1_4' title="bbox 486 576 2070 653; baseline -0.002 -16"><span class='ocrx_word' id='word_1_15' title='bbox 486 581 737 647; x_wconf 81' lang='lat' dir='ltr'><strong>Romani,</strong></span> <span class='ocrx_word' id='word_1_16' title='bbox 762 580 851 653; x_wconf 88' lang='lat' dir='ltr'><strong>qui</strong></span> <span class='ocrx_word' id='word_1_17' title='bbox 882 580 935 635; x_wconf 92' lang='lat' dir='ltr'><strong>in</strong></span> <span class='ocrx_word' id='word_1_18' title='bbox 958 580 1071 651; x_wconf 85' lang='lat' dir='ltr'><strong>ipsa</strong></span> <span class='ocrx_word' id='word_1_19' title='bbox 1091 578 1250 634; x_wconf 89' lang='lat' dir='ltr'><strong>etiam</strong></span> <span class='ocrx_word' id='word_1_20' title='bbox 1275 578 1410 633; x_wconf 85' lang='lat' dir='ltr'><strong>urbe</strong></span> <span class='ocrx_word' id='word_1_21' title='bbox 1430 576 1597 632; x_wconf 83' lang='lat' dir='ltr'><strong>Roma</strong></span> <span class='ocrx_word' id='word_1_22' title='bbox 1620 576 1957 645; x_wconf 82' lang='lat' dir='ltr'><strong>defecerant;</strong></span> <span class='ocrx_word' id='word_1_23' title='bbox 1977 578 2070 634; x_wconf 87' lang='lat' dir='ltr'><strong>sed</strong></span> 
     </span>
    </p>
   </div>
   <div class='ocr_carea' id='block_1_5' title="bbox 487 669 2070 740">
    <p class='ocr_par' dir='ltr' id='par_1_5' title="bbox 487 669 2070 740">
     <span class='ocr_line' id='line_1_5' title="bbox 487 669 2070 740; baseline -0.001 -11"><span class='ocrx_word' id='word_1_24' title='bbox 487 674 542 729; x_wconf 89' lang='lat' dir='ltr'><strong>in</strong></span> <span class='ocrx_word' id='word_1_25' title='bbox 575 674 677 729; x_wconf 91' lang='lat' dir='ltr'><strong>hoc</strong></span> <span class='ocrx_word' id='word_1_26' title='bbox 704 673 887 728; x_wconf 65' lang='lat' dir='ltr'><strong>Romae</strong></span> <span class='ocrx_word' id='word_1_27' title='bbox 913 669 1177 740; x_wconf 79' lang='lat' dir='ltr'><strong>Carthago</strong></span> <span class='ocrx_word' id='word_1_28' title='bbox 1204 670 1424 725; x_wconf 89' lang='lat' dir='ltr'><strong>omnino</strong></span> <span class='ocrx_word' id='word_1_29' title='bbox 1454 669 1746 726; x_wconf 84' lang='lat' dir='ltr'><strong>consimilis</strong></span> <span class='ocrx_word' id='word_1_30' title='bbox 1773 680 1933 725; x_wconf 89' lang='lat' dir='ltr'><strong>esset.</strong></span> <span class='ocrx_word' id='word_1_31' title='bbox 1964 670 2070 727; x_wconf 83' lang='lat' dir='ltr'><strong>Po-</strong></span> 
     </span>
    </p>
   </div>
   <div class='ocr_carea' id='block_1_6' title="bbox 485 760 2070 838">
    <p class='ocr_par' dir='ltr' id='par_1_6' title="bbox 485 760 2070 838">
     <span class='ocr_line' id='line_1_6' title="bbox 485 760 2070 838; baseline -0.003 -17"><span class='ocrx_word' id='word_1_32' title='bbox 485 766 593 838; x_wconf 90' lang='lat' dir='ltr'><strong>puli</strong></span> <span class='ocrx_word' id='word_1_33' title='bbox 631 765 884 835; x_wconf 83' lang='lat' dir='ltr'><strong>pietatem</strong></span> <span class='ocrx_word' id='word_1_34' title='bbox 913 772 968 818; x_wconf 90' lang='lat' dir='ltr'><strong>et</strong></span> <span class='ocrx_word' id='word_1_35' title='bbox 988 762 1223 817; x_wconf 89' lang='lat' dir='ltr'><strong>studium</strong></span> <span class='ocrx_word' id='word_1_36' title='bbox 1257 762 1336 817; x_wconf 91' lang='lat' dir='ltr'><strong>sic</strong></span> <span class='ocrx_word' id='word_1_37' title='bbox 1367 760 1609 817; x_wconf 86' lang='lat' dir='ltr'><strong>laudibus</strong></span> <span class='ocrx_word' id='word_1_38' title='bbox 1636 761 1789 817; x_wconf 81' lang='lat' dir='ltr'><strong>ell‘ert</strong></span> <span class='ocrx_word' id='word_1_39' title='bbox 1816 762 2070 833; x_wconf 82' lang='lat' dir='ltr'><strong>Augusti-</strong></span> 
     </span>
    </p>
   </div>
   <div class='ocr_carea' id='block_1_7' title="bbox 483 855 2070 926">
    <p class='ocr_par' dir='ltr' id='par_1_7' title="bbox 483 855 2070 926">
     <span class='ocr_line' id='line_1_7' title="bbox 483 855 2070 926; baseline -0.003 -12"><span class='ocrx_word' id='word_1_40' title='bbox 483 875 615 923; x_wconf 85' lang='lat' dir='ltr'><strong>nus,</strong></span> <span class='ocrx_word' id='word_1_41' title='bbox 644 870 703 914; x_wconf 91' lang='lat' dir='ltr'><strong>ut</strong></span> <span class='ocrx_word' id='word_1_42' title='bbox 737 857 982 913; x_wconf 88' lang='lat' dir='ltr'><strong>videatur</strong></span> <span class='ocrx_word' id='word_1_43' title='bbox 1010 863 1186 911; x_wconf 87' lang='lat' dir='ltr'><strong>tamen</strong></span> <span class='ocrx_word' id='word_1_44' title='bbox 1225 863 1492 920; x_wconf 87' lang='lat' dir='ltr'><strong>metuere,</strong></span> <span class='ocrx_word' id='word_1_45' title='bbox 1520 870 1590 911; x_wconf 90' lang='lat' dir='ltr'><strong>ne</strong></span> <span class='ocrx_word' id='word_1_46' title='bbox 1612 855 1736 926; x_wconf 90' lang='lat' dir='ltr'><strong>quid</strong></span> <span class='ocrx_word' id='word_1_47' title='bbox 1762 855 1850 911; x_wconf 89' lang='lat' dir='ltr'><strong>ille</strong></span> <span class='ocrx_word' id='word_1_48' title='bbox 1873 855 2070 911; x_wconf 88' lang='lat' dir='ltr'><strong>tumul-</strong></span> 
     </span>
    </p>
   </div>
   <div class='ocr_carea' id='block_1_8' title="bbox 479 946 2071 1019">
    <p class='ocr_par' dir='ltr' id='par_1_8' title="bbox 479 946 2071 1019">
     <span class='ocr_line' id='line_1_8' title="bbox 479 946 2071 1019; baseline 0.001 -17"><span class='ocrx_word' id='word_1_49' title='bbox 479 961 640 1005; x_wconf 87' lang='lat' dir='ltr'><strong>tuose</strong></span> <span class='ocrx_word' id='word_1_50' title='bbox 663 958 719 1005; x_wconf 91' lang='lat' dir='ltr'><strong>et</strong></span> <span class='ocrx_word' id='word_1_51' title='bbox 743 964 847 1003; x_wconf 92' lang='lat' dir='ltr'><strong>non</strong></span> <span class='ocrx_word' id='word_1_52' title='bbox 873 947 1003 1003; x_wconf 80' lang='lat' dir='ltr'><strong>satis</strong></span> <span class='ocrx_word' id='word_1_53' title='bbox 1023 947 1252 1019; x_wconf 89' lang='lat' dir='ltr'><strong>legitima</strong></span> <span class='ocrx_word' id='word_1_54' title='bbox 1283 947 1597 1003; x_wconf 86' lang='lat' dir='ltr'><strong>auctoritate</strong></span> <span class='ocrx_word' id='word_1_55' title='bbox 1622 947 1890 1003; x_wconf 83' lang='lat' dir='ltr'><strong>moliatur.</strong></span> <span class='ocrx_word' id='word_1_56' title='bbox 1923 946 2071 1003; x_wconf 72' lang='lat' dir='ltr'><strong>Prm-</strong></span> 
     </span>
    </p>
   </div>
   <div class='ocr_carea' id='block_1_9' title="bbox 481 1038 2068 1111">
    <p class='ocr_par' dir='ltr' id='par_1_9' title="bbox 481 1038 2068 1111">
     <span class='ocr_line' id='line_1_9' title="bbox 481 1038 2068 1111; baseline -0.003 -14"><span class='ocrx_word' id='word_1_57' title='bbox 481 1041 629 1111; x_wconf 76' lang='lat' dir='ltr'><strong>cipiti</strong></span> <span class='ocrx_word' id='word_1_58' title='bbox 653 1039 823 1110; x_wconf 86' lang='lat' dir='ltr'><strong>plebis</strong></span> <span class='ocrx_word' id='word_1_59' title='bbox 842 1053 952 1094; x_wconf 68' lang='lat' dir='ltr'><strong>sum</strong></span> <span class='ocrx_word' id='word_1_60' title='bbox 973 1039 1166 1104; x_wconf 87' lang='lat' dir='ltr'><strong>studio,</strong></span> <span class='ocrx_word' id='word_1_61' title='bbox 1190 1040 1241 1094; x_wconf 91' lang='lat' dir='ltr'><strong>ni</strong></span> <span class='ocrx_word' id='word_1_62' title='bbox 1259 1048 1437 1093; x_wconf 92' lang='lat' dir='ltr'><strong>nostra</strong></span> <span class='ocrx_word' id='word_1_63' title='bbox 1463 1053 1562 1094; x_wconf 89' lang='lat' dir='ltr'><strong>nos</strong></span> <span class='ocrx_word' id='word_1_64' title='bbox 1589 1038 1721 1094; x_wconf 89' lang='lat' dir='ltr'><strong>fallit</strong></span> <span class='ocrx_word' id='word_1_65' title='bbox 1743 1039 2068 1109; x_wconf 85' lang='lat' dir='ltr'><strong>conjectura,</strong></span> 
     </span>
    </p>
   </div>
   <div class='ocr_carea' id='block_1_10' title="bbox 481 1131 2072 1205">
    <p class='ocr_par' dir='ltr' id='par_1_10' title="bbox 481 1131 2072 1205">
     <span class='ocr_line' id='line_1_10' title="bbox 481 1131 2072 1205; baseline -0.001 -16"><span class='ocrx_word' id='word_1_66' title='bbox 481 1138 587 1203; x_wconf 86' lang='lat' dir='ltr'><strong>jam</strong></span> <span class='ocrx_word' id='word_1_67' title='bbox 621 1135 736 1204; x_wconf 85' lang='lat' dir='ltr'><strong>ipso</strong></span> <span class='ocrx_word' id='word_1_68' title='bbox 778 1148 935 1188; x_wconf 88' lang='lat' dir='ltr'><strong>mane</strong></span> <span class='ocrx_word' id='word_1_69' title='bbox 972 1134 1152 1189; x_wconf 90' lang='lat' dir='ltr'><strong>frenos</strong></span> <span class='ocrx_word' id='word_1_70' title='bbox 1189 1133 1446 1203; x_wconf 73' lang='lat' dir='ltr'><strong>iniecerat</strong></span> <span class='ocrx_word' id='word_1_71' title='bbox 1487 1134 1769 1205; x_wconf 90' lang='lat' dir='ltr'><strong>episcopus</strong></span> <span class='ocrx_word' id='word_1_72' title='bbox 1796 1131 2072 1203; x_wconf 84' lang='lat' dir='ltr'><strong>Carthagi-</strong></span> 
     </span>
    </p>
   </div>
   <div class='ocr_carea' id='block_1_11' title="bbox 487 1226 2068 1298">
    <p class='ocr_par' dir='ltr' id='par_1_11' title="bbox 487 1226 2068 1298">
     <span class='ocr_line' id='line_1_11' title="bbox 487 1226 2068 1298; baseline 0 -18"><span class='ocrx_word' id='word_1_73' title='bbox 487 1227 689 1282; x_wconf 83' lang='lat' dir='ltr'><strong>ncnsis.</strong></span> <span class='ocrx_word' id='word_1_74' title='bbox 718 1227 887 1296; x_wconf 86' lang='lat' dir='ltr'><strong>Quam</strong></span> <span class='ocrx_word' id='word_1_75' title='bbox 930 1227 1070 1282; x_wconf 90' lang='lat' dir='ltr'><strong>enim</strong></span> <span class='ocrx_word' id='word_1_76' title='bbox 1111 1226 1269 1282; x_wconf 88' lang='lat' dir='ltr'><strong>aliam</strong></span> <span class='ocrx_word' id='word_1_77' title='bbox 1298 1226 1368 1281; x_wconf 90' lang='lat' dir='ltr'><strong>ob</strong></span> <span class='ocrx_word' id='word_1_78' title='bbox 1394 1241 1606 1282; x_wconf 78' lang='lat' dir='ltr'><strong>causam</strong></span> <span class='ocrx_word' id='word_1_79' title='bbox 1636 1227 1714 1281; x_wconf 84' lang='lat' dir='ltr'><strong>eis</strong></span> <span class='ocrx_word' id='word_1_80' title='bbox 1738 1227 2030 1298; x_wconf 78' lang='lat' dir='ltr'><strong>gratulatur</strong></span> <span class='ocrx_word' id='word_1_81' title='bbox 2052 1267 2068 1294; x_wconf 91' lang='lat'><strong>,</strong></span> 
     </span>
    </p>
   </div>
   <div class='ocr_carea' id='block_1_12' title="bbox 485 1316 2068 1391">
    <p class='ocr_par' dir='ltr' id='par_1_12' title="bbox 485 1316 2068 1391">
     <span class='ocr_line' id='line_1_12' title="bbox 485 1316 2068 1391; baseline 0.001 -19"><span class='ocrx_word' id='word_1_82' title='bbox 485 1319 626 1389; x_wconf 78' lang='lat' dir='ltr'><strong>quod</strong></span> <span class='ocrx_word' id='word_1_83' title='bbox 661 1319 912 1391; x_wconf 83' lang='lat' dir='ltr'><strong>episcOpo</strong></span> <span class='ocrx_word' id='word_1_84' title='bbox 933 1316 1031 1373; x_wconf 79' lang='lat' dir='ltr'><strong>suo</strong></span> <span class='ocrx_word' id='word_1_85' title='bbox 1051 1318 1104 1373; x_wconf 90' lang='lat' dir='ltr'><strong>in</strong></span> <span class='ocrx_word' id='word_1_86' title='bbox 1125 1334 1191 1373; x_wconf 90' lang='lat' dir='ltr'><strong>eo</strong></span> <span class='ocrx_word' id='word_1_87' title='bbox 1220 1318 1358 1388; x_wconf 90' lang='lat' dir='ltr'><strong>quod</strong></span> <span class='ocrx_word' id='word_1_88' title='bbox 1383 1318 1511 1388; x_wconf 85' lang='lat' dir='ltr'><strong>ipsis</strong></span> <span class='ocrx_word' id='word_1_89' title='bbox 1530 1334 1683 1374; x_wconf 87' lang='lat' dir='ltr'><strong>mane</strong></span> <span class='ocrx_word' id='word_1_90' title='bbox 1704 1319 1911 1375; x_wconf 92' lang='lat' dir='ltr'><strong>locutus</strong></span> <span class='ocrx_word' id='word_1_91' title='bbox 1934 1328 2068 1384; x_wconf 88' lang='lat' dir='ltr'><strong>erat,</strong></span> 
     </span>
    </p>
   </div>
   <div class='ocr_carea' id='block_1_13' title="bbox 485 1410 2071 1483">
    <p class='ocr_par' dir='ltr' id='par_1_13' title="bbox 485 1410 2071 1483">
     <span class='ocr_line' id='line_1_13' title="bbox 485 1410 2071 1483; baseline 0.001 -16"><span class='ocrx_word' id='word_1_92' title='bbox 485 1411 803 1479; x_wconf 84' lang='lat' dir='ltr'><strong>obedierint,</strong></span> <span class='ocrx_word' id='word_1_93' title='bbox 831 1419 989 1483; x_wconf 88' lang='lat' dir='ltr'><strong>atque</strong></span> <span class='ocrx_word' id='word_1_94' title='bbox 1013 1420 1069 1466; x_wconf 90' lang='lat' dir='ltr'><strong>ut</strong></span> <span class='ocrx_word' id='word_1_95' title='bbox 1098 1426 1221 1466; x_wconf 90' lang='lat' dir='ltr'><strong>eum</strong></span> <span class='ocrx_word' id='word_1_96' title='bbox 1246 1418 1558 1481; x_wconf 84' lang='lat' dir='ltr'><strong>sequantur,</strong></span> <span class='ocrx_word' id='word_1_97' title='bbox 1588 1419 1642 1465; x_wconf 92' lang='lat' dir='ltr'><strong>ct</strong></span> <span class='ocrx_word' id='word_1_98' title='bbox 1668 1410 1735 1465; x_wconf 90' lang='lat' dir='ltr'><strong>ab</strong></span> <span class='ocrx_word' id='word_1_99' title='bbox 1763 1426 1824 1467; x_wconf 86' lang='lat' dir='ltr'><strong>ea</strong></span> <span class='ocrx_word' id='word_1_100' title='bbox 1849 1412 1932 1467; x_wconf 93' lang='lat' dir='ltr'><strong>via</strong></span> <span class='ocrx_word' id='word_1_101' title='bbox 1963 1427 2071 1468; x_wconf 90' lang='lat' dir='ltr'><strong>non</strong></span> 
     </span>
    </p>
   </div>
   <div class='ocr_carea' id='block_1_14' title="bbox 486 1500 2066 1570">
    <p class='ocr_par' dir='ltr' id='par_1_14' title="bbox 486 1500 2066 1570">
     <span class='ocr_line' id='line_1_14' title="bbox 486 1500 2066 1570; baseline 0.001 -12"><span class='ocrx_word' id='word_1_102' title='bbox 486 1502 741 1559; x_wconf 84' lang='lat' dir='ltr'><strong>recedant</strong></span> <span class='ocrx_word' id='word_1_103' title='bbox 763 1502 1096 1559; x_wconf 85' lang='lat' dir='ltr'><strong>obtestatur?</strong></span> <span class='ocrx_word' id='word_1_104' title='bbox 1114 1500 1320 1557; x_wconf 75' lang='lat' dir='ltr'><strong>Interea</strong></span> <span class='ocrx_word' id='word_1_105' title='bbox 1342 1516 1437 1558; x_wconf 91' lang='lat' dir='ltr'><strong>eos</strong></span> <span class='ocrx_word' id='word_1_106' title='bbox 1451 1502 1720 1557; x_wconf 88' lang='lat' dir='ltr'><strong>cohortari</strong></span> <span class='ocrx_word' id='word_1_107' title='bbox 1748 1518 1852 1558; x_wconf 92' lang='lat' dir='ltr'><strong>non</strong></span> <span class='ocrx_word' id='word_1_108' title='bbox 1874 1512 2066 1570; x_wconf 80' lang='lat' dir='ltr'><strong>cessat,</strong></span> 
     </span>
    </p>
   </div>
   <div class='ocr_carea' id='block_1_15' title="bbox 487 1594 2071 1667">
    <p class='ocr_par' dir='ltr' id='par_1_15' title="bbox 487 1594 2071 1667">
     <span class='ocr_line' id='line_1_15' title="bbox 487 1594 2071 1667; baseline 0 -16"><span class='ocrx_word' id='word_1_109' title='bbox 487 1606 546 1651; x_wconf 93' lang='lat' dir='ltr'><strong>ut</strong></span> <span class='ocrx_word' id='word_1_110' title='bbox 572 1612 723 1652; x_wconf 91' lang='lat' dir='ltr'><strong>suam</strong></span> <span class='ocrx_word' id='word_1_111' title='bbox 750 1597 817 1652; x_wconf 93' lang='lat' dir='ltr'><strong>de</strong></span> <span class='ocrx_word' id='word_1_112' title='bbox 845 1595 1103 1651; x_wconf 89' lang='lat' dir='ltr'><strong>abolenda</strong></span> <span class='ocrx_word' id='word_1_113' title='bbox 1143 1595 1519 1667; x_wconf 87' lang='lat' dir='ltr'><strong>superstitione</strong></span> <span class='ocrx_word' id='word_1_114' title='bbox 1540 1594 1864 1650; x_wconf 80' lang='lat' dir='ltr'><strong>voluntatem</strong></span> <span class='ocrx_word' id='word_1_115' title='bbox 1891 1602 2071 1651; x_wconf 88' lang='lat' dir='ltr'><strong>notam</strong></span> 
     </span>
    </p>
   </div>
   <div class='ocr_carea' id='block_1_16' title="bbox 485 1684 2071 1758">
    <p class='ocr_par' dir='ltr' id='par_1_16' title="bbox 485 1684 2071 1758">
     <span class='ocr_line' id='line_1_16' title="bbox 485 1684 2071 1758; baseline 0 -16"><span class='ocrx_word' id='word_1_116' title='bbox 485 1697 539 1742; x_wconf 89' lang='lat' dir='ltr'><strong>et</strong></span> <span class='ocrx_word' id='word_1_117' title='bbox 564 1695 808 1743; x_wconf 88' lang='lat' dir='ltr'><strong>testatam</strong></span> <span class='ocrx_word' id='word_1_118' title='bbox 838 1687 1024 1743; x_wconf 83' lang='lat' dir='ltr'><strong>fecisse</strong></span> <span class='ocrx_word' id='word_1_119' title='bbox 1049 1686 1321 1751; x_wconf 89' lang='lat' dir='ltr'><strong>contenti,</strong></span> <span class='ocrx_word' id='word_1_120' title='bbox 1348 1686 1463 1756; x_wconf 87' lang='lat' dir='ltr'><strong>ejus</strong></span> <span class='ocrx_word' id='word_1_121' title='bbox 1488 1684 1771 1758; x_wconf 75' lang='lat' dir='ltr'><strong>implenda:</strong></span> <span class='ocrx_word' id='word_1_122' title='bbox 1794 1687 2071 1742; x_wconf 91' lang='lat' dir='ltr'><strong>consilium</strong></span> 
     </span>
    </p>
   </div>
   <div class='ocr_carea' id='block_1_17' title="bbox 487 1775 2074 1849">
    <p class='ocr_par' dir='ltr' id='par_1_17' title="bbox 487 1775 2074 1849">
     <span class='ocr_line' id='line_1_17' title="bbox 487 1775 2074 1849; baseline 0.003 -18"><span class='ocrx_word' id='word_1_123' title='bbox 487 1794 550 1833; x_wconf 88' lang='lat' dir='ltr'><strong>ac</strong></span> <span class='ocrx_word' id='word_1_124' title='bbox 575 1777 788 1833; x_wconf 89' lang='lat' dir='ltr'><strong>modum</strong></span> <span class='ocrx_word' id='word_1_125' title='bbox 833 1778 901 1833; x_wconf 88' lang='lat' dir='ltr'><strong>ab</strong></span> <span class='ocrx_word' id='word_1_126' title='bbox 939 1778 1204 1849; x_wconf 84' lang='lat' dir='ltr'><strong>episcopis</strong></span> <span class='ocrx_word' id='word_1_127' title='bbox 1240 1775 1585 1849; x_wconf 76' lang='lat' dir='ltr'><strong>exspectent;</strong></span> <span class='ocrx_word' id='word_1_128' title='bbox 1617 1794 1716 1835; x_wconf 90' lang='lat' dir='ltr'><strong>nec</strong></span> <span class='ocrx_word' id='word_1_129' title='bbox 1748 1779 1968 1836; x_wconf 89' lang='lat' dir='ltr'><strong>timeant</strong></span> <span class='ocrx_word' id='word_1_130' title='bbox 2005 1795 2074 1836; x_wconf 89' lang='lat' dir='ltr'><strong>ne</strong></span> 
     </span>
    </p>
   </div>
   <div class='ocr_carea' id='block_1_18' title="bbox 488 1868 2069 1943">
    <p class='ocr_par' dir='ltr' id='par_1_18' title="bbox 488 1868 2069 1943">
     <span class='ocr_line' id='line_1_18' title="bbox 488 1868 2069 1943; baseline 0.002 -19"><span class='ocrx_word' id='word_1_131' title='bbox 488 1870 564 1924; x_wconf 90' lang='lat' dir='ltr'><strong>illi</strong></span> <span class='ocrx_word' id='word_1_132' title='bbox 594 1870 644 1924; x_wconf 91' lang='lat' dir='ltr'><strong>in</strong></span> <span class='ocrx_word' id='word_1_133' title='bbox 673 1868 773 1924; x_wconf 91' lang='lat' dir='ltr'><strong>hac</strong></span> <span class='ocrx_word' id='word_1_134' title='bbox 796 1880 943 1940; x_wconf 89' lang='lat' dir='ltr'><strong>parte</strong></span> <span class='ocrx_word' id='word_1_135' title='bbox 963 1869 1141 1925; x_wconf 78' lang='lat' dir='ltr'><strong>oﬁlcio</strong></span> <span class='ocrx_word' id='word_1_136' title='bbox 1163 1884 1261 1925; x_wconf 91' lang='lat' dir='ltr'><strong>suo</strong></span> <span class='ocrx_word' id='word_1_137' title='bbox 1284 1869 1481 1925; x_wconf 89' lang='lat' dir='ltr'><strong>desint.</strong></span> <span class='ocrx_word' id='word_1_138' title='bbox 1504 1870 1667 1940; x_wconf 88' lang='lat' dir='ltr'><strong>Spem</strong></span> <span class='ocrx_word' id='word_1_139' title='bbox 1695 1886 1903 1943; x_wconf 88' lang='lat' dir='ltr'><strong>quoque</strong></span> <span class='ocrx_word' id='word_1_140' title='bbox 1927 1871 2069 1938; x_wconf 81' lang='lat' dir='ltr'><strong>facit,</strong></span> 
     </span>
    </p>
   </div>
   <div class='ocr_carea' id='block_1_19' title="bbox 488 1960 2070 2033">
    <p class='ocr_par' dir='ltr' id='par_1_19' title="bbox 488 1960 2070 2033">
     <span class='ocr_line' id='line_1_19' title="bbox 488 1960 2070 2033; baseline 0.002 -18"><span class='ocrx_word' id='word_1_141' title='bbox 488 1961 602 2017; x_wconf 89' lang='lat' dir='ltr'><strong>fore</strong></span> <span class='ocrx_word' id='word_1_142' title='bbox 627 1971 686 2016; x_wconf 91' lang='lat' dir='ltr'><strong>ut</strong></span> <span class='ocrx_word' id='word_1_143' title='bbox 712 1976 893 2016; x_wconf 88' lang='lat' dir='ltr'><strong>eorum</strong></span> <span class='ocrx_word' id='word_1_144' title='bbox 918 1976 1110 2033; x_wconf 88' lang='lat' dir='ltr'><strong>preces</strong></span> <span class='ocrx_word' id='word_1_145' title='bbox 1144 1960 1354 2016; x_wconf 91' lang='lat' dir='ltr'><strong>felicem</strong></span> <span class='ocrx_word' id='word_1_146' title='bbox 1383 1962 1581 2016; x_wconf 82' lang='lat' dir='ltr'><strong>exitum</strong></span> <span class='ocrx_word' id='word_1_147' title='bbox 1611 1963 1921 2030; x_wconf 87' lang='lat' dir='ltr'><strong>sortiantur,</strong></span> <span class='ocrx_word' id='word_1_148' title='bbox 1949 1978 2070 2018; x_wconf 93' lang='lat' dir='ltr'><strong>cum</strong></span> 
     </span>
    </p>
   </div>
   <div class='ocr_carea' id='block_1_20' title="bbox 488 2052 2075 2130">
    <p class='ocr_par' dir='ltr' id='par_1_20' title="bbox 488 2052 2075 2130">
     <span class='ocr_line' id='line_1_20' title="bbox 488 2052 2075 2130; baseline 0.003 -22"><span class='ocrx_word' id='word_1_149' title='bbox 488 2055 629 2109; x_wconf 88' lang='lat' dir='ltr'><strong>Deus</strong></span> <span class='ocrx_word' id='word_1_150' title='bbox 656 2053 1063 2130; x_wconf 81' lang='lat' dir='ltr'><strong>superstitiones</strong></span> <span class='ocrx_word' id='word_1_151' title='bbox 1081 2052 1367 2110; x_wconf 88' lang='lat' dir='ltr'><strong>Gentilium</strong></span> <span class='ocrx_word' id='word_1_152' title='bbox 1394 2052 1649 2110; x_wconf 89' lang='lat' dir='ltr'><strong>delendas</strong></span> <span class='ocrx_word' id='word_1_153' title='bbox 1668 2055 1992 2124; x_wconf 80' lang='lat' dir='ltr'><strong>praedixerit,</strong></span> <span class='ocrx_word' id='word_1_154' title='bbox 2020 2065 2075 2112; x_wconf 91' lang='lat' dir='ltr'><strong>et</strong></span> 
     </span>
    </p>
   </div>
   <div class='ocr_carea' id='block_1_21' title="bbox 487 2145 2072 2216">
    <p class='ocr_par' dir='ltr' id='par_1_21' title="bbox 487 2145 2072 2216">
     <span class='ocr_line' id='line_1_21' title="bbox 487 2145 2072 2216; baseline 0.004 -17"><span class='ocrx_word' id='word_1_155' title='bbox 487 2145 783 2216; x_wconf 89' lang='lat' dir='ltr'><strong>multisjam</strong></span> <span class='ocrx_word' id='word_1_156' title='bbox 797 2152 1057 2201; x_wconf 89' lang='lat' dir='ltr'><strong>terrarum</strong></span> <span class='ocrx_word' id='word_1_157' title='bbox 1073 2146 1226 2212; x_wconf 90' lang='lat' dir='ltr'><strong>locis,</strong></span> <span class='ocrx_word' id='word_1_158' title='bbox 1241 2146 1398 2201; x_wconf 91' lang='lat' dir='ltr'><strong>etiam</strong></span> <span class='ocrx_word' id='word_1_159' title='bbox 1414 2146 1616 2215; x_wconf 67' lang='lat' dir='ltr'><strong>Romae,</strong></span> <span class='ocrx_word' id='word_1_160' title='bbox 1634 2149 1905 2204; x_wconf 85' lang='lat' dir='ltr'><strong>oraculum</strong></span> <span class='ocrx_word' id='word_1_161' title='bbox 1918 2164 2072 2205; x_wconf 92' lang='lat' dir='ltr'><strong>suum</strong></span> 
     </span>
    </p>
   </div>
   <div class='ocr_carea' id='block_1_22' title="bbox 486 2236 2075 2309">
    <p class='ocr_par' dir='ltr' id='par_1_22' title="bbox 486 2236 2075 2309">
     <span class='ocr_line' id='line_1_22' title="bbox 486 2236 2075 2309; baseline -0.001 -16"><span class='ocrx_word' id='word_1_162' title='bbox 486 2237 850 2308; x_wconf 84' lang='lat' dir='ltr'><strong>compleverit.</strong></span> <span class='ocrx_word' id='word_1_163' title='bbox 880 2238 957 2293; x_wconf 86' lang='lat' dir='ltr'><strong>Ex</strong></span> <span class='ocrx_word' id='word_1_164' title='bbox 994 2236 1096 2292; x_wconf 91' lang='lat' dir='ltr'><strong>hoc</strong></span> <span class='ocrx_word' id='word_1_165' title='bbox 1116 2252 1361 2292; x_wconf 90' lang='lat' dir='ltr'><strong>sermone</strong></span> <span class='ocrx_word' id='word_1_166' title='bbox 1380 2280 1393 2303; x_wconf 94' lang='lat'><strong>,</strong></span> <span class='ocrx_word' id='word_1_167' title='bbox 1417 2253 1574 2307; x_wconf 83' lang='lat' dir='ltr'><strong>quem</strong></span> <span class='ocrx_word' id='word_1_168' title='bbox 1591 2236 1909 2309; x_wconf 79' lang='lat' dir='ltr'><strong>Carthagine</strong></span> <span class='ocrx_word' id='word_1_169' title='bbox 1926 2240 2075 2293; x_wconf 87' lang='lat' dir='ltr'><strong>habi-</strong></span> 
     </span>
    </p>
   </div>
   <div class='ocr_carea' id='block_1_23' title="bbox 489 2329 2071 2401">
    <p class='ocr_par' dir='ltr' id='par_1_23' title="bbox 489 2329 2071 2401">
     <span class='ocr_line' id='line_1_23' title="bbox 489 2329 2071 2401; baseline 0.002 -18"><span class='ocrx_word' id='word_1_170' title='bbox 489 2338 597 2384; x_wconf 88' lang='lat' dir='ltr'><strong>tum</strong></span> <span class='ocrx_word' id='word_1_171' title='bbox 627 2330 789 2385; x_wconf 89' lang='lat' dir='ltr'><strong>fuisse</strong></span> <span class='ocrx_word' id='word_1_172' title='bbox 815 2345 972 2386; x_wconf 87' lang='lat' dir='ltr'><strong>nemo</strong></span> <span class='ocrx_word' id='word_1_173' title='bbox 1001 2345 1107 2384; x_wconf 93' lang='lat' dir='ltr'><strong>non</strong></span> <span class='ocrx_word' id='word_1_174' title='bbox 1134 2329 1395 2399; x_wconf 85' lang='lat' dir='ltr'><strong>agnoscit,</strong></span> <span class='ocrx_word' id='word_1_175' title='bbox 1428 2329 1580 2385; x_wconf 85' lang='lat' dir='ltr'><strong>facile</strong></span> <span class='ocrx_word' id='word_1_176' title='bbox 1606 2330 1936 2401; x_wconf 81' lang='lat' dir='ltr'><strong>intelligitur,</strong></span> <span class='ocrx_word' id='word_1_177' title='bbox 1962 2330 2071 2400; x_wconf 88' lang='lat' dir='ltr'><strong>jam</strong></span> 
     </span>
    </p>
   </div>
   <div class='ocr_carea' id='block_1_24' title="bbox 487 2422 2074 2493">
    <p class='ocr_par' dir='ltr' id='par_1_24' title="bbox 487 2422 2074 2493">
     <span class='ocr_line' id='line_1_24' title="bbox 487 2422 2074 2493; baseline 0.003 -18"><span class='ocrx_word' id='word_1_178' title='bbox 487 2429 598 2476; x_wconf 89' lang='lat' dir='ltr'><strong>tum</strong></span> <span class='ocrx_word' id='word_1_179' title='bbox 633 2423 700 2476; x_wconf 91' lang='lat' dir='ltr'><strong>ab</strong></span> <span class='ocrx_word' id='word_1_180' title='bbox 728 2423 1012 2493; x_wconf 90' lang='lat' dir='ltr'><strong>episc0pis,</strong></span> <span class='ocrx_word' id='word_1_181' title='bbox 1039 2422 1130 2492; x_wconf 90' lang='lat' dir='ltr'><strong>qui</strong></span> <span class='ocrx_word' id='word_1_182' title='bbox 1158 2422 1210 2476; x_wconf 92' lang='lat' dir='ltr'><strong>in</strong></span> <span class='ocrx_word' id='word_1_183' title='bbox 1236 2438 1298 2477; x_wconf 90' lang='lat' dir='ltr'><strong>ea</strong></span> <span class='ocrx_word' id='word_1_184' title='bbox 1334 2422 1466 2476; x_wconf 88' lang='lat' dir='ltr'><strong>urbe</strong></span> <span class='ocrx_word' id='word_1_185' title='bbox 1491 2423 1857 2485; x_wconf 76' lang='lat' dir='ltr'><strong>versabantur,</strong></span> <span class='ocrx_word' id='word_1_186' title='bbox 1883 2424 2074 2480; x_wconf 85' lang='lat' dir='ltr'><strong>decre-</strong></span> 
     </span>
    </p>
   </div>
   <div class='ocr_carea' id='block_1_25' title="bbox 488 2511 2072 2584">
    <p class='ocr_par' dir='ltr' id='par_1_25' title="bbox 488 2511 2072 2584">
     <span class='ocr_line' id='line_1_25' title="bbox 488 2511 2072 2584; baseline 0.003 -19"><span class='ocrx_word' id='word_1_187' title='bbox 488 2521 598 2566; x_wconf 91' lang='lat' dir='ltr'><strong>tum</strong></span> <span class='ocrx_word' id='word_1_188' title='bbox 629 2513 789 2567; x_wconf 91' lang='lat' dir='ltr'><strong>fuisse</strong></span> <span class='ocrx_word' id='word_1_189' title='bbox 820 2521 875 2566; x_wconf 93' lang='lat' dir='ltr'><strong>ut</strong></span> <span class='ocrx_word' id='word_1_190' title='bbox 913 2511 979 2566; x_wconf 90' lang='lat' dir='ltr'><strong>ad</strong></span> <span class='ocrx_word' id='word_1_191' title='bbox 1015 2512 1304 2567; x_wconf 80' lang='lat' dir='ltr'><strong>Honorium</strong></span> <span class='ocrx_word' id='word_1_192' title='bbox 1340 2515 1633 2581; x_wconf 87' lang='lat' dir='ltr'><strong>Augustum</strong></span> <span class='ocrx_word' id='word_1_193' title='bbox 1663 2528 1759 2584; x_wconf 89' lang='lat' dir='ltr'><strong>pro</strong></span> <span class='ocrx_word' id='word_1_194' title='bbox 1787 2514 2072 2570; x_wconf 86' lang='lat' dir='ltr'><strong>obtinenda</strong></span> 
     </span>
    </p>
   </div>
   <div class='ocr_carea' id='block_1_26' title="bbox 488 2601 2076 2678">
    <p class='ocr_par' dir='ltr' id='par_1_26' title="bbox 488 2601 2076 2678">
     <span class='ocr_line' id='line_1_26' title="bbox 488 2601 2076 2678; baseline 0.004 -20"><span class='ocrx_word' id='word_1_195' title='bbox 488 2603 883 2672; x_wconf 83' lang='lat' dir='ltr'><strong>superstitionis</strong></span> <span class='ocrx_word' id='word_1_196' title='bbox 901 2601 1256 2661; x_wconf 85' lang='lat' dir='ltr'><strong>exstinctione</strong></span> <span class='ocrx_word' id='word_1_197' title='bbox 1279 2603 1579 2671; x_wconf 89' lang='lat' dir='ltr'><strong>mitterent;</strong></span> <span class='ocrx_word' id='word_1_198' title='bbox 1613 2620 1677 2661; x_wconf 90' lang='lat' dir='ltr'><strong>ac</strong></span> <span class='ocrx_word' id='word_1_199' title='bbox 1692 2606 1913 2662; x_wconf 86' lang='lat' dir='ltr'><strong>subinde</strong></span> <span class='ocrx_word' id='word_1_200' title='bbox 1934 2608 2076 2678; x_wconf 87' lang='lat' dir='ltr'><strong>ipso-</strong></span> 
     </span>
    </p>
   </div>
   <div class='ocr_carea' id='block_1_27' title="bbox 488 2692 2075 2768">
    <p class='ocr_par' dir='ltr' id='par_1_27' title="bbox 488 2692 2075 2768">
     <span class='ocr_line' id='line_1_27' title="bbox 488 2692 2075 2768; baseline 0.008 -22"><span class='ocrx_word' id='word_1_201' title='bbox 488 2708 630 2760; x_wconf 90' lang='lat' dir='ltr'><strong>rum,</strong></span> <span class='ocrx_word' id='word_1_202' title='bbox 654 2692 742 2762; x_wconf 89' lang='lat' dir='ltr'><strong>qui</strong></span> <span class='ocrx_word' id='word_1_203' title='bbox 769 2692 835 2747; x_wconf 91' lang='lat' dir='ltr'><strong>ad</strong></span> <span class='ocrx_word' id='word_1_204' title='bbox 866 2692 917 2747; x_wconf 91' lang='lat' dir='ltr'><strong>id</strong></span> <span class='ocrx_word' id='word_1_205' title='bbox 944 2694 1331 2763; x_wconf 89' lang='lat' dir='ltr'><strong>procurandum</strong></span> <span class='ocrx_word' id='word_1_206' title='bbox 1359 2696 1519 2767; x_wconf 88' lang='lat' dir='ltr'><strong>legati</strong></span> <span class='ocrx_word' id='word_1_207' title='bbox 1543 2706 1698 2766; x_wconf 91' lang='lat' dir='ltr'><strong>sunt,</strong></span> <span class='ocrx_word' id='word_1_208' title='bbox 1731 2702 2075 2768; x_wconf 87' lang='lat' dir='ltr'><strong>persuasione</strong></span> 
     </span>
    </p>
   </div>
   <div class='ocr_carea' id='block_1_28' title="bbox 489 2786 2075 2860">
    <p class='ocr_par' dir='ltr' id='par_1_28' title="bbox 489 2786 2075 2860">
     <span class='ocr_line' id='line_1_28' title="bbox 489 2786 2075 2860; baseline 0.005 -18"><span class='ocrx_word' id='word_1_209' title='bbox 489 2795 543 2842; x_wconf 91' lang='lat' dir='ltr'><strong>et</strong></span> <span class='ocrx_word' id='word_1_210' title='bbox 579 2787 793 2842; x_wconf 83' lang='lat' dir='ltr'><strong>inductu</strong></span> <span class='ocrx_word' id='word_1_211' title='bbox 833 2787 1072 2843; x_wconf 88' lang='lat' dir='ltr'><strong>celebres</strong></span> <span class='ocrx_word' id='word_1_212' title='bbox 1114 2786 1233 2844; x_wconf 90' lang='lat' dir='ltr'><strong>illas</strong></span> <span class='ocrx_word' id='word_1_213' title='bbox 1270 2789 1414 2860; x_wconf 86' lang='lat' dir='ltr'><strong>leges</strong></span> <span class='ocrx_word' id='word_1_214' title='bbox 1440 2789 1541 2847; x_wconf 88' lang='lat' dir='ltr'><strong>hac</strong></span> <span class='ocrx_word' id='word_1_215' title='bbox 1566 2790 1634 2848; x_wconf 88' lang='lat' dir='ltr'><strong>de</strong></span> <span class='ocrx_word' id='word_1_216' title='bbox 1659 2808 1718 2848; x_wconf 90' lang='lat' dir='ltr'><strong>re</strong></span> <span class='ocrx_word' id='word_1_217' title='bbox 1743 2792 1877 2848; x_wconf 90' lang='lat' dir='ltr'><strong>latas</strong></span> <span class='ocrx_word' id='word_1_218' title='bbox 1911 2794 2075 2850; x_wconf 88' lang='lat' dir='ltr'><strong>fuisse</strong></span> 
     </span>
    </p>
   </div>
   <div class='ocr_carea' id='block_1_29' title="bbox 489 2879 2072 2951">
    <p class='ocr_par' dir='ltr' id='par_1_29' title="bbox 489 2879 2072 2951">
     <span class='ocr_line' id='line_1_29' title="bbox 489 2879 2072 2951; baseline 0.005 -17"><span class='ocrx_word' id='word_1_219' title='bbox 489 2894 630 2935; x_wconf 91' lang='lat' dir='ltr'><strong>anno</strong></span> <span class='ocrx_word' id='word_1_220' title='bbox 665 2879 1038 2935; x_wconf 85' lang='lat' dir='ltr'><strong>trecentesimo</strong></span> <span class='ocrx_word' id='word_1_221' title='bbox 1077 2882 1420 2951; x_wconf 83' lang='lat' dir='ltr'><strong>nonagesimo</strong></span> <span class='ocrx_word' id='word_1_222' title='bbox 1453 2888 1668 2949; x_wconf 89' lang='lat' dir='ltr'><strong>octavo,</strong></span> <span class='ocrx_word' id='word_1_223' title='bbox 1708 2893 1763 2940; x_wconf 92' lang='lat' dir='ltr'><strong>et</strong></span> <span class='ocrx_word' id='word_1_224' title='bbox 1799 2900 1940 2940; x_wconf 89' lang='lat' dir='ltr'><strong>anno</strong></span> <span class='ocrx_word' id='word_1_225' title='bbox 1983 2901 2072 2942; x_wconf 89' lang='lat' dir='ltr'><strong>se-</strong></span> 
     </span>
    </p>
   </div>
   <div class='ocr_carea' id='block_1_30' title="bbox 490 2970 1637 3042">
    <p class='ocr_par' dir='ltr' id='par_1_30' title="bbox 490 2970 1637 3042">
     <span class='ocr_line' id='line_1_30' title="bbox 490 2970 1637 3042; baseline 0.005 -19"><span class='ocrx_word' id='word_1_226' title='bbox 490 2973 671 3042; x_wconf 84' lang='lat' dir='ltr'><strong>quenti</strong></span> <span class='ocrx_word' id='word_1_227' title='bbox 700 2972 751 3026; x_wconf 92' lang='lat' dir='ltr'><strong>in</strong></span> <span class='ocrx_word' id='word_1_228' title='bbox 784 2970 959 3027; x_wconf 83' lang='lat' dir='ltr'><strong>Africa</strong></span> <span class='ocrx_word' id='word_1_229' title='bbox 987 2972 1320 3027; x_wconf 86' lang='lat' dir='ltr'><strong>exsecutioni</strong></span> <span class='ocrx_word' id='word_1_230' title='bbox 1342 2972 1637 3029; x_wconf 88' lang='lat' dir='ltr'><strong>mandatas.</strong></span> 
     </span>
    </p>
   </div>
   <div class='ocr_carea' id='block_1_31' title="bbox 561 3064 2078 3138">
    <p class='ocr_par' dir='ltr' id='par_1_31' title="bbox 561 3064 2078 3138">
     <span class='ocr_line' id='line_1_31' title="bbox 561 3064 2078 3138; baseline 0.004 -19"><span class='ocrx_word' id='word_1_231' title='bbox 561 3066 614 3119; x_wconf 71' lang='lat'><strong>4.</strong></span> <span class='ocrx_word' id='word_1_232' title='bbox 655 3067 772 3132; x_wconf 83' lang='lat' dir='ltr'><strong>Quo</strong></span> <span class='ocrx_word' id='word_1_233' title='bbox 814 3073 1053 3135; x_wconf 90' lang='lat' dir='ltr'><strong>tempore</strong></span> <span class='ocrx_word' id='word_1_234' title='bbox 1077 3064 1235 3120; x_wconf 89' lang='lat' dir='ltr'><strong>dubia</strong></span> <span class='ocrx_word' id='word_1_235' title='bbox 1260 3079 1355 3122; x_wconf 87' lang='lat' dir='ltr'><strong>sua</strong></span> <span class='ocrx_word' id='word_1_236' title='bbox 1396 3066 1465 3121; x_wconf 89' lang='lat' dir='ltr'><strong>ad</strong></span> <span class='ocrx_word' id='word_1_237' title='bbox 1504 3067 1855 3138; x_wconf 83' lang='lat' dir='ltr'><strong>Augustinum</strong></span> <span class='ocrx_word' id='word_1_238' title='bbox 1893 3068 2078 3125; x_wconf 86' lang='lat' dir='ltr'><strong>retulit</strong></span> 
     </span>
    </p>
   </div>
   <div class='ocr_carea' id='block_1_32' title="bbox 490 3154 2075 3225">
    <p class='ocr_par' dir='ltr' id='par_1_32' title="bbox 490 3154 2075 3225">
     <span class='ocr_line' id='line_1_32' title="bbox 490 3154 2075 3225; baseline 0.004 -16"><span class='ocrx_word' id='word_1_239' title='bbox 490 3154 761 3209; x_wconf 83' lang='lat' dir='ltr'><strong>Publicola</strong></span> <span class='ocrx_word' id='word_1_240' title='bbox 793 3155 982 3225; x_wconf 81' lang='lat' dir='ltr'><strong>(Epist.</strong></span> <span class='ocrx_word' id='word_1_241' title='bbox 1010 3155 1123 3224; x_wconf 71' lang='lat'><strong>46),</strong></span> <span class='ocrx_word' id='word_1_242' title='bbox 1145 3170 1210 3209; x_wconf 88' lang='lat' dir='ltr'><strong>eo</strong></span> <span class='ocrx_word' id='word_1_243' title='bbox 1234 3165 1381 3211; x_wconf 88' lang='lat' dir='ltr'><strong>certe</strong></span> <span class='ocrx_word' id='word_1_244' title='bbox 1405 3155 1667 3211; x_wconf 90' lang='lat' dir='ltr'><strong>idolorum</strong></span> <span class='ocrx_word' id='word_1_245' title='bbox 1693 3157 1953 3213; x_wconf 81' lang='lat' dir='ltr'><strong>sacrificia</strong></span> <span class='ocrx_word' id='word_1_246' title='bbox 1978 3158 2075 3215; x_wconf 88' lang='lat' dir='ltr'><strong>ad-</strong></span> 
     </span>
    </p>
   </div>
   <div class='ocr_carea' id='block_1_33' title="bbox 494 3244 2079 3318">
    <p class='ocr_par' dir='ltr' id='par_1_33' title="bbox 494 3244 2079 3318">
     <span class='ocr_line' id='line_1_33' title="bbox 494 3244 2079 3318; baseline 0.004 -19"><span class='ocrx_word' id='word_1_247' title='bbox 494 3247 596 3300; x_wconf 92' lang='lat' dir='ltr'><strong>huc</strong></span> <span class='ocrx_word' id='word_1_248' title='bbox 619 3244 889 3315; x_wconf 81' lang='lat' dir='ltr'><strong>vigebant.</strong></span> <span class='ocrx_word' id='word_1_249' title='bbox 916 3244 1047 3300; x_wconf 84' lang='lat' dir='ltr'><strong>Nam</strong></span> <span class='ocrx_word' id='word_1_250' title='bbox 1075 3245 1215 3314; x_wconf 86' lang='lat' dir='ltr'><strong>quod</strong></span> <span class='ocrx_word' id='word_1_251' title='bbox 1242 3245 1295 3299; x_wconf 91' lang='lat' dir='ltr'><strong>in</strong></span> <span class='ocrx_word' id='word_1_252' title='bbox 1323 3247 1673 3315; x_wconf 87' lang='lat' dir='ltr'><strong>responsione</strong></span> <span class='ocrx_word' id='word_1_253' title='bbox 1706 3248 1982 3318; x_wconf 82' lang='lat' dir='ltr'><strong>Augustini</strong></span> <span class='ocrx_word' id='word_1_254' title='bbox 2005 3249 2079 3305; x_wconf 89' lang='lat' dir='ltr'><strong>le-</strong></span> 
     </span>
    </p>
   </div>
   <div class='ocr_carea' id='block_1_34' title="bbox 491 3334 2078 3409">
    <p class='ocr_par' dir='ltr' id='par_1_34' title="bbox 491 3334 2078 3409">
     <span class='ocr_line' id='line_1_34' title="bbox 491 3334 2078 3409; baseline 0.004 -19"><span class='ocrx_word' id='word_1_255' title='bbox 491 3335 635 3406; x_wconf 81' lang='lat' dir='ltr'><strong>gitur</strong></span> <span class='ocrx_word' id='word_1_256' title='bbox 654 3336 721 3390; x_wconf 89' lang='lat' dir='ltr'><strong>de</strong></span> <span class='ocrx_word' id='word_1_257' title='bbox 743 3336 1062 3406; x_wconf 88' lang='lat' dir='ltr'><strong>templorum</strong></span> <span class='ocrx_word' id='word_1_258' title='bbox 1083 3344 1137 3390; x_wconf 89' lang='lat' dir='ltr'><strong>et</strong></span> <span class='ocrx_word' id='word_1_259' title='bbox 1153 3334 1415 3391; x_wconf 89' lang='lat' dir='ltr'><strong>idolorum</strong></span> <span class='ocrx_word' id='word_1_260' title='bbox 1440 3336 1782 3409; x_wconf 89' lang='lat' dir='ltr'><strong>lucorumque</strong></span> <span class='ocrx_word' id='word_1_261' title='bbox 1801 3340 2078 3396; x_wconf 87' lang='lat' dir='ltr'><strong>eversione</strong></span> 
     </span>
    </p>
   </div>
   <div class='ocr_carea' id='block_1_35' title="bbox 494 3425 2078 3497">
    <p class='ocr_par' dir='ltr' id='par_1_35' title="bbox 494 3425 2078 3497">
     <span class='ocr_line' id='line_1_35' title="bbox 494 3425 2078 3497; baseline 0.005 -17"><span class='ocrx_word' id='word_1_262' title='bbox 494 3426 691 3497; x_wconf 80' lang='lat' dir='ltr'><strong>(Epist.</strong></span> <span class='ocrx_word' id='word_1_263' title='bbox 712 3427 800 3489; x_wconf 74' lang='grc'><strong>47,</strong></span> <span class='ocrx_word' id='word_1_264' title='bbox 832 3443 884 3480; x_wconf 91' lang='lat' dir='ltr'><strong>n.</strong></span> <span class='ocrx_word' id='word_1_265' title='bbox 918 3425 999 3496; x_wconf 81' lang='lat'><strong>‘5),</strong></span> <span class='ocrx_word' id='word_1_266' title='bbox 1041 3425 1095 3481; x_wconf 91' lang='lat' dir='ltr'><strong>id</strong></span> <span class='ocrx_word' id='word_1_267' title='bbox 1123 3426 1190 3481; x_wconf 88' lang='lat' dir='ltr'><strong>ad</strong></span> <span class='ocrx_word' id='word_1_268' title='bbox 1226 3435 1541 3495; x_wconf 86' lang='lat' dir='ltr'><strong>potestatem</strong></span> <span class='ocrx_word' id='word_1_269' title='bbox 1571 3444 1633 3484; x_wconf 83' lang='lat' dir='ltr'><strong>ea</strong></span> <span class='ocrx_word' id='word_1_270' title='bbox 1671 3431 1940 3487; x_wconf 89' lang='lat' dir='ltr'><strong>evertendi</strong></span> <span class='ocrx_word' id='word_1_271' title='bbox 1971 3448 2078 3488; x_wconf 91' lang='lat' dir='ltr'><strong>non</strong></span> 
     </span>
    </p>
   </div>
   <div class='ocr_carea' id='block_1_36' title="bbox 491 3517 2077 3595">
    <p class='ocr_par' dir='ltr' id='par_1_36' title="bbox 491 3517 2077 3595">
     <span class='ocr_line' id='line_1_36' title="bbox 491 3517 2077 3595; baseline 0.005 -23"><span class='ocrx_word' id='word_1_272' title='bbox 491 3519 608 3589; x_wconf 83' lang='lat' dir='ltr'><strong>lege</strong></span> <span class='ocrx_word' id='word_1_273' title='bbox 657 3517 864 3588; x_wconf 87' lang='lat' dir='ltr'><strong>publica</strong></span> <span class='ocrx_word' id='word_1_274' title='bbox 889 3517 1004 3572; x_wconf 86' lang='lat' dir='ltr'><strong>sive</strong></span> <span class='ocrx_word' id='word_1_275' title='bbox 1030 3518 1299 3587; x_wconf 86' lang='lat' dir='ltr'><strong>generali,</strong></span> <span class='ocrx_word' id='word_1_276' title='bbox 1344 3519 1438 3574; x_wconf 89' lang='lat' dir='ltr'><strong>sed</strong></span> <span class='ocrx_word' id='word_1_277' title='bbox 1466 3522 1678 3590; x_wconf 87' lang='lat' dir='ltr'><strong>speciali</strong></span> <span class='ocrx_word' id='word_1_278' title='bbox 1702 3523 1928 3593; x_wconf 87' lang='lat' dir='ltr'><strong>quadam</strong></span> <span class='ocrx_word' id='word_1_279' title='bbox 1960 3524 2077 3595; x_wconf 92' lang='lat' dir='ltr'><strong>jus-</strong></span> 
     </span>
    </p>
   </div>
   <div class='ocr_carea' id='block_1_37' title="bbox 494 3609 2079 3684">
    <p class='ocr_par' dir='ltr' id='par_1_37' title="bbox 494 3609 2079 3684">
     <span class='ocr_line' id='line_1_37' title="bbox 494 3609 2079 3684; baseline 0.005 -20"><span class='ocrx_word' id='word_1_280' title='bbox 494 3612 644 3665; x_wconf 89' lang='lat' dir='ltr'><strong>sione</strong></span> <span class='ocrx_word' id='word_1_281' title='bbox 673 3610 833 3665; x_wconf 86' lang='lat' dir='ltr'><strong>certis</strong></span> <span class='ocrx_word' id='word_1_282' title='bbox 857 3609 908 3664; x_wconf 91' lang='lat' dir='ltr'><strong>in</strong></span> <span class='ocrx_word' id='word_1_283' title='bbox 939 3610 1115 3665; x_wconf 90' lang='lat' dir='ltr'><strong>causis</strong></span> <span class='ocrx_word' id='word_1_284' title='bbox 1146 3611 1324 3665; x_wconf 87' lang='lat' dir='ltr'><strong>datam</strong></span> <span class='ocrx_word' id='word_1_285' title='bbox 1356 3621 1597 3683; x_wconf 88' lang='lat' dir='ltr'><strong>spectare</strong></span> <span class='ocrx_word' id='word_1_286' title='bbox 1630 3614 1813 3684; x_wconf 83' lang='lat' dir='ltr'><strong>liquet.</strong></span> <span class='ocrx_word' id='word_1_287' title='bbox 1837 3616 1965 3684; x_wconf 86' lang='lat' dir='ltr'><strong>Quis</strong></span> <span class='ocrx_word' id='word_1_288' title='bbox 1992 3617 2079 3672; x_wconf 89' lang='lat' dir='ltr'><strong>ille</strong></span> 
     </span>
    </p>
   </div>
   <div class='ocr_carea' id='block_1_38' title="bbox 495 3698 2079 3775">
    <p class='ocr_par' dir='ltr' id='par_1_38' title="bbox 495 3698 2079 3775">
     <span class='ocr_line' id='line_1_38' title="bbox 495 3698 2079 3775; baseline 0.005 -21"><span class='ocrx_word' id='word_1_289' title='bbox 495 3699 763 3754; x_wconf 82' lang='lat' dir='ltr'><strong>Publicola</strong></span> <span class='ocrx_word' id='word_1_290' title='bbox 796 3698 970 3765; x_wconf 86' lang='lat' dir='ltr'><strong>fuerit,</strong></span> <span class='ocrx_word' id='word_1_291' title='bbox 1014 3700 1276 3757; x_wconf 82' lang='lat' dir='ltr'><strong>incertum</strong></span> <span class='ocrx_word' id='word_1_292' title='bbox 1313 3713 1413 3757; x_wconf 78' lang='lat' dir='ltr'><strong>eSI.</strong></span> <span class='ocrx_word' id='word_1_293' title='bbox 1464 3702 1513 3758; x_wconf 88' lang='lat' dir='ltr'><strong>ls</strong></span> <span class='ocrx_word' id='word_1_294' title='bbox 1551 3704 1745 3772; x_wconf 67' lang='lat' dir='ltr'><strong>praedia</strong></span> <span class='ocrx_word' id='word_1_295' title='bbox 1778 3706 2079 3775; x_wconf 86' lang='lat' dir='ltr'><strong>possidebat</strong></span> 
     </span>
    </p>
   </div>
   <div class='ocr_carea' id='block_1_39' title="bbox 496 3791 2081 3862">
    <p class='ocr_par' dir='ltr' id='par_1_39' title="bbox 496 3791 2081 3862">
     <span class='ocr_line' id='line_1_39' title="bbox 496 3791 2081 3862; baseline 0.004 -17"><span class='ocrx_word' id='word_1_296' title='bbox 496 3793 548 3845; x_wconf 94' lang='lat' dir='ltr'><strong>in</strong></span> <span class='ocrx_word' id='word_1_297' title='bbox 580 3791 893 3862; x_wconf 86' lang='lat' dir='ltr'><strong>Arzugibus,</strong></span> <span class='ocrx_word' id='word_1_298' title='bbox 920 3807 1039 3862; x_wconf 80' lang='lat' dir='ltr'><strong>qua:</strong></span> <span class='ocrx_word' id='word_1_299' title='bbox 1064 3792 1208 3847; x_wconf 90' lang='lat' dir='ltr'><strong>natio</strong></span> <span class='ocrx_word' id='word_1_300' title='bbox 1233 3793 1470 3848; x_wconf 89' lang='lat' dir='ltr'><strong>barbaris</strong></span> <span class='ocrx_word' id='word_1_301' title='bbox 1499 3793 1797 3851; x_wconf 86' lang='lat' dir='ltr'><strong>Gentilibus</strong></span> <span class='ocrx_word' id='word_1_302' title='bbox 1823 3807 1936 3851; x_wconf 91' lang='lat' dir='ltr'><strong>erat</strong></span> <span class='ocrx_word' id='word_1_303' title='bbox 1966 3798 2081 3852; x_wconf 85' lang='lat' dir='ltr'><strong>lini-</strong></span> 
     </span>
    </p>
   </div>
   <div class='ocr_carea' id='block_1_40' title="bbox 496 3884 2080 3955">
    <p class='ocr_par' dir='ltr' id='par_1_40' title="bbox 496 3884 2080 3955">
     <span class='ocr_line' id='line_1_40' title="bbox 496 3884 2080 3955; baseline 0.004 -19"><span class='ocrx_word' id='word_1_304' title='bbox 496 3884 644 3937; x_wconf 90' lang='lat' dir='ltr'><strong>tima.</strong></span> <span class='ocrx_word' id='word_1_305' title='bbox 696 3884 1028 3953; x_wconf 83' lang='lat' dir='ltr'><strong>Quapropter</strong></span> <span class='ocrx_word' id='word_1_306' title='bbox 1074 3884 1336 3955; x_wconf 67' lang='lat' dir='ltr'><strong>indigenae</strong></span> <span class='ocrx_word' id='word_1_307' title='bbox 1380 3886 1688 3941; x_wconf 74' lang='lat' dir='ltr'><strong>earumdem</strong></span> <span class='ocrx_word' id='word_1_308' title='bbox 1730 3887 2080 3944; x_wconf 87' lang='lat' dir='ltr'><strong>barbarorum</strong></span> 
     </span>
    </p>
   </div>
   <div class='ocr_carea' id='block_1_41' title="bbox 493 3976 2083 4049">
    <p class='ocr_par' dir='ltr' id='par_1_41' title="bbox 493 3976 2083 4049">
     <span class='ocr_line' id='line_1_41' title="bbox 493 3976 2083 4049; baseline 0.004 -20"><span class='ocrx_word' id='word_1_309' title='bbox 493 3992 654 4045; x_wconf 86' lang='lat' dir='ltr'><strong>opera</strong></span> <span class='ocrx_word' id='word_1_310' title='bbox 685 3976 1002 4042; x_wconf 88' lang='lat' dir='ltr'><strong>utebantur,</strong></span> <span class='ocrx_word' id='word_1_311' title='bbox 1042 3976 1191 4048; x_wconf 91' lang='lat' dir='ltr'><strong>prius</strong></span> <span class='ocrx_word' id='word_1_312' title='bbox 1224 3979 1456 4048; x_wconf 87' lang='lat' dir='ltr'><strong>ipsorum</strong></span> <span class='ocrx_word' id='word_1_313' title='bbox 1491 3979 1595 4034; x_wconf 79' lang='lat' dir='ltr'><strong>fide</strong></span> <span class='ocrx_word' id='word_1_314' title='bbox 1619 3980 1965 4049; x_wconf 88' lang='lat' dir='ltr'><strong>jurejurando</strong></span> <span class='ocrx_word' id='word_1_315' title='bbox 1988 3982 2083 4036; x_wconf 91' lang='lat' dir='ltr'><strong>ad-</strong></span> 
     </span>
    </p>
   </div>
   <div class='ocr_carea' id='block_1_42' title="bbox 494 4069 2082 4139">
    <p class='ocr_par' dir='ltr' id='par_1_42' title="bbox 494 4069 2082 4139">
     <span class='ocr_line' id='line_1_42' title="bbox 494 4069 2082 4139; baseline 0.001 -14"><span class='ocrx_word' id='word_1_316' title='bbox 494 4070 696 4125; x_wconf 81' lang='lat' dir='ltr'><strong>stricta.</strong></span> <span class='ocrx_word' id='word_1_317' title='bbox 722 4069 799 4126; x_wconf 87' lang='lat' dir='ltr'><strong>De</strong></span> <span class='ocrx_word' id='word_1_318' title='bbox 823 4084 929 4139; x_wconf 87' lang='lat' dir='ltr'><strong>quo</strong></span> <span class='ocrx_word' id='word_1_319' title='bbox 953 4070 1259 4139; x_wconf 89' lang='lat' dir='ltr'><strong>juramento</strong></span> <span class='ocrx_word' id='word_1_320' title='bbox 1283 4086 1405 4126; x_wconf 90' lang='lat' dir='ltr'><strong>eum</strong></span> <span class='ocrx_word' id='word_1_321' title='bbox 1436 4072 1595 4127; x_wconf 73' lang='lat' dir='ltr'><strong>varia:</strong></span> <span class='ocrx_word' id='word_1_322' title='bbox 1620 4071 1959 4127; x_wconf 72' lang='lat' dir='ltr'><strong>difficultates</strong></span> <span class='ocrx_word' id='word_1_323' title='bbox 1987 4088 2082 4127; x_wconf 86' lang='lat' dir='ltr'><strong>an-</strong></span> 
     </span>
    </p>
   </div>
   <div class='ocr_carea' id='block_1_43' title="bbox 494 4160 2081 4234">
    <p class='ocr_par' dir='ltr' id='par_1_43' title="bbox 494 4160 2081 4234">
     <span class='ocr_line' id='line_1_43' title="bbox 494 4160 2081 4234; baseline 0.003 -21"><span class='ocrx_word' id='word_1_324' title='bbox 494 4160 706 4230; x_wconf 86' lang='lat' dir='ltr'><strong>gebant,</strong></span> <span class='ocrx_word' id='word_1_325' title='bbox 739 4167 793 4215; x_wconf 93' lang='lat' dir='ltr'><strong>ut</strong></span> <span class='ocrx_word' id='word_1_326' title='bbox 822 4169 877 4216; x_wconf 90' lang='lat' dir='ltr'><strong>et</strong></span> <span class='ocrx_word' id='word_1_327' title='bbox 902 4161 971 4216; x_wconf 93' lang='lat' dir='ltr'><strong>de</strong></span> <span class='ocrx_word' id='word_1_328' title='bbox 999 4177 1099 4218; x_wconf 91' lang='lat' dir='ltr'><strong>usu</strong></span> <span class='ocrx_word' id='word_1_329' title='bbox 1127 4162 1407 4217; x_wconf 88' lang='lat' dir='ltr'><strong>multarum</strong></span> <span class='ocrx_word' id='word_1_330' title='bbox 1440 4178 1640 4229; x_wconf 87' lang='lat' dir='ltr'><strong>rerum,</strong></span> <span class='ocrx_word' id='word_1_331' title='bbox 1670 4179 1791 4234; x_wconf 71' lang='lat' dir='ltr'><strong>quae</strong></span> <span class='ocrx_word' id='word_1_332' title='bbox 1817 4162 2081 4218; x_wconf 88' lang='lat' dir='ltr'><strong>idolorum</strong></span> 
     </span>
    </p>
   </div>
   <div class='ocr_carea' id='block_1_44' title="bbox 493 4253 2082 4326">
    <p class='ocr_par' dir='ltr' id='par_1_44' title="bbox 493 4253 2082 4326">
     <span class='ocr_line' id='line_1_44' title="bbox 493 4253 2082 4326; baseline 0.002 -19"><span class='ocrx_word' id='word_1_333' title='bbox 493 4253 637 4307; x_wconf 85' lang='lat' dir='ltr'><strong>cultu</strong></span> <span class='ocrx_word' id='word_1_334' title='bbox 676 4254 838 4323; x_wconf 84' lang='lat' dir='ltr'><strong>pollui</strong></span> <span class='ocrx_word' id='word_1_335' title='bbox 865 4254 1199 4309; x_wconf 86' lang='lat' dir='ltr'><strong>videbantur.</strong></span> <span class='ocrx_word' id='word_1_336' title='bbox 1228 4255 1353 4310; x_wconf 69' lang='lat' dir='ltr'><strong>Hmc</strong></span> <span class='ocrx_word' id='word_1_337' title='bbox 1395 4264 1449 4310; x_wconf 89' lang='lat' dir='ltr'><strong>ct</strong></span> <span class='ocrx_word' id='word_1_338' title='bbox 1475 4255 1668 4311; x_wconf 86' lang='lat' dir='ltr'><strong>similia</strong></span> <span class='ocrx_word' id='word_1_339' title='bbox 1692 4255 1851 4310; x_wconf 87' lang='lat' dir='ltr'><strong>dubia</strong></span> <span class='ocrx_word' id='word_1_340' title='bbox 1884 4270 2082 4326; x_wconf 88' lang='lat' dir='ltr'><strong>propo-</strong></span> 
     </span>
    </p>
   </div>
   <div class='ocr_carea' id='block_1_45' title="bbox 495 4344 2082 4416">
    <p class='ocr_par' dir='ltr' id='par_1_45' title="bbox 495 4344 2082 4416">
     <span class='ocr_line' id='line_1_45' title="bbox 495 4344 2082 4416; baseline 0.003 -18"><span class='ocrx_word' id='word_1_341' title='bbox 495 4344 573 4399; x_wconf 86' lang='lat' dir='ltr'><strong>nit</strong></span> <span class='ocrx_word' id='word_1_342' title='bbox 600 4344 921 4415; x_wconf 82' lang='lat' dir='ltr'><strong>Augustino,</strong></span> <span class='ocrx_word' id='word_1_343' title='bbox 950 4355 1006 4399; x_wconf 93' lang='lat' dir='ltr'><strong>ut</strong></span> <span class='ocrx_word' id='word_1_344' title='bbox 1040 4346 1200 4416; x_wconf 88' lang='lat' dir='ltr'><strong>patri,</strong></span> <span class='ocrx_word' id='word_1_345' title='bbox 1231 4355 1289 4399; x_wconf 93' lang='lat' dir='ltr'><strong>ut</strong></span> <span class='ocrx_word' id='word_1_346' title='bbox 1315 4345 1534 4410; x_wconf 88' lang='lat' dir='ltr'><strong>seniori,</strong></span> <span class='ocrx_word' id='word_1_347' title='bbox 1562 4354 1620 4400; x_wconf 90' lang='lat' dir='ltr'><strong>ut</strong></span> <span class='ocrx_word' id='word_1_348' title='bbox 1648 4346 1903 4415; x_wconf 78' lang='lat' dir='ltr'><strong>pontifici,</strong></span> <span class='ocrx_word' id='word_1_349' title='bbox 1932 4347 2082 4416; x_wconf 90' lang='lat' dir='ltr'><strong>cujus</strong></span> 
     </span>
    </p>
   </div>
   <div class='ocr_carea' id='block_1_46' title="bbox 495 4435 2080 4509">
    <p class='ocr_par' dir='ltr' id='par_1_46' title="bbox 495 4435 2080 4509">
     <span class='ocr_line' id='line_1_46' title="bbox 495 4435 2080 4509; baseline 0.002 -19"><span class='ocrx_word' id='word_1_350' title='bbox 495 4450 562 4491; x_wconf 86' lang='lat' dir='ltr'><strong>ex</strong></span> <span class='ocrx_word' id='word_1_351' title='bbox 587 4450 679 4494; x_wconf 91' lang='lat' dir='ltr'><strong>ore</strong></span> <span class='ocrx_word' id='word_1_352' title='bbox 709 4436 1025 4509; x_wconf 89' lang='lat' dir='ltr'><strong>requirenda</strong></span> <span class='ocrx_word' id='word_1_353' title='bbox 1054 4437 1139 4492; x_wconf 89' lang='lat' dir='ltr'><strong>lex</strong></span> <span class='ocrx_word' id='word_1_354' title='bbox 1170 4436 1326 4492; x_wconf 89' lang='lat' dir='ltr'><strong>foret.</strong></span> <span class='ocrx_word' id='word_1_355' title='bbox 1354 4435 1432 4492; x_wconf 88' lang='lat' dir='ltr'><strong>Ad</strong></span> <span class='ocrx_word' id='word_1_356' title='bbox 1464 4436 1578 4508; x_wconf 89' lang='lat' dir='ltr'><strong>ejus</strong></span> <span class='ocrx_word' id='word_1_357' title='bbox 1602 4436 1862 4506; x_wconf 83' lang='lat' dir='ltr'><strong>postulata</strong></span> <span class='ocrx_word' id='word_1_358' title='bbox 1884 4439 2080 4493; x_wconf 90' lang='lat' dir='ltr'><strong>rescri-</strong></span> 
     </span>
    </p>
   </div>
   <div class='ocr_carea' id='block_1_47' title="bbox 495 4528 2082 4600">
    <p class='ocr_par' dir='ltr' id='par_1_47' title="bbox 495 4528 2082 4600">
     <span class='ocr_line' id='line_1_47' title="bbox 495 4528 2082 4600; baseline 0.002 -19"><span class='ocrx_word' id='word_1_359' title='bbox 495 4528 602 4596; x_wconf 89' lang='lat' dir='ltr'><strong>psit</strong></span> <span class='ocrx_word' id='word_1_360' title='bbox 626 4528 979 4600; x_wconf 85' lang='lat' dir='ltr'><strong>Augustinus,</strong></span> <span class='ocrx_word' id='word_1_361' title='bbox 1007 4537 1063 4585; x_wconf 89' lang='lat' dir='ltr'><strong>et</strong></span> <span class='ocrx_word' id='word_1_362' title='bbox 1086 4528 1226 4584; x_wconf 91' lang='lat' dir='ltr'><strong>inter</strong></span> <span class='ocrx_word' id='word_1_363' title='bbox 1250 4528 1351 4583; x_wconf 92' lang='lat' dir='ltr'><strong>alia</strong></span> <span class='ocrx_word' id='word_1_364' title='bbox 1394 4528 1714 4598; x_wconf 89' lang='lat' dir='ltr'><strong>respondet,</strong></span> <span class='ocrx_word' id='word_1_365' title='bbox 1755 4543 1942 4583; x_wconf 81' lang='lat' dir='ltr'><strong>eorum</strong></span> <span class='ocrx_word' id='word_1_366' title='bbox 1980 4529 2082 4586; x_wconf 87' lang='lat' dir='ltr'><strong>sibi</strong></span> 
     </span>
    </p>
   </div>
   <div class='ocr_carea' id='block_1_48' title="bbox 497 4618 2082 4693">
    <p class='ocr_par' dir='ltr' id='par_1_48' title="bbox 497 4618 2082 4693">
     <span class='ocr_line' id='line_1_48' title="bbox 497 4618 2082 4693; baseline 0.003 -20"><span class='ocrx_word' id='word_1_367' title='bbox 497 4618 778 4674; x_wconf 88' lang='lat' dir='ltr'><strong>consilium</strong></span> <span class='ocrx_word' id='word_1_368' title='bbox 799 4635 904 4675; x_wconf 92' lang='lat' dir='ltr'><strong>non</strong></span> <span class='ocrx_word' id='word_1_369' title='bbox 927 4621 1161 4691; x_wconf 90' lang='lat' dir='ltr'><strong>probari,</strong></span> <span class='ocrx_word' id='word_1_370' title='bbox 1185 4620 1274 4693; x_wconf 88' lang='lat' dir='ltr'><strong>qui</strong></span> <span class='ocrx_word' id='word_1_371' title='bbox 1300 4628 1602 4689; x_wconf 88' lang='lat' dir='ltr'><strong>censerent,</strong></span> <span class='ocrx_word' id='word_1_372' title='bbox 1629 4621 1898 4677; x_wconf 89' lang='lat' dir='ltr'><strong>hominem</strong></span> <span class='ocrx_word' id='word_1_373' title='bbox 1926 4637 2082 4692; x_wconf 89' lang='lat' dir='ltr'><strong>posse</strong></span> 
     </span>
    </p>
   </div>
   <div class='ocr_carea' id='block_1_49' title="bbox 496 4708 2082 4779">
    <p class='ocr_par' dir='ltr' id='par_1_49' title="bbox 496 4708 2082 4779">
     <span class='ocr_line' id='line_1_49' title="bbox 496 4708 2082 4779; baseline 0.003 -17"><span class='ocrx_word' id='word_1_374' title='bbox 496 4708 658 4762; x_wconf 91' lang='lat' dir='ltr'><strong>alium</strong></span> <span class='ocrx_word' id='word_1_375' title='bbox 692 4710 967 4776; x_wconf 79' lang='lat' dir='ltr'><strong>occidere,</strong></span> <span class='ocrx_word' id='word_1_376' title='bbox 1000 4726 1067 4767; x_wconf 92' lang='lat' dir='ltr'><strong>ne</strong></span> <span class='ocrx_word' id='word_1_377' title='bbox 1108 4713 1177 4766; x_wconf 90' lang='lat' dir='ltr'><strong>ab</strong></span> <span class='ocrx_word' id='word_1_378' title='bbox 1202 4727 1269 4767; x_wconf 92' lang='lat' dir='ltr'><strong>eo</strong></span> <span class='ocrx_word' id='word_1_379' title='bbox 1309 4711 1610 4779; x_wconf 88' lang='lat' dir='ltr'><strong>occidatur;</strong></span> <span class='ocrx_word' id='word_1_380' title='bbox 1653 4711 1754 4766; x_wconf 90' lang='lat' dir='ltr'><strong>nisi</strong></span> <span class='ocrx_word' id='word_1_381' title='bbox 1787 4712 1961 4767; x_wconf 88' lang='lat' dir='ltr'><strong>forsan</strong></span> <span class='ocrx_word' id='word_1_382' title='bbox 1994 4712 2082 4767; x_wconf 92' lang='lat' dir='ltr'><strong>ille</strong></span> 
     </span>
    </p>
   </div>
   <div class='ocr_carea' id='block_1_50' title="bbox 497 4798 2081 4870">
    <p class='ocr_par' dir='ltr' id='par_1_50' title="bbox 497 4798 2081 4870">
     <span class='ocr_line' id='line_1_50' title="bbox 497 4798 2081 4870; baseline 0.006 -18"><span class='ocrx_word' id='word_1_383' title='bbox 497 4798 731 4869; x_wconf 90' lang='lat' dir='ltr'><strong>legitima</strong></span> <span class='ocrx_word' id='word_1_384' title='bbox 761 4809 1022 4870; x_wconf 90' lang='lat' dir='ltr'><strong>potestate</strong></span> <span class='ocrx_word' id='word_1_385' title='bbox 1063 4802 1228 4858; x_wconf 90' lang='lat' dir='ltr'><strong>fretus</strong></span> <span class='ocrx_word' id='word_1_386' title='bbox 1255 4803 1321 4858; x_wconf 90' lang='lat' dir='ltr'><strong>ad</strong></span> <span class='ocrx_word' id='word_1_387' title='bbox 1349 4804 1571 4859; x_wconf 91' lang='lat' dir='ltr'><strong>aliorum</strong></span> <span class='ocrx_word' id='word_1_388' title='bbox 1602 4806 1821 4861; x_wconf 88' lang='lat' dir='ltr'><strong>tutelam</strong></span> <span class='ocrx_word' id='word_1_389' title='bbox 1852 4804 1906 4859; x_wconf 88' lang='lat' dir='ltr'><strong>id</strong></span> <span class='ocrx_word' id='word_1_390' title='bbox 1933 4803 2081 4861; x_wconf 89' lang='lat' dir='ltr'><strong>face-</strong></span> 
     </span>
    </p>
   </div>
   <div class='ocr_carea' id='block_1_51' title="bbox 494 4890 2080 4966">
    <p class='ocr_par' dir='ltr' id='par_1_51' title="bbox 494 4890 2080 4966">
     <span class='ocr_line' id='line_1_51' title="bbox 494 4890 2080 4966; baseline 0.003 -20"><span class='ocrx_word' id='word_1_391' title='bbox 494 4899 598 4946; x_wconf 87' lang='lat' dir='ltr'><strong>ret.</strong></span> <span class='ocrx_word' id='word_1_392' title='bbox 634 4890 816 4960; x_wconf 83' lang='lat' dir='ltr'><strong>itaque</strong></span> <span class='ocrx_word' id='word_1_393' title='bbox 840 4899 1047 4946; x_wconf 91' lang='lat' dir='ltr'><strong>tantum</strong></span> <span class='ocrx_word' id='word_1_394' title='bbox 1073 4894 1349 4964; x_wconf 87' lang='lat' dir='ltr'><strong>approbat,</strong></span> <span class='ocrx_word' id='word_1_395' title='bbox 1380 4904 1439 4949; x_wconf 91' lang='lat' dir='ltr'><strong>ut</strong></span> <span class='ocrx_word' id='word_1_396' title='bbox 1472 4902 1751 4966; x_wconf 87' lang='lat' dir='ltr'><strong>aggressor</strong></span> <span class='ocrx_word' id='word_1_397' title='bbox 1774 4904 1830 4951; x_wconf 91' lang='lat' dir='ltr'><strong>et</strong></span> <span class='ocrx_word' id='word_1_398' title='bbox 1859 4894 2080 4951; x_wconf 89' lang='lat' dir='ltr'><strong>insidia-</strong></span> 
     </span>
    </p>
   </div>
   <div class='ocr_carea' id='block_1_52' title="bbox 496 4982 2083 5058">
    <p class='ocr_par' dir='ltr' id='par_1_52' title="bbox 496 4982 2083 5058">
     <span class='ocr_line' id='line_1_52' title="bbox 496 4982 2083 5058; baseline 0.005 -24"><span class='ocrx_word' id='word_1_399' title='bbox 496 4987 582 5034; x_wconf 88' lang='lat' dir='ltr'><strong>tor</strong></span> <span class='ocrx_word' id='word_1_400' title='bbox 609 4989 812 5036; x_wconf 89' lang='lat' dir='ltr'><strong>terrore</strong></span> <span class='ocrx_word' id='word_1_401' title='bbox 836 4982 1125 5051; x_wconf 87' lang='lat' dir='ltr'><strong>repellatur</strong></span> <span class='ocrx_word' id='word_1_402' title='bbox 1151 4982 1342 5056; x_wconf 86' lang='lat' dir='ltr'><strong>(Ibid.,</strong></span> <span class='ocrx_word' id='word_1_403' title='bbox 1360 5002 1412 5039; x_wconf 92' lang='lat' dir='ltr'><strong>n.</strong></span> <span class='ocrx_word' id='word_1_404' title='bbox 1440 4985 1515 5058; x_wconf 84' lang='lat'><strong>5).</strong></span> <span class='ocrx_word' id='word_1_405' title='bbox 1538 4985 1733 5042; x_wconf 88' lang='lat' dir='ltr'><strong>Censet</strong></span> <span class='ocrx_word' id='word_1_406' title='bbox 1761 4986 1961 5057; x_wconf 86' lang='lat' dir='ltr'><strong>pariter</strong></span> <span class='ocrx_word' id='word_1_407' title='bbox 1984 4985 2083 5042; x_wconf 90' lang='lat' dir='ltr'><strong>ho-</strong></span> 
     </span>
    </p>
   </div>
   <div class='ocr_carea' id='block_1_53' title="bbox 497 5070 2080 5148">
    <p class='ocr_par' dir='ltr' id='par_1_53' title="bbox 497 5070 2080 5148">
     <span class='ocr_line' id='line_1_53' title="bbox 497 5070 2080 5148; baseline 0.005 -24"><span class='ocrx_word' id='word_1_408' title='bbox 497 5070 662 5139; x_wconf 91' lang='lat' dir='ltr'><strong>mini,</strong></span> <span class='ocrx_word' id='word_1_409' title='bbox 690 5070 829 5128; x_wconf 90' lang='lat' dir='ltr'><strong>fame</strong></span> <span class='ocrx_word' id='word_1_410' title='bbox 853 5084 1163 5145; x_wconf 89' lang='lat' dir='ltr'><strong>premente,</strong></span> <span class='ocrx_word' id='word_1_411' title='bbox 1192 5076 1238 5131; x_wconf 91' lang='lat' dir='ltr'><strong>si</strong></span> <span class='ocrx_word' id='word_1_412' title='bbox 1266 5075 1398 5131; x_wconf 89' lang='lat' dir='ltr'><strong>nihil</strong></span> <span class='ocrx_word' id='word_1_413' title='bbox 1428 5078 1632 5148; x_wconf 89' lang='lat' dir='ltr'><strong>uspiam</strong></span> <span class='ocrx_word' id='word_1_414' title='bbox 1663 5077 1946 5145; x_wconf 90' lang='lat' dir='ltr'><strong>invenerit,</strong></span> <span class='ocrx_word' id='word_1_415' title='bbox 1978 5077 2080 5134; x_wconf 89' lang='lat' dir='ltr'><strong>nisi</strong></span> 
     </span>
    </p>
   </div>
   <div class='ocr_carea' id='block_1_54' title="bbox 498 5164 2077 5237">
    <p class='ocr_par' dir='ltr' id='par_1_54' title="bbox 498 5164 2077 5237">
     <span class='ocr_line' id='line_1_54' title="bbox 498 5164 2077 5237; baseline 0.005 -20"><span class='ocrx_word' id='word_1_416' title='bbox 498 5164 678 5218; x_wconf 90' lang='lat' dir='ltr'><strong>cibum</strong></span> <span class='ocrx_word' id='word_1_417' title='bbox 703 5179 862 5236; x_wconf 92' lang='lat' dir='ltr'><strong>quem</strong></span> <span class='ocrx_word' id='word_1_418' title='bbox 907 5175 1055 5221; x_wconf 89' lang='lat' dir='ltr'><strong>certo</strong></span> <span class='ocrx_word' id='word_1_419' title='bbox 1082 5166 1182 5223; x_wconf 90' lang='lat' dir='ltr'><strong>scit</strong></span> <span class='ocrx_word' id='word_1_420' title='bbox 1226 5167 1382 5225; x_wconf 90' lang='lat' dir='ltr'><strong>idolis</strong></span> <span class='ocrx_word' id='word_1_421' title='bbox 1419 5169 1679 5237; x_wconf 89' lang='lat' dir='ltr'><strong>oblatum,</strong></span> <span class='ocrx_word' id='word_1_422' title='bbox 1726 5168 1891 5224; x_wconf 87' lang='lat' dir='ltr'><strong>satius</strong></span> <span class='ocrx_word' id='word_1_423' title='bbox 1937 5183 2077 5234; x_wconf 87' lang='lat' dir='ltr'><strong>esse,</strong></span> 
     </span>
    </p>
   </div>
   <div class='ocr_carea' id='block_1_55' title="bbox 497 5257 2082 5330">
    <p class='ocr_par' dir='ltr' id='par_1_55' title="bbox 497 5257 2082 5330">
     <span class='ocr_line' id='line_1_55' title="bbox 497 5257 2082 5330; baseline 0.003 -18"><span class='ocrx_word' id='word_1_424' title='bbox 497 5257 660 5313; x_wconf 88' lang='lat' dir='ltr'><strong>etiam</strong></span> <span class='ocrx_word' id='word_1_425' title='bbox 688 5258 902 5317; x_wconf 90' lang='lat' dir='ltr'><strong>nemine</strong></span> <span class='ocrx_word' id='word_1_426' title='bbox 922 5260 1160 5328; x_wconf 91' lang='lat' dir='ltr'><strong>conscio,</strong></span> <span class='ocrx_word' id='word_1_427' title='bbox 1184 5276 1306 5318; x_wconf 93' lang='lat' dir='ltr'><strong>cum</strong></span> <span class='ocrx_word' id='word_1_428' title='bbox 1332 5261 1620 5318; x_wconf 88' lang='lat' dir='ltr'><strong>christiana</strong></span> <span class='ocrx_word' id='word_1_429' title='bbox 1645 5260 1839 5316; x_wconf 87' lang='lat' dir='ltr'><strong>virtute</strong></span> <span class='ocrx_word' id='word_1_430' title='bbox 1864 5275 2082 5330; x_wconf 84' lang='lat' dir='ltr'><strong>respue-</strong></span> 
     </span>
    </p>
   </div>
   <div class='ocr_carea' id='block_1_56' title="bbox 497 5345 945 5421">
    <p class='ocr_par' dir='ltr' id='par_1_56' title="bbox 497 5345 945 5421">
     <span class='ocr_line' id='line_1_56' title="bbox 497 5345 945 5421; baseline 0.007 -19"><span class='ocrx_word' id='word_1_431' title='bbox 497 5361 557 5402; x_wconf 89' lang='lat' dir='ltr'><strong>rc</strong></span> <span class='ocrx_word' id='word_1_432' title='bbox 586 5345 773 5418; x_wconf 86' lang='lat' dir='ltr'><strong>(Ibid.,</strong></span> <span class='ocrx_word' id='word_1_433' title='bbox 798 5366 849 5404; x_wconf 90' lang='lat' dir='ltr'><strong>n.</strong></span> <span class='ocrx_word' id='word_1_434' title='bbox 869 5351 945 5421; x_wconf 86' lang='lat'><strong>6).</strong></span> 
     </span>
    </p>
   </div>
   <div class='ocr_carea' id='block_1_57' title="bbox 1082 5441 1488 5499">
    <p class='ocr_par' dir='ltr' id='par_1_57' title="bbox 1082 5441 1488 5499">
     <span class='ocr_line' id='line_1_57' title="bbox 1082 5441 1488 5499; baseline -0.005 -2"><span class='ocrx_word' id='word_1_435' title='bbox 1082 5441 1309 5499; x_wconf 86' lang='lat' dir='ltr'><strong>CAPUT</strong></span> <span class='ocrx_word' id='word_1_436' title='bbox 1346 5442 1488 5498; x_wconf 78' lang='lat' dir='ltr'><strong>XVI.</strong></span> 
     </span>
    </p>
   </div>
   <div class='ocr_carea' id='block_1_58' title="bbox 499 5532 2080 5609">
    <p class='ocr_par' dir='ltr' id='par_1_58' title="bbox 499 5532 2080 5609">
     <span class='ocr_line' id='line_1_58' title="bbox 499 5532 2080 5609; baseline -0.002 -18"><span class='ocrx_word' id='word_1_437' title='bbox 499 5538 525 5591; x_wconf 74' lang='lat' dir='ltr'><strong>i</strong></span> <span class='ocrx_word' id='word_1_438' title='bbox 559 5536 775 5609; x_wconf 84' lang='lat' dir='ltr'><strong>Pagana</strong></span> <span class='ocrx_word' id='word_1_439' title='bbox 792 5535 1083 5609; x_wconf 82' lang='lat' dir='ltr'><strong>superstitio</strong></span> <span class='ocrx_word' id='word_1_440' title='bbox 1104 5544 1221 5588; x_wconf 87' lang='lat' dir='ltr'><strong>tunc</strong></span> <span class='ocrx_word' id='word_1_441' title='bbox 1241 5534 1420 5606; x_wconf 81' lang='lat' dir='ltr'><strong>ubique</strong></span> <span class='ocrx_word' id='word_1_442' title='bbox 1437 5549 1608 5588; x_wconf 85' lang='lat' dir='ltr'><strong>eversa</strong></span> <span class='ocrx_word' id='word_1_443' title='bbox 1625 5573 1640 5601; x_wconf 93' lang='lat'><strong>,</strong></span> <span class='ocrx_word' id='word_1_444' title='bbox 1669 5548 1783 5587; x_wconf 88' lang='lat' dir='ltr'><strong>cum</strong></span> <span class='ocrx_word' id='word_1_445' title='bbox 1808 5549 1870 5587; x_wconf 72' lang='lat' dir='ltr'><strong>ex</strong></span> <span class='ocrx_word' id='word_1_446' title='bbox 1888 5532 2080 5588; x_wconf 66' lang='lat' dir='ltr'><strong>dmino-</strong></span> 
     </span>
    </p>
   </div>
   <div class='ocr_carea' id='block_1_59' title="bbox 569 5623 2079 5696">
    <p class='ocr_par' dir='ltr' id='par_1_59' title="bbox 569 5623 2079 5696">
     <span class='ocr_line' id='line_1_59' title="bbox 569 5623 2079 5696; baseline -0.002 -15"><span class='ocrx_word' id='word_1_447' title='bbox 569 5645 691 5682; x_wconf 87' lang='lat' dir='ltr'><strong>num</strong></span> <span class='ocrx_word' id='word_1_448' title='bbox 717 5627 938 5683; x_wconf 76' lang='lat' dir='ltr'><strong>oraculis</strong></span> <span class='ocrx_word' id='word_1_449' title='bbox 962 5625 1294 5680; x_wconf 80' lang='lat' dir='ltr'><strong>instauranda</strong></span> <span class='ocrx_word' id='word_1_450' title='bbox 1316 5633 1442 5679; x_wconf 87' lang='lat' dir='ltr'><strong>erat.</strong></span> <span class='ocrx_word' id='word_1_451' title='bbox 1473 5624 1510 5678; x_wconf 67' lang='grc' dir='ltr'><strong>Ξ</strong></span> <span class='ocrx_word' id='word_1_452' title='bbox 1538 5623 1605 5678; x_wconf 83' lang='lat' dir='ltr'><strong>In</strong></span> <span class='ocrx_word' id='word_1_453' title='bbox 1628 5623 1829 5678; x_wconf 82' lang='lat' dir='ltr'><strong>Oriente</strong></span> <span class='ocrx_word' id='word_1_454' title='bbox 1851 5624 2079 5696; x_wconf 84' lang='lat' dir='ltr'><strong>prohibe-</strong></span> 
     </span>
    </p>
   </div>
   <div class='ocr_carea' id='block_1_60' title="bbox 568 5714 2129 5775">
    <p class='ocr_par' dir='ltr' id='par_1_60' title="bbox 568 5714 2129 5775">
     <span class='ocr_line' id='line_1_60' title="bbox 568 5714 2129 5775; baseline -0.003 0"><span class='ocrx_word' id='word_1_455' title='bbox 568 5729 652 5775; x_wconf 86' lang='lat' dir='ltr'><strong>tur</strong></span> <span class='ocrx_word' id='word_1_456' title='bbox 696 5736 754 5775; x_wconf 90' lang='lat' dir='ltr'><strong>ac</strong></span> <span class='ocrx_word' id='word_1_457' title='bbox 796 5718 992 5775; x_wconf 83' lang='lat' dir='ltr'><strong>deletur</strong></span> <span class='ocrx_word' id='word_1_458' title='bbox 1029 5716 1329 5772; x_wconf 81' lang='lat' dir='ltr'><strong>auctoritate</strong></span> <span class='ocrx_word' id='word_1_459' title='bbox 1361 5714 1583 5769; x_wconf 78' lang='lat' dir='ltr'><strong>Arcadii.</strong></span> <span class='ocrx_word' id='word_1_460' title='bbox 1629 5716 1664 5772; x_wconf 79' lang='grc'><strong>5</strong></span> <span class='ocrx_word' id='word_1_461' title='bbox 1701 5714 1766 5770; x_wconf 82' lang='lat' dir='ltr'><strong>In</strong></span> <span class='ocrx_word' id='word_1_462' title='bbox 1814 5714 2081 5772; x_wconf 80' lang='lat' dir='ltr'><strong>Occidente</strong></span> <span class='ocrx_word' id='word_1_463' title='bbox 2124 5750 2129 5755; x_wconf 60' lang='grc' dir='ltr'>ς</span> 
     </span>
    </p>
   </div>
   <div class='ocr_carea' id='block_1_61' title="bbox 1583 271 3728 347">
    <p class='ocr_par' dir='ltr' id='par_1_61' title="bbox 1583 271 3728 347">
     <span class='ocr_line' id='line_1_61' title="bbox 1583 271 3728 347; baseline 0 -19"><span class='ocrx_word' id='word_1_464' title='bbox 1583 272 1739 329; x_wconf 79' lang='lat' dir='ltr'><strong>vm</strong></span> <span class='ocrx_word' id='word_1_465' title='bbox 1780 273 1837 331; x_wconf 91' lang='lat' dir='ltr'><strong>s.</strong></span> <span class='ocrx_word' id='word_1_466' title='bbox 1883 273 2242 333; x_wconf 60' lang='lat' dir='ltr'><strong>aususnon</strong></span> <span class='ocrx_word' id='word_1_467' title='bbox 2282 271 2596 332; x_wconf 76' lang='lat' dir='ltr'><strong>EPlSCOPl.</strong></span> <span class='ocrx_word' id='word_1_468' title='bbox 3644 286 3728 347; x_wconf 60' lang='lat'><strong>239</strong></span> 
     </span>
    </p>
   </div>
   <div class='ocr_carea' id='block_1_62' title="bbox 2248 394 3724 471">
    <p class='ocr_par' dir='ltr' id='par_1_62' title="bbox 2248 394 3724 471">
     <span class='ocr_line' id='line_1_62' title="bbox 2248 394 3724 471; baseline 0.009 -24"><span class='ocrx_word' id='word_1_469' title='bbox 2248 409 2441 465; x_wconf 88' lang='lat' dir='ltr'><strong>quoque</strong></span> <span class='ocrx_word' id='word_1_470' title='bbox 2462 395 2757 450; x_wconf 79' lang='lat' dir='ltr'><strong>auctoritate</strong></span> <span class='ocrx_word' id='word_1_471' title='bbox 2781 394 3016 452; x_wconf 80' lang='lat' dir='ltr'><strong>Honorii.</strong></span> <span class='ocrx_word' id='word_1_472' title='bbox 3057 397 3092 453; x_wconf 74' lang='grc' dir='ltr'>ι</span> <span class='ocrx_word' id='word_1_473' title='bbox 3122 395 3302 471; x_wconf 80' lang='lat' dir='ltr'><strong>Hujus</strong></span> <span class='ocrx_word' id='word_1_474' title='bbox 3334 395 3491 471; x_wconf 77' lang='lat' dir='ltr'><strong>legem</strong></span> <span class='ocrx_word' id='word_1_475' title='bbox 3527 415 3584 455; x_wconf 89' lang='lat' dir='ltr'><strong>ea</strong></span> <span class='ocrx_word' id='word_1_476' title='bbox 3612 402 3667 458; x_wconf 78' lang='lat' dir='ltr'><strong>de</strong></span> <span class='ocrx_word' id='word_1_477' title='bbox 3682 423 3724 463; x_wconf 86' lang='lat' dir='ltr'><strong>re</strong></span> 
     </span>
    </p>
   </div>
   <div class='ocr_carea' id='block_1_63' title="bbox 2249 489 3721 558">
    <p class='ocr_par' dir='ltr' id='par_1_63' title="bbox 2249 489 3721 558">
     <span class='ocr_line' id='line_1_63' title="bbox 2249 489 3721 558; baseline 0.006 -15"><span class='ocrx_word' id='word_1_478' title='bbox 2249 489 2403 543; x_wconf 90' lang='lat' dir='ltr'><strong>latam</strong></span> <span class='ocrx_word' id='word_1_479' title='bbox 2441 489 2801 558; x_wconf 73' lang='lat' dir='ltr'><strong>exsequendam</strong></span> <span class='ocrx_word' id='word_1_480' title='bbox 2836 498 3014 545; x_wconf 84' lang='lat' dir='ltr'><strong>curant</strong></span> <span class='ocrx_word' id='word_1_481' title='bbox 3051 491 3241 547; x_wconf 71' lang='lat' dir='ltr'><strong>Ionius</strong></span> <span class='ocrx_word' id='word_1_482' title='bbox 3274 499 3326 547; x_wconf 87' lang='lat' dir='ltr'><strong>et</strong></span> <span class='ocrx_word' id='word_1_483' title='bbox 3364 490 3721 553; x_wconf 57' lang='lat' dir='ltr'><strong>(laudandus</strong></span> 
     </span>
    </p>
   </div>
   <div class='ocr_carea' id='block_1_64' title="bbox 2250 580 3815 654">
    <p class='ocr_par' dir='ltr' id='par_1_64' title="bbox 2250 580 3815 654">
     <span class='ocr_line' id='line_1_64' title="bbox 2250 580 3815 654; baseline 0.005 -19"><span class='ocrx_word' id='word_1_484' title='bbox 2250 580 2473 636; x_wconf 75' lang='lat' dir='ltr'><strong>Caelestis</strong></span> <span class='ocrx_word' id='word_1_485' title='bbox 2503 582 2611 637; x_wconf 75' lang='lat' dir='ltr'><strong>dea:</strong></span> <span class='ocrx_word' id='word_1_486' title='bbox 2634 581 2872 652; x_wconf 83' lang='lat' dir='ltr'><strong>templum</strong></span> <span class='ocrx_word' id='word_1_487' title='bbox 2911 581 3224 654; x_wconf 76' lang='lat' dir='ltr'><strong>Carthagine</strong></span> <span class='ocrx_word' id='word_1_488' title='bbox 3247 583 3451 640; x_wconf 75' lang='lat' dir='ltr'><strong>Christo</strong></span> <span class='ocrx_word' id='word_1_489' title='bbox 3474 584 3721 645; x_wconf 72' lang='lat' dir='ltr'><strong>dedicatum</strong></span> <span class='ocrx_word' id='word_1_490' title='bbox 3814 640 3815 643; x_wconf 44' lang='grc' dir='ltr'><strong>η</strong></span> 
     </span>
    </p>
   </div>
   <div class='ocr_carea' id='block_1_65' title="bbox 2246 674 3726 750">
    <p class='ocr_par' dir='ltr' id='par_1_65' title="bbox 2246 674 3726 750">
     <span class='ocr_line' id='line_1_65' title="bbox 2246 674 3726 750; baseline 0.007 -22"><span class='ocrx_word' id='word_1_491' title='bbox 2246 674 2309 728; x_wconf 87' lang='lat' dir='ltr'><strong>ab</strong></span> <span class='ocrx_word' id='word_1_492' title='bbox 2331 674 2555 730; x_wconf 82' lang='lat' dir='ltr'><strong>Aurelio.</strong></span> <span class='ocrx_word' id='word_1_493' title='bbox 2587 674 2622 731; x_wconf 86' lang='lat'><strong>6</strong></span> <span class='ocrx_word' id='word_1_494' title='bbox 2657 676 2922 735; x_wconf 77' lang='lat' dir='ltr'><strong>Nonnulla</strong></span> <span class='ocrx_word' id='word_1_495' title='bbox 2959 675 3274 733; x_wconf 72' lang='lat' dir='ltr'><strong>idololatria</strong></span> <span class='ocrx_word' id='word_1_496' title='bbox 3308 677 3596 750; x_wconf 74' lang='lat' dir='ltr'><strong>quibusdam</strong></span> <span class='ocrx_word' id='word_1_497' title='bbox 3635 682 3726 739; x_wconf 78' lang='lat' dir='ltr'><strong>locis</strong></span> 
     </span>
    </p>
   </div>
   <div class='ocr_carea' id='block_1_66' title="bbox 2245 766 3725 843">
    <p class='ocr_par' dir='ltr' id='par_1_66' title="bbox 2245 766 3725 843">
     <span class='ocr_line' id='line_1_66' title="bbox 2245 766 3725 843; baseline 0.008 -23"><span class='ocrx_word' id='word_1_498' title='bbox 2245 766 2421 822; x_wconf 89' lang='lat' dir='ltr'><strong>relicta</strong></span> <span class='ocrx_word' id='word_1_499' title='bbox 2446 768 2670 840; x_wconf 75' lang='lat' dir='ltr'><strong>vestigia.</strong></span> <span class='ocrx_word' id='word_1_500' title='bbox 2698 769 2731 823; x_wconf 89' lang='lat'><strong>7</strong></span> <span class='ocrx_word' id='word_1_501' title='bbox 2761 767 3040 837; x_wconf 76' lang='lat' dir='ltr'><strong>Suﬂ&#39;ectani</strong></span> <span class='ocrx_word' id='word_1_502' title='bbox 3063 780 3339 843; x_wconf 73' lang='lat' dir='ltr'><strong>martyres.</strong></span> <span class='ocrx_word' id='word_1_503' title='bbox 3368 770 3725 842; x_wconf 75' lang='lat' dir='ltr'><strong>Augustinused</strong></span> 
     </span>
    </p>
   </div>
   <div class='ocr_carea' id='block_1_67' title="bbox 2247 856 3724 936">
    <p class='ocr_par' dir='ltr' id='par_1_67' title="bbox 2247 856 3724 936">
     <span class='ocr_line' id='line_1_67' title="bbox 2247 856 3724 936; baseline 0.006 -25"><span class='ocrx_word' id='word_1_504' title='bbox 2247 858 2497 929; x_wconf 80' lang='lat' dir='ltr'><strong>principes</strong></span> <span class='ocrx_word' id='word_1_505' title='bbox 2535 856 2759 914; x_wconf 74' lang='lat' dir='ltr'><strong>Coloniw</strong></span> <span class='ocrx_word' id='word_1_506' title='bbox 2786 857 3094 926; x_wconf 71' lang='lat' dir='ltr'><strong>Sulfectana:</strong></span> <span class='ocrx_word' id='word_1_507' title='bbox 3127 861 3328 916; x_wconf 81' lang='lat' dir='ltr'><strong>scribit.</strong></span> <span class='ocrx_word' id='word_1_508' title='bbox 3373 861 3409 918; x_wconf 85' lang='lat'><strong>8</strong></span> <span class='ocrx_word' id='word_1_509' title='bbox 3450 860 3724 936; x_wconf 78' lang='lat' dir='ltr'><strong>Rescriptm</strong></span> 
     </span>
    </p>
   </div>
   <div class='ocr_carea' id='block_1_68' title="bbox 2245 949 3723 1025">
    <p class='ocr_par' dir='ltr' id='par_1_68' title="bbox 2245 949 3723 1025">
     <span class='ocr_line' id='line_1_68' title="bbox 2245 949 3723 1025; baseline 0.007 -22"><span class='ocrx_word' id='word_1_510' title='bbox 2245 949 2542 1005; x_wconf 85' lang='lat' dir='ltr'><strong>adulatoriis</strong></span> <span class='ocrx_word' id='word_1_511' title='bbox 2561 950 2941 1007; x_wconf 88' lang='lat' dir='ltr'><strong>Donatistarum</strong></span> <span class='ocrx_word' id='word_1_512' title='bbox 2969 955 3202 1025; x_wconf 80' lang='lat' dir='ltr'><strong>precibus</strong></span> <span class='ocrx_word' id='word_1_513' title='bbox 3230 970 3264 1009; x_wconf 91' lang='lat' dir='ltr'><strong>a</strong></span> <span class='ocrx_word' id='word_1_514' title='bbox 3284 952 3498 1012; x_wconf 71' lang='lat' dir='ltr'><strong>Iuliano</strong></span> <span class='ocrx_word' id='word_1_515' title='bbox 3516 957 3723 1014; x_wconf 71' lang='lat' dir='ltr'><strong>indultum</strong></span> 
     </span>
    </p>
   </div>
   <div class='ocr_carea' id='block_1_69' title="bbox 2235 1040 3815 1127">
    <p class='ocr_par' dir='ltr' id='par_1_69' title="bbox 2235 1040 3815 1127">
     <span class='ocr_line' id='line_1_69' title="bbox 2235 1040 3815 1127; baseline 0.006 -32"><span class='ocrx_word' id='word_1_516' title='bbox 2235 1042 2443 1112; x_wconf 89' lang='lat' dir='ltr'><strong>jubetur</strong></span> <span class='ocrx_word' id='word_1_517' title='bbox 2466 1040 2679 1114; x_wconf 83' lang='lat' dir='ltr'><strong>publicis</strong></span> <span class='ocrx_word' id='word_1_518' title='bbox 2709 1042 2833 1100; x_wconf 88' lang='lat' dir='ltr'><strong>locis</strong></span> <span class='ocrx_word' id='word_1_519' title='bbox 2857 1045 3011 1119; x_wconf 66' lang='lat' dir='ltr'><strong>aﬂigi.</strong></span> <span class='ocrx_word' id='word_1_520' title='bbox 3814 1112 3815 1127; x_wconf 16' lang='grc' dir='ltr'>γ</span> 
     </span>
    </p>
   </div>
   <div class='ocr_carea' id='block_1_70' title="bbox 2248 1130 3719 1212">
    <p class='ocr_par' dir='ltr' id='par_1_70' title="bbox 2248 1130 3719 1212">
     <span class='ocr_line' id='line_1_70' title="bbox 2248 1130 3719 1212; baseline 0.008 -26"><span class='ocrx_word' id='word_1_521' title='bbox 2248 1131 2301 1186; x_wconf 77' lang='grc'><strong>1.</strong></span> <span class='ocrx_word' id='word_1_522' title='bbox 2340 1130 2475 1188; x_wconf 90' lang='lat' dir='ltr'><strong>Cum</strong></span> <span class='ocrx_word' id='word_1_523' title='bbox 2507 1132 2750 1190; x_wconf 88' lang='lat' dir='ltr'><strong>viderent</strong></span> <span class='ocrx_word' id='word_1_524' title='bbox 2782 1134 3049 1205; x_wconf 86' lang='lat' dir='ltr'><strong>Centlles,</strong></span> <span class='ocrx_word' id='word_1_525' title='bbox 3081 1153 3176 1193; x_wconf 87' lang='lat' dir='ltr'><strong>nec</strong></span> <span class='ocrx_word' id='word_1_526' title='bbox 3215 1144 3290 1192; x_wconf 90' lang='lat' dir='ltr'><strong>tot</strong></span> <span class='ocrx_word' id='word_1_527' title='bbox 3318 1139 3563 1212; x_wconf 84' lang='lat' dir='ltr'><strong>tantisque</strong></span> <span class='ocrx_word' id='word_1_528' title='bbox 3586 1158 3719 1212; x_wconf 74' lang='lat' dir='ltr'><strong>perse-</strong></span> 
     </span>
    </p>
   </div>
   <div class='ocr_carea' id='block_1_71' title="bbox 2175 1222 3717 1304">
    <p class='ocr_par' dir='ltr' id='par_1_71' title="bbox 2175 1222 3717 1304">
     <span class='ocr_line' id='line_1_71' title="bbox 2175 1222 3717 1304; baseline 0.01 -28"><span class='ocrx_word' id='word_1_529' title='bbox 2175 1222 2475 1291; x_wconf 86' lang='lat' dir='ltr'><strong>cutionibus,</strong></span> <span class='ocrx_word' id='word_1_530' title='bbox 2515 1239 2649 1296; x_wconf 87' lang='lat' dir='ltr'><strong>quas</strong></span> <span class='ocrx_word' id='word_1_531' title='bbox 2672 1240 2770 1297; x_wconf 91' lang='lat' dir='ltr'><strong>per</strong></span> <span class='ocrx_word' id='word_1_532' title='bbox 2792 1234 3058 1285; x_wconf 88' lang='lat' dir='ltr'><strong>trecentos</strong></span> <span class='ocrx_word' id='word_1_533' title='bbox 3097 1227 3218 1285; x_wconf 88' lang='lat' dir='ltr'><strong>fere</strong></span> <span class='ocrx_word' id='word_1_534' title='bbox 3245 1244 3422 1288; x_wconf 87' lang='lat' dir='ltr'><strong>annos</strong></span> <span class='ocrx_word' id='word_1_535' title='bbox 3458 1235 3717 1304; x_wconf 80' lang='lat' dir='ltr'><strong>pertulerat,</strong></span> 
     </span>
    </p>
   </div>
   <div class='ocr_carea' id='block_1_72' title="bbox 2176 1313 3717 1389">
    <p class='ocr_par' dir='ltr' id='par_1_72' title="bbox 2176 1313 3717 1389">
     <span class='ocr_line' id='line_1_72' title="bbox 2176 1313 3717 1389; baseline 0.008 -20"><span class='ocrx_word' id='word_1_536' title='bbox 2176 1313 2483 1385; x_wconf 90' lang='lat' dir='ltr'><strong>religionem</strong></span> <span class='ocrx_word' id='word_1_537' title='bbox 2524 1313 2875 1373; x_wconf 85' lang='lat' dir='ltr'><strong>Christianam</strong></span> <span class='ocrx_word' id='word_1_538' title='bbox 2937 1319 3179 1389; x_wconf 84' lang='lat' dir='ltr'><strong>potuisse</strong></span> <span class='ocrx_word' id='word_1_539' title='bbox 3217 1323 3504 1389; x_wconf 89' lang='lat' dir='ltr'><strong>consumi,</strong></span> <span class='ocrx_word' id='word_1_540' title='bbox 3549 1325 3628 1379; x_wconf 75' lang='lat' dir='ltr'><strong>sed</strong></span> <span class='ocrx_word' id='word_1_541' title='bbox 3661 1328 3717 1382; x_wconf 83' lang='lat' dir='ltr'><strong>his</strong></span> 
     </span>
    </p>
   </div>
   <div class='ocr_carea' id='block_1_73' title="bbox 2175 1405 3717 1486">
    <p class='ocr_par' dir='ltr' id='par_1_73' title="bbox 2175 1405 3717 1486">
     <span class='ocr_line' id='line_1_73' title="bbox 2175 1405 3717 1486; baseline 0.01 -27"><span class='ocrx_word' id='word_1_542' title='bbox 2175 1405 2342 1474; x_wconf 86' lang='lat' dir='ltr'><strong>potius</strong></span> <span class='ocrx_word' id='word_1_543' title='bbox 2367 1407 2496 1461; x_wconf 87' lang='lat' dir='ltr'><strong>mira</strong></span> <span class='ocrx_word' id='word_1_544' title='bbox 2535 1407 2841 1465; x_wconf 82' lang='lat' dir='ltr'><strong>incrementa</strong></span> <span class='ocrx_word' id='word_1_545' title='bbox 2878 1413 3188 1484; x_wconf 86' lang='lat' dir='ltr'><strong>sumpsisse;</strong></span> <span class='ocrx_word' id='word_1_546' title='bbox 3230 1416 3623 1486; x_wconf 65' lang='lat' dir='ltr'><strong>excogitaverunt</strong></span> <span class='ocrx_word' id='word_1_547' title='bbox 3652 1436 3717 1474; x_wconf 80' lang='lat' dir='ltr'><strong>ne-</strong></span> 
     </span>
    </p>
   </div>
   <div class='ocr_carea' id='block_1_74' title="bbox 2175 1498 3720 1574">
    <p class='ocr_par' dir='ltr' id='par_1_74' title="bbox 2175 1498 3720 1574">
     <span class='ocr_line' id='line_1_74' title="bbox 2175 1498 3720 1574; baseline 0.006 -21"><span class='ocrx_word' id='word_1_548' title='bbox 2175 1498 2279 1553; x_wconf 88' lang='lat' dir='ltr'><strong>scio</strong></span> <span class='ocrx_word' id='word_1_549' title='bbox 2321 1514 2445 1571; x_wconf 88' lang='lat' dir='ltr'><strong>quos</strong></span> <span class='ocrx_word' id='word_1_550' title='bbox 2483 1514 2654 1556; x_wconf 78' lang='lat' dir='ltr'><strong>uersus</strong></span> <span class='ocrx_word' id='word_1_551' title='bbox 2690 1516 2881 1570; x_wconf 62' lang='lat' dir='ltr'><strong>graecos</strong></span> <span class='ocrx_word' id='word_1_552' title='bbox 2897 1543 2914 1569; x_wconf 95' lang='lat'><strong>,</strong></span> <span class='ocrx_word' id='word_1_553' title='bbox 2955 1511 3200 1574; x_wconf 86' lang='lat' dir='ltr'><strong>tanquam</strong></span> <span class='ocrx_word' id='word_1_554' title='bbox 3251 1506 3529 1561; x_wconf 73' lang='lat' dir='ltr'><strong>consulenti</strong></span> <span class='ocrx_word' id='word_1_555' title='bbox 3561 1509 3720 1563; x_wconf 66' lang='lat' dir='ltr'><strong>cuidem</strong></span> 
     </span>
    </p>
   </div>
   <div class='ocr_carea' id='block_1_75' title="bbox 2176 1588 3717 1669">
    <p class='ocr_par' dir='ltr' id='par_1_75' title="bbox 2176 1588 3717 1669">
     <span class='ocr_line' id='line_1_75' title="bbox 2176 1588 3717 1669; baseline 0.007 -27"><span class='ocrx_word' id='word_1_556' title='bbox 2176 1589 2344 1645; x_wconf 77' lang='lat' dir='ltr'><strong>diuino</strong></span> <span class='ocrx_word' id='word_1_557' title='bbox 2381 1591 2590 1645; x_wconf 87' lang='lat' dir='ltr'><strong>oraculo</strong></span> <span class='ocrx_word' id='word_1_558' title='bbox 2633 1588 2849 1660; x_wconf 75' lang='lat' dir='ltr'><strong>effusos,</strong></span> <span class='ocrx_word' id='word_1_559' title='bbox 2892 1594 2979 1648; x_wconf 87' lang='lat' dir='ltr'><strong>ubi</strong></span> <span class='ocrx_word' id='word_1_560' title='bbox 3014 1592 3279 1650; x_wconf 75' lang='lat' dir='ltr'><strong>Christum</strong></span> <span class='ocrx_word' id='word_1_561' title='bbox 3314 1596 3515 1669; x_wconf 79' lang='lat' dir='ltr'><strong>quidem</strong></span> <span class='ocrx_word' id='word_1_562' title='bbox 3550 1599 3607 1652; x_wconf 81' lang='lat' dir='ltr'><strong>ab</strong></span> <span class='ocrx_word' id='word_1_563' title='bbox 3644 1599 3717 1653; x_wconf 79' lang='lat' dir='ltr'><strong>hu-</strong></span> 
     </span>
    </p>
   </div>
   <div class='ocr_carea' id='block_1_76' title="bbox 2166 1680 3718 1758">
    <p class='ocr_par' dir='ltr' id='par_1_76' title="bbox 2166 1680 3718 1758">
     <span class='ocr_line' id='line_1_76' title="bbox 2166 1680 3718 1758; baseline 0.009 -26"><span class='ocrx_word' id='word_1_564' title='bbox 2166 1680 2257 1750; x_wconf 86' lang='lat' dir='ltr'><strong>jus</strong></span> <span class='ocrx_word' id='word_1_565' title='bbox 2321 1688 2561 1752; x_wconf 83' lang='lat' dir='ltr'><strong>tanquam</strong></span> <span class='ocrx_word' id='word_1_566' title='bbox 2617 1682 2867 1753; x_wconf 84' lang='lat' dir='ltr'><strong>sacrilegii</strong></span> <span class='ocrx_word' id='word_1_567' title='bbox 2913 1684 3125 1741; x_wconf 81' lang='lat' dir='ltr'><strong>crimine</strong></span> <span class='ocrx_word' id='word_1_568' title='bbox 3176 1686 3381 1758; x_wconf 78' lang='lat' dir='ltr'><strong>faciunt</strong></span> <span class='ocrx_word' id='word_1_569' title='bbox 3423 1688 3718 1755; x_wconf 69' lang='lat' dir='ltr'><strong>innocentes;</strong></span> 
     </span>
    </p>
   </div>
   <div class='ocr_carea' id='block_1_77' title="bbox 2177 1768 3717 1851">
    <p class='ocr_par' dir='ltr' id='par_1_77' title="bbox 2177 1768 3717 1851">
     <span class='ocr_line' id='line_1_77' title="bbox 2177 1768 3717 1851; baseline 0.009 -28"><span class='ocrx_word' id='word_1_570' title='bbox 2177 1768 2386 1825; x_wconf 86' lang='lat' dir='ltr'><strong>Petrum</strong></span> <span class='ocrx_word' id='word_1_571' title='bbox 2405 1782 2573 1828; x_wconf 85' lang='lat' dir='ltr'><strong>autem</strong></span> <span class='ocrx_word' id='word_1_572' title='bbox 2596 1774 2857 1844; x_wconf 79' lang='lat' dir='ltr'><strong>maleficiis</strong></span> <span class='ocrx_word' id='word_1_573' title='bbox 2880 1776 3058 1847; x_wconf 81' lang='lat' dir='ltr'><strong>fecisse</strong></span> <span class='ocrx_word' id='word_1_574' title='bbox 3082 1776 3421 1851; x_wconf 77' lang='lat' dir='ltr'><strong>subiungunt,</strong></span> <span class='ocrx_word' id='word_1_575' title='bbox 3441 1788 3498 1836; x_wconf 79' lang='lat' dir='ltr'><strong>ut</strong></span> <span class='ocrx_word' id='word_1_576' title='bbox 3519 1780 3717 1837; x_wconf 69' lang='lat' dir='ltr'><strong>coleretur</strong></span> 
     </span>
    </p>
   </div>
   <div class='ocr_carea' id='block_1_78' title="bbox 2176 1858 3713 1942">
    <p class='ocr_par' dir='ltr' id='par_1_78' title="bbox 2176 1858 3713 1942">
     <span class='ocr_line' id='line_1_78' title="bbox 2176 1858 3713 1942; baseline 0.008 -28"><span class='ocrx_word' id='word_1_577' title='bbox 2176 1858 2363 1916; x_wconf 87' lang='lat' dir='ltr'><strong>Christi</strong></span> <span class='ocrx_word' id='word_1_578' title='bbox 2398 1878 2579 1917; x_wconf 88' lang='lat' dir='ltr'><strong>nomen</strong></span> <span class='ocrx_word' id='word_1_579' title='bbox 2618 1880 2707 1934; x_wconf 88' lang='lat' dir='ltr'><strong>per</strong></span> <span class='ocrx_word' id='word_1_580' title='bbox 2745 1872 2987 1923; x_wconf 88' lang='lat' dir='ltr'><strong>trecentos</strong></span> <span class='ocrx_word' id='word_1_581' title='bbox 3024 1868 3297 1941; x_wconf 65' lang='lat' dir='ltr'><strong>sexaginta</strong></span> <span class='ocrx_word' id='word_1_582' title='bbox 3326 1869 3541 1942; x_wconf 82' lang='lat' dir='ltr'><strong>quinque</strong></span> <span class='ocrx_word' id='word_1_583' title='bbox 3562 1887 3713 1938; x_wconf 84' lang='lat' dir='ltr'><strong>annos,</strong></span> 
     </span>
    </p>
   </div>
   <div class='ocr_carea' id='block_1_79' title="bbox 2175 1954 3715 2029">
    <p class='ocr_par' dir='ltr' id='par_1_79' title="bbox 2175 1954 3715 2029">
     <span class='ocr_line' id='line_1_79' title="bbox 2175 1954 3715 2029; baseline 0.006 -21"><span class='ocrx_word' id='word_1_584' title='bbox 2175 1954 2356 2009; x_wconf 85' lang='lat' dir='ltr'><strong>deinde</strong></span> <span class='ocrx_word' id='word_1_585' title='bbox 2381 1956 2627 2026; x_wconf 86' lang='lat' dir='ltr'><strong>completo</strong></span> <span class='ocrx_word' id='word_1_586' title='bbox 2657 1967 2932 2014; x_wconf 85' lang='lat' dir='ltr'><strong>memorato</strong></span> <span class='ocrx_word' id='word_1_587' title='bbox 2953 1976 3166 2015; x_wconf 86' lang='lat' dir='ltr'><strong>numero</strong></span> <span class='ocrx_word' id='word_1_588' title='bbox 3178 1976 3452 2029; x_wconf 84' lang='lat' dir='ltr'><strong>annorum,</strong></span> <span class='ocrx_word' id='word_1_589' title='bbox 3477 1962 3579 2019; x_wconf 84' lang='lat' dir='ltr'><strong>sine</strong></span> <span class='ocrx_word' id='word_1_590' title='bbox 3606 1980 3715 2018; x_wconf 72' lang='lat' dir='ltr'><strong>nam</strong></span> 
     </span>
    </p>
   </div>
   <div class='ocr_carea' id='block_1_80' title="bbox 2176 2047 3712 2125">
    <p class='ocr_par' dir='ltr' id='par_1_80' title="bbox 2176 2047 3712 2125">
     <span class='ocr_line' id='line_1_80' title="bbox 2176 2047 3712 2125; baseline 0.005 -25"><span class='ocrx_word' id='word_1_591' title='bbox 2176 2056 2390 2102; x_wconf 86' lang='lat' dir='ltr'><strong>sumeret</strong></span> <span class='ocrx_word' id='word_1_592' title='bbox 2416 2048 2567 2118; x_wconf 75' lang='lat' dir='ltr'><strong>ﬁnem</strong></span> <span class='ocrx_word' id='word_1_593' title='bbox 2590 2047 2693 2120; x_wconf 88' lang='lat' dir='ltr'><strong>(De</strong></span> <span class='ocrx_word' id='word_1_594' title='bbox 2727 2047 2876 2105; x_wconf 79' lang='lat' dir='ltr'><strong>Ciuit.</strong></span> <span class='ocrx_word' id='word_1_595' title='bbox 2917 2049 3036 2119; x_wconf 87' lang='lat' dir='ltr'><strong>Dei,</strong></span> <span class='ocrx_word' id='word_1_596' title='bbox 3078 2051 3170 2107; x_wconf 84' lang='lat' dir='ltr'><strong>lib.</strong></span> <span class='ocrx_word' id='word_1_597' title='bbox 3202 2050 3296 2117; x_wconf 72' lang='grc'><strong>18,</strong></span> <span class='ocrx_word' id='word_1_598' title='bbox 3338 2069 3453 2125; x_wconf 87' lang='lat' dir='ltr'><strong>cap.</strong></span> <span class='ocrx_word' id='word_1_599' title='bbox 3479 2053 3563 2121; x_wconf 73' lang='lat'><strong>55,</strong></span> <span class='ocrx_word' id='word_1_600' title='bbox 3585 2071 3630 2108; x_wconf 81' lang='grc' dir='ltr'><strong>ιι.</strong></span> <span class='ocrx_word' id='word_1_601' title='bbox 3652 2054 3712 2123; x_wconf 73' lang='lat'><strong>2).</strong></span> 
     </span>
    </p>
   </div>
   <div class='ocr_carea' id='block_1_81' title="bbox 2176 2137 3708 2214">
    <p class='ocr_par' dir='ltr' id='par_1_81' title="bbox 2176 2137 3708 2214">
     <span class='ocr_line' id='line_1_81' title="bbox 2176 2137 3708 2214; baseline 0.007 -22"><span class='ocrx_word' id='word_1_602' title='bbox 2176 2137 2240 2193; x_wconf 88' lang='lat' dir='ltr'><strong>Hi</strong></span> <span class='ocrx_word' id='word_1_603' title='bbox 2270 2140 2490 2194; x_wconf 89' lang='lat' dir='ltr'><strong>trecenti</strong></span> <span class='ocrx_word' id='word_1_604' title='bbox 2531 2141 2802 2212; x_wconf 79' lang='lat' dir='ltr'><strong>sexaginta</strong></span> <span class='ocrx_word' id='word_1_605' title='bbox 2822 2142 3057 2214; x_wconf 87' lang='lat' dir='ltr'><strong>quinque</strong></span> <span class='ocrx_word' id='word_1_606' title='bbox 3084 2143 3217 2200; x_wconf 89' lang='lat' dir='ltr'><strong>anni</strong></span> <span class='ocrx_word' id='word_1_607' title='bbox 3246 2145 3525 2202; x_wconf 84' lang='lat' dir='ltr'><strong>sumebant</strong></span> <span class='ocrx_word' id='word_1_608' title='bbox 3546 2146 3708 2202; x_wconf 81' lang='lat' dir='ltr'><strong>initium</strong></span> 
     </span>
    </p>
   </div>
   <div class='ocr_carea' id='block_1_82' title="bbox 2176 2229 3711 2305">
    <p class='ocr_par' dir='ltr' id='par_1_82' title="bbox 2176 2229 3711 2305">
     <span class='ocr_line' id='line_1_82' title="bbox 2176 2229 3711 2305; baseline 0.005 -22"><span class='ocrx_word' id='word_1_609' title='bbox 2176 2229 2364 2285; x_wconf 89' lang='lat' dir='ltr'><strong>saltem</strong></span> <span class='ocrx_word' id='word_1_610' title='bbox 2388 2246 2415 2284; x_wconf 91' lang='lat' dir='ltr'><strong>a</strong></span> <span class='ocrx_word' id='word_1_611' title='bbox 2437 2229 2522 2286; x_wconf 91' lang='lat' dir='ltr'><strong>die</strong></span> <span class='ocrx_word' id='word_1_612' title='bbox 2545 2247 2652 2302; x_wconf 89' lang='lat' dir='ltr'><strong>quo</strong></span> <span class='ocrx_word' id='word_1_613' title='bbox 2681 2233 2875 2289; x_wconf 88' lang='lat' dir='ltr'><strong>missus</strong></span> <span class='ocrx_word' id='word_1_614' title='bbox 2898 2242 2983 2289; x_wconf 92' lang='lat' dir='ltr'><strong>est</strong></span> <span class='ocrx_word' id='word_1_615' title='bbox 3007 2233 3245 2305; x_wconf 87' lang='lat' dir='ltr'><strong>Spiritus</strong></span> <span class='ocrx_word' id='word_1_616' title='bbox 3266 2245 3501 2303; x_wconf 87' lang='lat' dir='ltr'><strong>sanctus,</strong></span> <span class='ocrx_word' id='word_1_617' title='bbox 3534 2236 3622 2293; x_wconf 86' lang='lat' dir='ltr'><strong>hoc</strong></span> <span class='ocrx_word' id='word_1_618' title='bbox 3635 2245 3711 2303; x_wconf 83' lang='lat' dir='ltr'><strong>est,</strong></span> 
     </span>
    </p>
   </div>
   <div class='ocr_carea' id='block_1_83' title="bbox 2175 2322 3711 2394">
    <p class='ocr_par' dir='ltr' id='par_1_83' title="bbox 2175 2322 3711 2394">
     <span class='ocr_line' id='line_1_83' title="bbox 2175 2322 3711 2394; baseline 0.004 -18"><span class='ocrx_word' id='word_1_619' title='bbox 2175 2337 2239 2376; x_wconf 85' lang='lat' dir='ltr'><strong>ex</strong></span> <span class='ocrx_word' id='word_1_620' title='bbox 2269 2330 2446 2377; x_wconf 91' lang='lat' dir='ltr'><strong>mente</strong></span> <span class='ocrx_word' id='word_1_621' title='bbox 2473 2322 2774 2393; x_wconf 85' lang='lat' dir='ltr'><strong>Augustini,</strong></span> <span class='ocrx_word' id='word_1_622' title='bbox 2813 2324 2884 2379; x_wconf 88' lang='lat' dir='ltr'><strong>ab</strong></span> <span class='ocrx_word' id='word_1_623' title='bbox 2908 2324 3084 2383; x_wconf 88' lang='lat' dir='ltr'><strong>idibus</strong></span> <span class='ocrx_word' id='word_1_624' title='bbox 3123 2326 3304 2394; x_wconf 89' lang='lat' dir='ltr'><strong>maiis,</strong></span> <span class='ocrx_word' id='word_1_625' title='bbox 3352 2327 3551 2385; x_wconf 86' lang='lat' dir='ltr'><strong>duobus</strong></span> <span class='ocrx_word' id='word_1_626' title='bbox 3571 2327 3711 2384; x_wconf 81' lang='lat' dir='ltr'><strong>Gemi-</strong></span> 
     </span>
    </p>
   </div>
   <div class='ocr_carea' id='block_1_84' title="bbox 2176 2410 3712 2490">
    <p class='ocr_par' dir='ltr' id='par_1_84' title="bbox 2176 2410 3712 2490">
     <span class='ocr_line' id='line_1_84' title="bbox 2176 2410 3712 2490; baseline 0.003 -23"><span class='ocrx_word' id='word_1_627' title='bbox 2176 2412 2259 2467; x_wconf 89' lang='lat' dir='ltr'><strong>nis</strong></span> <span class='ocrx_word' id='word_1_628' title='bbox 2289 2410 2534 2467; x_wconf 80' lang='lat' dir='ltr'><strong>Rubellio</strong></span> <span class='ocrx_word' id='word_1_629' title='bbox 2558 2422 2613 2469; x_wconf 92' lang='lat' dir='ltr'><strong>et</strong></span> <span class='ocrx_word' id='word_1_630' title='bbox 2638 2414 2775 2469; x_wconf 82' lang='lat' dir='ltr'><strong>Rufo</strong></span> <span class='ocrx_word' id='word_1_631' title='bbox 2802 2416 3139 2483; x_wconf 85' lang='lat' dir='ltr'><strong>consulibus,</strong></span> <span class='ocrx_word' id='word_1_632' title='bbox 3179 2418 3274 2490; x_wconf 90' lang='lat' dir='ltr'><strong>qui</strong></span> <span class='ocrx_word' id='word_1_633' title='bbox 3309 2433 3433 2474; x_wconf 63' lang='lat' dir='ltr'><strong>tera:</strong></span> <span class='ocrx_word' id='word_1_634' title='bbox 3469 2419 3712 2474; x_wconf 80' lang='lat' dir='ltr'><strong>communis</strong></span> 
     </span>
    </p>
   </div>
   <div class='ocr_carea' id='block_1_85' title="bbox 2177 2502 3709 2579">
    <p class='ocr_par' dir='ltr' id='par_1_85' title="bbox 2177 2502 3709 2579">
     <span class='ocr_line' id='line_1_85' title="bbox 2177 2502 3709 2579; baseline 0.004 -23"><span class='ocrx_word' id='word_1_635' title='bbox 2177 2517 2347 2557; x_wconf 91' lang='lat' dir='ltr'><strong>annus</strong></span> <span class='ocrx_word' id='word_1_636' title='bbox 2375 2511 2459 2558; x_wconf 83' lang='lat' dir='ltr'><strong>est</strong></span> <span class='ocrx_word' id='word_1_637' title='bbox 2480 2502 2763 2560; x_wconf 89' lang='lat' dir='ltr'><strong>vicesimus</strong></span> <span class='ocrx_word' id='word_1_638' title='bbox 2791 2521 2985 2562; x_wconf 88' lang='lat' dir='ltr'><strong>nonus.</strong></span> <span class='ocrx_word' id='word_1_639' title='bbox 3022 2507 3114 2565; x_wconf 89' lang='lat' dir='ltr'><strong>Sic</strong></span> <span class='ocrx_word' id='word_1_640' title='bbox 3135 2509 3216 2565; x_wconf 89' lang='lat' dir='ltr'><strong>illi</strong></span> <span class='ocrx_word' id='word_1_641' title='bbox 3241 2509 3465 2567; x_wconf 91' lang='lat' dir='ltr'><strong>trecenti</strong></span> <span class='ocrx_word' id='word_1_642' title='bbox 3490 2509 3709 2579; x_wconf 73' lang='lat' dir='ltr'><strong>sexaginta</strong></span> 
     </span>
    </p>
   </div>
   <div class='ocr_carea' id='block_1_86' title="bbox 2177 2596 3713 2669">
    <p class='ocr_par' dir='ltr' id='par_1_86' title="bbox 2177 2596 3713 2669">
     <span class='ocr_line' id='line_1_86' title="bbox 2177 2596 3713 2669; baseline 0.005 -21"><span class='ocrx_word' id='word_1_643' title='bbox 2177 2596 2409 2667; x_wconf 91' lang='lat' dir='ltr'><strong>quinque</strong></span> <span class='ocrx_word' id='word_1_644' title='bbox 2442 2597 2567 2651; x_wconf 91' lang='lat' dir='ltr'><strong>anni</strong></span> <span class='ocrx_word' id='word_1_645' title='bbox 2606 2599 2907 2669; x_wconf 90' lang='lat' dir='ltr'><strong>complendi</strong></span> <span class='ocrx_word' id='word_1_646' title='bbox 2932 2610 3088 2657; x_wconf 84' lang='lat' dir='ltr'><strong>erant</strong></span> <span class='ocrx_word' id='word_1_647' title='bbox 3116 2601 3299 2660; x_wconf 88' lang='lat' dir='ltr'><strong>idibus</strong></span> <span class='ocrx_word' id='word_1_648' title='bbox 3323 2602 3475 2659; x_wconf 87' lang='lat' dir='ltr'><strong>maiis</strong></span> <span class='ocrx_word' id='word_1_649' title='bbox 3500 2602 3608 2658; x_wconf 85' lang='lat' dir='ltr'><strong>anni</strong></span> <span class='ocrx_word' id='word_1_650' title='bbox 3634 2612 3713 2656; x_wconf 85' lang='lat' dir='ltr'><strong>tre-</strong></span> 
     </span>
    </p>
   </div>
   <div class='ocr_carea' id='block_1_87' title="bbox 2177 2690 3708 2767">
    <p class='ocr_par' dir='ltr' id='par_1_87' title="bbox 2177 2690 3708 2767">
     <span class='ocr_line' id='line_1_87' title="bbox 2177 2690 3708 2767; baseline 0.008 -24"><span class='ocrx_word' id='word_1_651' title='bbox 2177 2690 2455 2745; x_wconf 90' lang='lat' dir='ltr'><strong>centesimi</strong></span> <span class='ocrx_word' id='word_1_652' title='bbox 2495 2692 2822 2763; x_wconf 88' lang='lat' dir='ltr'><strong>nonagesimi</strong></span> <span class='ocrx_word' id='word_1_653' title='bbox 2842 2694 3035 2764; x_wconf 88' lang='lat' dir='ltr'><strong>quarti.</strong></span> <span class='ocrx_word' id='word_1_654' title='bbox 3065 2694 3399 2767; x_wconf 86' lang='lat' dir='ltr'><strong>Augustinus</strong></span> <span class='ocrx_word' id='word_1_655' title='bbox 3435 2705 3593 2751; x_wconf 85' lang='lat' dir='ltr'><strong>tamen</strong></span> <span class='ocrx_word' id='word_1_656' title='bbox 3613 2692 3708 2755; x_wconf 78' lang='lat' dir='ltr'><strong>vult.</strong></span> 
     </span>
    </p>
   </div>
   <div class='ocr_carea' id='block_1_88' title="bbox 2177 2782 3711 2857">
    <p class='ocr_par' dir='ltr' id='par_1_88' title="bbox 2177 2782 3711 2857">
     <span class='ocr_line' id='line_1_88' title="bbox 2177 2782 3711 2857; baseline 0 -20"><span class='ocrx_word' id='word_1_657' title='bbox 2177 2796 2273 2837; x_wconf 89' lang='lat' dir='ltr'><strong>eos</strong></span> <span class='ocrx_word' id='word_1_658' title='bbox 2297 2783 2453 2837; x_wconf 84' lang='lat' dir='ltr'><strong>tinem</strong></span> <span class='ocrx_word' id='word_1_659' title='bbox 2473 2783 2683 2853; x_wconf 87' lang='lat' dir='ltr'><strong>cepisse</strong></span> <span class='ocrx_word' id='word_1_660' title='bbox 2702 2785 2980 2840; x_wconf 89' lang='lat' dir='ltr'><strong>consulatu</strong></span> <span class='ocrx_word' id='word_1_661' title='bbox 3005 2784 3231 2841; x_wconf 85' lang='lat' dir='ltr'><strong>Honorii</strong></span> <span class='ocrx_word' id='word_1_662' title='bbox 3252 2795 3309 2842; x_wconf 92' lang='lat' dir='ltr'><strong>et</strong></span> <span class='ocrx_word' id='word_1_663' title='bbox 3328 2782 3633 2857; x_wconf 85' lang='lat' dir='ltr'><strong>Eutychiani,</strong></span> <span class='ocrx_word' id='word_1_664' title='bbox 3646 2782 3711 2852; x_wconf 83' lang='lat' dir='ltr'><strong>qui</strong></span> 
     </span>
    </p>
   </div>
   <div class='ocr_carea' id='block_1_89' title="bbox 2179 2872 3709 2948">
    <p class='ocr_par' dir='ltr' id='par_1_89' title="bbox 2179 2872 3709 2948">
     <span class='ocr_line' id='line_1_89' title="bbox 2179 2872 3709 2948; baseline -0.001 -20"><span class='ocrx_word' id='word_1_665' title='bbox 2179 2872 2358 2930; x_wconf 89' lang='lat' dir='ltr'><strong>incidit</strong></span> <span class='ocrx_word' id='word_1_666' title='bbox 2384 2873 2437 2929; x_wconf 92' lang='lat' dir='ltr'><strong>iu</strong></span> <span class='ocrx_word' id='word_1_667' title='bbox 2463 2889 2659 2930; x_wconf 89' lang='lat' dir='ltr'><strong>annum</strong></span> <span class='ocrx_word' id='word_1_668' title='bbox 2685 2873 2881 2931; x_wconf 90' lang='lat' dir='ltr'><strong>Christi</strong></span> <span class='ocrx_word' id='word_1_669' title='bbox 2907 2878 3346 2934; x_wconf 86' lang='lat' dir='ltr'><strong>trecentesimum</strong></span> <span class='ocrx_word' id='word_1_670' title='bbox 3371 2875 3709 2948; x_wconf 84' lang='lat' dir='ltr'><strong>nonagesimum</strong></span> 
     </span>
    </p>
   </div>
   <div class='ocr_carea' id='block_1_90' title="bbox 2177 2962 3713 3043">
    <p class='ocr_par' dir='ltr' id='par_1_90' title="bbox 2177 2962 3713 3043">
     <span class='ocr_line' id='line_1_90' title="bbox 2177 2962 3713 3043; baseline -0.001 -22"><span class='ocrx_word' id='word_1_671' title='bbox 2177 2973 2455 3043; x_wconf 87' lang='lat' dir='ltr'><strong>octavum;</strong></span> <span class='ocrx_word' id='word_1_672' title='bbox 2483 2982 2591 3038; x_wconf 89' lang='lat' dir='ltr'><strong>quo</strong></span> <span class='ocrx_word' id='word_1_673' title='bbox 2617 2970 2791 3038; x_wconf 88' lang='lat' dir='ltr'><strong>reipsa</strong></span> <span class='ocrx_word' id='word_1_674' title='bbox 2815 2967 3241 3039; x_wconf 89' lang='lat' dir='ltr'><strong>complebantur,</strong></span> <span class='ocrx_word' id='word_1_675' title='bbox 3272 2971 3319 3025; x_wconf 90' lang='lat' dir='ltr'><strong>si</strong></span> <span class='ocrx_word' id='word_1_676' title='bbox 3340 2982 3584 3040; x_wconf 83' lang='lat' dir='ltr'><strong>ponamus</strong></span> <span class='ocrx_word' id='word_1_677' title='bbox 3597 2962 3713 3021; x_wconf 81' lang='lat' dir='ltr'><strong>Chri—</strong></span> 
     </span>
    </p>
   </div>
   <div class='ocr_carea' id='block_1_91' title="bbox 2180 3056 3712 3131">
    <p class='ocr_par' dir='ltr' id='par_1_91' title="bbox 2180 3056 3712 3131">
     <span class='ocr_line' id='line_1_91' title="bbox 2180 3056 3712 3131; baseline 0.001 -19"><span class='ocrx_word' id='word_1_678' title='bbox 2180 3065 2319 3112; x_wconf 90' lang='lat' dir='ltr'><strong>stum</strong></span> <span class='ocrx_word' id='word_1_679' title='bbox 2347 3072 2565 3130; x_wconf 88' lang='lat' dir='ltr'><strong>passum</strong></span> <span class='ocrx_word' id='word_1_680' title='bbox 2602 3056 2768 3114; x_wconf 83' lang='lat' dir='ltr'><strong>fuisse</strong></span> <span class='ocrx_word' id='word_1_681' title='bbox 2805 3073 2948 3115; x_wconf 89' lang='lat' dir='ltr'><strong>anno</strong></span> <span class='ocrx_word' id='word_1_682' title='bbox 2976 3060 3256 3131; x_wconf 89' lang='lat' dir='ltr'><strong>trigesimo</strong></span> <span class='ocrx_word' id='word_1_683' title='bbox 3285 3059 3444 3117; x_wconf 91' lang='lat' dir='ltr'><strong>tertio</strong></span> <span class='ocrx_word' id='word_1_684' title='bbox 3468 3074 3578 3116; x_wconf 66' lang='lat' dir='ltr'><strong>terte</strong></span> <span class='ocrx_word' id='word_1_685' title='bbox 3598 3070 3712 3113; x_wconf 86' lang='lat' dir='ltr'><strong>com-</strong></span> 
     </span>
    </p>
   </div>
   <div class='ocr_carea' id='block_1_92' title="bbox 2181 3147 3709 3220">
    <p class='ocr_par' dir='ltr' id='par_1_92' title="bbox 2181 3147 3709 3220">
     <span class='ocr_line' id='line_1_92' title="bbox 2181 3147 3709 3220; baseline -0.003 -17"><span class='ocrx_word' id='word_1_686' title='bbox 2181 3151 2376 3204; x_wconf 88' lang='lat' dir='ltr'><strong>munis.</strong></span> <span class='ocrx_word' id='word_1_687' title='bbox 2422 3147 2585 3220; x_wconf 89' lang='lat' dir='ltr'><strong>lgitur</strong></span> <span class='ocrx_word' id='word_1_688' title='bbox 2623 3149 2917 3205; x_wconf 90' lang='lat' dir='ltr'><strong>secundum</strong></span> <span class='ocrx_word' id='word_1_689' title='bbox 2964 3149 3099 3205; x_wconf 87' lang='lat' dir='ltr'><strong>illud</strong></span> <span class='ocrx_word' id='word_1_690' title='bbox 3141 3151 3418 3208; x_wconf 88' lang='lat' dir='ltr'><strong>oraculum</strong></span> <span class='ocrx_word' id='word_1_691' title='bbox 3463 3150 3709 3206; x_wconf 68' lang='lat' dir='ltr'><strong>daemonum</strong></span> 
     </span>
    </p>
   </div>
   <div class='ocr_carea' id='block_1_93' title="bbox 2185 3242 3713 3314">
    <p class='ocr_par' dir='ltr' id='par_1_93' title="bbox 2185 3242 3713 3314">
     <span class='ocr_line' id='line_1_93' title="bbox 2185 3242 3713 3314; baseline -0.003 -18"><span class='ocrx_word' id='word_1_692' title='bbox 2185 3256 2388 3314; x_wconf 84' lang='lat' dir='ltr'><strong>pagana</strong></span> <span class='ocrx_word' id='word_1_693' title='bbox 2434 3251 2545 3297; x_wconf 91' lang='lat' dir='ltr'><strong>tum</strong></span> <span class='ocrx_word' id='word_1_694' title='bbox 2584 3242 2897 3312; x_wconf 89' lang='lat' dir='ltr'><strong>superstitio</strong></span> <span class='ocrx_word' id='word_1_695' title='bbox 2937 3257 3255 3314; x_wconf 87' lang='lat' dir='ltr'><strong>resurgere,</strong></span> <span class='ocrx_word' id='word_1_696' title='bbox 3285 3252 3342 3300; x_wconf 91' lang='lat' dir='ltr'><strong>et</strong></span> <span class='ocrx_word' id='word_1_697' title='bbox 3366 3242 3623 3299; x_wconf 85' lang='lat' dir='ltr'><strong>christiana</strong></span> <span class='ocrx_word' id='word_1_698' title='bbox 3650 3252 3713 3292; x_wconf 76' lang='lat' dir='ltr'><strong>ru-</strong></span> 
     </span>
    </p>
   </div>
   <div class='ocr_carea' id='block_1_94' title="bbox 2180 3331 3711 3406">
    <p class='ocr_par' dir='ltr' id='par_1_94' title="bbox 2180 3331 3711 3406">
     <span class='ocr_line' id='line_1_94' title="bbox 2180 3331 3711 3406; baseline -0.003 -18"><span class='ocrx_word' id='word_1_699' title='bbox 2180 3334 2308 3404; x_wconf 87' lang='lat' dir='ltr'><strong>ligio</strong></span> <span class='ocrx_word' id='word_1_700' title='bbox 2361 3331 2553 3389; x_wconf 86' lang='lat' dir='ltr'><strong>cadere</strong></span> <span class='ocrx_word' id='word_1_701' title='bbox 2616 3333 2821 3389; x_wconf 88' lang='lat' dir='ltr'><strong>debuit.</strong></span> <span class='ocrx_word' id='word_1_702' title='bbox 2884 3333 3084 3391; x_wconf 79' lang='lat' dir='ltr'><strong>Verum</strong></span> <span class='ocrx_word' id='word_1_703' title='bbox 3143 3335 3306 3404; x_wconf 89' lang='lat' dir='ltr'><strong>Deus,</strong></span> <span class='ocrx_word' id='word_1_704' title='bbox 3331 3344 3392 3392; x_wconf 91' lang='lat' dir='ltr'><strong>ut</strong></span> <span class='ocrx_word' id='word_1_705' title='bbox 3444 3334 3584 3406; x_wconf 89' lang='lat' dir='ltr'><strong>hujus</strong></span> <span class='ocrx_word' id='word_1_706' title='bbox 3621 3344 3711 3386; x_wconf 77' lang='lat' dir='ltr'><strong>ora-</strong></span> 
     </span>
    </p>
   </div>
   <div class='ocr_carea' id='block_1_95' title="bbox 2184 3421 3712 3496">
    <p class='ocr_par' dir='ltr' id='par_1_95' title="bbox 2184 3421 3712 3496">
     <span class='ocr_line' id='line_1_95' title="bbox 2184 3421 3712 3496; baseline 0 -16"><span class='ocrx_word' id='word_1_707' title='bbox 2184 3424 2292 3480; x_wconf 88' lang='lat' dir='ltr'><strong>culi</strong></span> <span class='ocrx_word' id='word_1_708' title='bbox 2339 3424 2650 3496; x_wconf 84' lang='lat' dir='ltr'><strong>ligmentum</strong></span> <span class='ocrx_word' id='word_1_709' title='bbox 2696 3424 3111 3494; x_wconf 86' lang='lat' dir='ltr'><strong>demonstraret,</strong></span> <span class='ocrx_word' id='word_1_710' title='bbox 3165 3427 3504 3483; x_wconf 77' lang='lat' dir='ltr'><strong>christianum</strong></span> <span class='ocrx_word' id='word_1_711' title='bbox 3548 3421 3712 3491; x_wconf 38' lang='lat' dir='ltr'><strong>religio.</strong></span> 
     </span>
    </p>
   </div>
   <div class='ocr_carea' id='block_1_96' title="bbox 2182 3510 3710 3580">
    <p class='ocr_par' dir='ltr' id='par_1_96' title="bbox 2182 3510 3710 3580">
     <span class='ocr_line' id='line_1_96' title="bbox 2182 3510 3710 3580; baseline -0.005 -9"><span class='ocrx_word' id='word_1_712' title='bbox 2182 3532 2305 3572; x_wconf 91' lang='lat' dir='ltr'><strong>nem</strong></span> <span class='ocrx_word' id='word_1_713' title='bbox 2344 3517 2496 3573; x_wconf 89' lang='lat' dir='ltr'><strong>novis</strong></span> <span class='ocrx_word' id='word_1_714' title='bbox 2547 3518 2603 3572; x_wconf 91' lang='lat' dir='ltr'><strong>in</strong></span> <span class='ocrx_word' id='word_1_715' title='bbox 2641 3516 2758 3573; x_wconf 89' lang='lat' dir='ltr'><strong>dies</strong></span> <span class='ocrx_word' id='word_1_716' title='bbox 2808 3518 3155 3574; x_wconf 87' lang='lat' dir='ltr'><strong>incrementis</strong></span> <span class='ocrx_word' id='word_1_717' title='bbox 3182 3518 3376 3575; x_wconf 83' lang='lat' dir='ltr'><strong>florere</strong></span> <span class='ocrx_word' id='word_1_718' title='bbox 3410 3516 3576 3573; x_wconf 86' lang='lat' dir='ltr'><strong>voluit.</strong></span> <span class='ocrx_word' id='word_1_719' title='bbox 3596 3510 3710 3580; x_wconf 83' lang='lat' dir='ltr'><strong>Quod</strong></span> 
     </span>
    </p>
   </div>
   <div class='ocr_carea' id='block_1_97' title="bbox 2183 3600 3710 3679">
    <p class='ocr_par' dir='ltr' id='par_1_97' title="bbox 2183 3600 3710 3679">
     <span class='ocr_line' id='line_1_97' title="bbox 2183 3600 3710 3679; baseline 0.001 -17"><span class='ocrx_word' id='word_1_720' title='bbox 2183 3609 2463 3663; x_wconf 85' lang='lat' dir='ltr'><strong>manifeste</strong></span> <span class='ocrx_word' id='word_1_721' title='bbox 2513 3609 2681 3679; x_wconf 86' lang='lat' dir='ltr'><strong>patuit</strong></span> <span class='ocrx_word' id='word_1_722' title='bbox 2724 3610 2834 3678; x_wconf 90' lang='lat' dir='ltr'><strong>jam</strong></span> <span class='ocrx_word' id='word_1_723' title='bbox 2889 3609 3013 3665; x_wconf 91' lang='lat' dir='ltr'><strong>inde</strong></span> <span class='ocrx_word' id='word_1_724' title='bbox 3063 3610 3132 3665; x_wconf 88' lang='lat' dir='ltr'><strong>ab</strong></span> <span class='ocrx_word' id='word_1_725' title='bbox 3186 3625 3331 3666; x_wconf 89' lang='lat' dir='ltr'><strong>anno</strong></span> <span class='ocrx_word' id='word_1_726' title='bbox 3383 3600 3710 3676; x_wconf 74' lang='lat' dir='ltr'><strong>consequemi.</strong></span> 
     </span>
    </p>
   </div>
   <div class='ocr_carea' id='block_1_98' title="bbox 2182 3698 3707 3773">
    <p class='ocr_par' dir='ltr' id='par_1_98' title="bbox 2182 3698 3707 3773">
     <span class='ocr_line' id='line_1_98' title="bbox 2182 3698 3707 3773; baseline -0.001 -20"><span class='ocrx_word' id='word_1_727' title='bbox 2182 3713 2291 3769; x_wconf 91' lang='lat' dir='ltr'><strong>quo</strong></span> <span class='ocrx_word' id='word_1_728' title='bbox 2332 3698 2539 3756; x_wconf 84' lang='lat' dir='ltr'><strong>Mallius</strong></span> <span class='ocrx_word' id='word_1_729' title='bbox 2583 3700 2897 3757; x_wconf 89' lang='lat' dir='ltr'><strong>Theodorus</strong></span> <span class='ocrx_word' id='word_1_730' title='bbox 2933 3702 3270 3757; x_wconf 91' lang='lat' dir='ltr'><strong>consulatum</strong></span> <span class='ocrx_word' id='word_1_731' title='bbox 3299 3701 3477 3773; x_wconf 87' lang='lat' dir='ltr'><strong>gessit,</strong></span> <span class='ocrx_word' id='word_1_732' title='bbox 3512 3699 3596 3752; x_wconf 87' lang='lat' dir='ltr'><strong>hoc</strong></span> <span class='ocrx_word' id='word_1_733' title='bbox 3634 3700 3707 3753; x_wconf 68' lang='lat' dir='ltr'><strong>cst.</strong></span> 
     </span>
    </p>
   </div>
   <div class='ocr_carea' id='block_1_99' title="bbox 2184 3793 3711 3864">
    <p class='ocr_par' dir='ltr' id='par_1_99' title="bbox 2184 3793 3711 3864">
     <span class='ocr_line' id='line_1_99' title="bbox 2184 3793 3711 3864; baseline -0.001 -20"><span class='ocrx_word' id='word_1_734' title='bbox 2184 3805 2325 3845; x_wconf 91' lang='lat' dir='ltr'><strong>anno</strong></span> <span class='ocrx_word' id='word_1_735' title='bbox 2363 3793 2739 3848; x_wconf 88' lang='lat' dir='ltr'><strong>trecentesimo</strong></span> <span class='ocrx_word' id='word_1_736' title='bbox 2781 3794 3128 3864; x_wconf 86' lang='lat' dir='ltr'><strong>nonagesimo</strong></span> <span class='ocrx_word' id='word_1_737' title='bbox 3173 3808 3338 3861; x_wconf 90' lang='lat' dir='ltr'><strong>nono,</strong></span> <span class='ocrx_word' id='word_1_738' title='bbox 3366 3793 3419 3847; x_wconf 91' lang='lat' dir='ltr'><strong>in</strong></span> <span class='ocrx_word' id='word_1_739' title='bbox 3470 3802 3566 3860; x_wconf 88' lang='lat' dir='ltr'><strong>quo</strong></span> <span class='ocrx_word' id='word_1_740' title='bbox 3606 3795 3711 3837; x_wconf 72' lang='lat' dir='ltr'><strong>nunc</strong></span> 
     </span>
    </p>
   </div>
   <div class='ocr_carea' id='block_1_100' title="bbox 2184 3868 3711 3954">
    <p class='ocr_par' dir='ltr' id='par_1_100' title="bbox 2184 3868 3711 3954">
     <span class='ocr_line' id='line_1_100' title="bbox 2184 3868 3711 3954; baseline -0.006 -17"><span class='ocrx_word' id='word_1_741' title='bbox 2184 3897 2478 3938; x_wconf 88' lang='lat' dir='ltr'><strong>versamur.</strong></span> <span class='ocrx_word' id='word_1_742' title='bbox 2512 3882 2752 3954; x_wconf 81' lang='lat' dir='ltr'><strong>Sequenti</strong></span> <span class='ocrx_word' id='word_1_743' title='bbox 2777 3899 2932 3951; x_wconf 89' lang='lat' dir='ltr'><strong>anno,</strong></span> <span class='ocrx_word' id='word_1_744' title='bbox 2968 3884 3158 3941; x_wconf 90' lang='lat' dir='ltr'><strong>scribit</strong></span> <span class='ocrx_word' id='word_1_745' title='bbox 3181 3882 3529 3954; x_wconf 86' lang='lat' dir='ltr'><strong>Augustinus,</strong></span> <span class='ocrx_word' id='word_1_746' title='bbox 3555 3868 3711 3929; x_wconf 68' lang='lat' dir='ltr'><strong>consult</strong></span> 
     </span>
    </p>
   </div>
   <div class='ocr_carea' id='block_1_101' title="bbox 2187 3965 3707 4048">
    <p class='ocr_par' dir='ltr' id='par_1_101' title="bbox 2187 3965 3707 4048">
     <span class='ocr_line' id='line_1_101' title="bbox 2187 3965 3707 4048; baseline -0.005 -19"><span class='ocrx_word' id='word_1_747' title='bbox 2187 3973 2368 4029; x_wconf 78' lang='lat' dir='ltr'><strong>Mallio</strong></span> <span class='ocrx_word' id='word_1_748' title='bbox 2392 3974 2675 4043; x_wconf 84' lang='lat' dir='ltr'><strong>Theodoro,</strong></span> <span class='ocrx_word' id='word_1_749' title='bbox 2697 3976 2900 4048; x_wconf 84' lang='lat' dir='ltr'><strong>quando</strong></span> <span class='ocrx_word' id='word_1_750' title='bbox 2921 3978 3035 4048; x_wconf 88' lang='lat' dir='ltr'><strong>jam</strong></span> <span class='ocrx_word' id='word_1_751' title='bbox 3057 3977 3338 4033; x_wconf 79' lang='lat' dir='ltr'><strong>secundum</strong></span> <span class='ocrx_word' id='word_1_752' title='bbox 3357 3972 3481 4030; x_wconf 76' lang='lat' dir='ltr'><strong>illud</strong></span> <span class='ocrx_word' id='word_1_753' title='bbox 3497 3965 3707 4025; x_wconf 72' lang='lat' dir='ltr'><strong>oracslm</strong></span> 
     </span>
    </p>
   </div>
   <div class='ocr_carea' id='block_1_102' title="bbox 2185 4055 3707 4140">
    <p class='ocr_par' dir='ltr' id='par_1_102' title="bbox 2185 4055 3707 4140">
     <span class='ocr_line' id='line_1_102' title="bbox 2185 4055 3707 4140; baseline -0.009 -20"><span class='ocrx_word' id='word_1_754' title='bbox 2185 4065 2488 4132; x_wconf 60' lang='lat' dir='ltr'><strong>daemonum,</strong></span> <span class='ocrx_word' id='word_1_755' title='bbox 2514 4076 2601 4122; x_wconf 88' lang='lat' dir='ltr'><strong>aut</strong></span> <span class='ocrx_word' id='word_1_756' title='bbox 2630 4069 2924 4140; x_wconf 78' lang='lat' dir='ltr'><strong>ﬁgmentum</strong></span> <span class='ocrx_word' id='word_1_757' title='bbox 2959 4069 3254 4139; x_wconf 85' lang='lat' dir='ltr'><strong>hominum,</strong></span> <span class='ocrx_word' id='word_1_758' title='bbox 3286 4068 3427 4124; x_wconf 83' lang='lat' dir='ltr'><strong>nulla</strong></span> <span class='ocrx_word' id='word_1_759' title='bbox 3457 4078 3551 4120; x_wconf 81' lang='lat' dir='ltr'><strong>esse</strong></span> <span class='ocrx_word' id='word_1_760' title='bbox 3581 4055 3707 4113; x_wconf 74' lang='lat' dir='ltr'><strong>deluit</strong></span> 
     </span>
    </p>
   </div>
   <div class='ocr_carea' id='block_1_103' title="bbox 2184 4143 3709 4230">
    <p class='ocr_par' dir='ltr' id='par_1_103' title="bbox 2184 4143 3709 4230">
     <span class='ocr_line' id='line_1_103' title="bbox 2184 4143 3709 4230; baseline -0.009 -20"><span class='ocrx_word' id='word_1_761' title='bbox 2184 4157 2360 4228; x_wconf 84' lang='lat' dir='ltr'><strong>religio</strong></span> <span class='ocrx_word' id='word_1_762' title='bbox 2397 4158 2689 4224; x_wconf 85' lang='lat' dir='ltr'><strong>christiana,</strong></span> <span class='ocrx_word' id='word_1_763' title='bbox 2721 4158 2845 4229; x_wconf 86' lang='lat' dir='ltr'><strong>quid</strong></span> <span class='ocrx_word' id='word_1_764' title='bbox 2873 4176 2964 4230; x_wconf 88' lang='lat' dir='ltr'><strong>per</strong></span> <span class='ocrx_word' id='word_1_765' title='bbox 2985 4161 3117 4215; x_wconf 89' lang='lat' dir='ltr'><strong>alias</strong></span> <span class='ocrx_word' id='word_1_766' title='bbox 3151 4169 3394 4215; x_wconf 83' lang='lat' dir='ltr'><strong>terrarum</strong></span> <span class='ocrx_word' id='word_1_767' title='bbox 3423 4161 3572 4227; x_wconf 81' lang='lat' dir='ltr'><strong>partes</strong></span> <span class='ocrx_word' id='word_1_768' title='bbox 3598 4143 3709 4220; x_wconf 77' lang='lat' dir='ltr'><strong>{orti-</strong></span> 
     </span>
    </p>
   </div>
   <div class='ocr_carea' id='block_1_104' title="bbox 2187 4232 3708 4322">
    <p class='ocr_par' dir='ltr' id='par_1_104' title="bbox 2187 4232 3708 4322">
     <span class='ocr_line' id='line_1_104' title="bbox 2187 4232 3708 4322; baseline 0.007 -21"><span class='ocrx_word' id='word_1_769' title='bbox 2187 4257 2273 4302; x_wconf 90' lang='lat' dir='ltr'><strong>tan</strong></span> <span class='ocrx_word' id='word_1_770' title='bbox 2300 4251 2488 4320; x_wconf 80' lang='lat' dir='ltr'><strong>factum</strong></span> <span class='ocrx_word' id='word_1_771' title='bbox 2512 4248 2594 4315; x_wconf 88' lang='lat' dir='ltr'><strong>sit,</strong></span> <span class='ocrx_word' id='word_1_772' title='bbox 2617 4251 2834 4321; x_wconf 83' lang='lat' dir='ltr'><strong>nonfuit</strong></span> <span class='ocrx_word' id='word_1_773' title='bbox 2854 4268 3052 4307; x_wconf 83' lang='lat' dir='ltr'><strong>necesse</strong></span> <span class='ocrx_word' id='word_1_774' title='bbox 3075 4254 3377 4322; x_wconf 84' lang='lat' dir='ltr'><strong>perquirere.</strong></span> <span class='ocrx_word' id='word_1_775' title='bbox 3400 4243 3589 4303; x_wconf 67' lang='lat' dir='ltr'><strong>Interim</strong></span> <span class='ocrx_word' id='word_1_776' title='bbox 3606 4232 3708 4310; x_wconf 64' lang='grc' dir='ltr'><strong>(1⁸θά</strong></span> 
     </span>
    </p>
   </div>
   <div class='ocr_carea' id='block_1_105' title="bbox 2185 4326 3706 4424">
    <p class='ocr_par' dir='ltr' id='par_1_105' title="bbox 2185 4326 3706 4424">
     <span class='ocr_line' id='line_1_105' title="bbox 2185 4326 3706 4424; baseline -0.002 -29"><span class='ocrx_word' id='word_1_777' title='bbox 2185 4341 2389 4408; x_wconf 86' lang='lat' dir='ltr'><strong>scimus,</strong></span> <span class='ocrx_word' id='word_1_778' title='bbox 2421 4342 2474 4395; x_wconf 89' lang='lat' dir='ltr'><strong>in</strong></span> <span class='ocrx_word' id='word_1_779' title='bbox 2515 4342 2713 4396; x_wconf 83' lang='lat' dir='ltr'><strong>civitate</strong></span> <span class='ocrx_word' id='word_1_780' title='bbox 2745 4342 3004 4397; x_wconf 86' lang='lat' dir='ltr'><strong>notissima</strong></span> <span class='ocrx_word' id='word_1_781' title='bbox 3039 4352 3087 4397; x_wconf 89' lang='lat' dir='ltr'><strong>et</strong></span> <span class='ocrx_word' id='word_1_782' title='bbox 3128 4339 3506 4397; x_wconf 78' lang='lat' dir='ltr'><strong>eminentissima</strong></span> <span class='ocrx_word' id='word_1_783' title='bbox 3538 4326 3706 4424; x_wconf 46' lang='lat' dir='ltr'><strong>Catili”:</strong></span> 
     </span>
    </p>
   </div>
   <div class='ocr_carea' id='block_1_106' title="bbox 2184 4425 3706 4502">
    <p class='ocr_par' dir='ltr' id='par_1_106' title="bbox 2184 4425 3706 4502">
     <span class='ocr_line' id='line_1_106' title="bbox 2184 4425 3706 4502; baseline -0.005 -17"><span class='ocrx_word' id='word_1_784' title='bbox 2184 4431 2300 4502; x_wconf 85' lang='lat' dir='ltr'><strong>gine</strong></span> <span class='ocrx_word' id='word_1_785' title='bbox 2339 4431 2546 4501; x_wconf 78' lang='lat' dir='ltr'><strong>Africw,</strong></span> <span class='ocrx_word' id='word_1_786' title='bbox 2578 4430 2889 4487; x_wconf 82' lang='lat' dir='ltr'><strong>Gaudentius</strong></span> <span class='ocrx_word' id='word_1_787' title='bbox 2921 4442 2970 4487; x_wconf 86' lang='lat' dir='ltr'><strong>et</strong></span> <span class='ocrx_word' id='word_1_788' title='bbox 3002 4432 3184 4489; x_wconf 75' lang='lat' dir='ltr'><strong>larius</strong></span> <span class='ocrx_word' id='word_1_789' title='bbox 3216 4432 3419 4488; x_wconf 83' lang='lat' dir='ltr'><strong>comites</strong></span> <span class='ocrx_word' id='word_1_790' title='bbox 3449 4425 3706 4495; x_wconf 65' lang='lat' dir='ltr'><strong>imperatam</strong></span> 
     </span>
    </p>
   </div>
   <div class='ocr_carea' id='block_1_107' title="bbox 2188 4508 3705 4595">
    <p class='ocr_par' dir='ltr' id='par_1_107' title="bbox 2188 4508 3705 4595">
     <span class='ocr_line' id='line_1_107' title="bbox 2188 4508 3705 4595; baseline -0.003 -20"><span class='ocrx_word' id='word_1_791' title='bbox 2188 4520 2428 4587; x_wconf 86' lang='lat' dir='ltr'><strong>Honorii,</strong></span> <span class='ocrx_word' id='word_1_792' title='bbox 2459 4533 2637 4593; x_wconf 86' lang='lat' dir='ltr'><strong>quarto</strong></span> <span class='ocrx_word' id='word_1_793' title='bbox 2662 4523 2856 4579; x_wconf 84' lang='lat' dir='ltr'><strong>decimo</strong></span> <span class='ocrx_word' id='word_1_794' title='bbox 2888 4523 3129 4580; x_wconf 84' lang='lat' dir='ltr'><strong>kalendas</strong></span> <span class='ocrx_word' id='word_1_795' title='bbox 3150 4524 3346 4595; x_wconf 69' lang='lat' dir='ltr'><strong>apsilis,</strong></span> <span class='ocrx_word' id='word_1_796' title='bbox 3380 4519 3599 4594; x_wconf 68' lang='lat' dir='ltr'><strong>falsorum</strong></span> <span class='ocrx_word' id='word_1_797' title='bbox 3614 4508 3705 4562; x_wconf 73' lang='grc' dir='ltr'><strong>ἀεθ-</strong></span> 
     </span>
    </p>
   </div>
   <div class='ocr_carea' id='block_1_108' title="bbox 2184 4598 3701 4699">
    <p class='ocr_par' dir='ltr' id='par_1_108' title="bbox 2184 4598 3701 4699">
     <span class='ocr_line' id='line_1_108' title="bbox 2184 4598 3701 4699; baseline -0.01 -30"><span class='ocrx_word' id='word_1_798' title='bbox 2184 4631 2299 4668; x_wconf 87' lang='lat' dir='ltr'><strong>rum</strong></span> <span class='ocrx_word' id='word_1_799' title='bbox 2339 4614 2528 4686; x_wconf 86' lang='lat' dir='ltr'><strong>templa</strong></span> <span class='ocrx_word' id='word_1_800' title='bbox 2569 4624 2861 4682; x_wconf 78' lang='lat' dir='ltr'><strong>everterunt,</strong></span> <span class='ocrx_word' id='word_1_801' title='bbox 2904 4627 2954 4673; x_wconf 89' lang='lat' dir='ltr'><strong>et</strong></span> <span class='ocrx_word' id='word_1_802' title='bbox 2987 4616 3261 4672; x_wconf 86' lang='lat' dir='ltr'><strong>simulacra</strong></span> <span class='ocrx_word' id='word_1_803' title='bbox 3295 4616 3535 4688; x_wconf 74' lang='lat' dir='ltr'><strong>{regerunt</strong></span> <span class='ocrx_word' id='word_1_804' title='bbox 3561 4598 3701 4699; x_wconf 50' lang='lat' dir='ltr'><strong>(Ibid,</strong></span> 
     </span>
    </p>
   </div>
   <div class='ocr_carea' id='block_1_109' title="bbox 2186 4684 3703 4779">
    <p class='ocr_par' dir='ltr' id='par_1_109' title="bbox 2186 4684 3703 4779">
     <span class='ocr_line' id='line_1_109' title="bbox 2186 4684 3703 4779; baseline -0.006 -20"><span class='ocrx_word' id='word_1_805' title='bbox 2186 4721 2302 4775; x_wconf 86' lang='lat' dir='ltr'><strong>cap.</strong></span> <span class='ocrx_word' id='word_1_806' title='bbox 2329 4706 2418 4773; x_wconf 69' lang='grc'><strong>54,</strong></span> <span class='ocrx_word' id='word_1_807' title='bbox 2439 4684 2494 4760; x_wconf 85' lang='lat' dir='ltr'><strong>n.</strong></span> <span class='ocrx_word' id='word_1_808' title='bbox 2521 4704 2597 4779; x_wconf 79' lang='lat' dir='ltr'><strong>i).</strong></span> <span class='ocrx_word' id='word_1_809' title='bbox 2618 4706 2945 4779; x_wconf 84' lang='lat' dir='ltr'><strong>Augustinus</strong></span> <span class='ocrx_word' id='word_1_810' title='bbox 2961 4706 3140 4779; x_wconf 88' lang='lat' dir='ltr'><strong>itaque</strong></span> <span class='ocrx_word' id='word_1_811' title='bbox 3156 4707 3227 4763; x_wconf 88' lang='lat' dir='ltr'><strong>de</strong></span> <span class='ocrx_word' id='word_1_812' title='bbox 3251 4684 3408 4762; x_wconf 73' lang='lat' dir='ltr'><strong>rebus</strong></span> <span class='ocrx_word' id='word_1_813' title='bbox 3434 4707 3612 4756; x_wconf 78' lang='lat' dir='ltr'><strong>tantum</strong></span> <span class='ocrx_word' id='word_1_814' title='bbox 3629 4684 3703 4742; x_wconf 70' lang='lat' dir='ltr'><strong>Sibi</strong></span> 
     </span>
    </p>
   </div>
   <div class='ocr_carea' id='block_1_110' title="bbox 2186 4784 3700 4875">
    <p class='ocr_par' dir='ltr' id='par_1_110' title="bbox 2186 4784 3700 4875">
     <span class='ocr_line' id='line_1_110' title="bbox 2186 4784 3700 4875; baseline -0.007 -20"><span class='ocrx_word' id='word_1_815' title='bbox 2186 4799 2446 4869; x_wconf 83' lang='lat' dir='ltr'><strong>cognitis,</strong></span> <span class='ocrx_word' id='word_1_816' title='bbox 2482 4808 2539 4856; x_wconf 89' lang='lat' dir='ltr'><strong>et</strong></span> <span class='ocrx_word' id='word_1_817' title='bbox 2563 4814 2683 4872; x_wconf 82' lang='lat' dir='ltr'><strong>quae</strong></span> <span class='ocrx_word' id='word_1_818' title='bbox 2719 4798 3041 4872; x_wconf 84' lang='lat' dir='ltr'><strong>Carthagine</strong></span> <span class='ocrx_word' id='word_1_819' title='bbox 3078 4801 3434 4871; x_wconf 78' lang='lat' dir='ltr'><strong>contigerant,</strong></span> <span class='ocrx_word' id='word_1_820' title='bbox 3459 4784 3700 4875; x_wconf 54' lang='lat' dir='ltr'><strong>memorat}</strong></span> 
     </span>
    </p>
   </div>
   <div class='ocr_carea' id='block_1_111' title="bbox 2185 4881 3703 4968">
    <p class='ocr_par' dir='ltr' id='par_1_111' title="bbox 2185 4881 3703 4968">
     <span class='ocr_line' id='line_1_111' title="bbox 2185 4881 3703 4968; baseline -0.01 -22"><span class='ocrx_word' id='word_1_821' title='bbox 2185 4906 2287 4948; x_wconf 91' lang='lat' dir='ltr'><strong>nec</strong></span> <span class='ocrx_word' id='word_1_822' title='bbox 2310 4890 2437 4963; x_wconf 89' lang='lat' dir='ltr'><strong>quid</strong></span> <span class='ocrx_word' id='word_1_823' title='bbox 2465 4891 2520 4946; x_wconf 93' lang='lat' dir='ltr'><strong>in</strong></span> <span class='ocrx_word' id='word_1_824' title='bbox 2543 4891 2663 4947; x_wconf 89' lang='lat' dir='ltr'><strong>aliis</strong></span> <span class='ocrx_word' id='word_1_825' title='bbox 2687 4899 2947 4947; x_wconf 84' lang='lat' dir='ltr'><strong>terrarum</strong></span> <span class='ocrx_word' id='word_1_826' title='bbox 2970 4892 3210 4963; x_wconf 87' lang='lat' dir='ltr'><strong>partibus</strong></span> <span class='ocrx_word' id='word_1_827' title='bbox 3232 4885 3516 4946; x_wconf 84' lang='lat' dir='ltr'><strong>accidisset,</strong></span> <span class='ocrx_word' id='word_1_828' title='bbox 3538 4881 3703 4968; x_wconf 37' lang='lat' dir='ltr'><strong>pet-qu};</strong></span> 
     </span>
    </p>
   </div>
   <div class='ocr_carea' id='block_1_112' title="bbox 2186 4974 3702 5056">
    <p class='ocr_par' dir='ltr' id='par_1_112' title="bbox 2186 4974 3702 5056">
     <span class='ocr_line' id='line_1_112' title="bbox 2186 4974 3702 5056; baseline -0.009 -17"><span class='ocrx_word' id='word_1_829' title='bbox 2186 4984 2329 5040; x_wconf 90' lang='lat' dir='ltr'><strong>sivit.</strong></span> <span class='ocrx_word' id='word_1_830' title='bbox 2351 4982 2549 5039; x_wconf 87' lang='lat' dir='ltr'><strong>Verum</strong></span> <span class='ocrx_word' id='word_1_831' title='bbox 2578 4984 2634 5039; x_wconf 91' lang='lat' dir='ltr'><strong>in</strong></span> <span class='ocrx_word' id='word_1_832' title='bbox 2671 4982 2833 5040; x_wconf 83' lang='lat' dir='ltr'><strong>ldacii</strong></span> <span class='ocrx_word' id='word_1_833' title='bbox 2861 4983 3012 5041; x_wconf 84' lang='lat' dir='ltr'><strong>fastis</strong></span> <span class='ocrx_word' id='word_1_834' title='bbox 3038 4985 3283 5056; x_wconf 87' lang='lat' dir='ltr'><strong>legimus,</strong></span> <span class='ocrx_word' id='word_1_835' title='bbox 3312 4979 3545 5037; x_wconf 86' lang='lat' dir='ltr'><strong>falsorum</strong></span> <span class='ocrx_word' id='word_1_836' title='bbox 3565 4974 3702 5056; x_wconf 47' lang='lat' dir='ltr'><strong>nam&quot;</strong></span> 
     </span>
    </p>
   </div>
   <div class='ocr_carea' id='block_1_113' title="bbox 2186 5052 3699 5147">
    <p class='ocr_par' dir='ltr' id='par_1_113' title="bbox 2186 5052 3699 5147">
     <span class='ocr_line' id='line_1_113' title="bbox 2186 5052 3699 5147; baseline -0.008 -17"><span class='ocrx_word' id='word_1_837' title='bbox 2186 5089 2311 5130; x_wconf 90' lang='lat' dir='ltr'><strong>num</strong></span> <span class='ocrx_word' id='word_1_838' title='bbox 2338 5074 2533 5146; x_wconf 87' lang='lat' dir='ltr'><strong>templa</strong></span> <span class='ocrx_word' id='word_1_839' title='bbox 2561 5074 2662 5130; x_wconf 92' lang='lat' dir='ltr'><strong>hoc</strong></span> <span class='ocrx_word' id='word_1_840' title='bbox 2685 5087 2828 5130; x_wconf 88' lang='lat' dir='ltr'><strong>anno</strong></span> <span class='ocrx_word' id='word_1_841' title='bbox 2851 5073 3016 5131; x_wconf 88' lang='lat' dir='ltr'><strong>fuisse</strong></span> <span class='ocrx_word' id='word_1_842' title='bbox 3037 5052 3319 5137; x_wconf 74' lang='lat' dir='ltr'><strong>demolita;</strong></span> <span class='ocrx_word' id='word_1_843' title='bbox 3342 5072 3573 5133; x_wconf 79' lang='lat' dir='ltr'><strong>nutatque</strong></span> 
     </span>
    </p>
   </div>
   <div class='ocr_carea' id='block_1_114' title="bbox 2186 5150 3699 5238">
    <p class='ocr_par' dir='ltr' id='par_1_114' title="bbox 2186 5150 3699 5238">
     <span class='ocr_line' id='line_1_114' title="bbox 2186 5150 3699 5238; baseline -0.012 -15"><span class='ocrx_word' id='word_1_844' title='bbox 2186 5166 2417 5238; x_wconf 85' lang='lat' dir='ltr'><strong>Prosper</strong></span> <span class='ocrx_word' id='word_1_845' title='bbox 2433 5165 2502 5222; x_wconf 87' lang='lat' dir='ltr'><strong>ad</strong></span> <span class='ocrx_word' id='word_1_846' title='bbox 2525 5181 2743 5233; x_wconf 89' lang='lat' dir='ltr'><strong>annum,</strong></span> <span class='ocrx_word' id='word_1_847' title='bbox 2764 5165 2856 5238; x_wconf 81' lang='lat' dir='ltr'><strong>qui</strong></span> <span class='ocrx_word' id='word_1_848' title='bbox 2874 5165 3239 5224; x_wconf 86' lang='lat' dir='ltr'><strong>Gildonianam</strong></span> <span class='ocrx_word' id='word_1_849' title='bbox 3261 5159 3458 5220; x_wconf 82' lang='lat' dir='ltr'><strong>cladem</strong></span> <span class='ocrx_word' id='word_1_850' title='bbox 3479 5150 3699 5211; x_wconf 63' lang='lat' dir='ltr'><strong>amur</strong></span> 
     </span>
    </p>
   </div>
   <div class='ocr_carea' id='block_1_115' title="bbox 2186 5240 3699 5330">
    <p class='ocr_par' dir='ltr' id='par_1_115' title="bbox 2186 5240 3699 5330">
     <span class='ocr_line' id='line_1_115' title="bbox 2186 5240 3699 5330; baseline -0.017 -17"><span class='ocrx_word' id='word_1_851' title='bbox 2186 5266 2305 5324; x_wconf 88' lang='lat' dir='ltr'><strong>tur,</strong></span> <span class='ocrx_word' id='word_1_852' title='bbox 2342 5257 2445 5313; x_wconf 89' lang='lat' dir='ltr'><strong>hoc</strong></span> <span class='ocrx_word' id='word_1_853' title='bbox 2479 5266 2595 5325; x_wconf 92' lang='lat' dir='ltr'><strong>est,</strong></span> <span class='ocrx_word' id='word_1_854' title='bbox 2617 5256 2685 5313; x_wconf 89' lang='lat' dir='ltr'><strong>ad</strong></span> <span class='ocrx_word' id='word_1_855' title='bbox 2713 5272 2911 5314; x_wconf 90' lang='lat' dir='ltr'><strong>annum</strong></span> <span class='ocrx_word' id='word_1_856' title='bbox 2955 5266 3304 5330; x_wconf 76' lang='lat' dir='ltr'><strong>praesentem,</strong></span> <span class='ocrx_word' id='word_1_857' title='bbox 3330 5248 3540 5317; x_wconf 71' lang='lat' dir='ltr'><strong>antiqua:</strong></span> <span class='ocrx_word' id='word_1_858' title='bbox 3555 5240 3699 5303; x_wconf 61' lang='lat' dir='ltr'><strong>super</strong></span> 
     </span>
    </p>
   </div>
   <div class='ocr_carea' id='block_1_116' title="bbox 2186 5318 3709 5434">
    <p class='ocr_par' dir='ltr' id='par_1_116' title="bbox 2186 5318 3709 5434">
     <span class='ocr_line' id='line_1_116' title="bbox 2186 5318 3709 5434; baseline 0.005 -28"><span class='ocrx_word' id='word_1_859' title='bbox 2186 5318 2418 5407; x_wconf 81' lang='lat' dir='ltr'><strong>stitionis</strong></span> <span class='ocrx_word' id='word_1_860' title='bbox 2442 5318 2641 5423; x_wconf 76' lang='lat' dir='ltr'><strong>templa</strong></span> <span class='ocrx_word' id='word_1_861' title='bbox 2670 5359 2783 5408; x_wconf 85' lang='lat' dir='ltr'><strong>toto</strong></span> <span class='ocrx_word' id='word_1_862' title='bbox 2810 5350 2945 5408; x_wconf 87' lang='lat' dir='ltr'><strong>orbe</strong></span> <span class='ocrx_word' id='word_1_863' title='bbox 2957 5318 3215 5407; x_wconf 48' lang='lat' dir='ltr'><strong>&#39;ltomano</strong></span> <span class='ocrx_word' id='word_1_864' title='bbox 3236 5318 3393 5404; x_wconf 69' lang='lat' dir='ltr'><strong>fuisse</strong></span> <span class='ocrx_word' id='word_1_865' title='bbox 3414 5318 3709 5434; x_wconf 26' lang='lat' dir='ltr'><strong>6W;Ai</strong></span> 
     </span>
    </p>
   </div>
   <div class='ocr_carea' id='block_1_117' title="bbox 2256 5422 3694 5521">
    <p class='ocr_par' dir='ltr' id='par_1_117' title="bbox 2256 5422 3694 5521">
     <span class='ocr_line' id='line_1_117' title="bbox 2256 5422 3694 5521; baseline 0.006 -25"><span class='ocrx_word' id='word_1_866' title='bbox 2256 5440 2312 5497; x_wconf 72' lang='grc' dir='ltr'><strong>Ξ.</strong></span> <span class='ocrx_word' id='word_1_867' title='bbox 2330 5422 2684 5500; x_wconf 17' lang='grc' dir='ltr'><strong>’ϐηηὰθίιιοο</strong></span> <span class='ocrx_word' id='word_1_868' title='bbox 2709 5456 2843 5513; x_wconf 88' lang='lat' dir='ltr'><strong>opus</strong></span> <span class='ocrx_word' id='word_1_869' title='bbox 2867 5456 3092 5499; x_wconf 84' lang='lat' dir='ltr'><strong>exorsus</strong></span> <span class='ocrx_word' id='word_1_870' title='bbox 3118 5441 3287 5499; x_wconf 83' lang='lat' dir='ltr'><strong>fuerat</strong></span> <span class='ocrx_word' id='word_1_871' title='bbox 3303 5422 3694 5521; x_wconf 40' lang='grc' dir='ltr'><strong>ΤδοοάαίιξξξΫ</strong></span> 
     </span>
    </p>
   </div>
   <div class='ocr_carea' id='block_1_118' title="bbox 2187 5506 3692 5620">
    <p class='ocr_par' dir='ltr' id='par_1_118' title="bbox 2187 5506 3692 5620">
     <span class='ocr_line' id='line_1_118' title="bbox 2187 5506 3692 5620; baseline 0.005 -33"><span class='ocrx_word' id='word_1_872' title='bbox 2187 5543 2419 5604; x_wconf 87' lang='lat' dir='ltr'><strong>perator.</strong></span> <span class='ocrx_word' id='word_1_873' title='bbox 2453 5534 2533 5590; x_wconf 87' lang='lat' dir='ltr'><strong>Eo</strong></span> <span class='ocrx_word' id='word_1_874' title='bbox 2562 5543 2683 5607; x_wconf 90' lang='lat' dir='ltr'><strong>post</strong></span> <span class='ocrx_word' id='word_1_875' title='bbox 2718 5506 3011 5591; x_wconf 59' lang='lat' dir='ltr'><strong>Ecclesium</strong></span> <span class='ocrx_word' id='word_1_876' title='bbox 3041 5532 3198 5605; x_wconf 89' lang='lat' dir='ltr'><strong>longe</strong></span> <span class='ocrx_word' id='word_1_877' title='bbox 3232 5506 3692 5620; x_wconf 71' lang='lat' dir='ltr'><strong>lateque</strong></span> 
     </span>
    </p>
   </div>
   <div class='ocr_carea' id='block_1_119' title="bbox 2189 5601 3686 5702">
    <p class='ocr_par' dir='ltr' id='par_1_119' title="bbox 2189 5601 3686 5702">
     <span class='ocr_line' id='line_1_119' title="bbox 2189 5601 3686 5702; baseline 0.008 -22"><span class='ocrx_word' id='word_1_878' title='bbox 2189 5601 2295 5680; x_wconf 80' lang='lat' dir='ltr'><strong>tam</strong></span> <span class='ocrx_word' id='word_1_879' title='bbox 2323 5626 2431 5681; x_wconf 88' lang='lat' dir='ltr'><strong>vita</strong></span> <span class='ocrx_word' id='word_1_880' title='bbox 2456 5601 2655 5695; x_wconf 75' lang='lat' dir='ltr'><strong>functo,</strong></span> <span class='ocrx_word' id='word_1_881' title='bbox 2682 5625 2939 5682; x_wconf 85' lang='lat' dir='ltr'><strong>Arcadius</strong></span> <span class='ocrx_word' id='word_1_882' title='bbox 2966 5633 3023 5681; x_wconf 88' lang='lat' dir='ltr'><strong>et</strong></span> <span class='ocrx_word' id='word_1_883' title='bbox 3042 5601 3303 5681; x_wconf 76' lang='lat' dir='ltr'><strong>Honorius</strong></span> <span class='ocrx_word' id='word_1_884' title='bbox 3326 5601 3686 5702; x_wconf 53' lang='lat' dir='ltr'><strong>eiUS_&#39;i&#39;_’9fif&#39;f’_&#39;,&#39;</strong></span> 
     </span>
    </p>
   </div>
   <div class='ocr_carea' id='block_1_120' title="bbox 2191 5689 3689 5789">
    <p class='ocr_par' dir='ltr' id='par_1_120' title="bbox 2191 5689 3689 5789">
     <span class='ocr_line' id='line_1_120' title="bbox 2191 5689 3689 5789; baseline -0.033 8"><span class='ocrx_word' id='word_1_885' title='bbox 2191 5717 2359 5789; x_wconf 57' lang='lat' dir='ltr'><strong>magis</strong></span> <span class='ocrx_word' id='word_1_886' title='bbox 2380 5718 2585 5789; x_wconf 66' lang='lat' dir='ltr'><strong>imperii</strong></span> <span class='ocrx_word' id='word_1_887' title='bbox 2612 5689 2835 5788; x_wconf 56' lang='grc' dir='ltr'><strong>ρέιιθι-ιιί,</strong></span> <span class='ocrx_word' id='word_1_888' title='bbox 2865 5732 3025 5788; x_wconf 86' lang='lat' dir='ltr'><strong>quam</strong></span> <span class='ocrx_word' id='word_1_889' title='bbox 3044 5713 3252 5788; x_wconf 83' lang='lat' dir='ltr'><strong>pietatis</strong></span> <span class='ocrx_word' id='word_1_890' title='bbox 3271 5720 3388 5778; x_wconf 86' lang='lat' dir='ltr'><strong>erga</strong></span> <span class='ocrx_word' id='word_1_891' title='bbox 3409 5689 3689 5757; x_wconf 52' lang='lat' dir='ltr'><strong>christiani)“</strong></span> 
     </span>
    </p>
   </div>
   <div class='ocr_carea' id='block_1_121' title="bbox 3546 6188 3816 6346">
    <p class='ocr_par' dir='ltr' id='par_1_121' title="bbox 3546 6188 3816 6346">
     <span class='ocr_line' id='line_1_121' title="bbox 3546 6188 3816 6346; baseline 0 0"><span class='ocrx_word' id='word_1_892' title='bbox 3546 6188 3816 6346; x_wconf 51' lang='grc' dir='ltr'><strong>,Α</strong></span> 
     </span>
    </p>
   </div>
  </div>
