3868 6400
121 276 194 337 m
1452 257 1655 315 LIBER

1766 257 2029 316 IARTUS.

120 388 389 468 religionem
415 385 656 444 heredes
673 383 948 442 exstitere.
979 381 1163 438 Crevit
1186 378 1360 436 adhuc
1387 375 1441 434 in
1478 391 1663 434 eorum

118 483 280 542 animis
320 479 441 536 illud
492 477 764 548 religionis
811 473 1041 530 studium
1070 489 1102 530 a
1127 470 1373 529 secundis
1411 469 1572 525 rebus
1608 479 1664 525 et

121 575 322 636 obtentis
358 571 609 628 divinitus
635 568 873 624 victoriis
901 567 954 622 in
985 567 1140 631 illos,
1169 565 1261 636 qui
1293 563 1664 619 auctoritatem

119 674 317 741 ipsorum
361 664 443 719 vel
487 671 676 734 aperto
709 669 877 716 marte
919 658 1006 714 vel
1042 656 1387 713 clandestinis
1423 654 1662 711 consiliis

116 765 467 833 oppugnarunt.
496 755 741 826 Cumque
765 751 1072 809 felicitatem
1100 766 1251 806 suam
1279 759 1514 820 paternae
1543 748 1656 820 pie-

115 853 190 909 tati
225 858 478 919 acceptam
516 845 814 910 referrent,
857 841 1126 914 privilegia
1155 855 1187 896 a
1225 839 1515 910 majoribus
1549 839 1662 894 suis

115 941 334 1001 Ecclesiae
373 939 561 996 collata
598 934 986 994 vehementiori
1039 931 1217 990 studio
1258 932 1542 988 tuebantur
1562 972 1578 999 ,
1608 939 1662 987 et

114 1035 240 1092 novis
261 1033 435 1090 edictis
461 1029 824 1087 eumulabant.
857 1027 1056 1083 Eorum
1087 1025 1256 1097 pietas
1283 1023 1451 1080 facem
1479 1023 1661 1080 subdi-

113 1132 172 1185 tis
187 1125 498 1200 praeferebat.
527 1122 740 1179 Ethnici
767 1122 834 1177 ad
863 1120 1058 1177 Christi
1090 1117 1245 1174 [idem
1276 1117 1420 1173 nullo
1447 1115 1662 1188 negotio

112 1221 472 1278 adducebantur
498 1235 514 1271 :
545 1225 600 1273 et
623 1215 860 1272 heretici
884 1213 1118 1270 discidiis
1137 1251 1154 1278 ,
1181 1211 1373 1282 quibus
1395 1224 1490 1266 eos
1519 1210 1661 1265 Deus

113 1316 304 1372 lacerari
319 1314 540 1377 sinebat,
565 1309 860 1379 defatigati,
882 1307 947 1363 ad
970 1305 1224 1362 Ecclesia:
1243 1304 1520 1361 catholica:
1539 1302 1660 1356 uni-

115 1417 250 1462 tatem
272 1406 404 1460 ultro
429 1401 694 1457 redibant.
726 1398 798 1455 Ut
825 1407 1001 1452 autem
1025 1395 1093 1452 de
1119 1396 1183 1451 iis
1211 1395 1384 1450 solum
1405 1434 1421 1460 ,
1448 1406 1567 1463 quae
1592 1390 1660 1446 ad

116 1499 321 1569 Paganos
347 1500 616 1566 spectant,
641 1491 730 1546 hic
753 1489 856 1545 loci
884 1487 1209 1544 disseramus
1225 1527 1241 1554 ,
1269 1493 1326 1540 et
1349 1485 1418 1541 ab
1445 1485 1662 1540 Oriente

115 1589 440 1659 auspicemur;
465 1583 826 1655 comperimus
849 1580 1166 1651 rescriptum
1187 1577 1399 1634 Arcadii
1425 1576 1493 1632 ad
1512 1576 1663 1632 Rull-

117 1695 218 1735 num
242 1678 536 1751 praefectum
573 1674 826 1745 praetorio
855 1672 906 1728 in
933 1671 1183 1737 Oriente,
1213 1668 1396 1724 datum
1433 1667 1661 1738 septimo

118 1771 213 1826 idus
235 1768 432 1840 angusti
453 1767 576 1822 anni
598 1763 955 1821 trecentesimi
981 1761 1310 1833 nonagesimi
1337 1759 1528 1831 quinti,
1557 1774 1663 1830 quo

119 1862 324 1932 Pagauos
344 1859 495 1916 minis
517 1856 791 1912 intentatis
813 1851 1244 1926 gravissimisque
1272 1850 1443 1922 poenis
1465 1849 1663 1906 consti-

118 1954 245 2019 tutis,
270 1953 320 2006 in
347 1950 460 2006 fana
485 1957 541 2006 et
562 1947 786 2005 delubra
814 1945 1050 2018 ingredi,
1082 1953 1138 2002 et
1165 1944 1320 2000 idolis
1343 1943 1662 2014 ubicumque

124 2048 388 2103 sacriﬁcare
407 2045 672 2118 prohibet,
699 2053 755 2100 et
783 2043 923 2098 hanc
947 2041 1017 2097 ob
1052 2055 1267 2096 causam
1290 2039 1437 2109 leges
1475 2049 1660 2093 omnes

127 2139 173 2194 in
198 2139 451 2194 hereticos
487 2137 832 2207 Paganosque
872 2148 903 2188 a
944 2140 1095 2204 patre
1133 2146 1232 2186 suo
1264 2131 1400 2185 latas
1440 2137 1663 2186 renovat

120 2231 310 2298 (Codice
333 2230 503 2284 Theod.
529 2229 592 2282 de
617 2227 752 2300 Pag.
778 2243 911 2282 sacr.
939 2234 986 2280 et
1007 2223 1204 2295 templ.,
1233 2224 1342 2296 lege
1361 2224 1476 2294 15).
1505 2223 1660 2277 Anno

113 2324 350 2394 sequenti,
377 2331 521 2378 sexto
557 2322 680 2377 idus
719 2318 1046 2385 decembris,
1078 2318 1339 2374 idolorum
1373 2315 1662 2372 sacerdoti-

113 2416 194 2472 bus
217 2426 265 2471 et
293 2415 542 2471 ministris
583 2413 892 2486 privilegia,
933 2425 1054 2482 qua
1081 2410 1209 2480 ipsis
1239 2409 1371 2464 alias
1403 2422 1658 2464 concessa

113 2505 315 2569 fuerant,
358 2505 569 2567 ademit,
614 2513 674 2560 ut
711 2505 776 2558 iis
817 2515 1042 2573 quorum
1091 2499 1352 2572 professio
1379 2506 1496 2554 erat
1532 2498 1661 2568 ipsis

109 2597 321 2652 damnata
348 2598 550 2668 legibus
575 2596 596 2668 (
619 2595 781 2661 Ibid.,
809 2594 917 2664 lege
943 2594 1010 2648 14
1025 2593 1064 2665 ).
1085 2593 1317 2648 Plurima
1355 2607 1449 2662 per
1473 2589 1663 2646 Orion-

112 2700 196 2742 tem
222 2689 429 2744 delubra
469 2687 522 2742 id
551 2687 808 2757 temporis
841 2686 1021 2742 excisa
1048 2683 1248 2739 fuerint
1282 2697 1504 2738 necesse
1541 2690 1658 2745 est;

110 2795 205 2834 cum
233 2780 282 2834 in
309 2779 576 2847 rescripto
605 2777 674 2832 ad
704 2777 971 2832 Asterium
999 2773 1235 2831 Orientis
1259 2774 1508 2830 comitem
1534 2772 1660 2827 dato

112 2869 310 2926 kalendis
361 2869 676 2926 novembris
736 2869 862 2924 anui
917 2867 1272 2923 trecentesimi
1331 2865 1660 2936 nonagesimi

111 2961 280 3029 septimi
309 2968 513 3015 statuat
540 2957 837 3025 Arcadius,
867 2957 1165 3014 dirutorum
1194 2957 1436 3012 fanorum
1468 2955 1659 3011 rudera

111 3051 434 3106 instaurandis
461 3050 734 3120 pontibus,
765 3050 866 3105 viis
890 3049 1132 3119 publicis,
1163 3048 1580 3119 aquaeductibus,
1608 3057 1662 3104 et

112 3143 276 3198 urbium
301 3143 579 3199 mcenibus
603 3157 726 3198 esse
753 3141 1065 3196 insumenda
1089 3142 1108 3212 (
1131 3140 1207 3196 De
1233 3140 1330 3212 0p.
1357 3140 1522 3212 publ.,
1554 3141 1662 3212 lege

112 3235 165 3290 36
179 3237 211 3306 ).
233 3237 336 3292 Hoc
367 3246 549 3292 autem
570 3250 715 3290 anno
740 3236 1116 3291 trecentesimo
1131 3235 1472 3305 nonagesimo
1495 3250 1654 3299 nono,

113 3326 236 3381 tertio
252 3326 520 3396 idusjulii,
549 3324 812 3380 Arcadius
830 3324 897 3380 ad
924 3324 1210 3380 tollendam
1237 3339 1450 3380 omnem
1475 3339 1661 3393 super-

111 3417 302 3473 stitionis
325 3419 607 3474 materiem
625 3459 641 3485 ,
672 3418 846 3488 legem
879 3417 998 3472 tulit
1033 3417 1102 3472 de
1129 3417 1376 3472 omnibus
1413 3431 1658 3488 agrorum

112 3506 224 3562 lanis
252 3509 637 3573 exscindendis,
669 3507 742 3564 ita
771 3517 945 3564 tamen
967 3517 1026 3563 ut
1054 3508 1106 3563 id
1139 3508 1272 3562 citra
1301 3508 1659 3578 perturbatio-

114 3614 218 3653 nem
235 3611 280 3656 et
301 3603 571 3657 tumultum
591 3610 935 3671 perageretur
956 3600 1070 3673 (De
1093 3599 1224 3669 Pag.
1247 3617 1379 3654 sacr.
1400 3610 1444 3654 et
1460 3599 1656 3669 templ.,

110 3689 202 3758 lege
225 3691 328 3762 l6).
362 3692 472 3747 Lex
495 3692 595 3746 ista
630 3691 870 3745 Damasci
901 3691 1004 3744 lata
1030 3699 1134 3758 est,
1162 3691 1245 3745 vel
1278 3691 1450 3760 potius
1478 3689 1577 3744 lixa
1606 3699 1662 3746 et

110 3783 404 3852 promulgata
430 3825 445 3848 ,
493 3791 554 3836 ut
606 3780 821 3852 quidam
865 3781 1078 3842 volunt.
1120 3782 1484 3836 existimantes
1522 3781 1660 3836 hanc

109 3871 243 3941 ipsam
265 3875 432 3944 legerit
454 3888 596 3935 esse,
619 3887 746 3942 qua,
777 3881 833 3926 ut
859 3872 1042 3928 scribit
1069 3871 1460 3935 Theodoretus,
1486 3871 1658 3943 Chry-

108 3972 333 4022 sostomus
357 3963 972 4034 Constantinopolitanae
1003 3963 1258 4019 Ecclesia:
1288 3963 1443 4020 tertio
1472 3962 1658 4018 kalen-

109 4052 182 4109 das
198 4057 350 4112 martii
369 4056 506 4110 anni
529 4055 890 4110 trecentesimi
908 4055 1235 4126 nonagesimi
1257 4055 1429 4110 octavi
1449 4065 1660 4110 creatus

108 4147 374 4217 episcopus,
424 4147 655 4203 armavit
686 4146 936 4204 ardorem
977 4147 1360 4203 monachorum
1381 4190 1396 4215 ,
1431 4165 1567 4220 quos
1592 4149 1660 4204 ad

111 4235 202 4292 hac
227 4239 332 4294 lana
351 4240 695 4295 demolienda
723 4240 869 4294 misit
894 4239 948 4294 in
972 4239 1321 4304 Pbmniciam,
1343 4241 1494 4310 cujus
1520 4241 1658 4298 inter

109 4329 347 4395 primarias
382 4331 550 4387 urbes
591 4331 882 4387 Damascus
911 4342 1218 4388 recensetur
1254 4331 1656 4405 (Theodoreus,

115 4414 225 4472 nm.
252 4422 368 4476 etei.
395 4422 487 4476 tib.
509 4422 565 4488 5,
587 4437 704 4492 cap.
734 4421 805 4478 29
823 4421 867 4494 ).
1433 4433 1441 4440 ’

167 4510 210 4563 3.
235 4511 373 4579 Quod
413 4512 487 4568 ad
525 4513 904 4584 imperatorem
947 4514 1235 4570 Honorium
1265 4516 1480 4584 attinet,
1516 4517 1658 4573 nulla

111 4597 178 4652 lex
209 4613 366 4660 exstat
404 4606 476 4662 ab
505 4622 572 4660 eo
601 4607 700 4660 bac
732 4605 802 4662 de
829 4621 889 4662 re
936 4607 1264 4678 promulgata
1299 4617 1424 4665 ante
1461 4624 1659 4665 annum

117 4697 506 4752 trecentesimum
533 4698 939 4768 nonagesimum
960 4713 1180 4754 nonum.
1212 4699 1452 4757 Vidimus
1483 4709 1658 4757 tamen

119 4777 229 4836 idola
251 4782 426 4843 Romae
463 4786 633 4844 fuisse
667 4787 992 4853 disturbata,
1018 4803 1141 4844 cum
1169 4789 1344 4846 adhuc
1388 4792 1441 4846 in
1481 4792 1659 4848 Africa

119 4881 300 4942 starent,
317 4880 459 4934 nulla
486 4889 618 4947 tum,
641 4889 704 4935 ut
727 4879 934 4935 videtur
955 4880 1072 4952 lege
1091 4881 1372 4950 adversus,
1393 4882 1659 4940 idolorum

120 4963 283 5020 cultum
311 4968 360 5022 iu
386 4968 677 5026 Occidente
703 4969 998 5041 generatim
1039 4971 1344 5027 constituta.
1372 4971 1658 5028 Verumta-

124 5070 219 5112 mea
249 5059 462 5118 infertur
498 5079 564 5118 ex
596 5063 714 5135 lege
757 5063 860 5118 lata
906 5073 1096 5134 quarto
1120 5062 1374 5119 kalendas
1412 5064 1659 5121 februarii

124 5150 222 5204 anni
255 5155 601 5210 trecentesimi
648 5156 978 5225 nonagesimi
1021 5156 1187 5222 noui,
1214 5157 1325 5226 jam
1367 5157 1659 5214 Honorium

125 5248 240 5293 Iuno
271 5243 526 5314 superiori
578 5244 897 5314 rescriptum
939 5245 1007 5300 de
1055 5246 1302 5302 omnibus
1348 5247 1661 5304 idololatria:

126 5330 324 5403 vestigiis
339 5336 546 5405 penitus
571 5335 820 5393 delendis
852 5338 1214 5410 promulgasse
1237 5337 1453 5408 (Codice
1467 5339 1658 5396 Theod.

128 5418 180 5472 tle
204 5419 336 5494 ιδῃ,
361 5436 482 5494 etc.,
513 5429 616 5500 lege
645 5424 778 5500 15).
811 5427 877 5483 Ει
915 5427 1016 5484 hoc
1035 5429 1208 5500 ipsum
1228 5471 1242 5495 ,
1273 5429 1376 5484 nisi
1411 5429 1659 5497 fallimur,

131 5519 439 5574 notatauctor
463 5518 577 5575 libri
599 5519 671 5575 de
697 5518 1148 5588 Praedictionibus,
1175 5521 1262 5593 qui
1298 5521 1540 5592 Prosperi
1569 5537 1664 5579 no-

131 5613 234 5661 ιω
255 5621 356 5678 pra
379 5624 441 5666 se
466 5610 579 5679 fert,
610 5611 740 5668 dum
757 5609 1068 5678 Honorium,
1099 5613 1282 5686 pietati
1307 5628 1420 5670 suae
1447 5630 1666 5684 prorsus

131 5691 398 5760 Christum.
413 5704 880 5773 obsecundantem,
899 5705 1093 5776 templa
1111 5705 1329 5763 deorum
1346 5706 1522 5763 omnia
1544 5723 1663 5764 cum

1768 375 1877 432 suis
1905 378 2268 450 adjacentibus
2295 383 2481 454 spatiis
2510 391 2636 441 tunc
2662 383 2916 442 Ecclesiis
2940 387 3230 447 contulisse
3249 434 3264 458 ,
3289 402 3348 450 et

1766 467 2080 524 Christianis
2121 470 2401 528 simulacra
2429 475 2606 530 omnia
2642 475 3008 547 confringendi
3043 477 3346 540 facultatem

1765 561 1979 618 dedisse
2009 572 2232 620 testatur
2252 565 2366 636 (De
2386 565 2715 623 Prtediction.
2738 570 2825 624 lib.
2849 572 2884 627 5
2904 613 2920 638 ,
2943 588 3058 642 cap.
3083 573 3152 630 5'5
3172 575 3214 646 ).
3238 577 3347 632 Au-

1765 655 2006 724 gustinus
2036 655 2172 710 libro
2195 657 2445 727 quodam,
2473 674 2632 729 quem
2662 675 2801 716 anno
2827 675 3066 732 proxime
3099 666 3345 735 sequenti

1765 746 2122 816 conscriptum
2165 746 2233 801 ab
2261 762 2326 802 eo
2367 747 2528 803 fuisse
2569 749 2922 820 arbitramur,
2953 753 3136 810 scribit
3159 753 3346 812 Genti-

1768 835 1893 892 lium
1923 838 2202 893 simulacra
2225 840 2392 895 everti
2421 849 2474 896 et
2499 840 2761 912 confringi
2792 843 2934 900 iussa
2969 861 3087 902 esse
3111 849 3343 904 recenti-

1767 927 1866 984 bus
1880 929 2100 1000 legibus,
2123 929 2343 986 inbibita
2370 947 2577 1002 quoque
2592 933 2852 990 sacrificia
2876 938 3149 993 sanctione
3171 955 3346 1012 pennae

1765 1020 2024 1091 capitalis.
2052 1021 2298 1077 Testatur
2335 1022 2533 1079 ibidem
2553 1065 2567 1088 ,
2600 1038 2738 1095 pene
2768 1035 2881 1081 toto
2916 1027 3048 1084 orbe
3088 1038 3346 1087 terrarum

1766 1125 1955 1182 reapse
1981 1111 2204 1167 delubra
2234 1113 2494 1180 exscindi,
2526 1115 2662 1170 idola
2692 1117 3004 1184 comminui,
3032 1120 3233 1178 aboleri
3257 1137 3346 1180 sa-

1765 1202 1997 1270 criﬁcia,
2044 1203 2346 1261 daemonum
2392 1207 2625 1264 cultores
2671 1208 3034 1280 deprehensos
3075 1214 3349 1285 suppliciis

1765 1294 1900 1350 affici
1923 1294 2132 1363 (Contra
2159 1296 2326 1368 Epist.
2351 1297 2612 1367 Parmen.,
2639 1300 2724 1354 lib.
2742 1302 2794 1366 l,
2812 1302 2930 1370 c.9,
2953 1319 3006 1357 η.
3026 1304 3140 1375 15).
3159 1304 3350 1362 Narrat

1765 1387 1910 1453 alibi,
1938 1385 2239 1444 Catholicos
2258 1399 2314 1445 et
2339 1391 2637 1448 Donatistas
2664 1392 2718 1449 in
2751 1395 3079 1465 Paganorum
3112 1400 3344 1470 templis,

1766 1477 1852 1532 ubi
1877 1487 2194 1547 potuerunt,
2219 1481 2523 1538 evertendis
2548 1484 2748 1552 pariter
2767 1484 3058 1544 desudasse
3075 1528 3091 1553 ,
3119 1499 3172 1544 et
3199 1503 3348 1560 sym-

1765 1568 2147 1640 phoniacorum
2199 1572 2458 1630 daemonis
2507 1574 2662 1631 tibias
2717 1584 2772 1631 et
2820 1577 3050 1634 scabella
3122 1577 3345 1650 fregisse

1766 1661 1989 1733 (Contra
2019 1662 2376 1732 Gaudentium,
2401 1666 2487 1720 lib.
2513 1667 2566 1734 1,
2592 1683 2646 1720 n.
2670 1668 2790 1738 51).
2821 1668 2952 1724 Cum
2980 1670 3064 1726 lex
3090 1670 3346 1728 adversus

1765 1751 1902 1809 idola
1933 1770 2046 1812 rem
2075 1756 2270 1811 nullam
2295 1757 2580 1824 eximeret,
2605 1758 2670 1814 ad
2697 1758 2874 1814 omnia
2899 1764 3191 1832 generatim
3225 1780 3344 1835 quae

1763 1845 1831 1901 ad
1860 1847 2118 1902 idolorum
2153 1849 2352 1904 cultum
2393 1858 2728 1919 spectarent,
2769 1851 2980 1908 videtur
3018 1862 3260 1922 extenta,
3290 1865 3346 1911 et

1763 1937 2026 1992 excidium
2054 1939 2253 2009 pariter
2278 1939 2407 2009 ipsis
2442 1941 2602 1996 etiam
2632 1941 2838 2010 statuis,
2874 1958 2993 2014 quae
3030 1954 3346 2001 ornamento

1763 2029 1999 2106 tediliciis
2024 2031 2248 2102 publicis
2264 2042 2432 2098 erant,
2460 2031 2621 2088 fuisse
2648 2034 2982 2089 intentatum.
3006 2035 3118 2092 Hoc
3143 2046 3202 2092 ιιι
3224 2053 3345 2106 pro-

1756 2101 1974 2179 .biberet
2019 2101 2314 2191 Honorius,
2345 2124 2657 2194 rescriptum
2691 2125 2837 2180 dedit
2869 2139 3056 2198 quarto
3093 2101 3346 2185 kalendas

1765 2215 2014 2272 februarii
2043 2216 2167 2271 anui
2211 2217 2568 2272 trecentesimi
2607 2218 2932 2286 nonagesimi
2976 2220 3100 2274 noni
3133 2219 3200 2274 ad
3231 2221 3343 2274 Ma-

1763 2308 2002 2365 crobihm
2023 2319 2078 2364 et
2098 2308 2431 2364 Proclianum
2454 2311 2823 2380 praefectorum
2853 2310 3079 2365 vicarius
3121 2311 3346 2382 (Codice

1768 2401 1958 2458 Theod.
1991 2403 2055 2458 de
2079 2401 2304 2474 Paganis
2323 2445 2337 2470 ,
2365 2413 2484 2470 etc.,
2518 2403 2624 2473 lege
2650 2402 2787 2473 15),
2815 2402 3039 2458 alterum
3069 2403 3120 2457 in
3156 2401 3344 2473 Hispa-

1763 2494 1880 2560 nia,
1912 2494 2136 2550 alterum
2169 2493 2220 2548 in
2263 2493 2496 2565 quinque
2533 2493 2823 2550 Galliarum
2864 2493 3149 2563 provinciis
3173 2534 3188 2557 ,
3225 2508 3344 2563 qua:

1765 2597 1904 2653 sunt,
1935 2595 1992 2642 ut
2015 2595 2220 2658 putant,
2241 2587 2409 2657 prima
2433 2595 2486 2642 et
2505 2585 2737 2642 secunda
2761 2585 3063 2656 Aquitania,
3093 2584 3343 2651 secunda,

1764 2681 1917 2736 tertia
1945 2691 1999 2736 et
2029 2689 2218 2752 quarta
2246 2679 2633 2750 Lugdunensis.

1834 2773 1888 2828 4.
1921 2772 2076 2843 Legis
2118 2770 2338 2826 Honorii
2387 2769 2454 2825 de
2490 2769 2762 2825 diruendis
2801 2767 3088 2825 Gentilium
3138 2767 3349 2838 templis

1763 2864 2115 2934 exsequenda:
2141 2863 2409 2934 provincia
2431 2862 2713 2918 comitibus
2737 2861 2889 2917 Jovio
2911 2862 3024 2918 sive
3042 2861 3264 2917 Joviano
3292 2870 3347 2915 et

1763 2954 2060 3011 Gaudentio
2105 2953 2312 3009 videtur
2360 2953 2523 3008 fuisse
2551 2951 2864 3008 demandata
2886 2992 2900 3012 ,
2931 2967 3051 3006 cum
3099 2951 3149 3006 in
3186 2950 3342 3006 ldacii

1763 3045 1913 3103 fastis
1949 3047 2185 3116 legamus
2223 3045 2421 3116 templa
2466 3045 2568 3099 hoc
2605 3058 2746 3098 anno
2777 3058 2808 3098 a
2846 3040 3142 3098 Comitibus
3183 3042 3344 3097 fuisse

1763 3138 2038 3201 demolita,
2066 3146 2122 3193 et
2146 3137 2375 3207 Prosper
2404 3135 2597 3206 templa
2623 3135 2802 3190 omnia
2829 3150 2857 3188 a
2888 3134 3170 3190 comitibus
3192 3133 3344 3188 Jovio

1763 3240 1818 3288 et
1845 3231 2142 3289 Gaudentio
2168 3231 2391 3301 spoliata
2427 3229 2589 3285 fuisse
2621 3227 2961 3298 asserat(De
2995 3227 3340 3290 Prwtliction.,

1764 3325 1852 3380 lib.
1884 3327 1935 3389 3,
1966 3341 2082 3396 cap.
2112 3324 2236 3395 '58).
2275 3322 2330 3378 ld
2355 3323 2567 3393 quidem
2610 3321 2723 3392 ipse
2755 3321 2819 3375 ad
2847 3320 3132 3377 Theodosii
3171 3320 3344 3390 magni

1766 3426 2002 3488 tempora
2032 3416 2196 3472 refert
2227 3435 2239 3470 z
2267 3431 2453 3471 verum
2483 3424 2575 3470 aut
2602 3414 2704 3469 illis
2734 3413 2919 3470 eadem
2949 3428 3074 3468 cura
3105 3411 3267 3468 semel
3292 3419 3347 3465 et

1765 3503 1956 3566 iterum
1981 3509 2297 3566 demandata
2318 3517 2419 3569 est.
2440 3508 2668 3577 primum
2694 3507 2794 3564 sub
2813 3506 3130 3571 Theodosio,
3153 3504 3347 3562 deinde

1763 3603 1864 3658 sub
1894 3603 2152 3666 Honorio,
2185 3603 2324 3673 quod
2348 3603 2524 3656 minus
2544 3602 2754 3656 videtur
2783 3601 3089 3672 probabile;
3119 3611 3207 3655 aut
3233 3602 3345 3672 ipse

1763 3703 1967 3761 auctor,
1999 3694 2084 3748 his
2111 3694 2440 3764 temporibus
2467 3693 2642 3748 adhuc
2661 3693 2862 3763 junior,
2896 3708 3001 3748 non
3029 3693 3156 3747 satis
3185 3708 3342 3748 accu-

1764 3795 1931 3841 ratam
1969 3802 2148 3841 rerum
2180 3787 2490 3842 memoriam
2531 3787 2718 3841 tenuit.
2753 3786 3050 3841 Mandatum
3084 3786 3341 3857 siquidem

1764 3876 1972 3933 duobus
2000 3877 2104 3931 illis
2129 3876 2308 3931 datum
2343 3876 2642 3932 Comitibus
2677 3886 2891 3933 notatur
2912 3892 3052 3931 anno
3079 3886 3340 3932 trecente—

1764 3969 1900 4023 simo
1945 3969 2288 4036 nonagesimo
2318 3982 2490 4034 nono,
2529 3983 2635 4023 non
2678 3969 2845 4023 solum
2883 3969 2935 4022 in
2979 3966 3134 4021 ldacii
3172 3967 3339 4031 fastis,

1765 4059 1857 4114 sed
1881 4059 2041 4114 etiam
2067 4059 2204 4128 apud
2239 4058 2590 4128 Augustinum
2611 4098 2626 4120 ,
2667 4058 2756 4128 qui
2800 4057 2901 4112 hoc
2942 4072 3102 4124 anno,
3131 4057 3341 4113 decimo

1765 4160 1954 4222 quarto
1973 4149 2228 4205 kalendas
2254 4150 2454 4220 aprilis,
2486 4149 2701 4205 delubra
2729 4149 3048 4220 Carthagine
3081 4165 3108 4203 a
3133 4151 3341 4204 comiti~

1765 4244 1862 4299 bus
1891 4241 2191 4299 Gaudentio
2231 4250 2287 4298 et
2318 4241 2471 4297 Jovio
2509 4241 2792 4306 demolita,
2820 4252 2872 4297 et
2905 4242 3182 4296 simulacra
3216 4256 3342 4296 con-

1763 4333 1926 4390 fracta
1957 4333 2120 4389 fuisse
2155 4331 2554 4405 teStantur(De
2577 4331 2786 4388 Civitate
2815 4331 2938 4398 Dei,
2970 4331 3059 4387 lib.
3096 4332 3190 4397 l8,
3221 4348 3336 4400 cap.

1763 4423 1888 4499 54).
1923 4424 2073 4481 Haud
2102 4425 2301 4482 scimus
2342 4441 2409 4480 an
2451 4425 2551 4480 iste
2576 4425 2758 4480 Jovius
2797 4424 2936 4479 idem
2965 4423 3053 4489 sit,
3084 4423 3170 4493 qui
3201 4438 3342 4477 anno

1763 4517 2286 4588 quadringentesimo
2331 4529 2472 4570 nono
2518 4514 2616 4570 fuit
2659 4514 2936 4584 praefectus
2981 4513 3245 4584 przetorio.
3276 4516 3344 4568 At

1764 4623 1892 4664 vero
1919 4608 2204 4664 verisimile
2233 4607 2388 4662 nobis
2410 4616 2494 4662 est
2523 4606 2874 4662 Gaudentium
2914 4621 3034 4660 eum
3060 4621 3178 4661 esse
3199 4646 3212 4669 ,
3249 4605 3339 4676 qui

1764 4714 1946 4756 comes
1993 4699 2090 4754 fuit
2135 4696 2328 4753 Africte
2372 4697 2590 4753 ineunte
2636 4711 2778 4751 anno
2826 4695 3344 4767 quadringentesimo

1765 4791 1970 4862 primo,
2015 4799 2076 4845 ut
2103 4789 2266 4861 legis,
2296 4789 2350 4844 in
2375 4804 2478 4860 qua
2524 4788 2666 4843 illius
2692 4787 2892 4844 mentio
2927 4788 3016 4854 lit,
3057 4786 3344 4857 adscriptio

1766 4890 1988 4938 testatur
2015 4879 2236 4954 (Codice
2267 4881 2458 4938 Theod.
2489 4882 2554 4937 de
2596 4879 2790 4953 Equor.
2823 4880 2956 4935 conl.
2988 4881 3097 4953 lege
3121 4882 3208 4952 5).
3238 4879 3351 4936 Ve-

1766 4989 1882 5029 rum
1909 4989 2031 5029 cum
2058 4973 2143 5028 lex
2172 4975 2270 5029 ista
2295 4973 2642 5029 lndictionem
2668 4972 3039 5029 duodecimam
3075 4971 3348 5043 praeferat.

1767 5067 1903 5123 forte
1957 5067 2131 5123 locum
2171 5067 2423 5138 opinandi
2467 5067 2750 5137 relinquit,
2798 5082 2915 5122 eam
2959 5068 3138 5138 potius
3186 5067 3351 5121 latam

1768 5158 1930 5214 fuisse
1969 5173 2110 5214 anno
2155 5157 2531 5214 trecentesimo
2582 5157 2924 5228 nonagesimo
2970 5172 3142 5223 nono,
3189 5173 3336 5227 quan“

1768 5249 2286 5322 quadringentesimo
2313 5249 2504 5320 primo,
2531 5263 2637 5320 quo
2667 5263 2807 5303 anno
2836 5247 3182 5303 lndictionem
3202 5247 3348 5302 deci-

1770 5358 1911 5399 mam
1945 5352 2185 5414 quartam
2232 5350 2380 5396 notat
2421 5339 2710 5396 Marcellini
2757 5338 3081 5396 Chronicon.
3125 5338 3347 5395 Constat

1768 5433 1928 5490 etiam
1951 5433 2058 5504 jam
2083 5432 2207 5489 inde
2234 5447 2263 5486 a
2284 5431 2492 5488 decimo
2522 5431 2676 5486 tertio
2700 5430 2786 5487 die
2808 5430 2930 5486 Julii
2953 5430 3078 5485 anni
3097 5429 3344 5499 quadrin-

1769 5523 2049 5594 gentesimi
2071 5522 2248 5594 primi,
2271 5521 2648 5577 Bathanarium
2674 5520 2836 5578 fuisse
2860 5519 3051 5576 Africae
3071 5519 3340 5574 comitem.

1769 5616 1858 5673 Sic
1901 5616 2184 5672 admodum
2235 5615 2508 5686 probabile
2532 5623 2613 5670 est
2629 5655 2646 5680 ,
2677 5613 3025 5672 Gaudentium
3048 5610 3164 5681 ejus
3188 5622 3342 5666 ante-

1773 5721 2038 5764 cessarem
2085 5707 2296 5764 Gildoni
2336 5707 2390 5762 in
2431 5706 2533 5762 hoc
2572 5721 2792 5762 munere
2830 5701 3172 5760 successisse.
3211 5700 3342 5760 Illud
