3868 6396
594 361 734 414 inter
753 365 946 414 caetera
975 355 1044 411 de
1079 352 1184 410 hoc
1209 353 1511 411 Gaudentio
1545 357 1894 414 memoratur,
1924 364 2048 405 eum
2081 364 2176 420 pa.

591 461 726 506 trum
758 448 919 503 fuisse
946 445 1104 511 Aetii,
1136 443 1470 500 celeberrimi
1499 442 1640 499 illius
1668 440 1818 496 ducis
1847 441 2176 510 temporibus

593 538 944 598 Valentiniani
967 537 1325 610 imperatoris.
1350 533 1606 603 Quamvis
1623 543 1801 590 autem
1823 534 2171 602 Augustinus,

589 632 794 690 [decios
816 639 871 686 et
897 615 1125 700 Prosper
1145 628 1473 698 Paganornm
1503 625 1696 695 templa
1719 640 1816 696 per
1837 624 1888 680 id
1917 623 2174 694 temporis

588 725 764 780 excisa
796 722 960 779 fuisse
987 727 1448 785 commemorent,
1477 733 1576 774 nec
1611 717 1806 786 ambigi
1831 715 2018 786 possit,
2042 716 2172 787 quin

588 815 812 888 plurima
842 827 1032 884 reapse
1055 812 1230 868 diruta
1259 810 1482 877 iuerint;
1511 810 1690 865 omnia
1719 818 1895 865 tamen
1919 809 2173 868 demalita

589 910 770 973 fuisse,
797 908 980 964 dicere
1010 921 1116 962 non
1136 919 1440 978 possumus.
1474 903 1604 959 Nam
1634 904 1916 960 concilium
1943 903 2173 960 Cartha,

587 1004 808 1074 ginense
833 1000 1007 1056 adimo
1039 1014 1181 1053 anno
1213 996 1740 1070 quadringentesimo
1764 996 1935 1066 primo
1971 1004 2176 1052 statuev

591 1094 700 1161 bat,
744 1093 1044 1149 facultatem
1081 1091 1285 1162 aliquot
1315 1088 1509 1159 templa
1548 1087 1792 1142 dirueudi
1835 1087 1906 1142 ab
1942 1087 2174 1156 Impera.

589 1195 705 1243 tore
724 1201 846 1242 esse
861 1183 1224 1255 postulandum
1246 1180 1462 1254 (Codice
1483 1179 1681 1234 Conon.
1703 1179 1889 1250 Afric.,
1919 1195 2032 1232 can.
2055 1176 2171 1248 84).

591 1277 658 1333 Ει
697 1293 762 1333 ex
805 1286 1023 1332 auctore
1063 1273 1183 1329 libri
1229 1273 1298 1329 de
1342 1271 1817 1336 Prmdictionibus,
1865 1270 2172 1326 mandatum

587 1370 742 1428 Jovio
768 1376 823 1424 et
844 1366 1143 1424 Gaudentio
1165 1364 1236 1421 de
1265 1363 1512 1420 tollendis
1541 1363 1732 1434 potius,
1755 1377 1914 1434 quam
1933 1361 2171 1418 confria.

589 1463 778 1535 gendis
819 1462 1004 1523 idolis,
1036 1460 1217 1514 datum
1269 1457 1443 1514 fuerat
1483 1456 1596 1528 (De
1624 1456 1975 1522 Prwdietion.,
2004 1453 2092 1509 lib.
2115 1455 2166 1520 3,

586 1571 702 1627 cap.
731 1555 856 1618 58).
882 1553 1078 1608 Verum
1106 1567 1227 1606 cum
1270 1549 1322 1604 iu
1361 1549 1616 1606 Ecclesia:
1644 1563 1853 1615 manus,
1892 1556 1951 1602 ut
1984 1546 2171 1602 verisir

591 1649 716 1702 mile
735 1655 838 1713 est,
867 1644 1234 1710 traderentur;
1263 1643 1455 1697 mirum
1475 1640 1641 1694 videri
1667 1656 1773 1695 non
1792 1639 1970 1706 debet,
1988 1639 2034 1694 si
2057 1638 2172 1709 epit-

588 1741 734 1813 scopi
770 1737 994 1809 plurima
1020 1735 1304 1791 diruerint.
1339 1735 1588 1790 Attamen
1619 1733 1732 1788 sive
1759 1731 1902 1803 quod
1938 1732 2172 1800 impera.-

587 1832 720 1887 toris
749 1829 1064 1899 rescriptum
1106 1843 1212 1882 non
1252 1825 1305 1882 id
1329 1825 1602 1894 conceptis
1628 1823 1803 1879 verbis
1838 1824 2168 1894 prmeiperet,

585 1923 701 1981 sive
725 1923 865 1996 quod
885 1922 1171 1980 Gentilium
1197 1920 1426 1992 querelas
1453 1917 1593 1974 illius
1616 1917 1854 1973 animum
1879 1917 2174 1988 permovis-

587 2026 743 2083 sent;
783 2031 926 2072 anno
981 2015 1357 2071 trecentesimo
1394 2013 1738 2084 nonagesimo
1783 2027 1926 2067 nono
1950 2052 1964 2074 .
2015 2010 2173 2088 tertio

586 2107 842 2164 kalendas
859 2109 1196 2179 septembris,
1227 2105 1369 2161 aliud
1396 2105 1712 2176 rescriptum
1737 2103 1888 2160 dedit
1911 2104 1978 2158 ad
2008 2103 2172 2172 Apol-

589 2201 831 2258 lodorum
877 2199 1070 2256 Africae
1117 2198 1491 2271 proconsulem
1515 2239 1529 2262 ,
1561 2212 1668 2268 quo
1709 2196 1950 2252 decernit
1979 2196 2172 2262 templa

585 2295 747 2351 rebus
777 2293 1026 2348 omnibus
1053 2292 1282 2356 illicitis,
1320 2290 1428 2344 aris
1470 2289 1716 2342 nimirum
1748 2296 1804 2341 et
1829 2285 2015 2350 idolis,
2045 2299 2172 2354 spo-

587 2386 730 2450 liata,
761 2385 970 2440 intactis
995 2398 1212 2454 prorsus
1242 2381 1500 2445 aedificiis,
1534 2393 1653 2434 esse
1677 2376 2024 2448 relinquenda
2047 2374 2172 2445 (Co-

587 2479 696 2531 dice
719 2477 910 2530 Theod.
939 2475 1003 2528 de
1024 2474 1151 2544 Pag.
1167 2515 1180 2539 ,
1206 2483 1326 2540 etc.,
1346 2473 1453 2544 lege
1480 2471 1547 2528 18

660 2568 714 2622 5.
753 2566 938 2621 Refert
959 2565 1024 2619 ad
1047 2565 1146 2619 hoc
1175 2574 1383 2636 tempus
1413 2564 1671 2618 Baronius
1689 2605 1705 2631 ,
1733 2563 1876 2618 velut
1903 2563 2174 2634 quidpiam

589 2658 960 2714 demandatam
1007 2657 1160 2713 Jovio
1201 2665 1258 2712 et
1289 2655 1591 2712 Gaudentio
1621 2655 1942 2725 provinciam
1983 2670 2176 2711 cense-

588 2766 758 2823 quens
783 2750 1088 2825 (Duronius,
1116 2751 1184 2805 ad
1203 2767 1328 2804 ann.
1357 2750 1492 2814 399,
1522 2767 1574 2803 η.
1606 2747 1722 2821 62>),
1753 2748 1802 2803 id
1827 2748 1968 2818 quod
1993 2759 2174 2804 auctor

588 2843 709 2899 libri
737 2843 806 2898 de
852 2843 1290 2898 Praedictiouibus
1335 2841 1624 2912 contigisse
1669 2841 1856 2896 scribit
1884 2842 1950 2894 de
1977 2841 2176 2910 templo

513 2957 518 2962 '
586 2938 857 3004 Ccelestis,
885 2936 1123 2992 l-lnnorlo
1151 2939 1445 3008 imperante
1466 2975 1481 3000 ,
1510 2942 1634 2989 ante
1660 2934 2010 3004 principatum
2033 2931 2176 2988 Con-

588 3031 765 3085 stantii
787 3072 800 3093 ,
829 3030 917 3101 qui
948 3030 1013 3084 ab
1036 3029 1269 3084 Honorio
1293 3030 1345 3083 in
1368 3028 1625 3098 collegam
1654 3027 1859 3096 imperii
1881 3043 2021 3082 anno
2049 3042 2181 3095 qua-

590 3122 1005 3194 dringentesimo
1035 3124 1323 3193 vigesimo,
1355 3133 1445 3176 aut
1472 3121 1996 3192 quadringentesimo
2028 3123 2178 3192 vige-

589 3215 724 3268 simo
763 3215 934 3282 primo
976 3224 1281 3285 assumptus
1322 3223 1424 3267 est.
1459 3214 1532 3267 De
1562 3211 1658 3267 hac
1681 3211 1912 3268 leeste
1942 3214 2179 3283 pluribus

589 3303 803 3359 disserit
828 3303 1107 3368 Baronius,
1134 3319 1291 3372 quam
1323 3311 1468 3373 putat
1503 3303 1746 3358 eamdem
1779 3318 1842 3358 ac
1879 3303 2170 3360 Astartlten

589 3395 928 3452 Sidoniorum
954 3395 1128 3452 deam.
1172 3394 1230 3450 ln
1259 3395 1504 3450 confesso
1537 3405 1652 3461 est,
1696 3411 2002 3466 supremum
2052 3398 2184 3454 illud

591 3487 751 3543 luisse
771 3486 1102 3556 Carthaginis
1124 3502 1319 3541 numen
1339 3527 1353 3551 ,
1383 3487 1471 3541 ubi
1502 3487 1756 3558 templum
1777 3488 2052 3558 stupenda:
2077 3504 2184 3545 mo-

590 3579 656 3634 lis
684 3579 761 3634 illi
783 3587 1146 3634 constructum
1175 3579 1351 3636 fuerat
1375 3580 1668 3635 minoribus
1693 3581 1915 3636 deorum
1939 3583 2178 3639 omnium

592 3669 804 3740 templis
842 3670 1125 3734 vallatum,
1175 3669 1375 3725 ambitu
1413 3668 1638 3725 duorum
1686 3671 1795 3726 fere
1836 3672 2178 3741 milliarium,

591 3763 740 3834 cujus
797 3763 967 3834 platea
1011 3762 1310 3818 lithostrata
1357 3763 1658 3833 pavimento
1713 3777 1778 3817 ac
1817 3764 2064 3832 pretiosis
2092 3781 2182 3820 co-

593 3858 787 3912 lumnis
810 3865 865 3913 et
889 3856 1152 3912 moenibus
1180 3864 1296 3912 erat
1319 3854 1569 3911 decorata
1591 3854 1692 3927 (De
1714 3854 1980 3923 Prwdict.,
2005 3858 2093 3912 lib.
2125 3860 2176 3925 5,

590 3967 705 4022 cup.
734 3949 847 4018 58).
897 3947 1012 4004 Jam
1053 3948 1258 4019 pridem
1304 3949 1561 4018 templum
1607 3947 1711 4004 hoc
1749 3948 1987 4005 clausum
2031 3958 2179 4016 erat,

591 4043 764 4098 forsan
792 4042 859 4097 ab
884 4056 1023 4096 anno
1067 4041 1444 4096 trecentesimo
1468 4041 1814 4111 nonagesimo
1842 4042 2016 4111 primo
2035 4085 2048 4109 ,
2079 4058 2183 4113 quo

591 4133 829 4204 geminas
871 4133 1014 4202 leges
1043 4132 1418 4200 comperimus,
1444 4130 1637 4202 quibus
1663 4132 1978 4202 templorum
2009 4133 2184 4188 aditus

592 4222 901 4294 prohibetur
938 4222 1089 4292 (Cod.
1138 4221 1328 4276 Theod.
1369 4222 1434 4276 de
1474 4220 1732 4294 Paganis,
1769 4232 1892 4291 etc.,
1915 4224 2021 4295 lege
2047 4225 2114 4279 10
2138 4233 2185 4279 et

594 4313 703 4386 lege
733 4313 846 4384 ll).
878 4311 944 4366 Et
971 4313 1052 4366 tuo
1081 4312 1264 4382 primae
1288 4320 1413 4368 sunt
1438 4311 1538 4366 hac
1560 4312 1628 4368 de
1656 4328 1716 4367 re
1734 4313 1854 4368 latae
1882 4329 1912 4367 a
1934 4315 2185 4386 tempori-

592 4408 691 4463 bus
719 4405 913 4463 Juliaui
945 4413 1220 4476 apostatze.
1248 4403 1379 4459 Cum
1406 4405 1566 4475 igitur
1590 4405 1919 4460 inaccessum
1947 4406 2037 4462 diu
2061 4422 2182 4476 per-

595 4484 913 4565 mansisset,
951 4497 1165 4567 spinosa
1203 4496 1426 4567 virgulta
1468 4496 1600 4552 illud
1629 4497 2043 4567 circumseptum
2091 4498 2185 4553 ob-

593 4598 812 4643 ruerunt
841 4604 857 4641 :
883 4597 939 4643 et
963 4587 1276 4642 Christianis
1302 4587 1506 4658 ingredi
1531 4587 1831 4644 volentibus
1855 4629 1870 4652 ,
1895 4597 1953 4643 ut
1975 4588 2102 4643 illud
2121 4589 2172 4644 in

596 4691 749 4731 usum
780 4693 920 4732 verae
947 4679 1215 4750 religionis
1241 4687 1622 4736 consecrareut
1646 4721 1661 4746 ,
1692 4689 1970 4751 postquam
2005 4680 2183 4734 l-lono-

597 4765 706 4821 rius
751 4767 1000 4823 Ecclesiis
1049 4770 1227 4823 omnia
1271 4771 1467 4839 templa
1519 4771 1866 4838 contulisset,
1916 4787 2184 4834 rumorem

597 4870 908 4928 sparserunt
925 4859 1181 4925 Gentiles,
1201 4861 1254 4914 in
1278 4861 1360 4916 his
1381 4863 1556 4918 dumis
1577 4879 1640 4919 ac
1667 4865 1906 4920 sentibus
1925 4865 2186 4922 dracones

591 4961 645 5006 et
675 4950 884 5020 aspides
911 4950 976 5004 ad
1003 4953 1187 5023 templi
1213 4953 1508 5007 custodiam
1539 4955 1724 5021 latere,
1756 4959 1846 5027 qui
1874 4959 2076 5012 aditum
2098 4974 2188 5014 ac-

592 5056 911 5111 cessumque
939 5041 1300 5111 prohiberent.
1346 5043 1458 5110 Quo
1489 5045 1649 5114 magis
1685 5046 1961 5102 Chmtiani
1990 5049 2185 5118 [errore

589 5135 847 5202 succensi,
875 5151 932 5189 ea
953 5133 1198 5204 facilitate
1221 5135 1390 5188 omnia
1409 5145 1700 5190 nutaverant
1721 5137 1868 5193 illwsi
1885 5181 1900 5206 ,
1933 5157 2030 5208 que
2054 5150 2184 5194 tem-

591 5229 738 5298 plum
781 5242 896 5282 vero
930 5227 1119 5283 caelesti
1149 5227 1274 5298 Regi
1315 5236 1361 5282 et
1402 5225 1623 5283 Domino
1650 5241 2016 5288 consecrarent.
2048 5232 2187 5294 Nam

591 5337 705 5376 cum
722 5331 897 5377 sancta
922 5321 1137 5377 Pascha:
1165 5323 1404 5378 solemnis
1430 5334 1661 5394 ageretur
1687 5326 1950 5397 festivitas,
1968 5327 2178 5381 collecta

592 5415 700 5470 illic
736 5423 784 5469 et
806 5416 1028 5484 undique
1055 5415 1190 5469 omni
1219 5416 1504 5470 curiositate
1537 5417 1689 5471 etiam
1711 5419 1981 5473 adveniam
2010 5418 2184 5472 multi-

593 5509 736 5576 tudo,
753 5509 1066 5563 sacerdotum
1087 5509 1365 5564 multorum
1389 5520 1532 5582 pater
1553 5520 1600 5566 et
1625 5512 1794 5582 dignm
1819 5510 2072 5564 memoria
2091 5527 2185 5564 uo-

593 5603 865 5657 utinandus
891 5603 1094 5657 antistes
1120 5603 1356 5660 Aurelius
1376 5646 1389 5669 ,
1419 5605 1633 5659 cmlestis
1663 5606 1777 5675 jam
1822 5605 2000 5674 patria:
2025 5604 2146 5659 ciuis
2165 5644 2182 5673 ,

539 5683 545 5688 ’
595 5693 888 5749 cathedram
921 5693 1030 5749 illic
1073 5696 1183 5748 loco
1212 5695 1437 5750 Caelestis
1473 5704 1519 5750 et
1563 5695 1753 5764 habuit,
1799 5706 1845 5750 et
1884 5697 2030 5751 sedit.
2065 5695 2188 5764 Ipse

1713 234 1869 290 VlTA
1905 235 1963 292 S.
2004 234 2364 292 AUGUSTINI
2403 234 2719 294 EPISCOPI.
3691 253 3766 317 ω

2284 357 2404 409 tunc
2425 349 2635 410 aderam
2653 391 2671 418 .
2699 350 2869 423 inquit
2893 356 3096 424 auctor,
3117 369 3236 416 cum
3447 365 3492 417 et
3523 363 3691 435 amitis,
3711 382 3765 429 at-

2281 459 2396 512 que,
2432 453 2488 499 ut
2529 461 2583 499 se
2625 445 3013 507 adolescentulam
3033 457 3158 508 artas
3183 450 3438 520 impatiens
3463 455 3762 534 Circuqu

2281 537 2495 596 uertebat
2513 577 2526 601 .
2553 537 2678 594 dum
2716 541 2900 598 curiosi
2940 541 3143 611 singula
3164 558 3370 614 quisque
3391 562 3476 616 pro
3497 551 3759 618 magm'tudiu

2278 630 2573 700 inspicimus
2589 673 2605 696 ,
2634 633 2819 688 mirum
2839 634 3092 701 quoddam
3125 645 3170 690 et
3197 636 3474 694 incredibile
3497 653 3640 699 nostra
3657 648 3761 704 sein-

2280 721 2430 792 gessit
2455 724 2711 791 aspectui,
2743 723 2918 782 titulus
2942 725 3096 784 laneis
3120 726 3548 800 grandioribusqtte
3571 733 3758 794 [laetitia

2277 815 2593 884 frontispicio
2609 815 2785 886 templi
2811 817 3123 888 conscriptus
3141 832 3160 872 :
3183 819 3445 882 Auantius
3464 823 3684 884 Passus:
3700 845 3760 890 an

2278 920 2512 964 DICAVl'l'.
2543 905 2698 968 Hunc
2717 907 2932 979 (maius
2953 907 3461 981 populimirabantur
3481 929 3759 991 ρηεεαροιωις

2277 995 2460 1066 spiritu
2483 1008 2596 1054 acta
2617 1039 2632 1063 ,
2662 1015 2776 1066 qua
2793 1000 3038 1070 princip;
3063 999 3158 1056 Dei
3184 1001 3308 1060 ordo
3325 1012 3454 1062 certo
3477 1005 3560 1064 isto
3579 1006 3662 1077 ﬁne
3679 1027 3758 1066 can-

2277 1085 2493 1146 cluserat
2515 1086 2614 1158 (De
2643 1087 2908 1156 Praediqu
2937 1091 3026 1150 lib.
3056 1091 3114 1160 ,3,
3153 1108 3274 1162 cap.
3312 1093 3421 1168 58).
3449 1094 3677 1167 Templum
3695 1100 3759 1156 hoc

2277 1189 2463 1250 postea
2492 1183 2610 1240 solo
2651 1193 2919 1256 aequatum
2936 1193 3024 1244 est
3056 1201 3197 1244 atina
3223 1186 3688 1260 quadringentesimo
3709 1194 3757 1247 vi-

2276 1272 2479 1340 gesimo
2503 1273 2695 1343 primo.
2723 1273 2900 1346 Itaque
2925 1291 3030 1334 non
3056 1274 3124 1330 de
3151 1276 3345 1350 templo
3371 1278 3608 1346 Ctnlestis,
3633 1281 3697 1339 sed
3719 1283 3758 1342 ds
3822 1287 3823 1356 1

2277 1361 2420 1422 idolo
2449 1363 2764 1434 loquebatur
2792 1367 3147 1438 Augustinus,
3176 1384 3296 1426 cum
3321 1369 3470 1440 paulo
3493 1379 3596 1440 post
3618 1381 3776 1442 captaa
3822 1397 3823 1442 ἦ

2277 1455 2502 1518 Romam
2527 1456 2730 1516 dicaret
2760 1477 2773 1512 :
2799 1458 3052 1532 Carthago
3093 1460 3148 1514 in
3194 1460 3392 1518 nomine
3427 1459 3588 1518 (ΣΙυωὶ
3625 1473 3757 1525 manet.

2269 1559 2323 1604 et
2349 1549 2470 1608 aliut
2497 1566 2668 1611 euersa
2692 1559 2765 1606 est
2787 1550 3047 1618 Caelestis;
3084 1552 3206 1623 quia
3241 1568 3340 1612 non
3363 1552 3458 1624 fuit
3481 1552 3680 1621 celestis,
3707 1556 3760 1613 sed
3822 1549 3823 1616 l

2275 1641 2521 1700 terrestris
2541 1640 2740 1714 (Serm.
2771 1643 2900 1713 l05,
2924 1659 2971 1702 ο.
3000 1643 3053 1710 9,
3085 1660 3139 1700 η.
3163 1642 3275 1716 12),
3551 1703 3560 1708 _

2347 1737 2402 1790 6.
2445 1737 2644 1796 Auctor
2684 1737 2805 1796 libri
2843 1736 2912 1797 de
2933 1737 3374 1799 .Pratdiotiooibus
3389 1734 3588 1803 scribit,
3609 1736 3649 1794 in
3677 1752 3759 1808 qm-

2273 1829 2398 1884 dam
2430 1829 2560 1886 urbe
2585 1830 2912 1890 Mauritania:
2939 1840 3086 1886 eruta
3119 1831 3280 1886 fuisse
3315 1830 3525 1901 plurima
3545 1845 3575 1888 ε
3593 1831 3759 1888 cavernis
3822 1837 3823 1901 1

2276 1922 2556 1980 simulacra
2587 1933 2765 1982 vetera
2786 1964 2801 1989 ,
2839 1939 2958 1995 quae
2982 1924 3034 1980 in
3063 1938 3156 1980 cas
3177 1923 3417 1982 abstrusa
3442 1923 3644 1988 fuerant;
3663 1932 3700 1978 et
3719 1923 3759 1979 ob

2277 2011 2415 2068 hanc
2445 2012 2799 2072 inventionem
2831 2021 2992 2070 totam
3017 2013 3288 2070 civitatem
3307 2055 3323 2078 ,
3353 2013 3488 2082 ipsos
3511 2014 3641 2068 etiam
3658 2014 3758 2069 cleri-

2276 2117 2369 2158 cos
2399 2119 2519 2162 reos
2558 2103 2721 2158 fuisse
2741 2145 2756 2169 ,
2791 2104 2876 2158 vel
2917 2103 3131 2174 perjurii
3168 2105 3433 2164 convictos
3459 2103 3548 2171 (De
3573 2102 3756 2168 Prodico,

2277 2195 2365 2252 lib.
2397 2197 2460 2263 3,
2492 2213 2606 2268 cap.
2636 2196 2747 2268 38).
2778 2196 2978 2252 Forsan
3015 2197 3082 2252 ab
3123 2197 3342 2259 urbibus
3361 2197 3674 2272 jusjurandum
3703 2211 3759 2250 er

2280 2287 2535 2356 igebatur,
2563 2305 2670 2358 quo
2691 2289 3070 2346 confirmarent
3112 2289 3258 2344 nulla
3302 2290 3458 2348 latere
3495 2287 3637 2354 idola;
3659 2285 3759 2355 hujus

2278 2389 2454 2434 autem
2483 2381 2709 2438 civitatis
2737 2381 2952 2444 clerici,
2983 2380 3070 2450 qui
3097 2380 3381 2438 simulacra
3407 2380 3586 2435 scirent
3604 2391 3691 2434 esse
3709 2391 3761 2436 rc-

2279 2473 2490 2530 condita
2515 2473 2636 2532 illud
2662 2473 2974 2531 denuntiare
2991 2487 3096 2534 non
3123 2473 3241 2527 ausi
3267 2483 3402 2530 sunt.
3425 2471 3544 2527 Nam
3569 2473 3760 2525 metusm-

2281 2566 2523 2620 currendi
2557 2566 2609 2622 in
2638 2574 2938 2636 magnatuut
2988 2567 3336 2630 olionsionom
3359 2607 3372 2629 ,
3414 2563 3637 2626 alliciebat
3669 2576 3758 2614 που·

2282 2673 2568 2727 numquam,
2603 2665 2661 2712 ut
2698 2657 2798 2726 ipsi
2843 2659 3127 2716 Christiani
3160 2659 3214 2716 in
3245 2656 3540 2712 idololatria:
3561 2652 3763 2708 sceleribus

2281 2751 2646 2806 conniverent.
2697 2750 2765 2811 Et
2809 2766 2939 2808 sane
2978 2750 3311 2821 Augustinus
3351 2765 3410 2806 ea
3453 2748 3514 2804 de
3539 2762 3586 2802 re
3603 2743 3764 2822 graviter

2280 2843 2583 2911 expostulat
2622 2842 2672 2898 in
2705 2851 3002 2898 memorato
3025 2842 3136 2910 jam
3165 2857 3329 2913 supra
3369 2851 3594 2898 sermone
3625 2835 3674 2890 ad
3693 2834 3763 2904 ple.

2282 2931 2424 2996 bem,
2459 2933 2547 2990 ubi
2577 2933 2861 2995 nonnullos
2887 2932 3288 3003 frequentantes
3311 2931 3515 3003 templa,
3535 2927 3640 2984 etin
3661 2924 3764 2979 idolio

2282 3042 2384 3080 una
2411 3042 2530 3081 cum
2551 3025 2775 3095 Paganis
2799 3026 3170 3088 recumbentcs
3198 3023 3593 3096 damnat(Serm.
3614 3016 3763 3087 δεμ.

2283 3134 2371 3171 nu.
2406 3119 2457 3179 7,
2480 3118 2559 3186 8).
2587 3117 2645 3172 ld
2675 3117 2808 3174 forte
2837 3127 2957 3188 post
2979 3119 3127 3188 leges
3149 3118 3404 3176 adversus
3433 3105 3766 3172 idololatriainab

2286 3209 2519 3264 Honorio
2556 3211 2873 3268 Constitutas
2911 3211 3085 3270 adhuc
3128 3210 3317 3276 ﬁebat;
3347 3211 3545 3280 ipseque
3565 3206 3767 3278 ιηιρεηιοτ

2285 3301 2423 3356 istud
2470 3301 2723 3372 flagitium
2762 3303 2968 3371 adjuvit
2996 3303 3113 3374 lege
3136 3303 3244 3364 lata
3270 3301 3472 3360 decimo
3500 3297 3629 3352 tertio
3647 3291 3766 3354 kalen-

2283 3392 2380 3448 das
2401 3394 2720 3464 soptembris
2745 3397 2869 3454 anui
2893 3394 3256 3456 trecentosimi
3283 3391 3584 3463 nonagesimi
3607 3382 3721 3448 noni,
3739 3381 3766 3433 in

2285 3500 2388 3554 qua
2413 3485 2736 3554 Apollodoro
2763 3487 2956 3545 Africa:
2989 3487 3296 3557 proconsuli
3323 3484 3592 3548 denuntiat,
3609 3477 3766 3534 nollese.

2287 3575 2412 3632 licet
2441 3577 2690 3647 profanos
2719 3579 2851 3634 ritus
2879 3580 3110 3638 ethnicus
3139 3577 3527 3649 superstitionis
3552 3565 3766 3628 inliibuerit,

2286 3665 2602 3724 festivitates
2646 3669 2884 3738 publicas
2925 3670 3164 3737 aboleri.
3200 3669 3294 3727 sed
3340 3663 3769 3726 continuandasssse

2289 3757 2530 3812 ludorum
2559 3759 2952 3825 solemnitates,
2984 3759 3143 3818 modo
3170 3763 3318 3816 nulla
3340 3757 3574 3822 sacrificia
3591 3795 3604 3820 ,
3630 3749 3690 3805 vel
3710 3746 3768 3797 alia

2286 3850 2485 3919 qumvis
2505 3848 2831 3905 idololatrica
2853 3853 3167 3920 superstitio
3191 3853 3295 3908 illis
3317 3850 3660 3908 inunisccretur
3676 3832 3769 3907 (Cad-

2288 3941 2482 3996 Tlieod.
2510 3943 2574 3996 de
2611 3941 2768 4014 Pag.,
2801 3955 2917 4008 etc.,
2947 3943 3058 4013 lege
3089 3943 3199 4016 l7).
3237 3943 3410 4012 Itaque
3433 3935 3668 3994 concilium
3689 3925 3770 3982 Car-

2289 4032 2600 4103 thagincnse
2625 4032 2834 4090 decimo
2863 4040 3014 4090 sexto
3057 4032 3313 4092 kalendas
3345 4031 3454 4102 julii
3477 4016 3773 4113 anniqulfiff'

2287 4127 2564 4196 SellleSimi
2593 4127 2749 4198 primi
2775 4136 3180 4197 congregatum,
3217 4126 3300 4183 sui
3322 4123 3511 4196 putavit
3534 4131 3633 4174 esse
3650 4109 3772 4165 cilicii.

2291 4221 2580 4276 Honorium
2607 4221 2918 4290 deprecari,
2948 4230 3006 4278 ut
3036 4221 3122 4276 illa
3145 4219 3387 4278 convivia
3423 4214 3607 4289 penitus
3626 4207 3773 4268 thros?

2289 4322 2407 4379 ret,
2431 4313 2622 4384 quibus
2649 4312 2935 4369 Christiani
2966 4313 3032 4368 ab
3059 4311 3300 4374 Ethnicis
3333 4311 3570 4366 interesse
3589 4294 3771 4367 cogebat

2291 4412 2408 4469 tur;
2441 4404 2580 4473 quod
2638 4405 2870 4475 speciem
2923 4404 3199 4474 cujusdam
3251 4395 3609 4474 persecutionis
3648 4387 3772 4475 adum-

2288 4498 2509 4564 brabat,
2544 4498 2625 4552 bis
2666 4474 2905 4568 persmpe
2953 4507 3138 4554 contra
3181 4495 3450 4568 religionis
3495 4491 3632 4550 ἀθωε
3667 4474 3772 4568 "’"m

2292 4592 2586 4662 procaciter
2615 4566 2944 4661 patrantibus
2983 4589 3130 4660 (Cod.
3176 4566 3337 4650 canit.
3383 4586 3554 4656 Αίνίση
3577 4566 3770 4670 “dum:

2291 4660 2486 4738 Scribit
2517 4660 2877 4752 Augustinus,
2915 4683 2964 4737 in
2994 4681 3298 4738 evertendis
3339 4675 3564 4745 templis,
3600 4662 3715 4759 idolis
3742 4660 3774 4702 ει

2291 4772 2425 4828 lucis
2451 4789 2547 4844 pro
2577 4771 2829 4828 facultate
2854 4772 2922 4828 ab
2951 4772 3359 4842 imperatoribus
3383 4776 3637 4825 concessa,
3662 4760 3772 4843 νῦνῆ·

2293 4872 2376 4919 tos
2404 4864 2604 4918 nullum
2625 4863 2822 4920 debere
2849 4880 2914 4922 es
2937 4879 3122 4921 eorum
3153 4863 3320 4923 ruinis
3340 4854 3639 4920 coiumodum
3662 4851 3775 4916 μηδ’

2292 4973 2437 5028 pere,
2463 4973 2528 5012 ne
2544 4957 2609 5012 ad
2625 4957 2942 5013 destruenda
2967 4956 3245 5027 gentilitia:
3267 4944 3627 5024 superstitionis
3649 4943 3775 4991 lil0llli‘

2292 5057 2467 5105 menta
2483 5090 2499 5116 ,
2525 5049 2701 5119 potius
2719 5049 2939 5103 avaritia
2961 5091 2973 5113 ,
3006 5063 3164 5118 quam
3195 5047 3384 5118 pietate
3409 5041 3520 5102 duci
3540 5031 3771 5090 videantur?

2292 5143 2344 5198 id
2370 5150 2545 5198 tamen
2589 5158 2695 5198 non
2735 5142 2984 5209 obstare,
3025 5142 3150 5212 quin
3188 5157 3250 5197 ea
3296 5140 3606 5196 monumenta
3629 5122 3774 5222 i"

2291 5251 2604 5292 communes
2629 5243 2684 5291 et
2712 5237 2953 5306 publicos
2994 5245 3233 5292 converti
3254 5276 3269 5298 ,
3300 5244 3388 5288 aut
3425 5221 3591 5286 honori
3613 5212 3698 5306 νθξί
3717 5207 3773 5261 DL"

2292 5330 2497 5398 possint
2523 5304 2859 5394 consecrari;
2887 5328 3023 5384 sicut
3060 5327 3157 5399 ipsi
3197 5323 3436 5382 homines
3471 5330 3557 5376 sua
3586 5307 3642 5399 at)

2291 5387 2643 5476 conversione
2666 5420 2718 5474 in
2747 5387 2862 5490 ejus
2893 5387 3093 5490 templa
3109 5420 3493 5480 commutantur
3514 5398 3682 5477 (Ερίαο
3703 5387 3771 5444 ‘7'

2292 5513 2458 5584 ωδ).

2363 5562 2681 5662 {Omnem
2709 5604 3043 5669 Theodosius
3067 5602 3376 5660 adhibuerat
3411 5601 3633 5666 ομκωο
3659 5579 3704 5634 ⁸⁸
3731 5562 3774 5669 ³¹ῗ

2295 5697 2615 5756 idololatriae
2643 5667 3106 5772 superstitionibus
3129 5697 3318 5761 Boius,
3343 5688 3430 5748 ui
3453 5683 3642 5743 ειιωυι
3665 5667 3774 5736 0⁸³⁸⁸
