3868 6400
87 329 183 390 235

81 474 127 528 in
146 470 238 528 alia
260 467 358 525 ulla
385 465 605 524 ditionis
628 465 743 536 ejus
767 465 896 522 urbe
927 463 1127 522 radices
1155 471 1406 536 egerant,
1435 477 1625 532 purga-

81 578 224 625 retnr.
267 563 524 620 llonorius
572 561 733 621 dubio
780 558 955 633 procul
1003 556 1139 614 idola
1187 555 1256 610 ibi
1302 552 1521 625 perinde
1564 567 1628 607 ac

79 658 187 714 alibi
211 657 394 726 passim
426 651 721 724 dejicienda
744 659 1043 714 curaverat;
1075 644 1626 718 quandoquidemjam

77 762 183 806 ante
209 747 510 818 Rhadagaisi
539 745 774 807 cladem,
802 742 849 804 id
874 749 981 808 est,
1009 749 1132 801 ante
1158 754 1354 793 annum
1376 736 1628 806 quadrin«

76 844 393 918 gentes-inium
421 847 666 902 sextum;
696 836 803 892 imo
829 849 948 890 vero
977 848 1082 904 quo
1109 840 1349 901 tempore
1377 827 1552 888 adhuc
1571 829 1624 882 in

76 939 225 992 Africa
265 935 498 994 stabant,
544 930 652 986 illic
686 927 979 992 disturbata,
1035 934 1196 997 atque
1251 937 1437 988 eversa
1474 929 1628 982 erant

77 1028 239 1100 (Serm.
258 1026 370 1090 105,
389 1023 542 1088 c.10,
566 1040 618 1078 η.
640 1022 731 1086 l3;
753 1020 916 1078 Serm.
937 1017 1028 1085 24,
1053 1034 1105 1072 n.
1130 1017 1208 1088 6).
1227 1015 1358 1080 Cum
1378 1023 1551 1072 autem
1570 1013 1621 1076 in

75 1124 156 1178 bac
183 1122 422 1174 idolorum
453 1117 734 1174 eversione
752 1157 767 1182 ,
797 1116 988 1170 intacta
1015 1118 1356 1168 remanerent
1385 1108 1470 1169 illa
1491 1107 1622 1166 deo-

71 1233 171 1272 rum
195 1217 360 1290 signa,
390 1227 508 1286 quae
539 1210 672 1270 locis
710 1218 763 1262 et
791 1205 1025 1270 adiﬁciis
1051 1202 1277 1280 publicis
1308 1209 1625 1258 ornamento

73 1318 230 1366 erant;
263 1307 390 1360 Deus
417 1301 662 1358 undecim
692 1308 814 1374 post
852 1313 1022 1358 annos
1047 1297 1251 1367 reliqua
1290 1293 1377 1354 illa
1405 1292 1622 1370 gentili-

75 1404 142 1454 ti;c
163 1394 534 1468 superstitionis
554 1393 776 1462 vestigia
797 1432 812 1460 ,
839 1399 950 1448 tum
980 1388 1273 1444 Gothorum
1305 1399 1485 1446 manu.
1513 1393 1620 1444 tum

76 1489 336 1548 fulminibus
357 1503 386 1542 e
411 1487 549 1550 calo
581 1484 799 1540 vibratis
842 1482 1052 1556 penitus
1079 1477 1331 1534 abolevit.
1378 1475 1504 1532 Haec
1550 1474 1623 1534 si-

75 1584 382 1638 mulacrorum
423 1577 752 1644 destructio,
779 1590 896 1645 qua)
937 1587 1079 1629 anno
1119 1568 1491 1628 trecentesimo
1527 1582 1621 1626 no-

78 1676 306 1746 nagesiiuo
331 1687 466 1732 neno
493 1669 750 1740 contigit,
774 1683 987 1726 causam
1019 1664 1242 1736 praebuit
1271 1663 1620 1734 plurimorum

79 1770 318 1826 Gentilium
347 1766 684 1824 conversioni
705 1805 720 1828 ,
753 1765 840 1834 qui
869 1777 991 1816 cum
1011 1775 1078 1816 eo
1108 1774 1275 1828 usque
1304 1757 1473 1812 errori
1501 1771 1621 1826 pcr-

80 1861 279 1914 linaciler
303 1859 650 1922 adhrcsissent
674 1897 691 1922 ,
721 1855 775 1909 in
803 1870 922 1910 eam
953 1867 1102 1924 spem
1135 1848 1383 1924 adducti,
1422 1846 1537 1906 fore
1565 1855 1622 1902 ut

72 1952 314 2022 completis
348 1950 595 2008 trecentis
623 1947 894 2017 sexaginta
934 1944 1166 2015 quinque
1195 1921 1382 2008 annis,
1427 1953 1620 1994 secun-

77 2043 187 2097 dum
205 2043 446 2098 oraculum
467 2041 800 2106 daemonum,
819 2036 987 2090 avitus
1004 2034 1176 2090 cultus
1192 2032 1341 2105 quasi
1365 2029 1620 2101 postlimi-

79 2137 160 2194 nio
183 2144 481 2192 revocaretur
507 2136 558 2189 in
592 2133 881 2204 pristinum
913 2129 1108 2192 decus;
1140 2127 1296 2195 hujus
1329 2123 1527 2179 oraculi
1558 2121 1620 2176 ii-

71 2230 179 2287 dem
208 2246 373 2286 ranam
397 2239 442 2286 et
469 2230 686 2286 inanem
719 2227 900 2291 fuisse,
927 2239 993 2280 ex
1016 2230 1208 2279 eventu
1237 2219 1449 2276 demum
1475 2231 1620 2274 com-

69 2333 287 2396 pererunt
313 2323 403 2395 (De
429 2321 578 2379 Civil.
619 2321 745 2383 Dei.
772 2318 863 2375 lib.
913 2317 1010 2383 l8,
1059 2333 1174 2385 cap.
1226 2311 1339 2384 54).
1374 2312 1620 2370 Testatur

70 2417 373 2486 Augustinus,
405 2415 471 2470 ab
498 2415 611 2473 hoc
630 2413 698 2468 ad
730 2410 857 2470 illud
888 2425 1054 2480 usque
1084 2417 1291 2477 tempus
1309 2447 1321 2469 ,
1345 2421 1452 2477 quo
1477 2405 1622 2459 deci-

71 2526 186 2565 tuum
216 2519 440 2568 octavum
479 2522 546 2562 ex
583 2505 740 2562 libris
763 2503 828 2558 de
857 2502 1085 2558 Civitate
1133 2499 1226 2555 Dei
1276 2496 1616 2561 absolvebat,

70 2604 275 2658 nimirum
305 2609 418 2671 post
459 2614 642 2656 annos
669 2599 839 2655 ferme
866 2596 1077 2665 triginta
1099 2634 1116 2660 ,
1157 2591 1501 2648 Christianam
1531 2604 1619 2643 rc-

71 2696 272 2766 ligionem
294 2693 488 2761 majora
516 2691 701 2747 adhuc
719 2688 1012 2758 sumpsisse
1045 2687 1402 2746 incrementa;
1430 2695 1621 2751 quam-

70 2789 131 2841 vis
153 2789 298 2858 ipsam
322 2793 642 2840 constanter
677 2782 1008 2838 afﬁrmarent
1033 2777 1243 2833 Ethnici
1270 2774 1484 2830 tandem
1523 2772 1622 2827 ali-

70 2881 237 2953 quando
265 2879 598 2935 interituram
629 2876 840 2949 (Enarr.
886 2875 941 2928 in
986 2871 1131 2926 Psal.
1168 2886 1310 2936 ιιι,
1350 2885 1500 2924 term.
1545 2867 1582 2922 Ξ
1605 2908 1618 2930 ,

74 2991 112 3027 η.
140 2976 202 3044 4),
226 2975 372 3045 eique
413 2969 642 3028 eventui
666 2978 869 3025 certum
913 2981 978 3021 ac
1013 2963 1290 3020 deﬁnitum
1322 2970 1531 3031 tempus
1557 2975 1622 3014 ex

76 3064 256 3119 oraculis
279 3065 623 3135 assignarent
643 3060 855 3132 (Enarr.
885 3059 940 3113 in
975 3055 1118 3112 Psal.
1140 3071 1214 3117 tv,
1242 3071 1295 3109 η.
1315 3055 1390 3125 1).
1421 3053 1624 3108 Interea

77 3155 132 3209 illi
164 3157 475 3212 sacriﬁcaturi
517 3154 766 3210 latebras
810 3159 1023 3222 petere,
1053 3161 1285 3218 suosque
1309 3145 1469 3201 etiam
1496 3144 1626 3200 deos

78 3250 350 3305 abscondere
404 3250 765 3320 cogebantur,
832 3260 900 3300 ne
945 3260 974 3298 a
1029 3241 1343 3298 Christianis
1392 3240 1622 3310 reperti,

75 3340 190 3409 juxta
223 3343 498 3412 principum
530 3341 692 3410 leges
727 3337 1206 3408 contriugerentur,
1237 3342 1391 3406 prout
1414 3334 1626 3390 oracula

75 3429 220 3486 divina
241 3449 326 3503 per
347 3433 659 3488 inda-orum
687 3431 986 3500 Prophetas
1007 3428 1163 3498 longe
1199 3436 1324 3482 ante
1364 3425 1624 3498 prmdixe-

76 3533 179 3575 rant
196 3524 284 3593 tne
306 3524 530 3580 Gemens.
575 3523 802 3594 Evang.,
829 3521 915 3575 lib.
941 3521 991 3585 1,
1017 3536 1063 3573 e.
1083 3518 1198 3590 27).
1225 3517 1484 3574 Ethnicus
1511 3517 1630 3588 qui»

76 3614 187 3670 dam
223 3617 342 3671 illius
379 3617 643 3688 temporis
672 3624 826 3687 poeta
859 3614 1185 3688 Sibyllarum
1213 3611 1449 3668 carmina
1477 3612 1628 3681 jussu

77 3707 338 3763 Stilicbouis
371 3711 473 3781 igni
505 3709 709 3765 tradita
751 3707 916 3764 fuisse
949 3706 1190 3778 queritur
1228 3704 1530 3775 (Bai-anius,
1563 3705 1630 3758 ad

79 3802 323 3867 can.3ti9,
353 3821 401 3856 η.
427 3804 541 3874 8ξ).
595 3801 816 3856 Honorii
857 3799 1034 3854 edicto
1073 3795 1330 3852 adscribit
1374 3797 1630 3851 Baronius

1378 323 1583 379 LIBER
1621 322 1942 398 QUINTUS.

3214 335 3321 393 286

1733 455 1923 532 (Idem,
1957 462 2024 516 ad
2063 479 2183 518 ann.
2230 461 2354 530 599,
2386 479 2439 517 η.
2471 459 2588 536 77),
2617 463 2755 534 qttod
2791 463 3115 540 Augustinus
3140 481 3320 527 narrat

1732 554 1782 608 in
1811 554 2109 610 Sull'ectana
2136 555 2338 610 colenia
2361 556 2678 628 contigisse;
2707 574 2811 629 quo
2833 559 2884 613 in
2909 561 3049 624 loco,
3078 577 3198 617 cum
3225 564 3319 621 de-

1725 646 1865 720 jecta
1903 648 2276 722 confractaque
2316 658 2457 703 esset
2495 649 2734 706 llerculis
2771 660 2968 718 statua,
3015 656 3132 725 ejus
3171 658 3316 729 impii

1734 739 1982 804 cultores,
2016 739 2152 794 iacto
2195 741 2246 794 itt
2293 738 2625 795 Christianos
2655 740 2886 814 impetu,
2937 747 3201 816 sexaginta
3243 765 3312 805 ex

1731 832 1836 888 illis
1871 832 2231 898 trucidarunt,
2260 832 2347 903 qui
2379 832 2573 890 Christi
2601 834 2922 908 martyribus
2959 840 3208 894 accensiti
3248 841 3314 906 ad

1733 925 1942 986 tortium
1973 923 2226 982 kalendas
2254 925 2573 995 septembris
2595 925 2645 980 in
2678 925 2918 981 Romano
2944 927 3315 1004 Martyrologio

1731 1018 2151 1089 comperiantur.
2181 1017 2291 1085 Qua
2322 1017 2389 1073 dc
2410 1032 2469 1072 re
2492 1017 2818 1088 Augustinus
2843 1019 3119 1089 epistolam
3146 1023 3313 1091 illam,

1729 1111 1945 1168 brevem
1994 1111 2242 1182 quidem,
2288 1118 2342 1166 at
2371 1110 2738 1168 vehementem
2766 1111 2956 1183 (Epist.
2986 1113 3078 1185 50)
3109 1117 3318 1187 scripsit

1727 1203 1793 1260 ad
1821 1204 1960 1260 illius
1979 1204 2203 1260 coloniae
2229 1204 2496 1273 principes
2519 1215 2572 1260 et
2601 1205 2873 1269 seniores,
2899 1207 3090 1276 quibus
3121 1224 3313 1280 expro-

1727 1295 1847 1356 brat
1887 1295 2222 1352 conculcatas
2252 1295 2392 1366 leges
2417 1294 2708 1361 Romanas,
2731 1296 3051 1368 judiciorum
3098 1293 3316 1369 religio-

1726 1404 1848 1444 nem
1869 1431 1884 1455 ,
1910 1403 1972 1443 ac
1999 1388 2329 1458 potissimum
2375 1389 2770 1444 venerationem
2797 1400 3099 1460 metumque
3142 1393 3313 1462 impe-

1725 1491 1961 1538 ratorum
1991 1498 2003 1534 :
2028 1481 2224 1550 quippe
2253 1494 2373 1533 cum
2399 1481 2462 1532 ad
2492 1481 2774 1550 primarios
2816 1481 2964 1537 urbis
2992 1497 3100 1538 sum
3143 1483 3312 1540 hono-

1724 1592 1812 1632 res
1838 1591 1899 1631 ac
1926 1577 2207 1646 dignitates
2234 1591 2327 1631 eos
2351 1577 2654 1642 evexerint,
2687 1594 2822 1648 quos
2862 1591 3063 1633 certum
3107 1591 3221 1634 erat
3261 1581 3312 1636 in

1723 1683 1787 1726 ea
1813 1668 1956 1722 caide
1981 1669 2100 1739 plus
2118 1670 2324 1724 caneris
2352 1684 2460 1738 pra:
2486 1684 2543 1728 se
2567 1668 2750 1726 tulisse
2774 1669 3102 1728 crudelitatis
3124 1671 3310 1728 imma-

1723 1761 2026 1831 nitazisque.
2078 1761 2268 1818 Iisdem
2325 1762 2620 1832 pollicetur,
2660 1772 2715 1817 et
2765 1762 2816 1816 id
2866 1763 3077 1832 quidem
3138 1765 3312 1821 verbis

1722 1861 2072 1913 scommatum
2115 1867 2179 1907 ac
2224 1852 2409 1909 ironia:
2439 1853 2610 1922 plenis
2632 1893 2646 1922 ,
2676 1867 2735 1908 se
2773 1861 3078 1914 curaturum
3109 1863 3165 1910 ut
3193 1855 3310 1911 illo~

1722 1959 1838 1999 rum
1885 1943 2019 2000 deus
2062 1946 2385 2011 restituatur,
2418 1944 2510 1998 sed
2538 1959 2698 2016 porro
2729 1945 2938 2000 nonnisi
2969 1961 3030 2000 ea
3076 1946 3222 2016 lege,
3257 1956 3312 2008 ut

1723 2037 1821 2107 ipsi
1852 2053 2061 2108 quoque
2087 2038 2247 2092 vitam
2295 2037 2384 2101 iis,
2416 2038 2608 2107 quibus
2635 2037 2983 2106 ademerunt,
3009 2039 3307 2100 restituant.

1722 2128 1862 2186 Urbs
1903 2129 2144 2199 quzrdam
2189 2129 2498 2184 Sull'cteusis
2548 2129 2600 2183 in
2631 2129 2888 2186 Bizaccna
2929 2131 3157 2199 ponitur,
3190 2146 3312 2186 cum

1723 2221 1825 2274 alia
1853 2220 1936 2273 cui
1965 2235 2156 2274 nomen
2179 2219 2448 2276 Sull‘etultc
2478 2238 2492 2274 :
2523 2220 2576 2272 in
2605 2219 2708 2273 hac
2733 2219 3162 2296 Martyrologium
3194 2223 3312 2280 illos

1719 2311 1995 2381 sexaginta
2021 2326 2052 2364 a
2081 2310 2375 2366 Gentilibus
2408 2320 2529 2365 tunc
2557 2310 2866 2364 interfectos
2890 2311 3132 2364 collocat.

1795 2404 1848 2458 8.
1881 2405 2012 2460 llnic
2038 2419 2178 2459 anno
2204 2405 2577 2460 trecentesimo
2607 2404 2950 2476 nonagesimo
2991 2419 3130 2458 nono
3171 2403 3312 2461 Alri-

1723 2511 1976 2556 canorum
2005 2496 2276 2551 Canouum
2305 2496 2469 2552 codex
2493 2496 2773 2552 concilium
2798 2495 3210 2567 Gartltaginense
3230 2512 3316 2550 as-

1721 2588 1896 2658 signat
1926 2588 2112 2659 quinto
2141 2587 2394 2644 kalendas
2417 2589 2538 2642 maii
2563 2588 2796 2644 habitum
2826 2605 2838 2640 :
2863 2589 2930 2642 de
2957 2604 3062 2658 quo
3085 2586 3134 2641 id
3155 2602 3314 2640 unum

1726 2679 2012 2745 discimus,
2045 2680 2238 2734 missos
2274 2679 2338 2733 ad
2386 2679 2767 2750 Imperatorem
2797 2677 2965 2733 fuisse
3008 2678 3317 2748 Epigonium

1727 2773 2139 2828 etVinccntium
2178 2774 2493 2844 episcopos,
2537 2772 2624 2843 qui
2669 2771 2880 2827 concilii
2908 2771 3122 2825 nomine
3150 2771 3317 2840 legem

1728 2874 2006 2938 rogarent,
2035 2882 2137 2935 qua
2165 2873 2461 2930 caveretur,
2493 2880 2560 2918 ne
2586 2865 2702 2934 quis
2744 2879 3078 2933 quocumque
3116 2861 3319 2918 scelere

1729 2958 2014 3013 obstrictus
2037 2999 2050 3022 ,
2081 2974 2146 3013 ex
2189 2957 2410 3012 ecclesia
2453 2956 2506 3011 in
2535 2973 2690 3025 quam
2718 2953 3062 3023 confugisset,
3090 2968 3189 3024 per
3213 2951 3317 3006 vim

1729 3049 2097 3108 extraheretur
2117 3048 2268 3115 (Cod.
2291 3046 2453 3104 Cann.
2478 3047 2664 3116 Africa,
2691 3062 2803 3098 can.
2834 3042 3158 3114 56).!lorum
3186 3044 3322 3114 lega-

1733 3151 1943 3207 torum,
1996 3150 2053 3200 ut
2099 3142 2229 3196 satis
2275 3139 2531 3196 credibile
2557 3146 2672 3202 est,
2705 3144 2928 3206 rogatu,
2976 3135 3145 3208 legem
3178 3135 3318 3196 illam

1733 3233 1999 3290 Honorius
2027 3231 2148 3286 tulit
2169 3231 2355 3302 quinto
2385 3227 2640 3284 kalendas
2661 3227 2880 3282 martias
2903 3240 3042 3280 anno
3065 3223 3322 3296 quadrin-

1729 3328 2047 3400 gentesimo,
2073 3340 2177 3396 qua
2211 3325 2364 3394 jubet
2392 3324 2444 3378 in
2474 3323 2604 3378 locis
2633 3320 3078 3391 frequentioribus
3099 3327 3152 3374 et
3180 3319 3324 3380 cele-

1732 3423 1996 3480 brioribus
2023 3420 2164 3491 afﬁgi
2194 3420 2530 3489 rescriptum,
2553 3417 2694 3488 quod
2725 3430 2866 3472 anno
2907 3428 3066 3483 supra
3115 3422 3326 3468 trecen—

1731 3519 1982 3575 tesimum
2012 3515 2343 3586 sexagesimo
2374 3510 2608 3567 secundo
2636 3509 2704 3570 ab
2729 3509 2939 3570 Juliano
2959 3507 3210 3575 Apostata
3238 3505 3328 3564 im-

1736 3617 2071 3682 petraverant
2105 3606 2428 3668 Donatista};
2460 3619 2566 3674 quo
2592 3600 2852 3670 rescripto
2880 3599 3089 3654 illorum
3129 3609 3328 3665 propu-

1735 3703 1900 3758 diosae
1927 3702 1992 3756 ad
2021 3700 2267 3755 eumdem
2301 3699 2676 3768 imperatorem
2706 3709 2893 3764 preces
2915 3689 3330 3750 continebantur

1745 3794 1896 3870 (Cod.
1923 3793 2116 3849 Theod.
2153 3793 2215 3847 de
2244 3791 2458 3853 ﬂeret,
2484 3790 2592 3860 lege
2611 3786 2726 3858 57).

135 3917 3331 3949 _______________________________________..___

1056 4002 1538 4116 LIBER
1626 4002 1725 4130 (ι)
1749 3999 2345 4116 UINTUS.

399 4225 472 4274 De
494 4215 754 4284 Augustini
786 4214 906 4266 actis
925 4213 989 4272 ab
1013 4223 1140 4274 anno
1168 4209 1339 4272 Christi
1362 4208 1843 4274 quadringentesimo
1864 4211 1924 4262 ad
1949 4224 2125 4261 annum
2145 4205 2674 4275 quadringentesimum
2689 4203 2927 4268 quintum.

1485 4339 1854 4399 mmmam:

572 4471 803 4529 CAPUT
843 4469 1126 4526 PRIMUM.

80 4563 101 4622 1
131 4567 329 4632 Quatuor
363 4568 813 4640 Euangelistarum
851 4563 1172 4618 concordiam
1200 4561 1507 4615 demonstrat
1545 4558 1634 4612 ad-

137 4676 279 4716 versus
305 4660 557 4736 infideles.
593 4658 629 4713 2
663 4655 955 4730 Respondet
979 4654 1047 4708 ad
1072 4653 1309 4707 Januarii
1353 4650 1633 4721 inquisitio-

139 4771 210 4820 ne:
224 4757 281 4810 de
298 4754 648 4822 Sacramentis
667 4762 712 4808 et
733 4752 883 4808 uariis
905 4748 1150 4804 Ecclesiae
1169 4743 1632 4801 consuetudinibus.

139 4846 167 4902 3
197 4846 370 4904 Scribit
399 4846 463 4903 de
497 4845 665 4919 Opere
691 4846 1086 4910 monachorum,
1131 4841 1186 4895 in
1225 4855 1396 4894 eorum
1420 4837 1636 4916 gratiam

139 4939 208 5008 Qui
230 4957 278 4996 se
301 4940 405 4996 suis
433 4940 667 4993 manibus
698 4935 1057 5010 transigebant.
1542 4925 1547 4930 ’

141 5030 186 5084 ί.
218 5031 412 5096 Interea
434 5032 564 5098 dum
583 5029 839 5103 profanus
859 5013 1203 5090 mentiturum
1225 5023 1444 5080 deorum
1463 5023 1636 5078 cultus

87 5118 142 5178 de
171 5129 269 5186 toto
303 5125 550 5188 humano
594 5122 819 5200 imperio
859 5117 1344 5182 exterminabatur,
1374 5115 1629 5172 laboran-

89 5210 190 5270 dutn
203 5215 346 5284 sitnul
369 5215 468 5282 fuit
489 5257 505 5284 ,
534 5225 673 5272 utea
699 5229 907 5286 quoque
934 5211 1338 5282 dissiparentur,
1371 5225 1488 5279 qua:
1518 5205 1627 5260 inli-

91 5302 214 5370 dde;
243 5308 493 5376 adversus
535 5309 733 5374 cultum
771 5306 1006 5372 nominis
1051 5303 1244 5360 Christi
1275 5301 1631 5377 objectabant.

91 5392 450 5480 Mtriumvir»
475 5416 543 5468 G9
565 5401 684 5468 loco
709 5414 791 5464 res
821 5405 1003 5466 essent
1030 5437 1044 5464 ,
1086 5406 1143 5456 ut
1175 5394 1247 5448 illi
1274 5393 1382 5464 jam
1415 5392 1550 5445 inter
1576 5406 1636 5446 se

94 5483 216 5554 ἰριος
233 5492 522 5562 mlmtﬁas
557 5507 686 5560 suas
725 5491 1007 5558 mussitare
1036 5487 1119 5544 vix
1151 5485 1441 5550 auderent,
1479 5499 1632 5542 .com-

95 5578 238 5646 W
271 5582 371 5648 “de
423 5584 672 5652 Gentium
714 5592 769 5646 et
809 5577 1371 5646 omnium,derotione
1411 5574 1635 5646 populo-

243 5685 604 5748 vmrpen
625 5676 747 5756 quia
782 5673 1066 5736 nonnullos
1096 5671 1272 5726 adhuc
1296 5666 1635 5724 calumniosis

101 5754 512 5844 Μομιίριιὶῢμε
541 5754 650 5840 Sttio
675 5770 755 5840 vel
774 5768 1120 5844 Iﬁlal‘dabam
1145 5780 1174 5830 ξι
1199 5764 1324 5832 lide,
1357 5779 1424 5820 ne
1452 5759 1634 5828 crcdcv

1756 4473 1908 4531 rent;
1936 4465 2018 4520 vel
2046 4465 2156 4534 jam
2182 4463 2480 4530 credentes,
2508 4467 2760 4531 quantum
2789 4460 3049 4526 poterant,
3081 4449 3329 4523 agitando

1753 4555 2132 4629 perturbabant
2161 4571 2173 4608 :
2201 4569 2264 4608 ea
2297 4561 2512 4623 propter
2537 4548 2862 4618 Augustinus
2891 4543 3182 4613 inspirante
3218 4543 3329 4598 Deo

1748 4648 1980 4703 decrevit
2009 4656 2220 4717 argutas
2250 4659 2433 4700 eorum
2471 4639 2870 4697 criminatioaes
2891 4645 3076 4690 contra
3101 4643 3328 4706 quatuor

1746 4739 2045 4814 prtcsertim
2096 4735 2378 4806 Evangelia
2409 4776 2423 4801 ,
2474 4733 2664 4787 horum
2712 4729 3048 4784 cuneordiam
3097 4726 3326 4781 demon-

1745 4831 1994 4895 strando,
2049 4829 2324 4885 refellere:
2354 4825 2466 4879 Hoc
2514 4825 2646 4878 enim
2693 4822 2886 4882 solent,
2939 4820 3142 4891 inquit,
3183 4817 3330 4886 quasi

1746 4924 1972 4997 palmare
1995 4938 2099 4976 sua:
2125 4919 2359 4974 vanitatis
2398 4917 2640 4988 objicere,
2687 4913 2821 4984 quod
2854 4912 2951 4982 ipsi
2989 4910 3332 4981 Evangelia“!

1748 5015 1877 5068 inter
1901 5031 1951 5068 se
1971 5013 2106 5083 ipsos
2128 5010 2424 5065 dissentiant
2449 5005 2549 5079 (De
2575 5005 2728 5059 Cons.
2760 5002 2980 5074 Evang.,
3012 5000 3101 5056 lib.
3125 5003 3179 5065 l,
3203 5017 3249 5055 ο.
3274 5001 3326 5066 7,

1746 5125 1798 5162 n.
1827 5106 1938 5177 lO).
1984 5104 2163 5159 Posito
2193 5101 2352 5171 igitur
2377 5099 2440 5154 ad
2473 5097 2684 5167 aliquod
2711 5105 2940 5167 tempus,
2971 5093 3109 5163 quod
3141 5093 3195 5148 in
3220 5109 3334 5150 ma-

1745 5199 1898 5256 nibus
1931 5196 2186 5262 habebat,
2233 5207 2394 5262 opere
2433 5189 2499 5244 de
2537 5189 2796 5244 Trinitatc
2819 5230 2832 5252 ,
2865 5185 3004 5240 aliud
3047 5185 3332 5239 admodum

1746 5290 2140 5352 necessarium,
2172 5302 2277 5359 quo
2304 5298 2566 5341 summam
2611 5282 3064 5353 Evangelisturnm
3105 5293 3329 5332 concor-

1746 5387 1886 5442 diam
1909 5382 2235 5446 ostenderet,
2264 5377 2497 5446 suscepit
2523 5375 2848 5445 perfecitque
2870 5373 3049 5425 labore
3076 5370 3330 5424 continuo

1749 5476 1992 5551 (Retract.
2018 5471 2103 5528 lib.
2127 5471 2183 5534 2,
2204 5485 2319 5537 cap.
2346 5468 2455 5535 16).
2477 5464 2623 5519 llaud
2641 5463 2710 5518 ibi
2729 5463 2939 5517 silentio
2968 5459 3222 5527 pra-terit,
3247 5457 3320 5509 si-

1745 5547 1977 5623 mulacra
2002 5580 2118 5636 quae
2138 5559 2384 5616 Gentium
2404 5557 2614 5612 cmcitas
2631 5553 2902 5616 adorabat,
2935 5564 3030 5617 per
3057 5547 3108 5599 id
3132 5555 3331 5618 tempo-

1743 5662 1817 5718 ris
1836 5662 1984 5733 jussu
2009 5635 2383 5726 imperatorum
2401 5648 2565 5705 deleri
2594 5646 2695 5718 (De
2714 5644 2863 5700 Cons.
2891 5639 3109 5707 Evnng.,
3137 5635 3226 5733 tib:
3255 5637 3312 5733 1-,

1744 5772 1818 5811 cc.
1836 5725 2104 5823 120,27):
2148 5745 2288 5826 quod
2334 5745 2647 5824 argumento
2687 5743 2808 5800 est,
2853 5745 2973 5786 eum
3012 5726 3162 5797 operi
3201 5725 3330 5786 huic
