3838 6270
533 344 636 402 287

531 473 742 516 manum
771 469 872 510 non
903 463 1030 510 ante
1059 453 1219 509 tinent
1242 455 1365 508 anni
1396 447 1752 507 trecentesimi
1770 444 2094 517 nonagesimi

527 552 652 608 noni
700 548 1015 604 admovisse.
1057 545 1253 617 Legem
1294 545 1434 599 enim
1478 543 1578 598 hac
1613 540 1680 596 de
1725 556 1785 595 re
1829 537 2099 609 conceptis

526 642 701 698 verbis
727 641 902 696 datam
932 639 1130 694 nullam
1160 637 1413 692 habemus
1438 635 1503 690 iis
1528 633 1876 704 superiorem,
1905 645 2022 699 qua:
2045 628 2097 683 in

523 734 696 789 Africa
742 732 1089 802 promulgata:
1132 737 1187 784 et
1223 725 1547 782 exsecutioni
1595 723 1854 779 mandatae
1889 721 2100 775 fuerunt

523 840 664 880 anno
712 838 870 893 supra
922 819 1470 890 memoratozquibns
1518 815 1748 870 nondum
1796 811 2098 867 constitutis

525 918 789 974 fatebatur
827 915 1171 986 Augustinus,
1205 927 1311 967 non
1338 910 1500 965 licere
1529 907 1628 962 sibi
1659 906 1940 962 simulacra
1969 917 2097 958 con-

526 1007 778 1078 fringere,
806 1005 906 1060 nisi
930 1004 997 1059 ab
1027 1003 1128 1058 illis
1155 1016 1379 1072 quorum
1401 1015 1463 1055 ea
1492 1006 1664 1058 erant.
1689 994 1909 1050 facultas
1938 992 2096 1048 dare-

528 1107 614 1153 tur
634 1097 826 1169 (Serm.
860 1094 948 1159 62,
977 1109 1021 1146 c.
1054 1093 1142 1158 11,
1169 1108 1221 1145 n.
1253 1089 1510 1161 l7).Cum
1539 1097 1713 1143 autem
1737 1084 1896 1154 hujus
1921 1082 2097 1152 operis

525 1203 718 1257 scopas
747 1187 814 1241 sit
833 1185 1200 1240 demonstrare
1220 1223 1236 1248 ,
1277 1197 1378 1252 qua
1413 1179 1622 1236 ratione
1649 1178 1763 1234 loca
1790 1173 2098 1245 Evangelio-

525 1295 643 1334 rum
685 1279 736 1333 itt
777 1277 1009 1348 speciem
1041 1275 1178 1330 inter
1221 1289 1280 1328 se
1322 1270 1627 1326 dissidentia
1671 1267 1871 1337 possint
1916 1264 2100 1321 conci-

525 1369 639 1424 liari
663 1385 678 1434 ;
708 1367 912 1422 titulum
939 1366 986 1422 ei
1016 1364 1224 1428 indidit,
1251 1362 1330 1415 De
1355 1361 1610 1416 Consensu
1639 1357 2094 1429 Euangelistarum.

527 1459 733 1514 Primus
781 1469 957 1513 tamen
998 1455 1175 1526 operis
1219 1454 1351 1508 liber
1392 1454 1442 1507 in
1487 1453 1554 1508 iis
1592 1449 1927 1506 revinccndis
1956 1457 2099 1502 totus

525 1559 833 1620 occupatur,
865 1549 953 1620 qui
979 1563 1101 1604 cum
1120 1545 1412 1612 Christum,
1445 1555 1694 1613 tauquam
1725 1541 1995 1596 hominem
2021 1555 2100 1594 sa-

527 1643 724 1713 pientia
754 1643 908 1712 longe
939 1656 1050 1711 pra:
1088 1637 1300 1694 exteris
1334 1637 1704 1699 excellentem,
1731 1633 2096 1688 honorandum

525 1748 644 1787 esse
673 1749 776 1786 non
807 1739 1104 1802 negarent,
1159 1726 1448 1797 Evangelio
1488 1736 1663 1781 tamen
1713 1723 1866 1778 fidem
1914 1720 2100 1776 haberi

525 1823 760 1887 nollent,
789 1821 927 1894 quod
955 1836 1057 1875 non
1081 1819 1149 1873 ab
1170 1819 1286 1888 ipso
1301 1818 1511 1874 Christo
1529 1815 1884 1884 conscriptum
1917 1812 2096 1876 fuerit,

527 1915 620 1970 sed
648 1916 714 1970 ab
739 1916 855 1986 ejus
875 1913 1166 1983 discipulis,
1191 1912 1278 1982 qui
1297 1920 1350 1965 et
1365 1910 1671 1979 magistrum
1692 1922 1844 1960 suum
1868 1921 1964 1976 pro
1990 1906 2100 1960 Deo

525 2007 896 2072 obstruserint,
913 2014 967 2060 et
983 2005 1049 2060 de
1068 2003 1290 2060 deorum
1312 2000 1604 2056 abdicando
1623 2001 1784 2065 cultu,
1808 2015 1962 2068 quam
1987 1999 2100 2068 ipse

527 2116 630 2155 non
656 2101 735 2155 eis
773 2099 1077 2154 tradidisset
1117 2096 1410 2150 doctrinam
1439 2093 1785 2163 prazdicarent
1815 2091 1915 2163 (De
1944 2091 2095 2145 Cons.

528 2191 745 2264 Evang.,
771 2191 856 2245 lib.
887 2192 942 2256 2,
973 2191 1169 2261 prolog.
1199 2206 1251 2242 n.
1278 2185 1351 2258 1).
1383 2187 1436 2241 ln
1463 2186 1579 2239 aliis
1609 2199 1735 2254 ergo
1762 2184 1928 2238 tribus
1950 2183 2102 2238 libris

523 2285 753 2340 ostendit
788 2294 1014 2354 quatuor
1039 2283 1400 2351 Evangelistas
1430 2279 1570 2334 inter
1595 2293 1653 2332 se
1689 2291 1956 2346 nunquam
1995 2291 2100 2330 non

522 2377 809 2431 convenire
835 2393 848 2428 :
884 2390 984 2445 qua
1014 2375 1065 2428 in
1097 2374 1274 2444 operis
1306 2381 1452 2442 parte
1484 2371 1706 2424 multum
1734 2384 1910 2436 operre
1935 2383 1997 2422 ac
2027 2368 2103 2421 la-

524 2468 670 2523 boris
689 2483 746 2521 se
767 2466 1164 2534 consumpsiSse
1189 2479 1292 2518 non
1319 2462 1574 2516 diflitetur
1601 2459 1691 2528 (In
1719 2459 1876 2513 Joan.
1901 2460 2097 2528 Euang.

532 2559 720 2614 Tractt.
747 2559 866 2622 112,
913 2558 1058 2627 117).
1089 2557 1372 2612 Enimvero
1410 2554 1689 2609 destitutus
1717 2560 1830 2605 crat
1857 2550 1922 2604 iis
1949 2549 2101 2618 adju-

526 2651 739 2716 mentis,
769 2649 960 2720 quibus
988 2648 1227 2702 instructi
1271 2647 1416 2700 fuere
1440 2651 1697 2714 quotquot
1737 2651 1917 2710 postea
1961 2639 2100 2694 idem

527 2741 650 2796 illud
679 2748 1046 2809 argumentum
1069 2745 1364 2793 tractarunt
1386 2755 1397 2789 :
1422 2736 1508 2806 qui
1537 2743 1712 2789 tamen
1743 2733 1841 2801 ipsi
1867 2731 2104 2801 vestigiis

524 2834 639 2902 ejus
668 2833 990 2898 insistentes,
1015 2831 1097 2886 vix
1123 2831 1408 2901 quidquam
1431 2827 1655 2896 alicujus
1680 2824 1930 2880 momenti
1956 2823 2103 2879 inve-

526 2940 674 2990 nere,
702 2923 844 2993 quod
873 2924 962 2977 ille
989 2940 1092 2976 non
1116 2921 1403 2976 docuisset.

595 3015 649 3068 2.
692 3014 768 3069 Ex
788 3013 1010 3067 eruditis
1039 3010 1342 3078 bujusmodi
1375 3005 1828 3064 lucubrationibus
1856 3017 2098 3072 magnam

525 3105 970 3160 existimationem
994 3103 1100 3173 jam
1131 3102 1438 3172 collegerat,
1466 3114 1586 3153 cum
1616 3097 1682 3152 ad
1710 3112 1828 3152 eum
1855 3106 2102 3166 tanquam

527 3196 796 3251 doctorem
835 3195 1092 3250 eximium
1117 3233 1134 3258 ,
1162 3209 1318 3261 quem
1359 3193 1488 3246 nihil
1529 3191 1747 3255 lateret,
1777 3188 2100 3243 christianus

529 3287 739 3359 quidam
764 3287 958 3355 pietate
976 3285 1216 3354 insignis,
1245 3292 1297 3340 et
1324 3283 1495 3338 eidem
1523 3291 1706 3337 saneto
1734 3281 1941 3335 Doctori
1968 3280 2104 3336 bene

528 3378 773 3448 cognitus
812 3376 1082 3443 (Januario
1125 3389 1317 3430 nomen
1361 3374 1518 3442 erat),
1561 3371 1874 3428 deferendas
1899 3373 2104 3426 curavit

530 3468 704 3523 varias
727 3468 793 3522 de
817 3465 1174 3522 Sacramentis
1196 3474 1251 3520 et
1280 3465 1534 3520 Ecclesiae
1571 3464 1758 3520 ritibus
1801 3463 2102 3532 inquisitio-

532 3576 645 3616 nes.
667 3559 798 3614 Cum
823 3558 1098 3628 permulta:
1125 3559 1228 3612 ill-.e
1253 3566 1432 3613 essent
1456 3557 1878 3620 commonitorio,
1910 3556 1984 3610 nti
2007 3571 2103 3610 vo-

531 3657 711 3712 catur,
755 3647 980 3718 quudam
1023 3646 1462 3717 comprehensa),
1508 3647 1735 3716 primum
1771 3645 1984 3716 quidem
2015 3644 2103 3699 uni

532 3741 649 3808 ejus
669 3740 968 3810 qumstioni,
991 3740 1246 3802 omnium,
1271 3742 1315 3793 si
1336 3737 1577 3792 ordinem
1601 3746 1832 3807 spectes,
1858 3736 2098 3806 principi,

530 3833 596 3886 ab
628 3831 915 3896 Augustino
941 3846 1250 3900 responsum
1277 3837 1386 3890 est,
1410 3845 1510 3899 qua
1535 3827 1775 3883 videlicet
1813 3827 2106 3896 inquirebat

529 3922 652 3993 quid
683 3938 776 3991 per
803 3921 1040 3990 quintam
1072 3921 1253 3976 feriam
1286 3922 1485 3975 ultima:
1509 3919 1853 3975 hebdomadis
1878 3920 2105 3987 Quadra-

533 4013 746 4082 gesima:
778 4012 890 4067 fieri
912 4013 1134 4079 debeat;
1164 4029 1230 4066 an
1255 4011 1581 4067 offerendum
1617 4013 1687 4066 sit
1723 4027 1876 4066 mane
1902 4021 1954 4067 et
1982 4028 2102 4066 rur-

531 4117 622 4157 sus
649 4113 766 4173 post
791 4119 1026 4169 caenam;
1058 4119 1124 4157 an
1150 4103 1516 4172 jejunandum,
1543 4113 1595 4158 et
1619 4113 1737 4173 post
1756 4118 1961 4158 coenam
1988 4110 2104 4157 tan-

535 4197 804 4250 tummodo
833 4195 1196 4259 oll'crendum;
1225 4211 1292 4248 an
1318 4196 1476 4250 etiam
1502 4195 1846 4265 jejunandum
1865 4237 1878 4259 ,
1905 4205 1956 4250 et
1986 4201 2106 4264 post

532 4287 846 4342 oblationem
869 4329 882 4353 ,
912 4286 1048 4341 sicut
1071 4287 1242 4342 facere
1263 4287 1495 4342 solemus
1517 4327 1532 4352 ,
1577 4287 1862 4357 inquiebat,
1885 4303 2101 4343 caenan-

529 4377 652 4432 dum
671 4377 864 4450 (Epist.
882 4378 970 4443 5-1,
985 4395 1028 4432 c.
1049 4378 1101 4441 5,
1121 4395 1173 4431 .
1196 4378 1274 4449 6).
1288 4377 1507 4432 Caeterze
1523 4388 1698 4434 autem
1717 4379 2033 4450 qtnestiones
2049 4380 2100 4434 in

529 4473 669 4529 aliud
699 4483 905 4541 tempus
942 4471 1118 4526 dilata:
1145 4479 1290 4526 sunt.
1319 4468 1448 4525 Cum
1479 4487 1607 4526 vero
1633 4470 1920 4527 Januarius
1944 4472 2102 4542 longo

528 4575 647 4635 post
673 4573 908 4632 tempore
933 4578 1026 4633 per
1054 4562 1256 4617 litteras
1279 4576 1400 4616 eum
1431 4570 1663 4632 rogasset
1689 4604 1704 4628 ,
1737 4577 1802 4616 ne
1833 4562 1938 4616 illis
1965 4575 2098 4632 quo-

528 4669 630 4725 que
653 4652 956 4709 satisfacere
983 4663 1310 4725 gravaretur,
1337 4664 1550 4708 sanctus
1571 4653 1864 4723 Episcopus
1886 4653 2096 4718 multas,

528 4743 718 4815 quibus
749 4753 873 4798 tunc
901 4743 1314 4813 distringebatur
1333 4784 1349 4809 ,
1377 4745 1747 4813 occupationes
1778 4742 2060 4797 intermisit
2081 4785 2096 4808 ,

528 4848 634 4904 quo
662 4833 898 4902 ejusdem
923 4832 1118 4902 optatis
1143 4833 1306 4888 altera
1336 4834 1457 4889 data
1487 4835 1708 4904 cpistola
1737 4849 1829 4888 seu
1862 4834 1994 4888 libro
2029 4833 2098 4888 ad

528 4937 648 4976 eum
699 4920 934 4977 secundo
974 4922 1320 4993 responderet
1363 4922 1552 4993 (Epist.
1583 4923 1672 4987 55,
1702 4939 1753 4976 n.
1779 4922 1852 4994 1).
1882 4922 1935 4976 ld
1963 4923 2099 4978 inter

527 5021 715 5068 cretera
743 5012 1108 5068 sciscitabatur
1149 5012 1460 5078 Januarius,
1503 5029 1601 5067 cur
1625 5028 1729 5067 non
1757 5029 1967 5082 semper
1994 5029 2097 5068 una

527 5103 822 5174 eademque
845 5103 954 5169 die,
986 5105 1433 5175 quemadmodum
1461 5103 1662 5159 Natalis
1689 5104 1915 5168 Domini,
1949 5105 2019 5159 ita
2045 5114 2099 5161 et

526 5195 800 5252 Pascbatis
820 5194 1012 5252 festum
1037 5197 1422 5261 celebraretur;
1445 5210 1605 5251 curve
1625 5195 1676 5250 in
1701 5195 1799 5249 hac
1817 5197 2096 5252 statuenda

523 5302 581 5342 re
601 5286 970 5343 observaretur
995 5287 1272 5343 sabbatum
1294 5295 1349 5342 et
1377 5287 1504 5342 luna
1529 5285 1669 5357 (Ibid
1678 5326 1714 5352 .,
1734 5303 1786 5340 .
1811 5286 1890 5357 2).
1920 5285 1975 5342 ln
1997 5303 2094 5358 ge-

522 5377 680 5434 minis
707 5378 854 5434 hisce
882 5377 1033 5433 libris
1066 5377 1134 5433 de
1169 5377 1640 5432 consuetudinibus
1678 5378 1858 5433 multis
1891 5380 2092 5449 agitur,

523 5486 642 5541 qua:
670 5471 752 5526 vel
777 5471 828 5524 in
869 5470 1112 5524 omnibus
1132 5509 1148 5534 ,
1173 5469 1258 5524 vel
1285 5470 1454 5526 solum
1486 5471 1538 5525 in
1568 5470 1880 5542 quibusdam
1907 5472 2093 5528 Eccle-

518 5561 615 5618 siis
657 5561 984 5618 obtinebant.
1030 5559 1231 5626 Quibus
1282 5561 1554 5630 explicatis
1598 5563 1918 5633 Augustinus
1944 5565 2092 5634 operi

522 5650 681 5707 tinem
715 5650 940 5721 imponit
967 5649 1021 5706 in
1046 5649 1161 5705 bare
1189 5650 1346 5707 verba
1372 5669 1384 5706 :
1412 5651 1536 5707 "(Bc
1564 5655 1653 5708 tibi
1677 5654 1722 5709 si
1751 5656 1871 5710 satis
1899 5671 2004 5710 esse
2023 5656 2094 5710 ad

523 5757 581 5794 ea
623 5758 737 5811 qua
789 5742 1036 5811 requisisti
1065 5757 1165 5795 non
1195 5744 1442 5811 putaueris
1461 5786 1474 5811 ,
1503 5747 1650 5801 nimis
1677 5745 1879 5811 iqnoras
1901 5756 1946 5801 et
1966 5747 2092 5802 vires

1642 332 1795 389 VITA
1834 332 1891 388 S.
1931 328 2292 389 AUGUSTINI
2333 326 2650 386 EPISCOPL

2206 451 2251 496 et
2275 445 2624 512 occupationes
2672 459 2828 497 meas.
2862 443 3076 498 Tantum
3102 447 3233 499 enim
3257 447 3431 501 absum
3455 449 3517 503 ab
3545 465 3630 517 eo,
3655 458 3770 521 quod

2207 535 2428 605 putasti,
2459 533 2588 588 nihil
2613 551 2692 588 me
2710 535 2887 600 latere,
2917 548 2970 591 ut
2990 537 3117 592 nihil
3144 539 3196 593 in
3218 539 3430 610 epistola
3458 551 3546 595 tua
3577 543 3768 614 legerim

2207 628 2442 692 tristius;
2483 628 2603 695 quia
2647 637 2693 682 et
2728 631 3038 700 apertissime
3071 631 3257 702 falsum
3291 640 3397 698 est;
3423 642 3467 686 et
3491 635 3652 688 miror
3665 639 3766 704 quia

2205 719 2299 772 hoc
2323 728 2371 774 te
2397 719 2548 786 latet,
2593 721 2730 790 quod
2767 737 2867 775 non
2901 722 3065 777 solum
3090 722 3143 776 in
3177 724 3293 778 aliis
3331 725 3762 785 innumerabilibus

2205 811 2351 866 rebus
2380 813 2541 865 multa
2571 829 2648 866 me
2677 814 2864 880 latent,
2893 813 2981 868 sed
3004 816 3155 869 etiam
3175 816 3226 871 in
3255 817 3379 887 ipsis
3413 821 3604 874 sanctis
3633 821 3761 876 Scri-

2205 903 2366 971 pturis
2390 903 2546 957 multo
2567 904 2785 958 nesciam
2809 907 2961 976 plura
2984 923 3134 977 quam
3152 909 3327 963 sciant.
3361 910 3468 965 Sed
3494 911 3613 966 ideo
3643 930 3762 984 spem

2205 991 2257 1046 in
2287 994 2487 1047 nomine
2512 993 2695 1050 Christi
2722 1012 2822 1050 non
2857 997 3222 1064 infructuosam
3246 1017 3385 1072 gero,
3417 1003 3538 1070 quia
3564 1021 3663 1059 non
3689 1024 3759 1060 sa-

2206 1086 2311 1139 lum
2338 1085 2528 1139 credidi
2562 1085 2666 1139 Deo
2705 1103 2814 1140 meo
2834 1127 2849 1152 ,
2890 1088 2942 1141 in
2980 1086 3083 1143 illis
3109 1088 3300 1146 duobus
3338 1095 3602 1164 praceptis
3626 1105 3757 1154 lotam

2206 1174 2390 1246 Legem
2421 1174 2796 1248 Prop/tetasque
2823 1178 3040 1248 pendere
3058 1220 3072 1243 ,
3101 1180 3190 1234 sed
3217 1181 3366 1234 etiam
3387 1196 3623 1253 expertus
3643 1205 3755 1256 sum,

2206 1267 2528 1337 experiorque
2546 1269 2800 1338 quotidie;
2820 1270 3220 1341 quandoquidem
3242 1273 3438 1328 nullum
3460 1276 3586 1330 mihi
3607 1294 3756 1333 sacra-

2205 1368 2426 1411 mentum
2450 1367 2536 1411 aut
2561 1359 2744 1424 aliquis
2769 1377 2929 1414 sermo
2947 1363 3218 1417 admodum
3238 1363 3497 1420 obscurior
3520 1367 3585 1421 de
3614 1375 3750 1426 sacris

2205 1448 2406 1504 Litteris
2421 1452 2663 1521 aperitur,
2685 1453 2770 1508 ubi
2787 1470 2884 1510 non
2897 1456 3071 1510 eadem
3089 1469 3339 1530 precepta
3355 1462 3606 1531 reperiant
3623 1479 3641 1517 :
3659 1467 3757 1533 nis

2206 1543 2337 1595 enim
2362 1545 2597 1614 praecepti
2619 1554 2691 1599 est
2715 1546 2936 1602 charitas
2962 1545 3144 1622 (Ibid.,
3176 1568 3222 1604 c.
3253 1551 3346 1619 20,
3376 1569 3430 1606 n.
3459 1554 3573 1624 38).
3604 1555 3752 1612 Libris

2206 1631 2391 1688 iisdem
2417 1634 2483 1688 ad
2508 1634 2814 1692 Januarium
2841 1653 2982 1692 anno
3006 1640 3218 1695 circiter
3252 1643 3753 1713 quadringentesimo

2206 1726 2517 1794 conscriptis
2552 1727 2876 1796 Augustinus
2906 1729 3146 1798 proxime
3180 1730 3448 1802 subjungit
3479 1733 3666 1789 librum
3698 1737 3750 1792 de

2205 1815 2378 1886 Opere
2403 1819 2778 1886 monachorum
2806 1821 3052 1893 (Retract.
3083 1824 3168 1877 lib.
3194 1825 3248 1891 2,
3276 1843 3390 1898 cap.
3415 1825 3532 1900 21).

2277 1911 2330 1964 '5.
2371 1909 2539 1982 Supra
2559 1912 2803 1974 vidimus,
2834 1915 3138 1971 tnonastica:
3181 1917 3302 1971 vita:
3343 1918 3638 1974 institutum
3677 1938 3749 1990 [:cr

2206 1999 2437 2056 Africam
2469 2018 2498 2055 a
2528 2017 2634 2072 quo
2660 2012 2896 2073 tempore
2917 2005 2970 2060 in
2991 2021 3108 2061 eam
3133 2007 3258 2062 illud
3281 2009 3584 2078 importavit
3604 2011 3750 2080 ibique

2207 2109 2421 2150 servare
2459 2098 2622 2166 cmpit
2667 2098 3021 2167 Augustinus,
3052 2100 3230 2155 multis
3256 2101 3388 2158 locis
3416 2103 3563 2158 brevi
3589 2119 3748 2176 propa-

2207 2196 2383 2256 gatum
2436 2186 2620 2242 fuisse.
2671 2189 2904 2245 Plurima
2946 2190 3265 2262 Carthagine
3308 2195 3628 2250 monasteria
3653 2212 3750 2249 mor

2209 2276 2433 2330 excitata
2458 2286 2580 2332 sunt
2606 2296 2618 2331 :
2651 2278 2702 2332 in
2732 2279 2921 2348 quibus
2958 2289 3134 2335 tamen
3161 2297 3266 2336 non
3293 2299 3395 2338 una
3425 2284 3640 2338 omnino
3657 2285 3750 2339 vite

2210 2365 2375 2420 forma
2397 2368 2693 2422 tenebatur.
2738 2369 2837 2424 Alii
2873 2371 3130 2440 siquidem
3171 2372 3426 2441 Apostolo
3455 2375 3748 2444 prtecipienti

2209 2473 2415 2514 morem
2445 2469 2693 2530 gerentes
2712 2502 2726 2528 ,
2755 2463 2968 2532 p'roprio
2994 2463 3188 2520 sudore
3215 2465 3410 2520 vietum
3437 2467 3540 2521 sibi
3567 2481 3750 2536 compa-

2210 2547 2416 2603 rabant.
2441 2550 2545 2604 Alii
2573 2566 2634 2604 co
2651 2562 2760 2605 atra
2787 2566 2845 2606 se
2873 2553 3078 2622 piorum
3099 2551 3373 2609 hominum
3403 2554 3636 2609 donariis
3655 2571 3749 2609 sus-

2213 2639 2400 2694 tentari
2456 2641 2739 2704 malebant,
2768 2643 2834 2698 ab
2859 2643 3001 2697 omni
3036 2643 3243 2705 labore,
3274 2660 3380 2715 quo
3403 2645 3507 2700 sibi
3536 2661 3749 2701 necessa-

2211 2729 2287 2783 ria
2313 2731 2682 2802 providerent,
2711 2733 3120 2803 supersedentes
3146 2752 3158 2786 :
3187 2734 3346 2806 idque
3375 2751 3482 2790 non
3507 2737 3642 2807 quod
3666 2736 3748 2790 ullo

2210 2821 2572 2876 ecclesiastico
2610 2823 2904 2878 ministerio
2947 2833 3364 2895 occuparentur,
3409 2836 3469 2880 ut
3493 2826 3642 2881 altari
3665 2842 3750 2880 ser-

2209 2912 2413 2968 vientes
2452 2914 2574 2968 inde
2621 2915 2808 2970 merito
2834 2916 2933 2971 sibi
2957 2915 3274 2986 stipendium
3305 2919 3658 2988 postularent;
3683 2927 3750 2970 aut

2209 3003 2348 3073 quod
2379 3003 2600 3058 delicate
2621 3020 2683 3060 ac
2711 3006 2940 3061 molliter
2958 3005 3164 3062 educati
3189 3048 3204 3072 ,
3237 3023 3342 3062 non
3363 3019 3541 3064 essent
3566 3009 3748 3064 ferendo

2211 3111 2459 3149 manuum
2491 3096 2656 3151 labori
2683 3113 2874 3167 pares;
2901 3099 3096 3168 quippe
3121 3099 3208 3169 qui
3235 3099 3286 3154 in
3316 3099 3616 3156 sodalitium
3645 3117 3746 3156 sau-

2211 3194 2352 3239 ctum
2383 3187 2687 3252 coiverant,
2714 3188 2803 3243 ubi
2831 3188 2997 3243 multo
3021 3189 3366 3245 abundabant
3409 3193 3552 3257 otio,
3598 3201 3648 3246 ct
3680 3208 3748 3245 en-

2211 3292 2328 3330 rum
2363 3277 2603 3348 plerique
2646 3279 2770 3334 illuc
2796 3294 2826 3333 a
2857 3281 2961 3335 vita
2986 3281 3312 3350 gravissimis
3333 3281 3600 3338 laboribus
3625 3298 3746 3336 excr-

2211 3367 2313 3421 cita
2342 3377 2616 3423 venerant.
2647 3369 2716 3423 At
2743 3384 2869 3425 vero
2909 3371 3076 3427 multo
3110 3370 3298 3426 melius
3333 3387 3457 3429 esse
3487 3373 3613 3443 ipsis
3637 3373 3748 3426 vidc-

2211 3460 2386 3526 batur,
2419 3461 2747 3516 orationibus
2771 3469 2825 3516 et
2856 3461 3072 3531 psalmis
3097 3471 3151 3518 et
3176 3463 3388 3518 lectioni
3418 3480 3625 3529 vacare,
3660 3476 3745 3519 stu-

2211 3549 2301 3604 dio
2325 3567 2533 3622 quoque
2555 3551 2859 3608 incumbere
2888 3568 2951 3608 ac
2975 3553 3302 3609 meditationi
3326 3557 3474 3611 verbi
3506 3558 3618 3616 Dei,
3637 3555 3745 3626 quod

2213 3641 2547 3696 venientibus
2583 3641 2648 3696 ad
2679 3657 2738 3697 se
2758 3657 2822 3698 ex
2851 3642 2956 3697 alio
2976 3658 3171 3714 genere
3196 3646 3317 3699 vita:
3345 3645 3592 3701 fratribus
3617 3661 3746 3717 qttan-

2213 3733 2386 3803 doque
2426 3733 2748 3802 erogandum
2780 3744 2942 3804 atque
2967 3735 3334 3805 exponendum
3364 3747 3537 3802 esset;
3567 3753 3626 3794 ac
3651 3735 3746 3792 illud

2213 3824 2427 3880 demum
2470 3841 2572 3879 non
2600 3826 2870 3894 Operando
2914 3827 3136 3896 implere
3177 3837 3507 3895 statuerant,
3548 3829 3676 3900 quod
3709 3829 3745 3881 in

2214 3916 2504 3986 Evangelia
2546 3915 2613 3972 de
2657 3915 3056 3972 considerandis
3101 3918 3406 3974 volatilibus
3432 3930 3487 3976 et
3513 3920 3633 3975 liliis
3663 3917 3746 3988 agn

2209 4009 2536 4079 praecipitur,
2569 4023 2688 4078 qure
2727 4024 2900 4078 neque
2924 4010 3208 4074 seminant,
3243 4025 3412 4080 neque
3440 4020 3666 4066 metunt:
3689 4016 3747 4062 ta-

2211 4101 2364 4157 metsi
2394 4100 2461 4155 de
2500 4101 2602 4156 hoc
2646 4099 2789 4170 quod
2834 4100 3108 4170 adjicitur,
3149 4117 3321 4174 neque
3361 4111 3670 4174 congregant
3708 4100 3744 4152 in

2215 4195 2501 4265 apothecas
2534 4193 2744 4266 (Matth.
2773 4194 2828 4261 6,
2857 4194 2986 4265 26),
3032 4194 3208 4250 minus
3232 4195 3478 4262 solliciti,
3509 4210 3665 4266 penus
3685 4206 3744 4246 rc-

2211 4287 2500 4342 condenda:
2521 4278 2701 4342 curam
2723 4286 3128 4356 haudquaquam
3158 4287 3513 4358 abjecissent;
3539 4287 3642 4342 imo
3662 4283 3743 4338 vel-

2207 4379 2320 4434 lent
2345 4393 2532 4432 manus
2561 4378 2754 4434 habere
2781 4379 3002 4446 otiosas,
3030 4391 3083 4434 et
3103 4381 3412 4450 repositoria
3443 4381 3612 4450 plena.
3638 4376 3742 4443 Qui-

2208 4485 2438 4539 cumque
2476 4485 2603 4524 vero
2629 4469 2697 4524 ab
2724 4485 2972 4524 manuum
3011 4485 3184 4542 opere
3224 4471 3302 4526 sic
3344 4473 3626 4536 vacabant,
3649 4481 3740 4523 cum

2208 4560 2308 4630 ipsi
2337 4560 2593 4615 deberent
2617 4561 2699 4617 vel
2723 4561 2986 4632 propriam
3017 4562 3256 4631 corporis
3277 4561 3655 4626 infirmitatem,
3680 4556 3742 4612 vel

2209 4666 2358 4705 suam
2402 4650 2635 4720 ipsorum
2675 4651 2930 4708 desidiam
2960 4667 3283 4723 agnoscere,
3329 4667 3448 4709 sese
3477 4654 3540 4708 iis
3567 4651 3740 4724 potius,

2206 4746 2295 4817 qui
2335 4745 2641 4816 quolidiano
2685 4746 2924 4817 duroque
2970 4747 3150 4802 labore
3191 4747 3388 4801 victum
3441 4750 3738 4817 quzerercnt,

2207 4835 2616 4906 anteponebant.
2648 4836 2780 4891 llinc
2800 4842 2957 4906 porro
2978 4837 3144 4892 sancti
3169 4836 3422 4908 prmsules
3440 4837 3739 4893 verebantur.

2206 4933 2266 4980 ut
2308 4927 2416 4980 veri
2463 4927 2737 4990 monachi,
2791 4928 2881 4997 qui
2929 4929 3089 4981 vitam
3129 4943 3196 4983 ex
3235 4929 3464 4983 sanioris
3499 4928 3612 4983 vit:e
3635 4938 3743 4996 prm-

2205 5016 2402 5087 scripto
2427 5032 2577 5070 suam
2620 5016 2917 5087 dirigebant
2937 5057 2951 5083 ,
2996 5015 3169 5072 fallaci
3198 5017 3414 5074 demum
3443 5017 3642 5090 pietatis
3672 5027 3742 5067 su

2205 5107 2466 5162 blimioris
2505 5107 2682 5177 Specie
2717 5107 2782 5162 ad
2826 5107 3067 5163 inertiam
3108 5109 3514 5179 pellicerentur;
3558 5111 3741 5176 urgente

2204 5199 2496 5268 praesertim
2525 5197 2860 5264 verecundia,
2891 5213 3010 5253 cum
3036 5198 3350 5255 infractores
3377 5197 3638 5271 Evangelii
3663 5194 3738 5248 ha-

2203 5288 2318 5344 beri
2342 5305 2400 5345 se
2423 5289 2791 5359 conspicerent
2814 5289 2953 5360 apud
2979 5289 3272 5360 imperitos.
3298 5289 3562 5346 Praeterea
3589 5287 3650 5343 ab
3670 5283 3737 5340 illa

2204 5395 2389 5436 eorum
2409 5380 2617 5436 vivendi
2643 5381 2847 5436 ratione
2873 5381 3160 5436 auctoritas
3183 5380 3480 5438 addebatur
3500 5373 3738 5437 monachis

2201 5471 2533 5541 errabundis,
2561 5473 2652 5544 qui
2681 5473 2746 5528 ad
2771 5472 3097 5545 operandam
3123 5473 3299 5544 quiete
3322 5488 3388 5529 ac
3410 5473 3617 5529 silentio
3641 5477 3735 5524 cum

2203 5564 2380 5621 induci
2412 5581 2517 5620 non
2545 5574 2796 5636 possent,
2831 5565 3035 5636 plebem
3076 5565 3382 5620 monastica:
3411 5566 3574 5620 vestis
3606 5573 3738 5616 vene-

2200 5656 2407 5712 ratione
2450 5662 2656 5726 captam
2701 5655 3052 5721 deludebant,
3095 5654 3254 5710 variis
3295 5652 3569 5710 fraudibus
3606 5659 3735 5718 atque

2201 5744 2423 5801 fallaciis
2447 5745 2512 5800 ad
2533 5744 2888 5801 eorradendas
2911 5744 3160 5816 pecunias
3179 5744 3235 5801 in
3254 5758 3522 5801 summum
3547 5735 3734 5800 instituti
