3868 6400
20 314 212 394 asa

31 430 387 504 gnenastici
411 429 652 486 dedecus
680 428 984 486 abutentes.
1008 426 1134 483 Erat
1160 442 1370 498 quoque
1399 426 1451 482 id
1477 427 1528 482 in
1555 443 1616 482 ea
1645 443 1703 484 re

49 538 364 610 ρει-φησι
403 522 692 578 molestum
714 565 730 589 ,
762 523 904 594 quod
933 520 1232 589 complures
1255 535 1284 576 e
1310 519 1565 575 laicorum
1595 535 1696 574 nu-

61 632 277 685 ‘nero,
307 616 397 687 qui
425 615 676 670 laudabili
706 615 980 671 charitatis
1010 613 1261 668 instinctu
1290 611 1476 667 iisdem
1500 626 1690 667 neces-

75 709 248 772 saria
275 708 644 778 providebant,
669 707 908 778 ipsorum
935 705 1094 761 etiam
1114 702 1374 760 desidiam
1405 701 1698 759 defenden-

85 805 233 862 dam
278 803 644 871 susciperem,
693 814 818 855 cum
862 798 931 854 ab
969 797 1088 853 aliis
1130 807 1314 853 contra
1355 797 1698 853 damnaretur

97 897 293 956 istinc
317 894 523 951 vivendi
554 895 714 949 ratio.
756 892 891 949 Hinc
919 907 1079 964 porro
1105 905 1296 963 graves
1325 899 1529 947 exorta:
1558 890 1696 946 inter

105 1005 212 1045 eos
231 987 625 1050 controversia,
649 985 842 1058 quibus
869 985 1166 1056 agitabatur
1193 982 1451 1039 Ecclesia.
1473 984 1550 1038 Ex
1579 983 1694 1038 istis

106 1083 325 1151 insuper
369 1077 653 1133 desidiosis
699 1086 890 1142 erant,
943 1077 1032 1146 qui
1075 1091 1282 1130 comam
1331 1085 1516 1132 contra
1544 1075 1692 1131 Pauli

110 1177 312 1244 iussum
334 1171 532 1226 nutrire
551 1168 827 1235 solerent;
857 1183 920 1224 ac
948 1168 1185 1224 nonnulli
1219 1166 1432 1238 quidem
1458 1181 1565 1222 non
1588 1167 1694 1223 alio

124 1267 245 1330 line,
271 1264 367 1320 nisi
389 1278 490 1334 quo
510 1261 767 1332 majorem
793 1261 893 1317 sibi
912 1260 1253 1332 acquirerent
1275 1257 1689 1327 venerationem,

125 1367 183 1412 et
204 1355 483 1411 uberiorem
507 1363 774 1424 qutestum
802 1351 1105 1422 huiusmodi
1134 1350 1449 1405 humilitatis
1475 1348 1692 1404 simula-

131 1461 262 1504 tione
288 1448 531 1503 facerent.
574 1447 631 1502 In
656 1446 759 1501 hoc
788 1446 976 1501 vitium
1003 1447 1248 1501 monachi
1287 1455 1483 1502 caetera
1521 1446 1689 1502 sancti

132 1540 430 1605 admodum,
459 1547 619 1608 atque
649 1538 718 1593 ab
754 1537 1019 1608 episcopis
1065 1537 1223 1608 longe
1265 1537 1692 1608 prudentissimis

133 1647 308 1703 magno
350 1632 402 1686 in
446 1632 650 1685 honore
699 1630 867 1684 habiti
914 1629 1489 1700 collabebanturzqua
1537 1629 1691 1700 culpa

133 1725 400 1780 Ecclesiam
441 1722 858 1794 perturbabant,
900 1721 1366 1792 periculosissimis
1400 1723 1692 1779 dissensio-

133 1817 276 1872 nibus
295 1817 343 1871 in
364 1831 422 1871 ea
442 1815 756 1880 concitatis;
789 1829 910 1869 cum
953 1814 1090 1870 inter
1119 1813 1445 1869 orthodoxos
1471 1814 1591 1880 alii,
1623 1829 1691 1870 ne

133 1907 270 1961 viros
295 1916 430 1961 tanta
465 1904 831 1961 sanctimoniae
865 1903 1004 1960 fama
1049 1904 1311 1975 pollentes
1336 1904 1686 1973 damnarent,

115 1998 188 2052 in
225 1997 440 2053 alienam
476 1995 788 2052 sententiam
833 2010 1092 2067 expressa
1122 1995 1270 2050 Pauli
1314 1997 1477 2052 verba
1506 1995 1689 2052 detor—

127 2107 296 2162 quere
317 2100 642 2162 cogerentur;
672 2089 764 2144 alii
809 2087 1105 2161 legitimum
1146 2088 1437 2160 Scriptura:
1471 2104 1689 2144 sensum

121 2183 351 2240 :Inallent
389 2182 670 2250 defendere,
717 2197 880 2253 quam
923 2183 1166 2253 cuiquam
1199 2181 1474 2237 hominum
1501 2197 1689 2237 assen-

123 2275 251 2329 lari.
291 2275 533 2343 Quoniam
559 2273 814 2330 Ecclesia:
841 2272 1274 2343 Carthaginensis
1299 2273 1468 2328 turbae
1490 2271 1556 2327 ad
1583 2273 1692 2327 An-

117 2369 304 2424 xelium
323 2409 339 2434 ,
366 2376 539 2438 utpote
567 2366 708 2422 illius
739 2365 1032 2421 antistitem
1055 2408 1070 2432 ,
1101 2381 1214 2436 pm
1240 2365 1449 2420 caneris
1473 2376 1686 2435 specta-

121 2459 264 2526 Ibant,
289 2459 332 2514 is
352 2460 716 2530 Augustinum,
747 2459 800 2513 in
829 2458 965 2512 hanc
987 2474 1100 2513 rem
1131 2458 1330 2529 aliquid
1352 2457 1550 2528 scripto
1570 2459 1693 2514 ede-

139 2558 230 2615 ret,
251 2549 478 2620 rogavit:
512 2565 577 2605 ac
615 2558 833 2604 sanctus
859 2549 947 2604 ille
975 2548 1082 2613 Vir,
1117 2549 1208 2619 qui
1232 2549 1582 2604 monasticam
1610 2549 1693 2604 in-

139 2641 366 2705 stitutum,
395 2642 532 2697 sicut
555 2642 610 2696 in
635 2641 853 2712 reliquis
882 2641 1027 2696 orbis
1053 2641 1330 2696 christiani
1357 2641 1684 2712 regionibus,

141 2731 198 2786 ita
213 2748 296 2804 per
313 2734 606 2790 universam
633 2731 868 2788 Africam
894 2732 1118 2788 diﬁ'undi
1142 2734 1486 2790 vehementer
1508 2736 1693 2806 cupie-

141 2823 243 2891 bat,
278 2825 640 2882 demandatam
687 2827 788 2882 sibi
825 2825 894 2882 ab
922 2841 987 2882 eo
1017 2827 1344 2896 provinciam
1387 2825 1488 2881 hoc
1514 2827 1690 2882 minus

141 2918 286 2988 potuit
312 2933 584 2986 recusare,
611 2917 754 2989 quod
780 2933 809 2971 a
830 2911 1045 2972 Christo
1070 2917 1186 2988 ipso
1212 2915 1264 2972 id
1294 2915 1439 2972 illius
1467 2931 1560 2972 ore
1589 2917 1689 2972 sibi

143 3007 355 3079 imperari
391 3025 494 3065 non
534 3008 823 3064 dubitaret.
873 3007 1228 3078 Scriptionem
1267 3023 1395 3078 ergo
1438 3006 1582 3062 illam
1623 3007 1692 3062 ad

143 3097 496 3170 rubrguendos
516 3100 719 3171 pigros,
743 3114 863 3171 qua:
887 3097 966 3152 De
990 3097 1154 3170 Opere
1173 3099 1533 3153 monachorum
1553 3113 1692 3170 prte-

139 3199 354 3259 uotatur,
391 3192 722 3249 elucubravit
751 3210 764 3247 :
798 3194 897 3247 sub
932 3193 1083 3261 cujus
1112 3190 1273 3247 linem
1301 3191 1570 3247 Aurelium
1597 3208 1691 3247 ro-

137 3290 232 3352 aut,
253 3283 294 3338 si
313 3283 430 3354 quid
454 3285 505 3338 in
531 3298 594 3340 ea
615 3283 702 3338 vel
725 3282 1159 3354 expungendum,
1189 3283 1274 3339 vel
1305 3282 1690 3338 immutandum

136 3373 541 3445 deprehenderit,
573 3375 627 3431 id
650 3375 752 3431 sibi
784 3391 850 3430 ne
868 3387 1119 3447 gravetur
1145 3376 1462 3448 signiﬁcare.
1493 3375 1691 3432 Reclu-

137 3481 309 3522 sorum
333 3509 348 3534 ,
387 3477 441 3522 ut
475 3477 703 3536 vocant,
745 3468 980 3540 atquein
1010 3468 1092 3524 his
1111 3510 1126 3536 ,
1156 3485 1342 3526 eorum
1368 3485 1577 3541 quoque
1603 3470 1692 3541 qui

136 3555 400 3613 laboribus
425 3561 564 3614 nullis
591 3559 891 3627 vacabant,
938 3560 1262 3615 mentionem
1309 3561 1361 3615 in
1402 3560 1504 3616 hoc
1552 3559 1693 3615 libro

128 3647 257 3703 facit
306 3649 649 3708 honoriﬁcam.
702 3651 800 3707 Hic
837 3652 998 3708 etiam
1046 3653 1098 3708 id
1147 3655 1404 3725 temporis
1445 3653 1689 3709 obortam

123 3737 262 3794 inter
282 3755 340 3795 se
362 3756 418 3796 ac
441 3741 816 3816 Hieronymum
847 3741 914 3799 de
934 3742 1094 3799 Petro
1117 3753 1172 3800 ct
1199 3743 1364 3800 Paulo
1389 3753 1696 3801 controver-

119 3827 246 3884 siam
275 3829 480 3889 indicat.

745 3927 970 3985 CAPUT
1012 3929 1076 3984 ll.

138 4009 157 4066 1
209 4015 488 4088 Crispinum
541 4017 929 4076 Donatistarum
992 4022 1282 4094 episcopum
1343 4023 1690 4080 Calamensem

188 4123 364 4183 urget,
399 4123 452 4169 ut
493 4115 695 4186 scriptis
719 4116 850 4169 inter
876 4131 932 4169 se
956 4115 1195 4187 confectis
1225 4124 1465 4170 tractetur
1481 4117 1689 4188 quwstio

190 4205 251 4257 de
278 4223 426 4262 causa
450 4210 754 4265 schismatis.
786 4209 823 4263 2
850 4208 929 4264 De
947 4210 1122 4263 eadem
1150 4211 1426 4280 qua'stione
1453 4228 1564 4265 cum
1581 4210 1692 4266 Cla-

181 4299 343 4352 rentio
367 4318 450 4371 per
479 4302 671 4356 litteras
703 4302 770 4355 at!
803 4300 1164 4355 Naucelionem
1207 4311 1363 4372 agunt
1403 4301 1616 4373 Alypius
1644 4313 1690 4358 et

181 4391 500 4460 Augustinus.
544 4395 578 4449 ὅ
627 4393 725 4448 llic
765 4394 1059 4450 Severinum
1089 4395 1514 4466 consanguineum
1543 4413 1690 4450 suum

177 4482 239 4533 ab
286 4485 541 4540 schismate
576 4487 772 4558 eripere
808 4486 995 4540 studet.
1036 4487 1072 4540 4
1110 4485 1192 4539 Ad
1231 4484 1539 4540 Umerorum
1563 4489 1689 4542 scri-

181 4572 254 4622 bit
283 4616 300 4636 ,
338 4592 393 4630 ne
415 4578 556 4633 illudi
579 4580 676 4634 sibi
707 4580 934 4650 patiatur
963 4595 994 4632 a
1021 4579 1309 4650 presbytero
1346 4581 1560 4651 quodam
1583 4580 1689 4636 Do-

180 4663 386 4719 natista.

180 4753 236 4808 1.
284 4753 584 4816 lndefessam
615 4762 775 4816 simul
801 4778 900 4834 per
921 4762 972 4817 id
996 4763 1248 4832 temporis
1268 4762 1425 4818 dabat
1446 4779 1686 4834 operam,

119 4852 162 4895 ut
214 4851 480 4908 catholica:
527 4854 746 4909 unitatis
797 4854 998 4910 amicos
1043 4855 1353 4910 conciliaret
1405 4856 1682 4911 Ecclesiae.

122 4927 241 4992 Nam
280 4955 342 4996 eo
364 4954 600 5016 spectant
628 4947 832 5017 aliquot
869 4962 975 5002 non
1016 4963 1193 5018 parva:
1235 4947 1391 5002 molis
1422 4949 1687 5004 volumina

124 5024 319 5089 Circitcr
337 5033 468 5092 hunc
489 5039 661 5108 ipsum
687 5054 886 5094 annum
917 5040 1496 5112 quadringentesimum
1522 5041 1684 5110 edita,

125 5124 303 5178 Frater
335 5127 500 5184 varias
541 5130 818 5200 epistolas.
861 5130 942 5186 Ex
981 5130 1063 5186 his
1090 5131 1208 5186 dum
1241 5140 1364 5186 sunt
1388 5133 1453 5186 ad
1480 5132 1686 5204 Crispi-

127 5217 242 5266 num
259 5216 553 5292 episcopum
584 5221 893 5276 Donatiana:
921 5223 1084 5292 partis
1109 5221 1477 5278 Calamensem
1510 5242 1523 5278 :
1553 5239 1688 5294 qua-

129 5309 238 5386 tum
252 5309 386 5381 prior
408 5329 526 5369 cum
549 5314 674 5368 data
697 5316 765 5368 sit
788 5326 905 5385 pOSt
933 5315 1108 5386 Optati
1144 5315 1359 5385 quidem
1384 5358 1398 5382 ,
1427 5315 1519 5372 sed
1563 5326 1689 5373 ante

134 5385 404 5462 Pratexmti
440 5407 647 5463 obitum
677 5449 692 5474 ,
744 5423 852 5463 non
888 5385 1062 5478 potest
1103 5409 1154 5463 in
1178 5409 1284 5464 alio
1311 5410 1420 5463 ullo
1448 5418 1689 5480 tempore

139 5490 306 5549 melius
337 5498 607 5556 collocari.
654 5499 788 5555 Nam
841 5500 1139 5556 Prmtextati
1178 5517 1241 5556 ac
1279 5499 1529 5556 Feliciani
1576 5503 1689 5573 pari

145 5585 327 5653 “per
366 5589 523 5645 modo
571 5591 854 5658 meminit,
885 5605 948 5646 ac
972 5592 1039 5647 de
1068 5603 1319 5664 utroque,
1360 5592 1502 5664 quod
1530 5593 1690 5649 etiam

145 5675 288 5756 multo
309 5680 526 5738 validius
549 5691 655 5750 est,
684 5683 740 5738 in
768 5682 884 5739 hsce
911 5683 1067 5741 verba
1090 5685 1325 5758 loquitur
1351 5703 1364 5741 :
1395 5685 1686 5756 Quotquot,

147 5767 246 5846 aia,
282 5771 650 5846 hptisavmmt
679 5817 698 5846 ,
725 5792 812 5832 eos
835 5793 970 5833 nunc
1011 5794 1179 5836 “cum
1214 5795 1274 5836 ac
1302 5780 1554 5836 vobiscum
1593 5785 1690 5836 lia-

127 6383 364 6394 νιν-γέ

1459 310 1659 368 LIBER
1697 310 2015 381 QUINTUS.

3291 336 3396 394 290

1811 431 1928 487 bent
1957 433 2146 506 (Epist.
2175 437 2265 505 51,
2287 455 2341 493 n.
2371 440 2449 510 4).
2477 443 2630 514 Atqui
2655 445 2763 514 jam
2802 455 2910 502 tum
2933 464 2963 503 e
2983 449 3114 505 vivis
3143 465 3390 510 excesse-

1809 534 1892 579 rat
1917 525 2270 587 Preetextatus
2292 573 2306 594 ,
2356 547 2476 588 eum
2520 537 2843 608 Augustinus
2879 543 3018 598 circa
3046 543 3188 601 hunc
3211 546 3384 618 ipsum

1806 630 2025 684 annum,
2052 619 2199 676 libris
2218 622 2472 680 adversus
2492 625 2896 688 Parmenianum
2921 635 3098 703 editis,
3121 653 3382 694 summam

1805 723 2022 801 manum
2067 711 2316 783 imposuit
2343 715 2531 790 (Cant.
2562 717 2728 792 Epist.
2773 721 2972 791 Parm.,
3006 727 3092 781 lib.
3124 729 3190 795 3,
3219 745 3263 783 c.
3295 729 3375 801 6).

1803 799 2141 873 Quapropter
2168 805 2309 876 quod
2340 819 2520 865 narrat
2547 810 2846 870 Donatistas
2875 819 3164 886 conqueri,
3196 834 3315 875 sese
3334 799 3373 875 Va

1801 889 2090 949 Catholicis
2125 905 2457 954 terrenorum
2498 902 2795 974 principum
2831 920 2932 976 ope
2959 909 3162 978 vexari,
3191 909 3242 966 id
3269 927 3374 967 non

1800 980 1869 1037 ad
1900 983 2042 1055 leges
2067 1000 2208 1042 anno
2232 990 2758 1063 quadringentesimo
2781 997 2966 1069 quinto
2997 999 3128 1055 latas
3154 1000 3386 1059 referen-

1799 1073 1926 1129 dum
1960 1084 2074 1143 est,
2105 1094 2287 1134 verum
2318 1081 2384 1136 ad
2410 1083 2542 1140 alias
2582 1088 2925 1158 antiquiores.
2958 1088 3212 1158 Quaedam
3239 1094 3381 1150 enim

1799 1182 1942 1225 anno
1983 1174 2355 1230 trecentesimo
2407 1181 2799 1250 septuagesimo
2836 1183 3097 1252 septimo,
3138 1185 3383 1256 qumdam

1803 1261 2047 1330 sequenti
2073 1271 2312 1336 tempore
2342 1269 2559 1324 sancita':
2587 1269 2812 1328 fuerant.
2841 1273 2909 1328 Et
2936 1289 3064 1330 sane
3085 1291 3229 1331 anno
3255 1293 3384 1348 qua-

1799 1348 2219 1422 dringentesimo
2239 1358 2474 1414 secundo
2513 1358 2774 1418 fatebatur
2810 1365 3138 1435 Augustinus
3157 1410 3170 1430 ,
3193 1367 3384 1424 edictis

1800 1442 2178 1514 imperatorum
2223 1459 2436 1505 cautum
2467 1467 2586 1508 esse
2616 1495 2630 1518 ,
2663 1470 2729 1509 ne
2771 1455 2958 1513 liceret
3001 1458 3288 1514 Donatistis
3327 1461 3381 1514 in

1801 1535 2023 1592 urbibus
2047 1540 2367 1595 commorari
2390 1540 2556 1613 (Cant.
2595 1544 2717 1600 Litt.
2751 1543 2930 1614 Petit,
2955 1548 3043 1603 lib.
3066 1549 3122 1614 9.,
3148 1567 3202 1604 ιι.
3232 1550 3378 1623 184).

1797 1629 2186 1703 Nonnunquam
2231 1636 2465 1691 etiamin
2501 1652 2594 1693 eos
2635 1638 2781 1710 leges
2808 1641 3065 1697 adversus
3097 1643 3381 1699 haereticos

1798 1721 1852 1776 in
1884 1725 2186 1781 universum
2215 1729 2534 1784 constitutas
2553 1730 2773 1787 adhibet
2793 1733 2960 1804 (Cant.
2981 1734 3149 1806 Epist.
3172 1733 3381 1803 Parm.,

1798 1815 1884 1869 lib.
1916 1817 1965 1882 1,
1999 1834 2044 1872 c.
2077 1818 2190 1890 12).
2212 1817 2515 1893 Crispinum
2541 1838 2668 1896 ergo
2697 1823 3014 1897 Carthagine
3041 1827 3176 1883 forte
3205 1843 3381 1898 reper-

1797 1913 1909 1960 tum
1937 1907 2284 1978 Augustinus,
2308 1910 2376 1966 ad
2402 1912 2777 1984 disputandum
2803 1914 2870 1970 de
2897 1917 3029 1971 facta
3056 1918 3123 1972 ab
3145 1917 3381 1973 Ecclesia

1797 1999 2134 2066 secessione,
2179 2002 2339 2057 etiam
2381 2012 2540 2074 atque
2580 2005 2740 2060 etiam
2787 2006 3034 2062 invitarat
3061 2006 3263 2082 (Epist.
3287 2009 3376 2074 51,

1797 2105 1850 2142 η.
1883 2090 1973 2158 l):
2004 2091 2096 2145 sed
2124 2102 2243 2161 post
2272 2094 2606 2163 nonnullam,
2637 2111 2864 2167 eamque
2889 2099 3018 2153 satis
3046 2114 3223 2154 acrem
3249 2114 3381 2155 con-

1796 2183 2168 2248 certationem,
2200 2183 2639 2254 impedimentum
2668 2187 2880 2257 aliquod
2906 2189 2957 2242 in
2982 2204 3218 2259 praesens
3249 2199 3384 2246 tem-

1799 2289 1898 2344 pus
1918 2285 2266 2330 excusaverat
2285 2276 2588 2347 Crispinus;
2619 2278 2882 2349 pollicitns
2909 2289 3083 2336 tamen
3111 2281 3379 2336 intermis-

1797 2380 1914 2419 sum
1935 2365 2256 2437 colloquium
2295 2381 2356 2422 se
2382 2367 2558 2423 denuo
2595 2370 2940 2439 repetiturum
2962 2413 2976 2438 ,
3019 2370 3106 2426 ubi
3135 2385 3377 2426 commo-

1797 2455 1916 2511 dior
1943 2471 2063 2512 sese
2095 2457 2336 2515 dedisset
2359 2459 2590 2515 occasio.
2634 2458 2867 2530 Utroque
2905 2461 3063 2532 igitur
3104 2463 3156 2516 in
3193 2460 3379 2516 Numi-

1797 2548 1940 2604 diam
1981 2549 2048 2604 ad
2088 2565 2210 2607 suas
2245 2551 2514 2607 Ecclesias
2551 2567 2801 2617 reverso,
2831 2567 2954 2607 cum
2991 2568 3174 2608 rumor
3205 2553 3381 2608 incre-

1796 2638 1999 2695 buisset
2022 2683 2037 2707 ,
2070 2641 2352 2710 quominus
2377 2650 2714 2697 excuteretur
2739 2642 3040 2711 difﬁcultas,
3075 2659 3169 2713 per
3187 2640 3386 2712 Crispi-

1797 2746 1922 2785 num
1957 2732 2260 2802 neutiquam
2283 2741 2458 2798 stare;
2485 2733 2811 2802 Augustinus
2835 2733 2974 2789 datis
2997 2733 3063 2788 ad
3094 2749 3215 2789 eum
3243 2733 3384 2788 litte—

1797 2821 1872 2876 ris
1895 2863 1911 2888 ,
1942 2822 2101 2876 instat
2141 2831 2197 2876 ut
2235 2822 2286 2877 id
2327 2822 2414 2876 ﬁat
2458 2841 2471 2878 :
2517 2823 2942 2894 quandoquidem
2969 2833 3093 2879 tunc
3127 2823 3382 2895 temporis

1798 2911 1930 2967 nihil
1959 2914 2011 2966 in
2042 2929 2188 2968 mora
2229 2922 2404 2982 esset,
2451 2928 2515 2970 ac
2559 2930 2656 2985 per
2701 2915 2976 2986 utriusque
3022 2916 3384 2971 Ecclesiarum

1798 3007 2042 3062 viciniam
2073 3007 2257 3062 liceret
2295 3007 2534 3077 repetitis
2568 3007 2705 3063 ultro
2733 3009 2972 3080 citroque
2997 3009 3229 3080 scriptis,
3261 3022 3381 3063 om-

1797 3113 1922 3154 nem
1943 3097 2251 3169 qumstionis
2271 3097 2654 3154 obscuritatem
2681 3099 2886 3155 tollere.
2910 3099 3025 3154 Non
3049 3099 3190 3153 enim
3229 3098 3383 3153 aliter

1798 3193 1852 3248 in
1894 3191 1994 3246 hac
2039 3205 2226 3258 causa,
2263 3205 2422 3262 quam
2468 3191 2666 3262 scripto
2707 3207 2867 3262 agere
2894 3190 3276 3256 constituerat;
3316 3205 3384 3247 ne

1799 3284 1936 3342 forte
1961 3285 2102 3357 quod
2133 3295 2335 3342 tantum
2367 3285 2488 3341 viva
2517 3301 2648 3342 voce
2673 3294 2952 3340 tractatum
2973 3293 3136 3351 esset,
3161 3283 3382 3340 excide-

1797 3386 1880 3432 ret
1909 3393 1940 3432 e
1970 3379 2262 3444 memoria;
2303 3378 2463 3435 simul
2491 3389 2547 3433 ut
2570 3377 2762 3450 quibus
2787 3385 2929 3432 esset
2956 3376 3104 3432 cordi
3129 3376 3381 3446 quaestio-

1797 3485 1920 3524 nem
1955 3485 2280 3540 cognoscere
2303 3511 2318 3537 ,
2346 3469 2398 3524 id
2422 3485 2488 3524 ex
2514 3469 2706 3525 litteris
2724 3511 2739 3536 ,
2762 3469 2806 3524 si
2834 3467 3217 3524 concertationi
3247 3465 3384 3523 forte

1797 3562 2058 3618 interesse
2084 3563 2213 3634 ipsis
2244 3578 2348 3617 non
2385 3561 2641 3629 licuisset,
2687 3571 2902 3631 possent
2931 3559 3204 3630 consequi.
3245 3558 3384 3626 Quin

1797 3655 1944 3710 addit
1987 3653 2208 3710 forsitan
2253 3655 2413 3710 etiam
2455 3655 2723 3719 futurum,
2756 3662 2815 3709 ut
2855 3657 2969 3710 haec
3013 3654 3127 3724 ipsa
3158 3652 3383 3723 cpistola

1796 3748 2166 3818 responsioni,
2210 3764 2370 3819 quam
2400 3748 2467 3804 ab
2493 3745 2740 3818 Crispino
2769 3747 2963 3802 obnixe
2987 3747 3137 3818 petit,
3163 3745 3385 3817 conjun-

1795 3849 1917 3906 cta,
1959 3840 2299 3896 exsolvendis
2346 3841 2596 3896 omnibus
2638 3839 3012 3896 difﬁcultatum
3067 3840 3220 3895 nodis
3265 3839 3382 3896 sola

1795 3931 2046 3988 sulliciat.
2075 3933 2431 4000 Quamobrem
2453 3942 2576 3989 ante
2597 3934 2772 3988 omnia
2793 3933 3143 3996 demonstrat,
3167 3933 3383 4004 gravius

1796 4025 1999 4081 crimen
2027 4023 2078 4078 in
2105 4024 2390 4080 schismate
2415 4040 2480 4079 ac
2505 4023 2728 4079 discidio
2771 4023 3074 4091 contineri,
3124 4039 3281 4094 quam
3327 4025 3380 4079 in

1795 4131 2069 4172 sacrorum
2091 4116 2332 4171 codicum
2366 4114 2835 4185 traditionegquod
2866 4121 3043 4169 tamen
3071 4129 3229 4168 unum
3261 4113 3381 4168 Cm-

1796 4209 1991 4264 ciliano
2013 4251 2027 4276 ,
2071 4208 2156 4264 vel
2197 4209 2246 4263 ei
2291 4206 2466 4278 potius
2491 4223 2521 4261 a
2547 4223 2653 4278 quo
2679 4206 2955 4261 ordinatus
2989 4205 3195 4273 fuerat,
3236 4205 3376 4262 nulla

1799 4302 2224 4358 testimoniorum
2268 4301 2371 4357 ﬁde
2417 4301 2500 4356 vel
2546 4300 2859 4356 auctoritate
2900 4299 3050 4363 freti,
3090 4299 3380 4369 exprobra-

1797 4395 1924 4450 bant
1954 4411 1966 4450 :
1997 4395 2175 4465 itaque
2199 4393 2344 4449 nullo
2369 4403 2523 4464 pacto
2542 4391 2743 4447 licitum
2763 4392 2866 4446 illis
2890 4389 3072 4455 fuisse,
3097 4399 3381 4460 quantum-

1799 4487 1879 4541 vis
1902 4503 2026 4542 reus
2051 4485 2714 4563 cxstitisset_C:eei|ianus,
2744 4484 2813 4538 ab
2840 4482 3073 4538 Ecclesia
3105 4481 3376 4536 secedere.

1800 4577 1949 4634 Hanc
1976 4592 2089 4632 rem
2118 4577 2263 4647 ipsos
2291 4574 2571 4646 agnovisse
2591 4617 2606 4640 ,
2655 4590 2776 4630 cum
2803 4573 3127 4629 Felicianum
3155 4582 3210 4628 et
3238 4572 3380 4627 Prae-

1795 4679 2082 4736 textatum,
2107 4682 2244 4740 quos
2266 4675 2390 4722 ante
2415 4666 2718 4722 schismatis
2738 4665 3145 4728 damnaverant,
3169 4674 3380 4721 servato

1796 4761 1998 4818 eisdem
2045 4759 2355 4830 episcopatu
2399 4765 2757 4828 receperunt:
2786 4765 2840 4812 et
2883 4755 3144 4827 siquidem
3178 4757 3248 4811 illi
3279 4756 3380 4812 hoc

1795 4854 2001 4910 scelere
2029 4850 2363 4917 vacaverint,
2396 4850 2633 4922 potuisse
2672 4849 2854 4904 itidem
2887 4848 3033 4915 ﬁeri,
3079 4859 3134 4903 ut
3161 4847 3382 4919 perinde

1795 4947 2044 5019 imposito
2067 4944 2292 5000 crimine
2315 4943 2545 5000 caruerit
2565 4940 2880 4998 Caecilianus
2907 4960 2920 4996 :
2952 4942 3094 5012 ipsos
3121 4952 3381 5012 pra-terea

1796 5057 1889 5096 sua
1915 5055 2036 5096 cum
2064 5037 2469 5094 Maximianistis
2494 5035 2686 5109 agendi
2710 5036 2917 5092 ratione
2941 5037 3114 5107 palam
3149 5034 3340 5091 fecisse
3357 5077 3375 5104 ,

1797 5151 1903 5192 non
1917 5133 2241 5204 omnesjure
2259 5131 2626 5200 condemnari,
2643 5147 2672 5187 a
2703 5131 2896 5202 quibus
2920 5130 3008 5186 alii
3037 5129 3382 5197 divexantur,

1796 5227 1906 5283 imo
1921 5242 2020 5283 nec
2037 5241 2248 5296 semper
2263 5241 2541 5281 necessum
2557 5239 2797 5289 esse,ecs
2812 5239 2997 5279 omnes
3010 5223 3199 5278 iterum
3213 5222 3378 5290 ablui,

1796 5318 1884 5389 qui
1905 5317 2229 5388 Baptismum
2246 5325 2396 5373 extra
2413 5331 2594 5373 veram
2611 5315 2705 5372 Dei
2723 5315 3013 5372 Ecclesiam
3028 5315 3379 5386 accepissent.

1797 5409 2055 5466 Stabilitis
2084 5408 2234 5466 hisce
2259 5410 2518 5480 capitibus
2540 5451 2556 5477 ,
2597 5409 2650 5465 in
2689 5410 2882 5481 quibus
2910 5408 3160 5464 Ecclesi:e
3179 5424 3241 5462 ac
3273 5407 3378 5462 Do-

1798 5505 2114 5560 natistarum
2158 5503 2522 5558 controversia
2563 5511 2672 5558 tota
2698 5503 3036 5568 vertebatur,
3087 5500 3382 5568 iisdemque

1799 5597 1856 5654 in
1882 5597 2026 5653 calce
2051 5596 2292 5668 epistolre
2330 5596 2634 5652 summatim
2662 5596 2922 5660 collectis,
2951 5593 3254 5660 Crispinum
3281 5589 3382 5644 ob-

1799 5697 2058 5756 testatur,
2104 5696 2160 5742 ut
2200 5688 2552 5758 respondeat;
2595 5696 2687 5754 ct,
2733 5685 2991 5756 siquidem
3019 5681 3146 5737 illud
3179 5680 3379 5751 possit,

1800 5778 2049 5838 ostendat
2086 5778 2170 5837 vel
2214 5779 2537 5837 levissimam
2575 5775 2900 5836 difﬁcultatis
2937 5776 3176 5831 umbram
3207 5813 3224 5840 ,
3263 5786 3384 5844 qua
