3868 6390
620 288 718 346 29!

619 409 766 480 ipsos
815 422 1027 480 quoque
1099 407 1524 480 imperitissimos
1565 407 1844 477 distineat,
1893 421 2191 480 superesse.

626 508 765 565 Suus
815 508 1054 578 epistolae
1105 508 1287 563 titulus
1334 523 1439 563 non
1502 507 1826 578 prreilgitur;
1874 513 1930 562 et
1977 520 2037 562 re
2079 507 2194 576 ipsa

620 601 766 656 nullo
795 615 932 664 eam,
978 611 1067 655 aut
1097 600 1284 656 saltem
1312 600 1594 655 admodum
1624 599 1884 670 simplici,
1914 599 2194 669 inscripse-

616 702 697 749 rat
727 694 1052 764 Augustinus
1078 713 1091 748 :
1121 707 1278 764 quam
1310 703 1420 748 rem
1446 684 1588 764 apud
1613 684 1912 763 Crispinum
1941 701 2188 760 excusat,

609 783 663 839 id
710 799 829 840 sese
869 801 934 841 eo
984 781 1175 840 fecisse
1228 783 1539 851 affirmans,
1589 783 1730 855 quod
1773 785 2102 853 Denatistte,
2144 784 2190 840 sl

610 877 822 947 quando
868 889 1047 933 secum
1095 875 1346 933 urbanius
1383 884 1601 949 agerent
1633 877 1930 944 Catholici,
1977 877 2187 934 illorum

608 969 922 1026 modestiam
944 968 1429 1041 reprehenderent:
1461 985 1566 1026 non
1593 969 1827 1026 futurum
1855 983 2066 1042 quoque
2086 963 2187 1026 sibi

609 1061 914 1126 molestum,
948 1063 990 1117 si
1019 1061 1294 1134 Crispinus
1324 1063 1564 1119 eamdem
1595 1077 1776 1119 secum
1803 1062 1991 1133 agendi
2020 1062 2185 1117 ratio-

608 1169 730 1210 nem
761 1163 1028 1226 sequatur.
1056 1149 1219 1211 Hisne
1240 1153 1432 1210 litteris
1457 1154 1811 1226 responderit,
1841 1153 2144 1224 ignoramus
2169 1169 2182 1207 :

609 1261 790 1301 verum
823 1246 873 1301 in
904 1244 1152 1303 confesso
1179 1255 1280 1311 est,
1307 1261 1428 1301 eum
1457 1254 1508 1302 et
1540 1247 1592 1301 in
1625 1244 1911 1300 schismate
1937 1254 2186 1316 perseve-

604 1352 751 1392 rasse
770 1379 784 1402 ,
814 1347 867 1393 et
897 1337 948 1392 in
980 1338 1141 1392 animi
1170 1338 1534 1410 impotentiam
1561 1347 1589 1392 a
1617 1337 1964 1407 temperantia
1987 1345 2039 1393 et
2066 1347 2184 1392 mo-

600 1427 875 1483 deratione
895 1470 909 1494 ,
942 1443 1100 1499 quam
1136 1429 1288 1484 initio
1319 1445 1426 1498 pra:
1455 1441 1514 1483 se
1545 1429 1755 1492 tulerat,
1802 1427 2032 1482 maxime
2071 1427 2181 1482 dis-

599 1531 938 1589 crepantem,
973 1520 1244 1589 delapsum
1286 1535 1424 1574 esse.
1475 1517 1706 1590 Equum
1754 1519 1895 1573 enim
1935 1526 2018 1572 est
2053 1532 2178 1586 eos,

599 1609 687 1680 qui
733 1610 999 1666 beneficiis
1048 1610 1301 1665 divinitus
1348 1611 1548 1665 oblatis
1591 1611 1911 1677 abutuntur,
1945 1610 2027 1664 his
2053 1609 2181 1681 ipsis

598 1701 829 1765 dotibus,
863 1703 1052 1772 quibus
1080 1705 1252 1758 ornati
1275 1702 1613 1769 videbantur,
1653 1702 1895 1773 spoliari.

666 1791 719 1847 2.
758 1795 1081 1866 Augustinus
1121 1805 1278 1866 atque
1319 1796 1540 1866 Alypius
1585 1809 1688 1848 non
1725 1791 2057 1860 absimilem,
2099 1795 2176 1848 uti

596 1885 929 1956 conjieimus,
957 1885 1394 1957 disceptationem
1429 1895 1549 1942 eum
1589 1885 1876 1952 Clarentio,
1901 1900 2056 1956 quem
2082 1899 2176 1954 pa-

595 1988 758 2046 trem,
797 1978 1142 2050 provectioris
1183 1978 1401 2034 forsitan
1443 1979 1614 2034 :etatis
1657 1991 1854 2044 causa,
1907 1979 2172 2044 vocitant,

600 2070 786 2126 iniere.
834 2069 1113 2140 Reperitur
1139 2069 1437 2127 Clarcntius
1465 2071 1676 2140 quidam
1699 2070 1949 2125 Tabracre
1974 2069 2177 2140 episco-

599 2175 696 2232 pus
739 2163 1008 2218 DonatiSta
1040 2162 1259 2236 (Collat.
1293 2161 1531 2235 Carthag.
1559 2164 1608 2229 1,
1646 2180 1760 2233 cap.
1792 2162 1892 2217 187
1911 2160 1951 2236 ).
1980 2159 2036 2214 In
2065 2163 2177 2232 ipsa

595 2264 770 2312 autem
797 2257 1150 2327 diSputatione
1180 2253 1502 2312 Nauselione
1524 2255 1847 2309 internuntio
1869 2253 2168 2307 utebantur.

593 2350 704 2418 Qua
725 2349 792 2404 de
818 2365 874 2404 re
897 2357 1096 2404 tantum
1125 2348 1404 2413 habemus,
1432 2349 1571 2418 quod
1608 2354 1822 2400 sanctos
1851 2343 2014 2399 hosce
2034 2343 2178 2398 viros

593 2444 858 2498 monuerit
885 2440 1161 2503 Naucelio,
1187 2436 1489 2495 confessum
1522 2437 1621 2491 sibi
1649 2435 1994 2501 Clareutium,
2026 2443 2172 2505 post-

599 2549 754 2604 quam
785 2534 1066 2590 damnatus
1093 2537 1236 2585 esset
1257 2529 1324 2582 ab
1356 2527 1643 2582 Donatistis
1671 2525 1969 2581 Felicianus
1989 2526 2176 2581 Μυθιιὶ-

592 2636 771 2695 tanus,
811 2643 931 2682 eum
966 2623 1034 2678 ab
1064 2621 1249 2678 iisdem
1275 2631 1458 2692 postea
1484 2624 1532 2675 in
1561 2621 1762 2676 honore
1781 2635 1878 2675 suo
1901 2629 2172 2691 receptum

592 2709 754 2773 fuisse
785 2736 796 2770 :
829 2723 1102 2770 causatum
1146 2727 1272 2767 vero
1301 2711 1693 2768 damnationem
1733 2710 1978 2782 injustam
2007 2711 2172 2766 exsti-

590 2809 739 2870 tisse.
767 2807 961 2878 quippe
996 2805 1224 2860 hominis
1251 2804 1504 2859 absentis.
1548 2802 1605 2858 ld
1644 2819 1802 2875 porro
1850 2803 2172 2873 Augustinus

589 2897 914 2972 Alypiusque
941 2906 1236 2960 assumunt,
1269 2906 1320 2950 et
1351 2895 1417 2949 ad
1461 2911 1570 2950 sua:
1611 2909 1786 2949 causa:
1829 2893 2170 2949 commodum

589 2999 872 3062 torquent,
913 2989 1031 3043 data
1074 2987 1139 3043 ad
1191 2987 1476 3058 ipsummet
1519 2983 1894 3040 Naucelionem
1947 2986 2167 3055 epistola

589 3079 777 3155 (Epist.
803 3079 890 3150 70)
921 3099 932 3131 :
962 3095 1078 3149 qua:
1122 3093 1240 3133 cum
1281 3078 1477 3132 nullam
1505 3075 1570 3130 de
1597 3076 1917 3131 Praetextato
1946 3075 2171 3130 mentio-

589 3191 712 3229 nem
767 3174 939 3240 faciat,
992 3181 1112 3242 post
1160 3187 1353 3225 annum
1399 3169 1976 3240 quadringentesimum
2029 3169 2167 3224 haud

587 3261 747 3317 dubie
777 3263 968 3333 scripta
1001 3271 1101 3317 est.

660 3355 712 3411 5.
747 3355 1037 3427 Augustino
1065 3355 1487 3423 consanguineus
1514 3353 1725 3424 quidam
1755 3353 2026 3410 Donatista
2072 3354 2170 3409 fuit

589 3446 805 3502 nomine
835 3445 1145 3516 Severinus,
1178 3446 1285 3518 qui,
1315 3457 1420 3502 non
1448 3457 1603 3500 secus
1628 3455 1783 3515 atque
1812 3445 1899 3500 alii
1931 3445 2168 3515 complu-

589 3556 695 3605 res,
734 3541 784 3594 in
815 3537 1036 3594 discidio
1068 3539 1208 3593 nulla
1248 3538 1350 3592 alia
1385 3551 1542 3608 quam
1575 3536 1973 3592 consuetudinis
2009 3551 2168 3589 causa

588 3629 884 3686 tenebatur.
911 3630 1028 3685 Jam
1049 3629 1138 3684 diu
1161 3629 1307 3683 illum
1337 3629 1658 3698 Augustinus
1683 3639 1786 3681 tam
1816 3627 2008 3682 misere
2036 3628 2166 3681 irre-

590 3721 738 3776 titum
771 3736 875 3776 non
903 3722 1018 3777 sine
1039 3720 1224 3776 dolore
1249 3733 1311 3774 ac
1339 3719 1536 3790 gemitu
1563 3718 1790 3782 videbat,
1825 3729 1984 3788 atque
2013 3733 2165 3771 cum-

592 3809 712 3868 dem
735 3823 789 3866 ut
814 3809 1087 3883 expediret
1115 3810 1182 3865 ab
1220 3825 1432 3875 errore,
1466 3816 1781 3879 praesentem
1825 3807 2017 3877 alloqui
2048 3822 2171 3877 per-

587 3902 818 3975 optabat.
851 3901 914 3959 Et
951 3901 1162 3975 quidem
1203 3902 1460 3958 Severino
1497 3901 1701 3955 litteras
1727 3899 1826 3953 hac
1851 3899 1916 3952 de
1957 3913 2018 3953 re
2061 3899 2166 3966 iam

585 4004 711 4052 ante
739 3995 1014 4051 nonnullas
1045 3996 1262 4050 miserat
1296 4007 1309 4049 ε
1340 3994 1407 4048 ab
1430 3993 1531 4050 hoc
1551 3993 1693 4048 enim
1728 4007 1850 4046 cum
1888 3991 2165 4060 epistolam

584 4090 894 4159 accepisset,
933 4087 1148 4142 nimiam
1176 4087 1292 4156 ejus
1333 4087 1383 4140 in
1423 4083 1704 4140 scribendo
1744 4083 2041 4138 tarditatem
2082 4082 2164 4135 in-

588 4181 810 4233 cusavit.
834 4177 1064 4233 Tametsi
1090 4191 1247 4248 porro
1272 4191 1390 4247 qua:
1413 4176 1650 4231 Severini
1678 4175 1898 4245 epistola
1924 4174 2163 4228 contine-

585 4267 802 4335 bantur,
848 4269 962 4339 ejus
1003 4270 1139 4322 votis
1182 4267 1398 4322 minime
1446 4265 1825 4335 responderent
1863 4283 1874 4318 :
1906 4264 2164 4334 gaudebat

587 4365 762 4416 tamen
806 4361 902 4416 sibi
931 4360 1190 4416 redditam
1223 4359 1389 4414 fuisse
1409 4399 1422 4422 ,
1451 4359 1744 4430 praesertim
1769 4357 1858 4412 ubi
1883 4358 2158 4421 intellexit,

588 4453 920 4508 tabellarium
958 4467 1060 4507 non
1109 4451 1265 4508 aliam
1299 4452 1369 4505 ob
1388 4463 1623 4513 causam,
1653 4449 1752 4503 nisi
1780 4457 1836 4503 ut
1861 4449 2002 4503 illam
2030 4448 2160 4518 Hip-

585 4559 776 4614 ponem
821 4545 1002 4609 ferret,
1032 4539 1126 4598 abs
1152 4545 1407 4599 Severino
1433 4544 1674 4597 missum.
1705 4541 1832 4596 lude
1855 4541 1993 4595 enim
2019 4539 2160 4611 judi-

582 4637 733 4691 Cabat
767 4637 902 4692 hanc
932 4637 1081 4692 illum
1110 4651 1312 4702 curam,
1344 4635 1445 4691 nisi
1481 4636 1658 4690 animo
1686 4636 1752 4690 ad
1793 4634 2156 4704 excipiendam

581 4732 856 4785 veritatem
887 4740 1088 4801 parato,
1114 4741 1384 4800 nunquam
1413 4740 1783 4800 suscepturum
1819 4728 2000 4783 fuisse.
2025 4727 2158 4783 Huic

580 4821 738 4892 igitur
755 4822 804 4875 ln
827 4821 1174 4891 responsione
1198 4821 1437 4890 quredam
1465 4823 1784 4892 exposuitex
1809 4821 2153 4891 argumentis,

581 4913 772 4981 quibus
799 4911 999 4965 solebat
1023 4910 1228 4964 discidii
1262 4912 1589 4966 firmamenta
1621 4913 1927 4967 subvertere
1955 4931 1968 4964 :
1999 4912 2155 4966 illud-

580 5014 683 5071 que
705 5003 842 5055 inter
857 5001 958 5054 alia
982 5002 1288 5070 usurpabat,
1311 5001 1544 5072 perditos
1565 5002 1808 5058 homines
1825 5005 2150 5070 innumeros,

583 5104 650 5150 ne
679 5109 798 5164 pars
823 5093 1006 5148 Donati
1032 5094 1380 5161 scinderetur,
1398 5102 1473 5147 tot
1496 5107 1662 5148 annos
1682 5094 1751 5149 ab
1771 5095 1872 5150 illis
1892 5095 2020 5165 ipsis
2035 5111 2153 5151 esse

581 5185 853 5240 toleraIOs.
881 5185 1082 5252 Quibus
1107 5185 1283 5241 verbis
1306 5185 1646 5249 decennium,
1677 5201 1782 5255 quo
1822 5186 2149 5256 tyrannidem

577 5277 815 5334 exercuit
852 5279 1106 5348 Optatos,
1151 5291 1388 5349 persmpc
1422 5277 1683 5345 designat.
1723 5277 1878 5343 Quod
1913 5279 2012 5333 nisi
2054 5294 2150 5334 nos

576 5379 834 5439 moveret,
869 5375 1003 5426 hanc
1031 5372 1304 5442 epistolam
1329 5369 1519 5441 (Epist.
1548 5366 1660 5442 52),
1684 5371 1736 5423 in
1756 5383 1860 5440 qua
1900 5370 2147 5425 nimirum

573 5464 714 5520 nulla
753 5461 1261 5518 Maximianistarum
1294 5462 1352 5516 lit
1378 5462 1599 5525 mentio,
1643 5462 1895 5532 scriptam
1930 5461 1999 5517 ab
2033 5463 2146 5518 Au-

567 5557 778 5628 gustino
798 5555 1031 5610 nondum
1052 5555 1303 5625 episc0po
1328 5553 1480 5609 facile
1505 5552 1864 5611 crederemus.

641 5649 695 5703 4.
731 5649 1016 5717 Epistulam
1055 5663 1263 5720 quoque
1289 5649 1558 5705 Gcneroso
1588 5647 1798 5704 missam
1833 5647 2020 5719 (Epist.
2050 5647 2142 5722 55)

569 5734 695 5796 licet
732 5746 795 5805 ad
838 5745 935 5805 hoc
981 5743 1196 5800 circiter
1225 5749 1428 5812 tempus
1481 5740 1700 5799 referre.
1744 5742 1899 5800 Certe
1938 5757 2000 5800 ea
2043 5744 2142 5802 sub

1740 287 1898 344 ma
1934 287 1992 344 s.
2031 285 2396 344 AUGUSTINI
2433 285 2749 344 EPISCOPl.
3711 301 3782 359 2,,

2301 406 2569 462 Anastasii
2614 405 2920 476 pontiﬁcatu
2967 405 3159 476 scripta
3184 416 3282 471 est,
3314 407 3602 467 Praetextato
3624 415 3777 475 Assuri.

2300 510 2448 568 tano,
2499 503 2574 556 uti
2618 501 2865 568 videtur,
2913 500 3144 555 nondum
3178 501 3280 555 vita
3312 501 3499 566 functo,
3525 506 3776 580 proindeqne

2296 601 2578 664 antequam
2613 604 2719 648 tres
2747 593 2868 648 libri
2894 594 2945 648 in
2969 593 3371 650 Parmenianum
3396 608 3560 652 essent
3576 598 3692 656 editi.
3708 591 3775 660 Gie-

2296 701 2518 743 nerosus
2544 687 2653 753 ille,
2681 687 2747 742 de
2769 703 2877 759 quo
2912 687 3104 759 agitur,
3139 687 3392 744 Cirtensis
3417 701 3540 756 erat,
3572 696 3773 752 mtliclice

2293 781 2699 844 communionis,
2722 796 2880 852 quem
2905 781 3063 836 etiam
3088 782 3439 852 comperimus
3455 781 3677 841 Numidiae
3689 803 3774 843 con-

2291 872 2522 929 sularem
2554 873 2818 929 exstitisse
2847 872 3054 947 (Epistt.
3088 875 3210 942 115,
3245 874 3391 945 illi),
3421 883 3472 931 at
3492 878 3668 933 nonnisi
3695 891 3774 950 post

2294 964 2463 1035 legem
2502 964 2805 1036 quamdam,
2853 981 2972 1037 quat
3017 974 3216 1022 tantum
3261 965 3559 1024 duodecimo
3591 968 3771 1029 kalendas

2292 1053 2584 1111 februarias
2607 1056 2732 1110 anni
2757 1055 3258 1127 quadringentesimi
3285 1059 3416 1113 noni
3435 1059 3532 1115 lata
3553 1070 3621 1116 est
3638 1061 3772 1131 (Utat-

2288 1161 2536 1204 servatum
2556 1149 2769 1222 Prc/ut.
2799 1149 2991 1219 tonui,
3015 1152 3082 1205 ad
3109 1150 3294 1222 Epistt.
3313 1152 3432 1220 115,
3452 1154 3580 1224 116).
3602 1155 3768 1227 llaqnesi

2288 1255 2444 1312 quam
2463 1257 2604 1299 anno
2621 1242 3138 1314 quadringentesimo
3158 1243 3481 1314 dignitatem,
3497 1249 3662 1301 utsatis
3677 1249 3768 1302 veri-

2285 1333 2459 1388 simile
2479 1343 2581 1399 est,
2609 1333 2769 1389 Cirtae
2799 1334 3052 1404 gerebat,
3079 1350 3194 1389 eam
3220 1343 3427 1404 Oportet
3461 1337 3599 1390 aliam
3635 1337 3765 1402 luisse,

2285 1439 2441 1494 quam
2459 1425 2770 1480 consularis.
2798 1426 2926 1482 Erat
2953 1435 3078 1482 tunc
3099 1429 3356 1497 temporis
3381 1425 3529 1482 Cirta:
3547 1428 3710 1499 quidam
3727 1446 3766 1484 ex

2284 1515 2677 1572 Donatistarum
2716 1527 2866 1586 parte
2903 1518 3216 1590 presbyter,
3245 1519 3329 1574 cui
3357 1520 3492 1574 venit
3518 1520 3562 1573 in
3588 1530 3766 1588 mentem,

2284 1614 2343 1662 ut
2369 1607 2435 1662 ad
2464 1607 2794 1665 Generosum
2829 1610 3106 1678 scriberet,
3141 1611 3386 1681 angelum
3411 1612 3500 1666 sibi
3523 1614 3764 1683 apparuisse,

2285 1698 2675 1770 mandasseque
2697 1709 2754 1756 ut
2777 1700 2948 1756 eidem
2965 1700 3239 1756 Generosa
3256 1717 3436 1756 verum
3453 1701 3766 1756 Christianitatis

2281 1789 2430 1845 urbis
2464 1789 2720 1848 Cirtensis
2748 1791 2990 1848 ordinem
3026 1793 3283 1863 aperiret;
3330 1809 3391 1848 ac
3428 1801 3651 1864 praeterea
3685 1807 3762 1846 mo.

2284 1891 2460 1948 neret,
2492 1884 2678 1938 Donati
2714 1893 2918 1956 partem
2946 1886 3215 1956 amplecti,
3245 1894 3400 1955 prout
3429 1885 3480 1939 in
3509 1883 3766 1953 cpistolaPe-

2282 1976 2449 2032 tiliani
2479 1977 2718 2047 ejusdem
2735 1979 2962 2034 civitatis
2981 1979 3214 2050 episcopi
3233 1980 3521 2049 exponitur.
3536 1977 3645 2033 Huic
3658 1979 3762 2033 etiam
3837 1987 3839 2050 ξ

2283 2069 2400 2139 ejus
2429 2069 2570 2125 sedis
2613 2071 2913 2125 ostentabat
2956 2072 3327 2142 episcoporum
3357 2071 3556 2137 seriem,
3579 2085 3629 2124 ac
3647 2067 3760 2124 Silva-

2282 2176 2410 2215 num
2440 2161 2490 2214 in
2522 2163 2706 2231 primis
2727 2161 3261 2219 honoriﬁcentissime
3282 2163 3594 2234 prtedicabat.
3611 2161 3760 2217 Planum

2282 2261 2418 2316 erat,
2451 2253 2696 2323 angelum
2725 2255 3060 2310 tenebrarum
3083 2297 3098 2322 ,
3131 2255 3198 2310 ad
3234 2254 3544 2310 illudendum
3567 2255 3623 2320 ei,
3643 2253 3682 2308 in
3701 2268 3760 2305 an-

2281 2346 2456 2416 gelum
2479 2347 2615 2401 lucis
2633 2346 3066 2404 transformatum
3085 2347 3278 2414 fuisse;
3298 2349 3394 2404 nisi
3422 2348 3545 2406 forte
3561 2347 3760 2402 Donatista

2282 2439 2425 2494 illius
2468 2440 2761 2512 presbyteri
2789 2450 3147 2497 commentum
3177 2441 3232 2497 id
3259 2450 3391 2509 erat,
3412 2442 3494 2513 qui
3521 2451 3680 2495 satana
3697 2437 3762 2490 mi-

2280 2532 2503 2586 nistrum
2535 2547 2715 2604 agens,
2743 2534 2880 2590 alios
2910 2533 3013 2590 hoc
3042 2533 3319 2590 mendacio
3344 2537 3393 2590 in
3430 2533 3636 2590 fraudem
3659 2530 3758 2601 pelli-

2279 2639 2404 2680 cere
2463 2624 2836 2681 destinaverat.
2887 2626 3248 2693 Quamobrem
3293 2628 3597 2690 Cenerosus,
3640 2633 3760 2692 utpote

2277 2734 2402 2774 vere
2419 2719 2731 2786 catholicus,
2755 2720 2872 2790 ejus
2893 2721 3060 2776 irrisit
3083 2721 3386 2790 epistolam,
3405 2733 3602 2790 eamque
3619 2713 3760 2772 adl‘oro

2277 2820 2516 2865 tunatum
2568 2811 2729 2866 Cirtae
2776 2813 3094 2867 catholicum
3139 2813 3474 2882 episcopum,
3521 2823 3684 2865 necnon
3718 2803 3758 2858 ad

2275 2899 2522 2972 Alypium
2546 2910 2704 2971 atque
2726 2903 3097 2972 Augustinum,
3121 2903 3214 2973 qui
3240 2912 3344 2958 tum
3367 2903 3492 2957 forte
3509 2900 3643 2956 Cirta:
3657 2894 3756 2951 simul

2277 2820 2516 2865 tunatum
2568 2811 2729 2866 Cirtae
2776 2813 3094 2867 catholicum
3139 2813 3443 2882 episcopum
3461 2852 3474 2878 ,
3521 2823 3684 2865 necnon
3718 2805 3758 2858 ad

2275 2899 2522 2972 Alypium
2546 2910 2704 2971 atque
2726 2903 3097 2972 Augustinum,
3121 2903 3214 2973 qui
3240 2912 3344 2958 tum
3367 2903 3492 2957 forte
3509 2900 3643 2956 Cirta:
3657 2894 3756 2951 simul

2275 2992 2516 3058 aderant,
2547 2993 2860 3048 transmisit.
2887 2994 3019 3048 Tres
3049 2993 3120 3048 illi
3143 2993 3424 3056 antistites,
3449 2991 3532 3046 sed
3552 2989 3672 3044 unius
3689 2987 3758 3040 An-
3821 3021 3824 3024 .

2275 3085 2467 3122 altalini
2496 3099 2654 3122 manu
2690 3100 2785 3122 cna
2806 3100 2868 3122 nn
2887 3085 3061 3122 clndin
3081 3085 3363 3122 rnvnnnnrli
3382 3083 3441 3122 ad
3460 3083 3593 3122 fidam
3613 3076 3758 3122 nmsbt-
3825 3119 3828 3122 .

2272 3085 2467 3154 gustini
2496 3099 2676 3150 manu,
2690 3100 2785 3154 spe
2806 3100 2868 3139 ac
2887 3085 3061 3139 studio
3081 3085 3364 3140 revocandi
3381 3083 3443 3138 ad
3460 3083 3594 3138 iidem
3613 3076 3758 3150 presby-

2273 3119 2467 3154 δυδιιιιι
2497 3119 2676 3150 IIIa-lu,
2691 3119 2784 3154 υμῠ
2806 3119 2867 3139 ιιι.
2888 3119 3061 3139 διυυιυ
3082 3119 3095 3139 ι
3110 3119 3364 3140 υνυυιιιυι
3381 3119 3443 3138 au
3460 3119 3594 3138 ιιυυιιι
3614 3119 3737 3150 ,ιιι-ενι
3829 3119 3835 3122 -

2273 3176 2394 3240 teri,
2413 3175 2685 3230 Generoso
2703 3175 3287 3247 respOndcrunt(Epist.
3306 3177 3448 3241 55,c.
3465 3175 3512 3240 l,
3525 3191 3570 3227 η.
3586 3172 3756 3240 l);quem
3823 3119 3839 3244 ξε

2272 3267 2495 3337 proinde
2512 3276 2781 3336 rogarunt,
2807 3267 2880 3321 uti
2903 3281 3050 3321 suam
3076 3267 3312 3338 ipsorum
3328 3282 3444 3321 cum
3461 3265 3543 3320 illo
3561 3258 3757 3332 epistolam

2271 3357 2707 3411 communicaret.
2756 3356 2809 3411 In
2849 3372 2910 3411 ea
2954 3356 3359 3422 demonstrant,
3401 3356 3443 3410 si
3489 3349 3683 3408 standum
3717 3344 3757 3397 sit

2273 3451 2644 3520 episcoporum
2674 3450 3019 3513 successioni,
3050 3464 3166 3503 eam
3192 3451 3368 3520 potius
3394 3464 3422 3502 a
3449 3446 3648 3500 Romana
3669 3433 3755 3492 Sede

2276 3541 2614 3612 repetendam
2639 3559 2651 3594 :
2676 3557 2779 3612 qua
2799 3540 2866 3596 de
2884 3555 3042 3595 causa
3065 3539 3423 3595 Romanorum
3455 3536 3692 3592 antistitum
3716 3523 3754 3578 ad

2273 3633 2610 3687 Anastasium
2627 3648 2791 3704 usque
2804 3642 2928 3686 tunc
2940 3631 3216 3686 sedentem
3230 3631 3513 3700 cataIOgum
3531 3625 3752 3682 contexunt.

2274 3725 2400 3779 Post
2430 3724 2544 3779 haec
2575 3724 2851 3794 proferunt
2879 3739 2939 3778 ea
2973 3736 3341 3786 monumenta,
3371 3737 3482 3794 quae
3510 3713 3752 3790 potissimam

2273 3816 2338 3872 ad
2363 3816 2782 3887 cognoscendam
2811 3817 3202 3871 Donatistarum
3241 3816 3500 3870 historiam
3534 3808 3701 3867 iaciunt,
3723 3808 3754 3850 cl

2272 3927 2333 3966 ea
2357 3912 2408 3964 in
2438 3911 2647 3981 primis,
2680 3910 2870 3981 quibus
2910 3909 3184 3966 Silvanum
3215 3909 3500 3965 Cirtensem
3527 3897 3751 3957 traditorcm

2273 4002 2433 4057 fuisse
2455 4003 2638 4072 liquet.
2669 4001 3174 4057 Maximianistarum
3203 4015 3408 4072 quoque
3433 4005 3564 4068 gesta
3587 3999 3752 4046 comm?“
3819 3999 3822 4051 ἓ

3821 3247 3837 3606 i

2276 4106 2486 4150 morant
2507 4114 2522 4161 ;
2545 4113 2718 4167 neque
2748 4095 2798 4150 id
2822 4096 3088 4158 omittunt,
3125 4095 3444 4152 Felicianum
3468 4106 3524 4146 ac
3544 4089 3752 4144 Pristens-

2273 4198 2381 4241 tum
2412 4189 2478 4243 ab
2502 4189 2604 4243 illis
2625 4187 2910 4255 admissos,
2931 4203 3086 4258 quos,
3112 4197 3169 4242 ut
3189 4187 3401 4260 quidem
3428 4183 3622 4242 videtur,
3646 4177 3750 4228 etiam

2274 4291 2382 4335 tum
2412 4281 2465 4335 in
2492 4281 2622 4334 vivis
2646 4295 2804 4350 agerc
2830 4296 2926 4350 pro
2949 4291 3098 4335 certo
3118 4291 3338 4350 ponunt.
3371 4279 3654 4334 Cenerosum
3671 4273 3750 4314 vero

2273 4387 2392 4426 cum
2436 4369 2500 4424 ad
2542 4385 2676 4440 opus
2721 4369 2975 4426 adversus
3015 4370 3257 4425 Petiliani
3289 4369 3547 4440 epistolam
3573 4358 3748 4424 scriplum

2271 4478 2374 4515 non
2408 4460 2644 4527 mittunt,
2691 4461 2814 4516 inde
2856 4460 3094 4530 judicare
3123 4470 3222 4526 est,
3257 4461 3382 4516 nihil
3419 4456 3573 4511 adhuc
3605 4447 3655 4502 ab
3682 4444 3750 4495 Au-

2267 4553 2482 4624 gustino
2508 4567 2743 4622 superea
2764 4567 2822 4607 re
2843 4553 3042 4607 editum
3076 4571 3088 4607 :
3115 4549 3524 4623 quandoquidem
3547 4542 3615 4597 vix
3637 4534 3747 4590 ullum

2269 4643 2484 4697 dubium
2509 4657 2626 4698 esse
2645 4651 2837 4712 potest,
2857 4643 2982 4714 quin
3009 4643 3214 4698 laudata
3241 4643 3306 4698 ab
3322 4641 3497 4697 eodem
3520 4631 3747 4706 presbl‘e'”

2267 4733 2506 4789 Petiliani
2532 4734 2776 4804 epistola,
2808 4734 3032 4790 celebris
3059 4735 3144 4789 illa
3175 4735 3286 4806 ipsa
3311 4733 3460 4790 fuerit
3481 4773 3494 4799 ,
3516 4737 3643 4798 quam
3661 4729 3746 4771 con-

2265 4825 2450 4881 l‘utavit
2474 4826 2817 4897 Augustinus.

2897 4921 3122 4979 CAPUT
3162 4921 3248 4976 lll.

2265 5017 2286 5070 1
2329 5015 2606 5069 Petilianus
2631 5031 2659 5068 e
2683 5013 2870 5068 Donati
2903 5024 3046 5084 parte
3069 5015 3328 5085 episwpus
3349 5011 3454 5082 quis
3481 5002 3623 5080 fuerit.
3651 4988 3745 5085 9‘05

2329 5107 2469 5162 illius
2496 5107 2734 5162 adversus
2757 5080 3057 5160 catholicam
3088 5080 3367 5160 Ecclesium
3386 5097 3589 5173 epistola.
3621 5090 3647 5143 3
3670 5080 3743 5138 HI“

2325 5201 2409 5270 ius
2456 5200 2671 5270 Primam
2710 5206 2902 5269 partem
2945 5198 3129 5269 refellit
3169 5196 3480 5268 Augustinus.
3514 5188 3544 5241 4
3577 5182 3739 5270 Quonam

2330 5301 2549 5362 tempore
2568 5289 2620 5342 id
2639 5305 2904 5360 aggressus
2927 5298 3018 5343 est.
3043 5290 3076 5344 5
3100 5285 3420 5342 Parmenioni
3440 5289 3593 5336 contra
3617 5265 3740 5362 Πήιοο

2327 5381 2466 5434 nium
2523 5381 2785 5452 epistolam
2821 5381 2874 5434 in
2912 5384 3133 5452 favorem
3169 5376 3440 5434 schismatis
3484 5360 3740 5460 εοηεεΐξρξίηη

2329 5486 2386 5526 co
2395 5475 2580 5543 nfutat.
2605 5472 2639 5527 6
2664 5471 2784 5526 Edit
2805 5472 2958 5527 libros
2974 5473 3035 5527 de
3052 5471 3303 5542 Baptism
3318 5476 3478 5524 contra
3494 5454 3736 5550 Donm‘f‘f’j‘

2328 5564 2358 5618 7
2387 5563 2465 5619 De
2481 5564 2626 5630 libro,
2645 5563 2832 5620 Contra
2851 5564 2987 5638 quod
3007 5565 3172 5620 attulit
3189 5560 3441 5619 Centurius
3463 5573 3490 5608 α
3508 5543 3734 5606 Donatium

2323 5657 2356 5711 8
2385 5655 2462 5710 De
2487 5655 2667 5710 litteris
2687 5657 2755 5710 ad
2783 5655 3021 5711 Celerem.

2324 5743 2375 5802 i.
2409 5743 2659 5818 Epistolas
2685 5762 2803 5804 mox
2829 5757 3132 5807 memorata:
3151 5753 3331 5804 auctor
3351 5735 3550 5800 Petiliam

3558 5739 3620 5794 ns,
3638 5717 3732 5777 inter
