3868 6400
67 383 170 446 995

74 500 456 559 Donatistarum
479 497 762 568 episcopos
787 502 909 551 tunc
934 489 1162 549 maxime
1185 491 1421 547 omnium
1467 489 1638 546 nomi-

71 605 234 656 natus,
256 590 499 646 forenses
527 587 811 658 aliquando
841 599 1023 642 causas
1053 594 1232 657 egerat
1264 603 1277 640 :
1309 597 1466 656 quem
1517 598 1640 654 pro—

71 693 234 756 pterea
262 683 313 736 in
343 681 634 736 collatione
663 675 1066 750 Carthagincusi
1093 673 1387 733 catholicus
1424 674 1638 747 quidam

70 777 333 846 episcopus
374 770 445 829 ad
493 772 598 827 fori
637 772 721 826 sui
746 772 890 843 leges
917 783 1026 826 non
1048 765 1240 840 injuria
1269 766 1446 824 redire
1466 765 1636 838 jubet.

65 868 106 922 Is
137 881 256 920 sane
290 863 498 935 jactare
525 863 713 918 solitus
737 871 852 920 erat
879 863 1168 935 potentiam
1196 861 1459 934 quondam
1492 876 1642 916 suam

65 961 110 1013 in
142 955 329 1012 forensi
358 953 746 1022 advocatione;
769 965 958 1027 seque,
990 964 1210 1026 propter
1233 955 1390 1021 hanc,
1414 953 1642 1026 Spiritus

70 1049 221 1107 sancti
256 1048 703 1119 cognominatam,
731 1047 874 1119 quod
899 1047 1022 1102 inde
1049 1045 1301 1116 paraclcti
1327 1059 1520 1101 nomen
1542 1045 1640 1101 ob-
1671 1071 1676 1075 ·

71 1141 316 1200 tinuisset.
349 1137 517 1194 fuisse
544 1134 737 1193 stolide
761 1137 1080 1209 prmdicabat
1108 1134 1278 1210 (Cant.
1312 1136 1434 1190 Litt.
1461 1129 1641 1202 Petit.,

70 1235 151 1288 lib.
169 1233 221 1297 3,
235 1249 279 1287 c.
299 1229 384 1297 16,
398 1249 450 1286 u.
477 1229 587 1302 l9).
607 1227 759 1286 Hunc
779 1244 898 1287 cum
917 1229 1090 1302 primo
1109 1231 1160 1284 itt
1182 1227 1412 1286 Ecclesia
1431 1229 1646 1284 catholio

70 1337 124 1380 ca
143 1334 275 1381 esset
302 1323 745 1389 eatechttmcnns,
779 1337 872 1393 per
890 1323 996 1378 vim
1017 1331 1305 1392 rapuerant
1337 1321 1641 1387 Donatistae,

76 1431 126 1472 ac
141 1433 239 1470 sum
256 1415 387 1486 parti
407 1416 625 1470 \‘inCttlo
643 1413 863 1469 honoris
881 1411 1174 1480 mortifero,
1192 1411 1434 1468 videlicet
1449 1414 1646 1483 episco-

81 1512 169 1582 pali
192 1509 462 1580 dignitate,
490 1510 876 1563 astrinxerant.
909 1507 1023 1574 Qua
1053 1504 1121 1563 de
1141 1507 1191 1562 vi
1223 1505 1480 1561 Petiliano
1502 1505 1643 1560 illata

85 1605 381 1673 Augustinus
407 1600 460 1655 in
488 1615 742 1656 sermone
768 1597 836 1654 ad
864 1599 1112 1670 populum
1143 1596 1538 1654 Ca-sarcensem
1561 1596 1646 1650 di-

91 1695 247 1749 aebat:
277 1690 408 1746 Pars
453 1691 647 1746 Donati
687 1690 891 1762 quando
923 1689 1224 1761 prtet'alebat
1265 1685 1604 1743 Constantina-
1628 1729 1644 1752 ,

87 1787 243 1840 inicum
285 1793 506 1838 nostrum
548 1783 985 1848 catae/tamenaut,
1037 1787 1210 1835 natum
1257 1779 1320 1832 de
1362 1776 1648 1850 parentibus

84 1873 340 1941 catholicis,
370 1869 683 1928 Petitianum
714 1874 892 1938 tenuit,
923 1871 1022 1926 vim
1053 1871 1169 1944 fecit
1191 1870 1398 1934 nolenti,
1425 1877 1650 1924 scrutata

86 1975 147 2022 est
188 1970 455 2037 fugientem,
495 1967 692 2021 invenit
721 1963 974 2030 latentem,
1004 1962 1222 2019 extraxit
1253 1971 1531 2034 paventem,
1556 1961 1648 2016 ba-

93 2059 280 2127 ptizavit
301 2067 592 2125 trementem,
625 2059 878 2114 ordinavit
894 2058 1141 2112 nolentem
1157 2055 1349 2128 (Serm.
1373 2057 1440 2110 ad
1453 2055 1646 2112 ϐων-(ιν.

95 2148 227 2206 Eccl.
255 2149 396 2220 plcb.,
426 2169 472 2205 η.
501 2151 573 2220 8).
602 2151 688 2206 Ab
715 2151 796 2205 his
817 2163 944 2220 ergo
966 2149 1150 2204 volens
1179 2150 1364 2205 nolens
1380 2149 1648 2204 Constan-

92 2240 205 2294 tina-
223 2253 310 2294 seu
329 2241 474 2297 Cirta!
494 2243 649 2312 (nam
673 2243 883 2297 duobus
903 2241 1050 2298 hisce
1074 2241 1343 2296 vocabulis
1369 2241 1654 2312 insignitur

86 2332 252 2388 eadem
276 2336 409 2401 urbs,
435 2347 599 2407 quam
630 2331 874 2391 Numidia
897 2336 1104 2391 civilem
1127 2336 1460 2406 metropolim
1487 2349 1650 2405 agno-

86 2424 272 2496 scebat)
315 2428 498 2494 pracsul
529 2434 623 2481 est
673 2429 992 2482 Constiltttus
1033 2444 1045 2480 :
1095 2441 1198 2498 qua
1238 2427 1327 2482 ille
1373 2426 1649 2497 dignitate,

87 2511 252 2584 Optato
278 2516 495 2573 necdum
527 2529 782 2582 mortuo,
827 2518 1144 2589 potiebatur.
1192 2515 1424 2573 Tametsi
1474 2527 1652 2572 autem

88 2603 366 2663 Petilianum
409 2609 621 2665 Solet-et
661 2609 796 2664 fama
838 2609 1149 2680 prmdicarc,
1196 2609 1338 2681 quod
1366 2609 1503 2664 inter
1526 2623 1653 2664 suos

88 2695 291 2753 doctrina
319 2711 370 2754 ct
401 2699 656 2757 facundia
697 2704 926 2758 maxime
972 2701 1259 2758 excelleret
1289 2700 1497 2774 (Contra
1528 2701 1649 2756 Litt.

91 2785 238 2858 Poni,
269 2791 350 2845 lib.
381 2794 432 2859 1,
461 2809 508 2848 c.
541 2795 568 2848 1
591 2803 641 2864 ):
675 2793 916 2864 ejusdem
941 2805 1114 2849 tamen
1141 2794 1312 2848 oratio
1337 2794 1655 2864 quandoque

90 2881 464 2950 reprehenditur
507 2885 585 2938 ab
622 2886 917 2955 Augustino
945 2897 1001 2940 ut
1031 2886 1256 2955 turgida,
1287 2887 1607 2942 tumultuosa
1631 2927 1645 2950 ,

94 2981 140 3024 ac
160 2974 464 3028 concitandae
501 2975 654 3046 plebi
690 2976 1110 3042 accommodata,
1156 2976 1333 3030 verbis
1361 2977 1521 3030 etiam
1575 2977 1655 3030 iit-

93 3065 460 3132 eptisintcrdum
484 3083 549 3124 ac
571 3069 775 3122 insanis
797 3069 1087 3139 composita
1105 3067 1290 3140 (Ibid,
1305 3069 1390 3122 lib.
1406 3069 1460 3132 2,
1476 3084 1521 3121 c.
1541 3069 1651 3136 73).

96 3152 380 3228 Prt-cipuutn
403 3176 534 3216 vero
560 3160 872 3217 scitis-matis
893 3159 988 3214 luit
1009 3159 1096 3215 illc.
1121 3163 1172 3214 itt
1191 3160 1490 3214 Collationc
1520 3175 1654 3229 prus-

96 3247 272 3318 sidiam,
300 3257 349 3305 in
379 3267 479 3323 qua
508 3253 776 3325 quidquid
805 3253 1094 3324 exetigitarl
1127 3263 1298 3323 potest
1337 3253 1568 3308 solertia:
1593 3269 1656 3308 ac

100 3335 286 3406 fraudis,
313 3346 571 3417 quidquid
610 3346 1060 3416 tergiversatiOuis
1103 3361 1166 3400 ac
1212 3346 1548 3416 pervicacius,
1603 3346 1655 3399 id

99 3443 235 3488 omne
256 3437 304 3489 in
327 3438 594 3494 mendacii
618 3438 982 3493 defensionem
1011 3436 1286 3502 adhibuit;
1317 3452 1423 3506 quo
1450 3444 1504 3491 ct
1538 3444 1655 3490 actu

100 3524 400 3594 produceret,
423 3539 473 3584 et
497 3530 752 3585 et‘ticeret
780 3545 846 3584 ne
871 3528 994 3599 quid
1025 3529 1223 3583 interea
1250 3529 1654 3597 transigeretur,

101 3613 256 3672 donec
277 3630 523 3678 contracta
579 3619 720 3687 rari,
767 3619 979 3677 tandem
1020 3621 1086 3676 ad
1125 3621 1396 3676 silentium
1439 3621 1659 3675 adactus

101 3704 200 3762 fuit.

157 3799 204 3854 2.
240 3801 400 3860 Multis
435 3806 604 3860 annis
643 3809 769 3859 ante
809 3803 1146 3860 collationem
1184 3801 1655 3871 Carthaginensem

103 3887 352 3950 Petiliauus
377 3896 441 3951 ad
470 3897 825 3968 presbyteros
842 3937 856 3958 ,
884 3895 1242 3964 diaconosque
1267 3893 1365 3948 sibi
1392 3892 1654 3960 subditos,

103 3984 379 4047 pastoralem
406 3988 696 4058 epistolam
723 3986 978 4041 adversus
1007 3983 1300 4041 Ecclesium
1341 3986 1657 4041 catholicam

105 4071 303 4129 soibere
341 4094 522 4145 ausus,
560 4076 703 4133 hanc
751 4085 970 4141 temere,
1005 4092 1105 4133 nec
1151 4077 1274 4132 ullis
1318 4076 1558 4131 adductis
1604 4076 1658 4130 in

106 4167 302 4223 medium
345 4170 706 4235 documentis,
739 4171 1021 4225 infamibus
1069 4169 1275 4240 pmbris
1319 4169 1656 4235 incessebat;

105 4260 528 4334 contettdclratquc
560 4280 749 4318 verum
780 4277 842 4317 ac
871 4261 1162 4332 legitimum
1195 4261 1519 4330 Baptismum
1543 4267 1660 4314 tan-

105 4354 342 4407 tummodo
380 4369 544 4424 penes
577 4371 726 4409 snaut
771 4364 967 4411 sectam
1000 4353 1220 4424 reperiri
1261 4351 1447 4423 (Ibid,
1484 4350 1571 4405 lib.
1605 4352 1658 4417 1,

107 4441 206 4505 c.l,
228 4457 273 4494 η.
289 4444 366 4513 2).
387 4445 532 4502 II.-.nc
552 4447 836 4516 epistolam
855 4446 897 4500 is
914 4445 1133 4499 haberet
1154 4446 1432 4513 integrant,
1455 4443 1542 4513 qui
1563 4442 1660 4497 de-

109 4539 261 4598 cerlita
287 4553 345 4590 ex
386 4541 671 4610 Augustini
714 4540 849 4594 libro
878 4539 928 4592 in
967 4537 1286 4593 Petilianum
1315 4536 1546 4591 secundo
1573 4549 1659 4592 ca-

114 4619 257 4689 pitum
295 4629 615 4699 singulorum
665 4631 813 4685 initia
861 4642 981 4701 apte
1024 4631 1162 4684 inter
1197 4645 1256 4684 se
1293 4629 1658 4699 coniungeret.

109 4707 406 4774 Orthodoxbs
437 4725 490 4777 in
520 4740 584 4778 ea
617 4724 770 4794 quasi
800 4723 1114 4789 traditores,
1143 4732 1232 4776 aut
1257 4731 1409 4776 natos
1436 4738 1466 4776 e
1497 4721 1663 4775 tradi-

114 4807 311 4874 toribus,
341 4816 480 4869 nullo
513 4817 825 4871 testimonio
857 4821 1010 4872 nixus
1040 4816 1284 4871 traducit.
1316 4819 1572 4884 Acceptas
1596 4815 1666 4870 ab

116 4896 199 4954 Illis
237 4904 442 4975 injurias
490 4914 754 4983 queritur,
783 4914 882 4967 etsi
927 4912 1258 4967 vexationem
1305 4917 1428 4964 tanc
1467 4909 1663 4962 nullam

117 4997 408 5062 aperiretur
434 5004 552 5074 ejus
582 5005 777 5070 factio;
809 5019 930 5060 cum
973 5005 1308 5076 magistratus
1335 5004 1464 5058 satis
1499 5002 1664 5058 habe-

119 5089 234 5155 ωσι,
257 5097 296 5145 si
322 5098 478 5151 modo
508 5097 603 5161 illi,
630 5098 683 5152 vi
717 5097 851 5154 forte
883 5099 1014 5169 legis
1043 5115 1071 5152 a
1110 5096 1362 5153 Gratiano
1391 5111 1530 5152 anno
1559 5104 1665 5152 tre-

120 5183 375 5240 centesimo
421 5191 816 5261 septuagesimo
853 5191 1081 5260 septimo
1120 5189 1259 5256 lane,
1302 5202 1480 5244 sacras
1521 5188 1668 5244 aedes

121 5266 398 5332 atl'nuereut.
431 5279 619 5338 Plures
643 5280 890 5353 quidem,
923 5293 1034 5336 tum
1077 5295 1209 5354 quas
1247 5281 1532 5336 Donatista:
1567 5278 1669 5334 Ca-

122 5356 302 5422 tholicis
326 5383 418 5439 per
446 5372 553 5428 vim
581 5376 909 5443 eripuerant,
943 5381 1054 5431 tum
1080 5389 1213 5446 quas
1243 5375 1399 5431 iidem
1433 5389 1526 5444 per
1552 5373 1666 5428 dis-

124 5449 226 5508 είάίὶ
251 5467 446 5530 lemma
482 5476 883 5531 exstruerem,
915 5467 993 5523 eis
1031 5468 1328 5524 subtractae
1370 5465 1670 5521 retinebant

125 5531 644 5624 Cilbolici:quamvis
685 5557 859 5614 adhuc
903 5575 1010 5615 non
1046 5575 1249 5631 paucae,
1275 5573 1342 5615 ex
1383 5557 1466 5613 his
1506 5558 1668 5614 etiam

128 5641 225 5700 (1η
261 5648 640 5703 communionis
697 5649 973 5707 catholicae
1019 5651 1266 5718 luerunt,
1315 5650 1672 5706 schismaticis

127 5727 328 5812 [inibis
367 5735 641 5796 servirent.
674 5739 968 5798 Ecclesium
1017 5743 1305 5798 Catholicae
1352 5743 1501 5798 titulo
1541 5756 1668 5812 spo-

130 5803 238 5875 ειη
263 5819 546 5890 nitebatur:
579 5831 676 5890 sed
704 5834 918 5894 tandem
943 5851 1004 5894 ea
1034 5850 1130 5908 spe
1154 5835 1417 5910 deiectus,
1444 5834 1511 5893 ad
1537 5803 1670 5911 pau-

1426 367 1625 432 LIBER
1662 365 1976 441 QUINTUS.

3218 374 3326 436 294

1747 487 1919 543 citatis
1950 499 2043 559 per
2083 496 2358 560 attgustam
2399 491 2537 546 viam
2565 491 2854 562 gradientis
2881 490 3090 547 laudem
3117 507 3178 548 se
3203 506 3332 548 con-

1747 582 1967 639 ferebat.
1997 577 2365 656 Exprobrabat
2405 581 2592 642 factum
2621 601 2650 642 a
2679 587 2969 644 Catltolicis
2993 587 3129 659 apud
3157 589 3329 658 impe-

1747 681 1953 732 ratores
2013 681 2493 749 expostulationeut
2558 679 2624 736 de
2685 681 2936 736 Ecclesiae
2999 681 3164 744 locis,
3211 695 3332 750 quae

1751 768 2142 827 Donatistarum
2191 781 2334 828 aeota
2382 780 2753 843 occupaverat.
2801 771 2916 828 Jam
2965 781 3076 828 tum
3119 771 3330 843 quidem

1750 860 2030 917 exstabant
2060 863 2225 933 leges,
2259 875 2378 934 Quae
2402 864 2692 918 Donatistis
2722 863 2928 918 urbium
2960 863 3225 918 domicilio
3256 863 3336 918 ina

1751 951 2110 1018 terdicerent;
2147 969 2245 1010 nec
2272 956 2490 1012 dubium
2517 958 2644 1028 quin
2686 957 2849 1010 multa
2880 956 3102 1011 Honorii
3127 957 3179 1010 in
3219 957 3336 1011 illos

1751 1047 1922 1102 edicta
1969 1049 2336 1118 reperirentur
2382 1049 2432 1104 id
2485 1049 2778 1120 temporis:
2820 1064 2920 1119 qua
2968 1047 3127 1104 etiam
3168 1047 3234 1102 de
3280 1061 3339 1103 re

1751 1149 1939 1210 graves
1968 1141 2331 1210 querimonias
2369 1141 2599 1196 habebat
2626 1140 2934 1206 Petilianus,
2968 1139 3107 1209 quod
3139 1138 3342 1195 scilicet

1751 1229 2008 1285 Catholici
2041 1230 2107 1285 ad
2146 1231 2345 1300 regiam
2385 1233 2754 1286 auctoritatem
2797 1229 3166 1301 confugerent.
3201 1228 3342 1284 Inter

1753 1319 1869 1375 htrc
1898 1335 2024 1376 suos
2055 1318 2465 1388 adhortabatur,
2494 1333 2552 1378 ut
2589 1323 2945 1378 innocentiam
2979 1323 3150 1387 illam,
3183 1335 3340 1390 quam

1753 1411 1882 1481 ipsis
1906 1413 2105 1477 tribuit,
2132 1415 2210 1469 rei
2237 1414 2494 1469 bonorum
2522 1416 2758 1470 omnium
2783 1423 3115 1470 terrenorum
3135 1413 3343 1485 jactura

1755 1511 2046 1558 tuerentur.
2075 1505 2131 1558 In
2157 1506 2236 1560 eis
2255 1520 2314 1559 se
2333 1521 2564 1577 suosque
2583 1507 2915 1571 numerabat,
2939 1521 3075 1577 quos
3095 1503 3340 1561 Christus

1753 1608 2016 1664 pauperes
2053 1597 2240 1666 Spiritu
2270 1609 2462 1663 vocat;
2495 1599 2690 1668 quique
2733 1597 3081 1652 reformidant
3109 1597 3342 1666 divitias,

1754 1683 1948 1739 nedum
1996 1689 2376 1756 concupiscant
2416 1706 2428 1741 :
2473 1690 2680 1744 tametsi
2730 1701 2911 1758 parum
2961 1688 3245 1744 admodum
3292 1690 3346 1744 in

1755 1775 2042 1831 nonnullos
2092 1778 2484 1834 Donatistarum
2539 1781 2818 1852 episcopos
2861 1780 3118 1850 ejusmodi
3164 1780 3349 1836 Iaudes

1755 1868 2094 1938 quadrarent,
2120 1871 2337 1942 ipseque
2364 1873 2564 1927 nullum
2597 1874 2860 1928 bonorum
2887 1885 3102 1928 suorum
3133 1873 3349 1942 dispen-

1756 1960 1901 2015 dium
1932 1971 2076 2016 esset
2100 1967 2305 2032 passus,
2347 1979 2468 2035 quat
2507 1981 2574 2020 an
2607 1965 2916 2037 abjecisset,
2949 1965 3183 2034 proiecto
3212 1965 3348 2020 late-

1755 2053 1848 2108 bat
1883 2055 2253 2123 Augustinum.
2283 2056 2359 2110 Eo
2400 2055 2682 2112 dementiae
2720 2073 2783 2112 ac
2823 2059 3086 2127 superbiae
3130 2066 3349 2112 venerat

1758 2143 2069 2210 Petilianus,
2100 2153 2158 2199 ut
2183 2147 2380 2202 sentire
2405 2147 2676 2203 videretur
2700 2163 2842 2204 vera:
2869 2149 3122 2203 Ecclesia:
3144 2149 3350 2218 episco-

1758 2253 1855 2306 pos
1878 2238 2110 2307 peccatis
2141 2240 2301 2293 nullis
2331 2239 2588 2293 obnoxios
2619 2250 2756 2303 esse,
2787 2255 2962 2309 neque
3001 2240 3134 2294 atlco
3175 2237 3337 2309 popul

1757 2329 2008 2400 precibus
2047 2331 2324 2400 indigere;
2361 2342 2519 2401 atque.
2560 2331 2628 2386 ita
2674 2348 2732 2387 se
2770 2347 2980 2403 quoque
3019 2333 3188 2402 ipsum
3229 2345 3350 2386 esse

1759 2419 1944 2486 Paulo,
1986 2419 2190 2477 Joanne
2235 2423 2592 2494 evangelista,
2645 2422 2861 2478 Danielc
2906 2434 3062 2493 atque
3105 2422 3222 2478 aliis
3265 2422 3351 2492 ju-

1760 2513 1999 2568 stiorcin.

1832 2606 1884 2659 5.
1926 2605 2051 2659 Ηειιε
2095 2606 2320 2675 cpistola
2371 2607 2657 2661 multorum
2706 2605 2759 2660 in
2803 2605 3048 2659 manibus
3088 2613 3220 2668 erat,
3260 2604 3351 2674 qui

1762 2697 1934 2749 varias
1959 2697 2118 2751 etiam
2151 2713 2218 2752 ex
2245 2713 2307 2751 ea
2339 2699 2630 2752 sententias
2659 2699 2724 2751 ad
2762 2698 2982 2751 verbum
3023 2697 3347 2761 ediscehant,

1761 2789 1910 2858 quasi
1959 2804 2022 2842 ex
2065 2804 2229 2858 cperc
2267 2790 2524 2843 adversus
2562 2788 2880 2843 catholicam
2920 2787 3214 2842 Ecclesium
3261 2803 3355 2858 ap-

1764 2889 1932 2958 prime
1963 2889 2136 2942 valido
2165 2887 2280 2962 (De
2313 2887 2516 2942 Unitatc
2543 2885 2820 2952 Ecclesiae,
2850 2902 2904 2939 η.
2938 2886 2960 2938 1
2987 2883 3024 2946 ).
3055 2883 3212 2938 Cirtze
3243 2883 3351 2954 pri-

1763 2992 1908 3035 mum
1933 2993 2000 3033 ex
2025 2980 2112 3033 illa
2143 2979 2383 3048 quaedam
2408 2977 2534 3049 legit
2557 2977 2880 3049 Augustinus
2907 2975 3118 3047 (Contra
3140 2974 3353 3030 Litteras

1765 3071 2028 3137 Petiliani,
2059 3072 2148 3126 lib.
2182 3072 2234 3136 1,
2266 3089 2318 3126 n.
2352 3073 2429 3142 1),
2459 3071 2594 3125 forte
2617 3071 2798 3136 etiam,
2829 3079 2884 3124 ut
2914 3086 2942 3122 a
2973 3068 3125 3122 nobis
3150 3069 3352 3122 dictum

1763 3175 1862 3229 est,
1889 3181 1993 3235 quo
2016 3176 2254 3234 tempore
2274 3179 2303 3218 a
2324 3162 2598 3219 Generoso
2631 3162 2927 3232 presbyteri
2954 3160 3239 3214 Donatista:
3269 3159 3355 3213 lit-

1765 3267 1927 3321 teras,
1949 3258 1998 3311 in
2021 3257 2211 3328 quibus
2231 3255 2418 3312 cadem
2444 3255 2773 3319 laudabatur,
2797 3253 3004 3322 accepit
3027 3251 3216 3323 (Epist.
3242 3249 3354 3324 55).

1764 3348 1914 3403 Hanc
1953 3348 2021 3412 ei,
2053 3362 2172 3401 cum
2216 3348 2268 3401 in
2309 3345 2533 3402 ecclesia
2580 3354 2725 3401 esset
2767 3359 2870 3398 una
2911 3359 3029 3398 cum
3072 3342 3359 3396 Fortunato

1764 3439 2028 3495 catholico
2058 3440 2172 3508 cjtts
2203 3437 2304 3492 loci
2345 3436 2614 3500 antistite,
2643 3433 3063 3489 orthodoxorum
3109 3431 3350 3486 nonnulli

1767 3530 2095 3590 obtulerunt,
2142 3528 2400 3582 Abscntio
2448 3535 2710 3596 praesente
2753 3541 2766 3579 :
2810 3523 2946 3580 forte
2995 3521 3358 3592 reponendum

1765 3623 1998 3693 Alypio,
2049 3620 2478 3692 quandoquidem
2526 3619 2749 3690 Alypius
2792 3633 2912 3672 cum
2963 3615 3258 3686 Augustino
3305 3623 3360 3670 et

1766 3711 2059 3769 Fortunato
2086 3710 2410 3782 conjunctitu
2438 3710 2711 3766 Generoso
2740 3709 3032 3778 rescripsit.
3063 3707 3189 3763 lianc
3220 3723 3356 3762 non-

1765 3805 1867 3862 nisi
1904 3806 2112 3860 initium
2140 3815 2194 3860 et
2233 3819 2356 3874 pars
2395 3803 2633 3873 epistola:
2673 3815 2926 3871 pet-quam
2963 3800 3152 3870 exigua
3197 3807 3352 3856 erat:

1766 3898 2017 3969 quoniam
2059 3897 2293 3950 nondum
2322 3896 2544 3950 licuerat
2569 3892 2856 3948 Cutholicis
2880 3907 2945 3946 ex
2981 3907 3041 3944 ea
3082 3891 3230 3961 plura
3263 3889 3360 3945 de-

1768 3992 2023 4047 scribere.
2055 3989 2318 4059 Principio
2351 3990 2600 4042 observat
2631 3985 2974 4054 Augustinus,
3011 3982 3110 4035 hac
3136 3981 3358 4050 cpistola

1767 4083 1839 4137 ab
1860 4083 1975 4151 ipso
1999 4083 2219 4136 exordio
2247 4079 2478 4133 funditus
2503 4079 2690 4132 Donati
2718 4084 2916 4145 partem
2944 4071 3212 4136 subverti;
3239 4086 3360 4126 cum

1767 4175 1839 4228 ab
1878 4172 2148 4242 impolluta
2190 4171 2503 4241 baptizantis
2527 4165 2882 4230 conscientia,
2929 4180 3112 4219 eorum
3142 4164 3230 4233 qui
3269 4162 3362 4216 ba-

1770 4271 2062 4338 ptizantur,
2090 4265 2320 4336 pendere
2343 4261 2774 4334 justiﬁcutlonem
2799 4257 3006 4313 doceat.
3033 4257 3362 4326 QuaprOptcr

1772 4359 1916 4413 illum
1943 4373 2126 4415 revera
2155 4357 2393 4413 Petiliani
2419 4370 2560 4422 esse,
2590 4351 2830 4423 quamvis
2858 4350 2974 4420 ejus
3008 4363 3202 4403 nomen
3230 4361 3362 4416 pran-

1771 4455 1956 4518 l‘erret,
1990 4451 2130 4506 haud
2179 4449 2331 4505 facile
2370 4449 2471 4502 sibi
2514 4444 2904 4516 persuadebat:
2949 4455 3129 4494 verum
3171 4436 3361 4508 quibus

1772 4556 1897 4602 nuta
1919 4555 2035 4601 erat
2057 4544 2211 4612 hujus
2230 4542 2515 4596 Donatista:
2533 4535 2798 4592 scribendi
2822 4533 3009 4595 fortun,
3033 4531 3172 4586 hunc
3191 4531 3362 4595 ipsum

1773 4653 1895 4695 esse
1930 4635 2167 4707 ejusdem
2207 4633 2384 4688 stilum
2425 4629 2719 4700 Augustino
2758 4625 2932 4680 testati
2973 4632 3098 4678 sunt
3137 4620 3365 4694 \Contra

1775 4731 1994 4786 Litteras
2033 4725 2292 4788 Petitiani,
2319 4724 2406 4778 tib.
2450 4723 2504 4790 1,
2543 4738 2597 4774 n.
2643 4720 2734 4791 1).
2778 4717 2940 4788 Igitur
2981 4716 3127 4770 illam
3166 4717 3365 4786 scripto

1776 4823 2020 4878 refellere
2062 4817 2372 4880 constituit;
2403 4812 2543 4884 quod
2581 4821 2636 4866 et
2665 4809 2908 4880 praestitit
2942 4825 3100 4878 quam
3133 4805 3364 4861 maxima

1777 4913 1945 4985 potuit
1973 4909 2263 4980 diligentia,
2285 4907 2526 4962 claritate
2552 4919 2616 4959 ac
2642 4902 2970 4966 sinceritate,
2995 4916 3060 4953 tte
3085 4899 3210 4970 quid
3241 4913 3369 4952 con-

1779 5015 1857 5061 tm
1886 5003 2197 5058 catholicam
2228 4999 2385 5055 [idem
2419 4995 2574 5053 solidi
2609 5010 2672 5050 ea
2700 4992 2960 5048 contineri
2992 5001 3236 5061 putarent
3264 4990 3366 5042 im-

1779 5097 2103 5167 peritiores:
2147 5108 2247 5148 neo
2289 5089 2549 5146 modestia
2595 5100 2690 5140 sua
2734 5084 3036 5147 inhibetur,
3087 5081 3369 5151 quominus

1779 5199 1981 5245 asserat
2021 5186 2296 5242 veritatem
2344 5184 2396 5238 in
2443 5197 2537 5237 sua
2577 5178 2929 5249 responsione
2971 5176 3105 5230 adeo
3149 5174 3370 5227 ﬁrmiter

1780 5283 2025 5347 stabiliri,
2067 5289 2317 5349 tantaque
2357 5278 2473 5330 lucc
2518 5272 2791 5336 illustrari,
2833 5279 2891 5325 ut
2925 5269 3184 5323 Pctiliano
3236 5265 3369 5319 nihil

1780 5382 2084 5440 succurrat,
2141 5387 2246 5443 quo
2293 5385 2410 5424 eam
2443 5366 2608 5438 possit
2651 5364 2922 5419 revincere
2953 5358 3157 5431 (Ibid.,
3193 5358 3280 5410 tib.
3309 5355 3366 5420 5,

1781 5486 1835 5524 η.
1895 5469 1921 5522 1
1962 5468 2002 5538 ).
2061 5463 2482 5535 ReSponsionem
2534 5459 2672 5513 hanc
2726 5456 2869 5511 lideli
2942 5452 3188 5507 dioecesis
3255 5461 3367 5538 suae

1783 5534 1978 5631 popqu
2035 5534 2207 5621 dicat,
2261 5567 2486 5623 eamque
2548 5565 2653 5605 non
2707 5547 2900 5603 librutn
2947 5542 3216 5613 appellat,
3267 5534 3366 5631 sed

1782 5627 2060 5720 epistolam
2093 5647 2497 5718 (Retractation.
2539 5643 2626 5696 lib.
2665 5639 2730 5702 2,
2763 5655 2878 5708 cap.
2909 5636 2978 5689 25
3000 5637 3039 5702 ).
3072 5632 3243 5686 Utitur
3281 5627 3369 5682 hic

1783 5741 1959 5811 Optati
2015 5740 2252 5811 quidem,
2307 5746 2362 5793 at
2422 5736 2588 5791 tnulto
2640 5729 2809 5798 magis
2864 5720 3368 5779 Maxituianistarutn

1785 5831 2027 5903 historia,
2045 5833 2360 5906 plebemque
2385 5847 2534 5890 suam
2553 5830 2878 5892 adhortatur,
2900 5826 2954 5876 ut
2975 5814 3110 5872 hanc
3131 5813 3371 5872 ultimam
