3838 6270
558 300 665 360 295

556 415 663 469 alte
702 412 753 466 in
781 413 1015 464 mentem
1048 401 1369 458 demittant:
1399 395 1594 468 quippe
1633 406 1753 464 qua:
1779 391 1852 447 sit
1888 384 2134 442 omnibus

553 503 770 560 omnino
818 499 1211 555 Donatistarum
1258 489 1620 562 petitionibus,
1665 486 1782 542 sine
1824 483 1934 539 ullo
1973 496 2133 553 argu-

551 604 848 654 mentorum
874 589 1140 663 praesidio,
1163 584 1484 658 repellendis
1511 581 1739 638 maxime
1765 575 2129 636 accommoda.

547 689 750 758 Quibus
777 685 1025 757 subjicit:
1053 680 1194 746 Herc,
1229 683 1433 751 fratres,
1463 693 1579 732 cum
1601 674 1819 746 impigra
1845 679 2133 726 mansuetu-

545 782 665 836 dine
695 780 893 852 agenda
929 786 978 832 et
1013 773 1344 848 praedicanda
1380 773 1585 827 retinete
1605 786 1625 826 :
1653 769 1846 841 diligite
1881 766 2125 830 homines,

544 873 811 944 interficite
843 885 1038 926 errores
1060 883 1080 922 :
1105 867 1214 922 sine
1234 865 1468 936 superbia
1504 863 1568 918 de
1591 863 1795 917 veritate
1819 859 2125 933 prwsumite,

544 967 652 1020 sine
674 963 867 1020 servitia
895 978 986 1033 pro
1020 959 1224 1015 veritate
1250 965 1451 1012 certate.
1485 953 1641 1010 Orate
1680 971 1771 1026 pro
1797 954 1868 1008 eis
1894 968 2018 1021 quos
2043 968 2127 1006 re-

543 1056 793 1128 darguitis
827 1063 978 1120 atque
1020 1049 1310 1106 convincitis
1339 1046 1568 1120 (Contra
1605 1045 1822 1100 Litteras
1861 1043 2124 1111 Petiliani,

545 1149 634 1204 lib.
663 1149 714 1214 1,
742 1165 796 1202 n.
827 1146 889 1203 3i
917 1143 961 1218 ).
995 1142 1330 1214 Diligentiam
1358 1155 1488 1196 sane
1511 1137 1751 1195 adhibuit
1778 1135 2123 1207 Augustinus,

545 1249 604 1295 ut
629 1238 846 1308 reliqua:
875 1235 1173 1291 litterarum
1217 1230 1458 1288 Petiliani
1491 1238 1666 1301 partes
1703 1227 1804 1283 sibi
1846 1228 1898 1282 in
1939 1239 2126 1280 manus

543 1328 821 1386 venirent:
862 1325 958 1382 sed
995 1340 1116 1380 cum
1155 1323 1362 1378 illarum
1403 1321 1610 1376 initium
1649 1319 1717 1375 ab
1752 1333 1818 1374 eo
1864 1315 2128 1373 confutari

543 1422 932 1480 intellexissent
971 1417 1289 1481 Donatistae,
1319 1416 1498 1471 nullus
1523 1428 1738 1481 eorum,
1765 1427 1795 1465 a
1824 1411 2016 1483 quibus
2044 1407 2128 1464 lue

543 1516 723 1587 petita:
750 1513 985 1578 fuerunt,
1017 1511 1148 1567 dare
1183 1509 1369 1565 voluit.
1397 1507 1546 1562 Adeo
1580 1504 1904 1562 verebantur
1932 1502 2029 1569 illi,
2061 1517 2128 1556 ne

542 1607 684 1680 quod
707 1623 738 1662 e
766 1607 877 1661 suis
901 1604 1114 1675 scriptis
1135 1603 1188 1658 in
1214 1599 1608 1658 Catholicorum
1634 1610 1823 1652 manus
1853 1594 2124 1650 incideret.

541 1698 699 1767 Quid,
721 1697 862 1769 quod
885 1695 1210 1767 Augustinus
1231 1693 1544 1749 Petilianum
1567 1703 1834 1761 nunquam
1856 1685 2128 1742 inductum

543 1792 608 1848 iri
634 1801 802 1864 putat,
835 1799 893 1847 ut
931 1791 1071 1847 illam
1101 1790 1269 1860 ipsam
1308 1786 1588 1858 epistolam
1616 1783 1703 1840 vel
1729 1797 1825 1854 pro
1847 1798 1941 1838 sua
1967 1798 2130 1854 agno-

543 1895 676 1952 scat,
723 1900 784 1940 ac
821 1884 1034 1955 propria
1077 1879 1564 1950 mantrobsignet?
1609 1876 2020 1948 Haudquaquam
2058 1877 2129 1932 ita

543 1993 602 2034 se
631 1977 846 2048 gerebat
869 1975 1230 2045 Augustinus:
1263 1971 1357 2028 sed
1383 1970 1687 2027 Catholicos
1716 1977 1887 2039 rogat,
1916 1984 1984 2024 ue
2011 1967 2130 2022 cui-

545 2084 704 2141 quam
736 2067 970 2140 poscenti
997 2081 1149 2122 suam
1185 2064 1353 2136 ipsius
1385 2061 1665 2134 epistolam
1701 2069 1914 2132 negent,
1941 2060 2050 2114 imo
2077 2067 2132 2114 et

545 2176 664 2218 eam
692 2175 800 2216 non
834 2159 1174 2230 poscentibus
1201 2157 1464 2228 ingeram.
1493 2155 1784 2212 Donatistis
1809 2154 1880 2209 ita
1910 2167 2131 2223 respon-

545 2253 702 2310 dendi
732 2253 858 2309 facit
885 2260 1197 2324 potestatem
1218 2293 1234 2319 ,
1269 2258 1330 2305 ut
1353 2250 1396 2304 si
1421 2248 1486 2304 ad
1514 2248 1688 2319 ipsum
1717 2247 1907 2312 nolint,
1943 2244 2130 2300 saltem

545 2345 614 2401 ad
651 2355 809 2402 secta:
848 2360 960 2400 sua:
987 2345 1221 2399 fautores
1259 2341 1662 2412 reSponsionem
1705 2339 1940 2405 mittant,
1972 2335 2130 2392 dum-

548 2438 708 2494 modo
730 2453 848 2493 eam
877 2437 977 2508 ipsi
1002 2433 1263 2492 occuluiri
1292 2450 1395 2487 non
1418 2432 1660 2502 jubeant.
1688 2430 1838 2502 ipsos
1865 2445 2076 2501 quoque
2101 2445 2132 2484 a

549 2528 836 2602 premenda
880 2537 988 2582 tam
1035 2525 1223 2582 sedulo
1259 2524 1502 2578 Pctiliani
1536 2523 1761 2594 epistola
1798 2522 2129 2587 dehortatur,

548 2636 616 2676 ne
657 2622 811 2687 forte,
838 2635 996 2692 quam
1036 2628 1242 2690 partem
1284 2618 1382 2673 sibi
1427 2617 1608 2672 videre
1647 2631 1755 2672 non
1797 2616 2038 2687 contigit,
2069 2631 2132 2671 ea

547 2713 883 2768 contineatur
905 2709 1124 2782 aliquid,
1152 2709 1314 2781 quod,
1346 2710 1419 2765 uti
1445 2709 1612 2765 facete
1648 2708 1793 2775 dicit,
1825 2708 1996 2764 refelli
2023 2723 2132 2763 non

550 2809 718 2879 possit
745 2805 928 2878 (Ibid.,
946 2822 999 2860 n.
1026 2805 1142 2876 27).
1761 2843 1764 2847 ,

620 2901 674 2955 4.
715 2898 957 2954 Primum
1001 2895 1144 2952 hunc
1180 2896 1371 2953 librum
1416 2906 1541 2968 post
1581 2895 1823 2953 Gildonis
1862 2904 1918 2952 et
1956 2894 2134 2966 Oplati

550 3002 777 3050 mortem
796 3034 811 3059 ,
843 2990 895 3046 id
925 2998 1029 3059 est,
1061 3006 1168 3047 non
1206 3001 1329 3046 ante
1355 2992 1481 3046 anni
1505 2989 1862 3047 trecentesimi
1899 3003 2134 3060 nonage-

550 3084 672 3140 simi
694 3083 865 3138 octavi
895 3080 1053 3137 linem
1083 3083 1381 3152 composuit
1409 3081 1610 3154 (Ibid.,
1636 3099 1727 3136 nn.
1759 3081 1847 3147 10,
1869 3080 1938 3135 27
1965 3082 1983 3152 )
2010 3099 2023 3137 :
2049 3081 2133 3134 cui

551 3173 792 3246 profecto
814 3173 974 3240 libro,
995 3173 1040 3228 si
1063 3188 1184 3228 eum
1205 3173 1401 3242 scripta
1421 3174 1520 3228 sub
1541 3173 1805 3230 Anastasii
1825 3172 2133 3244 pontificatu

551 3262 621 3322 ad
659 3263 988 3320 Generosum
1022 3263 1243 3335 epistola
1270 3263 1572 3334 pnecessit,
1605 3279 1673 3319 ne
1701 3263 1883 3319 licebit
1921 3262 2133 3334 quidem

553 3366 764 3428 tempus
816 3364 941 3413 ante
995 3371 1192 3412 annum
1249 3355 1676 3410 trecentesimum
1734 3357 2135 3426 nonagesimum

553 3463 753 3505 nonum
779 3447 1087 3519 assignare;
1117 3461 1237 3503 cum
1262 3444 1570 3500 Anastasius
1592 3445 1660 3500 ad
1685 3459 1802 3501 eam
1825 3445 2135 3517 dignitatem

555 3541 920 3597 tantummodo
943 3549 1196 3612 vergente
1218 3555 1358 3594 anno
1387 3537 1762 3594 trecentesimo
1792 3538 2136 3608 nonagesimo

555 3644 742 3690 octavo
765 3643 1043 3706 cooptatus
1069 3634 1157 3690 sit.
1182 3632 1318 3702 Quin
1349 3633 1457 3688 imo
1479 3648 1543 3688 ex
1569 3631 2022 3687 Retractationum
2052 3646 2138 3686 se.

554 3726 666 3794 ric,
703 3726 755 3782 in
791 3741 895 3797 qua
935 3725 1134 3796 primus
1175 3723 1276 3781 iste
1311 3723 1447 3780 liber
1483 3739 1605 3779 cum
1643 3721 1881 3779 secundo
1922 3721 2139 3777 circiter

553 3833 752 3873 annum
777 3817 1354 3889 quadringentesimum
1379 3815 1672 3872 secundum
1702 3814 1847 3871 edito
1874 3813 2133 3884 jungitur,

553 3925 659 3966 non
688 3908 855 3966 multo
880 3917 1004 3966 ante
1025 3908 1167 3965 hunc
1205 3908 1376 3979 ipsum
1405 3923 1602 3963 annum
1626 3905 1967 3962 collocandus
1992 3905 2139 3961 vide-

551 4011 718 4071 retur,
749 4002 850 4058 nisi
887 4001 1048 4057 variis
1092 4001 1146 4056 in
1185 4015 1251 4057 eo
1291 3999 1424 4056 locis
1461 4000 1785 4071 Augustinus
1828 3999 2136 4054 Przetextati

553 4094 852 4151 Assuritani
878 4103 934 4150 et
959 4092 1212 4149 Feliciani
1239 4091 1507 4148 Mustitani
1549 4101 1800 4162 tanquam
1834 4090 2008 4145 adhuc
2043 4104 2137 4144 su-

554 4187 832 4261 perstitum
852 4183 1220 4242 recordaretur
1241 4183 1424 4254 (Ibid.,
1447 4201 1536 4238 nn.
1558 4182 1647 4249 lo,
1667 4181 1788 4253 26):
1813 4197 1932 4237 nam
1954 4197 1986 4237 e
2004 4181 2138 4236 vivis

555 4287 858 4334 excesserat
890 4277 1239 4332 Prtetextatus
1259 4317 1274 4342 ,
1300 4283 1585 4346 antequam
1617 4274 1940 4344 Augustinus
1965 4272 2140 4328 absol-

553 4379 700 4426 veret
726 4385 879 4426 suum
907 4369 959 4424 in
997 4365 1405 4423 Parmenianum
1429 4380 1564 4435 apus
1601 4362 1829 4438 (Contra
1854 4363 2137 4436 Epistolam

554 4459 819 4527 Pnrmen.,
856 4460 945 4514 lib.
974 4460 1029 4527 3,
1060 4475 1173 4530 cap.
1197 4458 1292 4530 6),
1327 4457 1468 4529 quod
1495 4457 1633 4513 ultra
1656 4473 1856 4512 annum
1883 4455 2137 4527 quadrin-

550 4553 902 4623 gentesimum
933 4551 1081 4621 rejici
1118 4565 1276 4621 posse
1307 4565 1410 4606 non
1452 4559 1714 4621 putamus.
1743 4550 2002 4618 Quocirca
2029 4565 2137 4604 non

555 4645 822 4699 immerito
855 4643 1073 4707 dixeris,
1100 4651 1386 4714 utrumque
1412 4643 1605 4700 librttm
1643 4644 1712 4699 ab
1746 4644 2041 4715 Augustino
2069 4641 2139 4698 ob

555 4734 854 4805 argumenti
885 4732 1280 4788 similitudinem
1321 4748 1424 4787 una
1446 4733 1706 4803 junctum,
1737 4743 1896 4806 atque
1926 4735 1981 4790 in
2018 4733 2139 4788 loco

555 4828 768 4897 utrique
790 4825 947 4878 simul
967 4823 1302 4894 assignando,
1325 4826 1582 4881 rationem
1601 4827 1818 4883 secundi
1844 4842 1965 4882 esse
1985 4827 2138 4882 babi-

557 4929 689 4986 tam,
717 4931 825 4972 non
855 4915 1030 4986 primi,
1057 4931 1214 4986 quem
1243 4915 1481 4986 epistola:
1522 4925 1722 4973 tantum
1750 4918 1870 4972 loco
1910 4919 2140 4974 habebat

555 5011 672 5079 ipse
718 5009 1062 5082 Augustinus,
1100 5024 1202 5065 nec
1238 5009 1290 5064 in
1329 5009 1586 5065 librorum
1626 5024 1842 5065 suorum
1889 5026 2134 5078 numero,

559 5103 658 5156 nisi
690 5101 908 5156 secundi
936 5117 999 5156 ac
1028 5101 1165 5157 tertii
1191 5100 1358 5171 gratia
1388 5101 1715 5157 recensebat.
1743 5101 1817 5158 Ut
1843 5102 1930 5157 ille
1961 5112 2137 5159 tamen

559 5195 693 5250 liber
725 5205 909 5248 contra
948 5193 1191 5250 Petiliani
1229 5194 1433 5250 litteras
1474 5194 1690 5263 primus,
1719 5210 1877 5268 quam
1920 5196 2139 5252 minime

561 5288 718 5358 longo
754 5289 1010 5358 temporis
1047 5287 1326 5344 intervallo
1351 5304 1381 5342 a
1411 5286 1616 5343 duobus
1651 5288 1770 5343 aliis
1807 5288 2138 5361 disjungere-

557 5389 666 5444 tur,
693 5381 890 5452 placuit
932 5381 1106 5437 locum
1147 5381 1322 5438 eidem
1349 5390 1472 5438 ante
1513 5391 1622 5438 tres
1649 5383 1700 5438 in
1731 5383 2135 5441 Parmenianum

555 5471 722 5528 libros
752 5473 1046 5544 proximum
1072 5475 1386 5532 concedere.

625 5566 679 5620 5.
721 5565 1121 5630 Parmeniauns.
1158 5567 1226 5624 de
1265 5585 1370 5640 quo
1412 5567 1500 5624 hic
1537 5567 1728 5637 agitur,
1756 5567 1842 5622 ille
1881 5569 1994 5638 ipse
2032 5579 2134 5636 est,

555 5655 646 5726 qui
675 5656 728 5710 in
758 5657 931 5712 locum
962 5656 1223 5716 demortui
1265 5660 1454 5716 Donati
1481 5674 1512 5714 a
1543 5657 1828 5715 Donatistis
1863 5660 2140 5732 Carthagi-

557 5750 740 5806 nensis
791 5754 1073 5826 cpiscOpus
1126 5754 1380 5813 suffectus
1439 5761 1604 5818 fuerat
1642 5760 1905 5818 (Retract.
1954 5757 2041 5811 lib.
2081 5755 2138 5824 2,

1660 273 1816 330 VITA
1856 272 1914 329 S.
1954 265 2318 327 AUGUSTINI
2360 267 2686 325 EPISCOPI.

2239 403 2355 459 cap.
2385 384 2496 460 l7).
2526 387 2575 442 is
2597 387 2706 457 jam
2737 394 2844 440 tum
2867 393 3167 441 excesserat
3190 401 3220 442 e
3244 388 3340 444 vita
3368 390 3548 466 (Contra
3567 399 3712 475 Episto-

2243 478 2344 532 lant
2379 477 2708 534 Parmeniani
2729 520 2744 546 ,
2777 478 2864 532 lib.
2895 480 2946 544 i,
2975 478 3083 532 cui
3178 477 3364 536 Verum
3391 499 3496 541 cum
3535 494 3708 562 cpistola,

2236 585 2394 642 quam
2443 571 2702 628 adversus
2745 570 3059 626 Tichonium
3103 571 3390 642 scripserat,
3420 577 3467 632 in
3510 583 3709 654 Augustini

2236 680 2427 720 manus
2455 664 2750 732 incidisset,
2783 680 2891 720 non
2925 663 3092 735 potuit
3116 662 3358 722 Ecclesia:
3381 671 3612 732 catholicae
3636 684 3711 736 vin.

2233 755 2334 811 dex
2385 757 2686 826 petentibus
2727 766 2906 827 atque,
2952 765 3011 811 ut
3056 758 3168 826 ipse
3214 757 3445 830 loquitur,
3483 765 3709 834 jubentibus

2233 849 2507 919 fratribus,
2539 861 2595 905 ut
2638 850 2776 904 illam
2823 848 3143 910 confutaret.
3187 864 3286 904 nou
3330 869 3509 909 morem
3549 874 3705 931 gerere;

2231 940 2391 1015 idque
2413 945 2641 999 maxime
2664 943 2733 1000 ob
2757 943 2997 999 diversos
3017 957 3279 997 sacrarum
3307 947 3577 1015 paginarum
3596 952 3705 1022 locns,

2230 1037 2385 1108 queis
2408 1035 2788 1091 Parmenianus
2812 1033 2880 1089 ad
2903 1031 3284 1089 defendendam
3311 1036 3461 1105 partis
3479 1053 3569 1095 sua:
3589 1058 3707 1100 seces-

2230 1129 2435 1184 sionem
2461 1126 2791 1182 abutebatur.
2815 1125 3141 1196 Augustinus
3171 1125 3323 1196 igitur
3347 1127 3392 1180 id
3419 1129 3466 1182 in
3490 1145 3539 1184 se
3555 1137 3708 1204 recepit,

2231 1232 2290 1277 ut
2315 1221 2606 1277 Ecclesiam
2637 1230 2747 1276 toto
2773 1227 3029 1275 terrarum
3058 1218 3189 1273 orbe
3226 1218 3455 1276 dilluSam
3487 1238 3708 1294 purgaret:

2230 1312 2690 1370 criminationibus
2720 1321 2774 1367 et
2798 1310 3099 1376 calumniis,
3131 1311 3318 1380 quibus
3346 1313 3592 1369 Donatista:
3610 1333 3709 1372 suum

2230 1405 2299 1460 ab
2339 1421 2401 1460 ea
2443 1405 2724 1460 discidium
2773 1404 2909 1460 tueri
2950 1403 3101 1474 quasi
3136 1403 3414 1474 legitimum
3448 1409 3707 1465 conabantur.

2230 1497 2344 1565 Qua
2387 1497 2454 1552 de
2499 1513 2658 1552 causa
2701 1495 3104 1552 celeberrimam
3148 1495 3286 1550 illam
3320 1499 3500 1552 excutit
3530 1515 3579 1554 ac
3606 1501 3709 1556 solvit
3781 1495 3807 1568 1

2231 1590 2599 1659 qumstioncm,
2627 1603 2696 1642 an
2726 1586 2852 1642 mali
2882 1586 3071 1651 bonos,
3098 1585 3401 1656 quibuscum
3427 1588 3618 1658 ejusdem
3645 1592 3709 1647 Ec-

2231 1679 2408 1734 clesiae
2434 1679 2711 1744 societate,
2743 1693 2806 1733 ac
2834 1677 3143 1733 eorumdem
3174 1676 3591 1734 Sacramcntorum
3609 1697 3709 1738 com-

2232 1772 2483 1827 munione
2527 1771 2862 1842 copulantur,
2909 1755 3188 1826 inficiant:
3229 1769 3295 1825 ab
3338 1771 3434 1826 illis
3473 1783 3614 1828 autem
3647 1775 3709 1828 hos

2232 1863 2454 1919 minimc
2480 1863 2826 1918 contaminari
2869 1862 3218 1918 demonstrat.
3249 1861 3374 1928 Qua:
3408 1877 3494 1934 per
3516 1863 3708 1916 Maximia-

2233 1957 2491 2012 nistarum
2537 1956 2769 2012 scbisma
2811 1964 3136 2021 evenerant,
3186 1955 3495 2024 potissimum
3531 1955 3706 2018 adhibet,

2234 2048 2443 2120 illisque
2473 2056 2866 2118 peropportune
2893 2049 3056 2101 armis
3086 2046 3266 2110 utitur,
3293 2061 3403 2116 quae
3425 2045 3511 2098 sibi
3538 2045 3707 2115 pra'bue-

2234 2150 2351 2195 rant
2377 2140 2686 2204 Donatistae,
2708 2154 2828 2194 cum
2852 2136 3183 2193 Felicianum
3210 2136 3542 2197 Mustitanum,
3560 2151 3608 2189 ac
3624 2135 3712 2189 Pre-

2235 2239 2492 2287 textatum
2531 2231 2923 2297 Assuritanum,
2969 2244 3090 2285 cum
3135 2228 3376 2282 omnibus
3413 2226 3461 2282 in
3499 2223 3712 2280 Maximiani

2235 2323 2522 2378 schismate
2551 2322 2844 2392 baptizatis,
2889 2320 2956 2375 ad
2997 2319 3416 2375 communionem
3455 2316 3711 2370 admiserunt.

2235 2417 2302 2472 Et
2326 2415 2538 2487 quidem
2568 2431 2598 2470 e
2621 2416 2726 2470 vita
2753 2415 3104 2469 Praetextatus
3131 2411 3270 2465 haud
3294 2411 3438 2480 longe
3459 2419 3563 2463 ante
3580 2406 3714 2460 disces-

2236 2519 2380 2566 serat
2401 2527 2414 2561 :
2439 2508 2736 2564 Felicianus
2757 2517 2934 2563 autem
2954 2506 3129 2562 adhuc
3154 2513 3416 2575 superstes
3437 2512 3550 2557 erat.
3568 2499 3715 2554 Mullum

2236 2616 2448 2672 quoque
2475 2599 2630 2655 isthic
2657 2598 2978 2669 Augustinus
3015 2611 3316 2652 sermonem
3352 2594 3496 2648 habet
3518 2590 3571 2645 dc
3593 2587 3714 2644 Gildo-

2237 2669 2396 2747 niano
2420 2693 2635 2764 Optato,
2661 2690 2834 2762 deque
2859 2690 2925 2745 ab
2954 2704 3020 2745 eo
3051 2688 3313 2744 violenter
3337 2685 3510 2747 factis;
3537 2693 3579 2736 et
3596 2694 3717 2749 quam-

2237 2785 2327 2840 diu
2370 2783 2624 2839 bacchata
2669 2783 2738 2837 sit
2777 2781 2895 2853 ejus
2934 2781 3198 2852 tyrannis,
3229 2793 3330 2834 non
3367 2776 3565 2832 obscure
3596 2767 3718 2824 denit

2239 2875 2444 2950 (Ibid.,
2484 2876 2571 2930 lib.
2619 2875 2676 2939 2,
2735 2893 2788 2929 n.
2843 2875 2937 2946 ).
2993 2873 3123 2942 Quae
3181 2870 3386 2943 quidem
3422 2881 3544 2922 anno
3577 2861 3718 2916 demum

2239 2970 2614 3026 trecentesimo
2675 2968 3020 3038 nonagesimo
3071 2975 3261 3020 octavo
3310 2960 3497 3017 sublata
3539 2963 3617 3011 est.
3647 2951 3718 3018 Quo

2241 3071 2480 3133 tempore
2521 3059 2636 3115 haec
2686 3059 2892 3126 scribit,
2936 3057 3125 3113 eodem
3178 3057 3292 3127 ipso
3337 3053 3442 3108 fere
3476 3048 3613 3104 ubivis
3637 3058 3720 3114 gen-

2240 3155 2371 3210 tium
2425 3153 2679 3208 falsorum
2709 3150 2930 3207 deorum
2983 3149 3180 3219 templa
3229 3148 3339 3202 solo
3391 3140 3720 3230 :cquari,eorunt
3775 3140 3808 3230 If

2239 3246 2523 3303 simulacra
2578 3245 2752 3316 legum
2802 3257 2992 3300 recens
3035 3241 3262 3297 latarum
3315 3239 3361 3293 vi
3401 3227 3724 3324 comminante-
3773 3227 3808 3324 ll

2239 3357 2330 3396 cra
2374 3339 2603 3410 denique
2632 3353 2694 3393 ac
2721 3337 3061 3394 ceremonias
3091 3332 3342 3399 inhiberi,
3383 3317 3720 3410 tcstatur(lbid-.

2241 3431 2330 3487 lib.
2368 3432 2418 3497 i,
2446 3448 2500 3486 n.
2524 3409 2621 3502 715)
2646 3446 2661 3496 ;
2689 3429 2830 3502 quod
2873 3444 3014 3484 anno
3063 3425 3431 3482 trecentesimo
3469 3409 3721 3502 nonagesimo

2240 3538 2384 3578 nono
2413 3521 2527 3578 eri
2553 3531 2806 3592 emptum.
2834 3521 3170 3591 Quapropter
3195 3528 3316 3572 ante
3345 3514 3478 3569 hunc
3498 3518 3650 3563 annum
3675 3499 3721 3552 le.

2242 3630 2365 3670 care
2412 3629 2518 3670 non
2563 3613 2685 3669 licet
2729 3629 2846 3668 eam
2896 3612 3346 3676 lucubrationem,
3392 3617 3533 3676 quam
3572 3597 3722 3666 ipseet

2241 3705 2568 3777 Augustinus
2595 3704 2836 3775 proxime
2859 3711 2982 3775 post
3015 3702 3210 3759 librum
3245 3699 3310 3756 de
3337 3690 3588 3754 concordia
3608 3685 3722 3741 Evan

2241 3796 2545 3867 gelistarum
2572 3795 2741 3866 ponit.

2315 3888 2367 3944 6.
2399 3889 2456 3944 In
2485 3888 2571 3943 illa
2603 3897 2786 3944 contra
2817 3887 3224 3943 Parmenianum
3266 3877 3596 3939 lucubratione
3622 3880 3726 3966 span-
3777 3877 3807 3966 1

2241 3984 2333 4040 det
2362 3993 2577 4039 sanctus
2608 3983 2832 4047 Doctor,
2859 3980 2982 4036 alibi
3012 3995 3072 4034 se
3098 3977 3266 4034 fusius
3294 3968 3528 4044 Baptismi
3549 3967 3725 4034 quastio-

2243 4089 2364 4130 nem
2398 4081 2767 4128 tractaturum.
2790 4071 2980 4140 Reipsa
3003 4079 3208 4140 septem
3231 4068 3391 4122 libros
3409 4063 3469 4117 de
3493 4053 3727 4146 Baptism.le
3783 4053 3807 4146 ll

2245 4177 2427 4237 postea
2453 4165 2786 4235 composuit,
2819 4176 2953 4234 quos
2985 4161 3159 4218 eidem
3195 4160 3280 4214 isti
3315 4153 3454 4226 operi
3490 4145 3722 4237 pruxitnc

2772 4227 3043 4327 subjungit
3091 4248 3537 4326 (Retractationum
3579 4235 3643 4290 lib.

2246 4372 2362 4427 cap.
2389 4353 2514 4425 18).
2539 4351 2690 4407 Hunc
2708 4351 2866 4405 alium
2889 4348 3126 4404 laborem
3155 4339 3396 4416 promissi
3415 4351 3510 4391 non
3527 4329 3728 4427 iumen]?

2244 4422 2506 4516 suscepit,
2552 4444 2697 4498 illum
2742 4451 2917 4496 tamen
2965 4437 3221 4494 fratribus
3265 4422 3629 4502 efagitantibus
3663 4423 3728 4516 utfit

2246 4548 2566 4610 negaturus,
2594 4535 2802 4592 etiamsi
2842 4534 2894 4589 in
2931 4533 3070 4589 libro
3103 4539 3286 4586 contra
3320 4516 3667 4610 Parmenianum
3687 4501 3727 4555 de

2244 4604 2478 4687 eo'uihil
2511 4627 2859 4699 promisisset.
2889 4625 2943 4680 ld
2971 4625 3070 4680 sibi
3098 4625 3150 4678 in
3181 4621 3262 4676 his
3286 4624 3479 4688 septem
3505 4604 3628 4699 libris
3647 4610 3726 4699 put:

2243 4721 2431 4794 ponit,
2464 4692 2526 4775 ut
2551 4735 2612 4775 ea
2641 4719 2926 4783 dissolvat,
2963 4730 3083 4786 quae
3115 4713 3184 4769 de
3218 4709 3524 4781 Baptismate
3547 4692 3729 4794 advelat-5

2247 4777 2504 4869 .Ecclesize
2547 4811 2839 4867 doctrinam
2882 4777 3168 4863 Donatista:
3215 4777 3531 4872 objectabant
3563 4805 3575 4842 :
3602 4777 3671 4838 sed
3699 4777 3730 4825 in

2246 4906 2430 4979 primis
2452 4948 2465 4971 ,
2508 4916 2564 4960 ut
2598 4903 2879 4976 Cypriani,
2921 4916 3078 4972 quem
3117 4897 3280 4954 armis
3307 4887 3528 4948 veritatis

2245 4972 2611 5056 iirmissimnm
2640 4972 2883 5070 clypeum
2909 4993 3266 5065 opponebam,

2245 5099 2405 5161 deat;
2433 5093 2786 5163 ostendatque
2822 5105 2928 5146 non
2974 5087 3164 5158 iniquis
3205 5095 3379 5139 rerum
3411 5054 3733 5163 mstimatorIbI-Ij

2246 5138 2367 5154 ...
2391 5139 2405 5161 ,
2434 5138 2785 5163 cauum.--
2822 5138 2928 5146 ---
2974 5138 3159 5158 ---
3249 5138 3254 5139 ,

2246 5208 2346 5248 nec
2374 5188 2712 5261 prmjudicata
2749 5183 2999 5256 opinione
3027 5175 3321 5246 corruptis,
3352 5165 3475 5225 nihil
3503 5171 3611 5281 lesse
3640 5138 3734 5281 Et;

2501 5280 2508 5281 ,
2686 5277 2700 5281 _
2769 5276 2800 5281 --
2902 5276 2912 5281 -
3087 5271 3122 5281 ..
3199 5278 3208 5281 _
3585 5258 3640 5281 mt
3695 5249 3702 5260 '

2248 5299 2342 5340 eos
2376 5249 2599 5337 validius
2637 5277 2705 5333 ad
2739 5249 3009 5333 silentium
3038 5271 3248 5340 adigat,
3277 5278 3338 5319 ac
3367 5251 3552 5316 discidii
3585 5254 3665 5340 qui

2245 5377 2484 5434 Ecclesia
2513 5373 2866 5436 desciverant,
2897 5367 3233 5424 fundamenta
3263 5357 3490 5416 subruat.

2247 5470 2437 5528 tissimi
2463 5467 2621 5537 hujus
2647 5462 2893 5534 martyris
2919 5462 2972 5515 in
2997 5475 3060 5514 ea
3081 5458 3192 5527 ipsa
3215 5463 3373 5520 super
3391 5429 3734 5538 DamianoCf:

2247 5562 2504 5620 trovcrsia
2532 5523 2804 5630 judicium
2838 5563 2893 5610 et
2925 5523 3117 5622 agendi
3153 5546 3306 5602 ratio.
3334 5537 3410 5596 Ad

2246 5601 2563 5713 auctoritateJ
2603 5649 2993 5706 Donatistarum
3037 5647 3260 5714 pugnat,
3299 5633 3386 5706 qui
3423 5626 3611 5692 recepto

2251 5753 2406 5809 ciano
2429 5747 2654 5820 pmpriae
2677 5759 2850 5802 causa:
2878 5740 3206 5797 firmamenta
3230 5722 3589 5798 confregeranb
3607 5706 3738 5771 1

3806 1552 3807 1580 l

3805 2922 3807 2954 l

3805 3471 3807 3494 l

3806 3931 3807 3956 l

3805 4197 3807 4220 l

3805 4283 3807 4316 |
