3868 6420
590 633 799 679 sextum
826 627 1009 676 contra
1036 616 1382 673 Cresconium
1432 612 1692 677 scribens,
1733 610 2022 682 superioris
2048 609 2177 664 arti-

596 712 701 769 culi
733 710 1165 769 constitutionem
1197 715 1323 761 tunc
1372 704 1623 773 temporis
1666 703 1938 758 observari
1966 701 2178 756 solitam

594 807 858 871 declarat;
885 816 1092 858 necnon
1125 799 1401 869 episcopos
1428 806 1758 866 caeterosque
1796 794 2060 850 inferioris
2087 808 2179 847 or-

596 901 737 956 dinis
780 896 1030 961 clericos,
1065 891 1237 963 quise
1275 889 1343 943 ad
1368 888 1660 943 Ecclesiam
1702 885 2051 955 recipiebant,
2093 884 2179 939 vel

597 987 901 1045 exercuisse
929 982 1142 1055 propria
1172 979 1484 1045 ministeria,
1512 977 1595 1033 vel
1638 978 1703 1031 ab
1730 977 1795 1031 iis
1831 975 2173 1042 abstinuisse,

599 1088 757 1150 prout
769 1075 1019 1132 Ecclesia:
1041 1072 1155 1145 paci
1176 1086 1238 1127 ac
1257 1070 1410 1125 saluti
1433 1068 1766 1138 populorum,
1781 1081 2003 1137 quorum
2020 1079 2181 1121 causa

604 1172 690 1226 hae
718 1169 995 1240 dignitates
1024 1180 1086 1220 ac
1122 1163 1414 1220 ministeria
1436 1162 1721 1216 constituta
1750 1170 1903 1225 sunt,
1931 1158 2184 1230 expedire

595 1264 932 1336 judicabatur
953 1258 1163 1332 (Contra
1180 1257 1629 1324 Cresconium,lib.
1658 1258 1722 1321 2,
1761 1275 1805 1311 c.
1843 1258 1931 1323 11,
1973 1275 2025 1310 η.
2067 1256 2180 1325 15).

600 1356 771 1424 Quam
800 1352 1137 1423 disciplinam
1178 1349 1433 1404 adversus
1467 1349 1785 1411 Donatistas,
1818 1364 1848 1402 a
1878 1348 2070 1418 quibus
2097 1362 2185 1401 re-

597 1445 1045 1519 prehendebatur,
1063 1445 1176 1513 ipse
1204 1440 1439 1497 defendit
1461 1439 1644 1513 (lbid.,
1665 1457 1712 1494 c.
1730 1441 1815 1505 10,
1837 1459 1889 1494 η.
1923 1440 1990 1494 12
2011 1441 2049 1509 ).
2075 1441 2183 1495 Ρο-

599 1548 712 1594 stea
733 1552 853 1593 cum
876 1534 1146 1591 Bonifacio
1174 1533 1355 1588 comiti
1387 1533 1661 1598 scriberet,
1692 1532 1910 1602 perinde
1938 1546 2060 1586 esse
2088 1531 2183 1597 ait,

598 1644 663 1686 ac
683 1629 728 1686 si
743 1641 925 1685 cortex
951 1627 1157 1683 arboris
1177 1626 1243 1680 ad
1276 1625 1613 1681 inserendum
1636 1624 1905 1679 surculum
1925 1623 2187 1679 incidatur

599 1721 789 1795 (Epist.
814 1720 937 1787 185,
957 1735 1003 1774 c.
1024 1718 1110 1782 10,
1135 1735 1189 1771 η.
1208 1717 1321 1787 44).
1350 1715 1509 1771 Certe
1533 1714 1742 1785 quidem
1764 1713 2051 1768 Donatistae
2074 1713 2187 1783 epi-

600 1812 748 1882 scopi
772 1813 824 1867 in
844 1810 978 1866 locis
1002 1810 1252 1879 episcopo
1277 1805 1541 1861 catholico
1566 1804 1833 1860 destitutis
1861 1818 1984 1858 suas
2005 1803 2186 1873 plebes

600 1918 721 1959 cum
740 1917 832 1958 eas
852 1901 918 1956 ad
932 1899 1224 1955 Ecclesiam
1243 1894 1960 1965 reducerent,guhernandas
1980 1893 2188 1949 obtine-

598 1995 729 2049 bant
756 1991 962 2064 (Codice
984 1990 1176 2045 Canon.
1210 1988 1394 2057 Arria,
1424 2002 1539 2040 can.
1571 1984 1662 2055 99)
1693 1984 1758 2039 ad
1789 1999 1985 2039 annum
2014 1998 2184 2053 usque

601 2083 1174 2157 quadringentesimum
1196 2081 1499 2149 septimum.
1517 2078 1649 2133 Hinc
1663 2078 2002 2147 reperiuntur
2016 2077 2071 2131 in
2086 2075 2190 2131 col-

606 2176 804 2232 latione
820 2171 1219 2243 Carthaginensi
1239 2169 1480 2225 catholici
1498 2169 1761 2223 antistites
1773 2182 1879 2223 non
1901 2168 2078 2237 pauci,
2098 2167 2189 2237 qui

602 2267 747 2337 prius
770 2264 954 2320 Donati
981 2272 1158 2333 partes
1186 2262 1369 2316 sectati
1394 2268 1562 2315 erant.
1591 2259 1727 2327 Quin
1761 2260 1920 2313 etiam
1961 2258 2191 2312 nonnul—

605 2356 672 2412 lis
697 2356 786 2427 qui
811 2354 1289 2424 rebaptizaverant,
1308 2366 1401 2405 sua
1428 2350 1737 2405 servabatur
1762 2350 1989 2419 dignitas
2018 2348 2186 2421 (Cont.

601 2449 955 2513 Cresconium,
994 2446 1081 2499 lib.
1122 2444 1178 2509 2,
1211 2461 1255 2495 c.
1289 2443 1377 2507 16,
1418 2460 1470 2495 η.
1504 2440 1614 2511 19).
1649 2442 1880 2511 Rogatus
1904 2456 1933 2495 a
1960 2440 2189 2511 quodam

604 2537 891 2593 Theodoro
919 2533 1265 2603 Augustinus,
1288 2545 1394 2601 quo
1420 2538 1593 2600 pacto,
1620 2530 1665 2584 si
1690 2530 1779 2600 qui
1806 2545 1870 2585 ex
1900 2530 2190 2587 Donatistis

600 2628 780 2684 clerici
804 2625 1075 2682 scliismati
1111 2625 1350 2679 nuntium
1390 2622 1660 2678 remittere
1696 2623 1913 2690 vellent,
1946 2623 2063 2678 illos
2092 2637 2183 2678 es-

602 2729 686 2776 set
730 2728 1042 2788 recepturus
1091 2717 1165 2788 (id
1208 2717 1350 2771 enim
1390 2714 1609 2770 arbitrio
1646 2715 1903 2785 cujusque
1947 2715 2185 2785 episcopi

603 2813 920 2885 permiserat
958 2808 1303 2879 concilium),
1348 2822 1380 2862 a
1444 2822 1504 2862 se
1551 2806 1753 2862 nullum
1796 2821 1890 2861 sua
1934 2806 2189 2877 dignitate

600 2903 881 2974 spoliatum
914 2902 976 2957 iri
997 2901 1118 2956 viva
1146 2914 1276 2954 voce
1300 2898 1576 2969 respondit
1604 2916 1616 2951 :
1647 2896 1788 2969 quod
1813 2898 1985 2967 ipsum
2004 2907 2187 2967 postea

602 2997 811 3068 propria
833 3011 993 3050 manu
1033 2992 1206 3049 eidem
1245 2991 1573 3062 perscripsit,
1602 3005 1795 3060 rogans
1823 2988 1891 3044 de
1925 2989 2027 3044 hoc
2066 2989 2189 3044 illos

598 3088 853 3143 certiores
870 3086 1098 3149 faceret;
1123 3091 1177 3137 et
1197 3098 1347 3136 suam
1372 3095 1584 3151 quoque
1603 3080 1902 3149 epistolam,
1918 3080 1961 3134 si
1986 3080 2058 3133 ita
2076 3079 2187 3135 vel-

598 3178 729 3242 lcnt,
752 3175 902 3246 quasi
934 3174 1056 3229 ﬁdei
1078 3171 1317 3227 obsidem
1344 3172 1666 3240 relinqueret
1694 3169 1885 3240 (Epist.
1920 3169 2010 3237 61,
2034 3186 2087 3224 η.
2108 3167 2183 3244 1).

600 3266 915 3323 Theodorus
952 3265 1039 3319 ille
1063 3306 1079 3330 ,
1124 3279 1279 3334 quem
1328 3262 1543 3316 fratrem
1584 3261 1796 3326 vocitat,
1839 3261 1918 3316 vir
1947 3271 2092 3327 erat,
2127 3272 2186 3318 ut

597 3355 811 3426 quidem
838 3353 1092 3409 credibile
1134 3360 1233 3416 est,
1271 3366 1377 3405 non
1406 3350 1687 3406 mediocris
1722 3351 1963 3421 Hippone
1990 3362 2177 3409 aucto-

599 3444 792 3509 ritatis,
822 3458 930 3514 quo
959 3442 1023 3496 ad
1065 3439 1397 3495 tractandum
1442 3456 1561 3494 cum
1607 3441 1793 3495 Donati
1832 3443 2181 3499 sectatoribus

602 3534 871 3591 utebatur.
909 3534 1116 3589 Etenim
1156 3531 1422 3588 Theodori
1464 3542 1517 3587 et
1554 3532 1786 3597 Maximi,
1818 3549 1951 3604 quos
1979 3535 2183 3592 charis-

600 3629 765 3682 simos
786 3637 839 3683 et
862 3626 1201 3681 honorabiles
1218 3625 1353 3680 filios
1372 3624 1603 3695 appellat
1626 3625 1814 3697 (Epist.
1838 3628 1958 3694 107,
1984 3628 2179 3696 108,n.

600 3718 679 3792 1),
701 3720 996 3775 ministerio
1012 3718 1287 3790 epistolam
1311 3718 1534 3788 primum
1556 3718 1622 3773 ad
1646 3718 1966 3774 Macrobium
1985 3721 2179 3792 Hippoc

602 3827 821 3868 nensem
850 3812 1237 3867 Donatistarum
1266 3811 1573 3881 episcopum
1603 3812 1808 3867 curavit
1839 3813 2180 3870 deferendam

597 3905 790 3978 (Epist.
820 3906 964 3977 106).
994 3904 1102 3961 Nec
1154 3914 1235 3960 est
1273 3919 1369 3960 cur
1415 3903 1593 3958 fratris
1619 3920 1835 3974 nomen,
1864 3921 1971 3977 quo
2008 3907 2076 3962 ab
2116 3923 2182 3964 eo

599 3998 899 4054 Macrobius
924 3998 1290 4068 compellatur,
1319 4012 1640 4067 quemquam
1670 4007 1902 4066 moveat,
1931 4014 2051 4054 cum
2081 4000 2182 4057 hoc

604 4091 758 4145 titulo
783 4090 948 4146 laicos
976 4090 1133 4144 etiam
1160 4087 1423 4143 honorare
1443 4103 1822 4159 nonnunquam
1844 4091 2040 4146 soleret
2066 4094 2180 4147 Au-

597 4180 861 4250 gustinus.
908 4178 958 4233 ls
981 4177 1214 4248 quidem,
1247 4187 1305 4230 ut
1354 4177 1643 4232 secundum
1689 4179 1917 4247 pollicita
1961 4179 2180 4249 faceret,

599 4271 734 4325 duos
784 4268 1112 4324 Proculeiani
1150 4268 1401 4321 diaconos
1440 4268 1648 4321 admisit
1678 4268 1867 4338 (Epist.
1894 4270 1982 4337 78,
2012 4289 2066 4325 η.
2101 4273 2179 4345 8).

604 4362 670 4416 lli
702 4371 884 4432 postea
932 4360 985 4414 in
1011 4359 1219 4427 culpam
1261 4358 1490 4428 aliquam
1534 4358 1686 4427 lapsi,
1713 4360 1908 4429 populo
1938 4361 1990 4416 in
2021 4377 2181 4421 causa

598 4454 831 4519 fuerunt,
859 4466 953 4506 cur
978 4459 1033 4505 et
1062 4447 1391 4503 Proculeiani
1420 4448 1663 4517 regimini
1692 4448 1989 4517 insultaret,
2025 4469 2088 4509 ac
2112 4456 2183 4511 oh

602 4543 881 4614 Augustini
928 4543 1177 4597 virtutem
1225 4540 1458 4612 gestiens
1494 4539 1813 4597 dictitarete
1842 4544 2051 4601 clericis
2092 4549 2181 4618 qui

603 4636 703 4689 sub
727 4636 845 4703 ejus
872 4633 1148 4704 disciplina
1170 4632 1392 4687 fuissent
1412 4630 1701 4700 informati,
1727 4636 1998 4692 neminem
2026 4639 2078 4693 in
2101 4645 2185 4694 ta-

600 4730 670 4783 lia
692 4740 905 4799 peccata
927 4730 1194 4787 decidere.
1219 4731 1276 4785 Id
1297 4741 1476 4787 autem
1504 4732 1619 4801 ipse
1646 4731 1976 4802 Augustinus
2006 4731 2183 4786 minus

605 4820 883 4890 probabat,
908 4835 970 4875 ac
993 4836 1165 4890 neque
1212 4821 1455 4876 homines
1492 4822 1559 4877 de
1597 4823 1713 4892 ipso
1738 4824 1971 4894 gloriari,
2010 4838 2184 4893 neque

605 4911 893 4977 haereticis,
911 4922 1103 4979 praeter
1118 4926 1265 4965 suam
1286 4911 1552 4977 haeresim,
1566 4914 1850 4983 quidquam
1872 4915 2182 4985 exprobrari

606 5001 837 5057 volebat.
866 5001 1009 5057 Inter
1033 5002 1401 5072 explicandum
1430 5004 1688 5071 psalmum
1716 5006 2043 5075 trigesimum
2071 5020 2184 5060 sex-

608 5104 717 5148 tum
743 5093 922 5163 populi
949 5094 1195 5163 precibus
1233 5092 1570 5147 commendat
1597 5094 1975 5150 subdiaconum
2004 5096 2182 5150 Dona-

604 5186 779 5238 tistam
798 5183 865 5238 de
892 5184 1040 5252 cujus
1064 5182 1132 5237 ad
1170 5180 1425 5237 Ecclesia:
1451 5184 1875 5239 communionem
1902 5186 2073 5239 reditu
2095 5187 2187 5241 la:-

608 5276 707 5330 tari
730 5290 790 5331 se
803 5273 1303 5349 profitetur(Enarr.
1322 5274 1374 5327 in
1390 5272 1535 5326 Psal.
1556 5289 1755 5341 xxxw,
1771 5291 1917 5328 serm.
1934 5275 1991 5340 2,
2012 5276 2180 5345 n.11).

606 5366 775 5420 Porro
798 5366 887 5436 qui
915 5365 983 5420 ab
1025 5366 1226 5418 unitate
1263 5363 1329 5418 ad
1370 5364 1561 5418 Donati
1599 5373 1805 5434 partem
1853 5366 2180 5436 deficientes,

602 5458 797 5512 iterum
824 5456 954 5525 tingi
978 5455 1246 5525 Baptismo
1275 5454 1583 5522 voluerant,
1618 5455 1855 5511 Ecclesia
1888 5457 1940 5511 in
1985 5457 2067 5513 his
2096 5476 2183 5515 re-

603 5546 863 5617 cipiendis
892 5544 1029 5599 haud
1055 5560 1205 5614 aeque
1242 5545 1445 5600 facilem
1472 5560 1532 5601 se
1559 5546 1848 5616 praebebat,
1881 5562 1943 5603 ac
1983 5550 2034 5604 in
2064 5551 2181 5605 aliis

603 5638 743 5708 quia
764 5637 986 5707 pueritia
1013 5636 1295 5692 schismate
1316 5637 1523 5691 fuerant
1552 5628 1804 5707 implicati
1828 5637 2039 5709 (Contra
2067 5639 2185 5693 Cre.

604 5729 850 5791 sconium,
866 5726 950 5780 lib.
973 5727 1025 5792 Ξ,
1043 5743 1090 5780 c.
1111 5726 1194 5790 16,
1215 5744 1268 5780 η.
1289 5727 1403 5797 19).
1423 5728 1646 5781 Amabat
1660 5728 2180 5797 utrosqueEcclesia,

609 5819 793 5887 eisque
819 5819 1065 5874 sanandis
1115 5818 1373 5873 charitate
1421 5818 1574 5888 plane
1615 5826 1854 5873 materna
1894 5820 2182 5875 serviebat.

612 5906 807 5965 Verum
838 5910 933 5962 etsi
957 5918 1171 5963 neutros
1197 5907 1482 5979 recipiebat
1507 5908 1621 5965 sine
1649 5909 1980 5981 paenitentia,
2012 5910 2062 5963 in
2092 5925 2185 5970 eos

1697 492 1856 553 vm
1891 494 1949 553 s.
1988 489 2351 553 AUGUSTINI
2390 489 2717 550 EPISCOPI.
3086 462 3087 465 γ
3676 500 3744 568 soi

2286 617 2462 664 tamen
2492 623 2626 679 quos
2650 606 2884 663 nondum
2905 607 2956 663 in
2976 600 3095 663 filiis
3115 619 3478 677 numeraverat,
3500 613 3669 683 paulum
3683 620 3740 674 in-

2285 700 2603 771 dulgentior,
2652 700 2771 755 aliis
2811 698 2902 771 qui
2942 699 3324 771 transfugerant
3361 702 3422 756 ab
3455 705 3554 772 ejus
3589 707 3741 773 unitate,

2286 810 2470 866 poenas
2499 794 2766 851 indicebat
2798 794 2963 850 multo
2999 794 3265 865 graviores
3304 793 3483 865 (Epist.
3507 796 3582 863 95,
3607 801 3741 869 11.55).

2285 888 2417 944 Nam
2452 889 2520 944 ab
2542 889 2914 945 ecclesiasticis
2941 889 3229 944 honoribus
3254 890 3547 960 posteriores
3568 891 3667 948 istos
3685 910 3745 949 et-

2287 979 2554 1045 cludebat,
2583 978 2804 1049 perinde
2823 994 2887 1035 ac
2924 980 3016 1050 qui
3054 978 3219 1035 semel
3269 978 3492 1035 abdicato
3524 980 3742 1047 schismate,

2287 1084 2471 1125 rursus
2499 1071 2566 1125 ad
2606 1071 2859 1125 vomitum
2889 1069 3110 1137 reversi,
3140 1070 3206 1125 ab
3249 1070 3467 1126 Ecclesia
3501 1072 3745 1136 defecissent.

2288 1160 2400 1215 sive
2429 1159 2482 1214 lii
2508 1169 2711 1215 tantum
2738 1176 2770 1215 e
2792 1160 2948 1230 plebe
2977 1158 3199 1229 fuissent
3234 1160 3368 1230 apud
3389 1160 3656 1227 Donatistas,
3676 1166 3747 1219 sive

2290 1252 2343 1306 in
2367 1266 2549 1307 eorum
2570 1252 2715 1308 clero
2740 1252 2911 1307 locum
2927 1252 3275 1308 obtinuissent
3297 1271 3309 1306 :
3337 1268 3397 1310 ac
3418 1254 3459 1309 si
3485 1255 3587 1326 quis
3608 1257 3746 1327 episeo-

2289 1358 2479 1412 porum
2498 1344 2616 1398 illos
2644 1354 2735 1399 aut
2759 1344 2827 1400 ab
2862 1344 3233 1401 ecclesiasticis
3259 1345 3567 1417 dignitatibus
3598 1362 3675 1403 non
3699 1365 3748 1403 re

2289 1434 2561 1502 movisset,
2584 1445 2674 1489 aut
2698 1436 2856 1490 etiam
2896 1435 2963 1490 ad
3001 1450 3092 1490 eas
3117 1435 3403 1493 adsciscere
3434 1439 3658 1506 voluisset,
3682 1438 3749 1493 fra-

2291 1535 2443 1581 terno
2460 1528 2579 1596 jure
2598 1527 2910 1597 culpabatur
2921 1542 2951 1582 a
2967 1527 3382 1599 diligentioribus
3398 1529 3488 1600 (De
3503 1531 3625 1584 unico
3636 1529 3749 1601 Bapti-

2289 1632 2417 1683 smo,
2440 1634 2486 1670 c.
2506 1616 2593 1681 η,
2620 1634 2671 1671 n.
2693 1615 2807 1689 20).
2826 1617 3090 1673 Atcontra
3112 1618 3749 1691 displicuitvaldeAugustino,

2290 1721 2352 1762 ac
2365 1723 2473 1776 przr.
2487 1708 2669 1763 dolore
2694 1717 2829 1763 torta
2853 1718 2978 1763 sunt
2992 1714 3195 1764 viscera
3213 1709 3346 1779 ejus,
3366 1710 3448 1764 ubi
3465 1710 3751 1779 audivitquem~

2290 1799 2412 1853 dam
2439 1815 2468 1853 a
2496 1800 2784 1855 Donatistis
2808 1799 3137 1865 redeuntem,
3180 1810 3234 1856 et
3258 1810 3515 1872 peccatum
3550 1800 3751 1870 rebaptiza-

2291 1889 2451 1944 tionis
2493 1889 2856 1957 confitentem,
2888 1890 2957 1944 ab
2987 1891 3238 1947 Ecclesiae
3284 1892 3421 1946 aditu
3455 1906 3511 1945 ac
3542 1890 3751 1961 pauitantia

2292 1983 2456 2038 fuisse
2476 1999 2538 2038 ea
2563 1984 2740 2054 specie
2765 1984 3110 2054 prohibitum,
3137 1984 3279 2055 quod
3292 1984 3447 2055 recipi
3472 1984 3587 2040 forte
3599 1999 3674 2039 non
3690 1984 3752 2037 nisi
3792 1996 3793 2059 ς

2291 2076 2464 2146 legum
2488 2085 2630 2130 metu
2657 2076 2996 2146 postulasset.
3032 2074 3188 2144 Puta,
3218 2077 3402 2146 inquit,
3426 2075 3532 2146 quia
3552 2083 3752 2129 coactus!

2292 2183 2398 2222 esse
2424 2169 2719 2234 catholicus,
2764 2169 2857 2223 erit
2900 2169 3164 2239 paenitens.
3206 2170 3327 2235 Quis
3357 2169 3492 2223 illum
3516 2168 3622 2239 cogit
3651 2176 3752 2237 petere

2289 2261 2711 2315 reconciliationis
2742 2260 2927 2326 locum,
2949 2260 3047 2314 nisi
3062 2260 3293 2314 voluntas
3316 2259 3536 2331 propria?
3552 2257 3668 2311 Modo
3685 2272 3753 2325 ergo

2294 2350 2618 2404 admittamus
2638 2351 3003 2421 inﬁrmitatem,
3023 2360 3076 2405 ut
3094 2361 3266 2420 postea
3285 2349 3526 2423 probemus
3546 2348 3754 2402 voluntattm

2293 2440 2487 2511 (Serm.
2518 2442 2644 2509 296,
2668 2458 2714 2495 c.
2731 2443 2818 2509 11,
2843 2460 2896 2497 η.
2931 2442 3043 2513 12).
3060 2442 3369 2514 Quanquam
3389 2449 3547 2497 autem
3568 2446 3678 2495 erant
3692 2438 3755 2490 Do-

2292 2533 2604 2587 natistarum
2628 2532 2830 2599 clerici,
2876 2533 3066 2603 quibus
3100 2548 3380 2588 munerum
3415 2545 3600 2585 suorum
3619 2527 3754 2582 usuin-

2293 2622 2669 2688 terdicebatur,
2727 2630 2960 2679 attamen
3006 2624 3200 2694 quibus
3241 2622 3326 2677 illa
3360 2619 3568 2677 obeundi
3604 2626 3757 2688 potestas

2292 2715 2471 2784 fiebat,
2499 2730 2605 2770 non
2629 2717 2708 2770 eis
2727 2730 2905 2771 coram
2932 2715 3084 2786 plebe
3122 2730 3312 2770 manus
3340 2713 3694 2784 imponebantur,
3719 2720 3756 2759 ne

2293 2803 2433 2860 istud
2460 2805 2510 2858 in
2537 2805 2917 2860 contumeliam
2942 2819 3108 2860 sacra:
3142 2804 3503 2869 ordinationis,
3537 2816 3632 2872 quae
3656 2796 3756 2852 deleri

2293 2895 2349 2950 in
2376 2896 2506 2966 ipsis
2531 2911 2799 2967 nunquam
2849 2904 3077 2966 poterat,
3118 2905 3429 2953 verteretur.
3467 2894 3517 2951 Si
3540 2888 3698 2962 quando
3715 2898 3758 2940 ta-

2290 3000 2413 3042 men
2440 2986 2748 3057 ignoranter
2776 2986 2952 3054 fiebat,
2984 2997 3041 3041 ut
3078 3002 3183 3043 nec
3226 2988 3459 3043 animose
3489 2982 3759 3040 defenderetur

2295 3081 2513 3149 factum,
2567 3081 2662 3138 sed
2710 3083 2795 3152 pie
2820 3083 3177 3152 corrigeretur
3207 3081 3487 3153 cognitum,
3516 3076 3637 3134 venia
3655 3071 3757 3127 facilis

2288 3172 2676 3243 impetrabatur
2688 3170 2895 3246 (Contra
2917 3172 3086 3242 Epist.
3114 3172 3455 3239 Parmenioni,
3472 3170 3548 3227 tib.
3559 3169 3605 3236 2,
3617 3163 3756 3235 cap.l5.

2294 3279 2349 3317 η.
2368 3264 2482 3333 28),
2515 3270 2675 3334 atque
2700 3264 2838 3319 idem
2870 3273 3121 3320 statutum
3148 3267 3203 3320 in
3244 3266 3561 3337 presbyteros
3583 3274 3631 3315 ac
3649 3256 3757 3311 diaco-

2286 3369 2384 3409 nos
2408 3369 2596 3410 omnes
2620 3355 2910 3419 obtinebat,
2936 3371 3070 3427 quos
3086 3367 3387 3428 perpetrata
3422 3354 3613 3412 crimina
3643 3349 3758 3417 dif“

2285 3448 2376 3519 qui
2403 3447 2471 3502 de
2515 3446 2680 3518 gradu
2716 3462 2814 3503 suo
2857 3448 3240 3519 dejicerentur,
3274 3448 3561 3506 effecerant.
3598 3442 3758 3498 Testatur

2284 3553 2414 3592 sane
2432 3537 2618 3593 beatus
2642 3537 2864 3608 Optatus
2887 3547 3127 3594 sanctum
3155 3540 3389 3596 chrisma
3427 3540 3477 3594 in
3516 3537 3572 3592 iis
3590 3532 3657 3604 qui
3675 3525 3757 3598 apud

2286 3631 2590 3686 Donatistas
2615 3631 2707 3686 illo
2735 3632 2934 3687 inuncti
2963 3631 3210 3701 fuissent,
3233 3632 3301 3688 ab
3337 3631 3557 3688 Ecclesla
3587 3621 3757 3681 catholica

2285 3724 2657 3779 intemeratum
2713 3732 2872 3794 atque
2923 3725 3292 3795 incorruptum
3353 3721 3540 3780 servari
3579 3716 3755 3790 (Ορωηιι.

2285 3814 2372 3868 lib.
2397 3812 2473 3887 7).
2508 3815 2619 3870 lmo
2648 3816 2737 3883 qui
2775 3816 2830 3871 in
2865 3815 3048 3871 eadem
3076 3815 3311 3874 factione
3349 3820 3583 3871 honorem
3607 3816 3759 3865 tantum-

2284 3906 2445 3962 modo
2492 3907 2806 3979 presbyterii
2848 3920 3142 3978 gesserant,
3183 3922 3555 3980 nonnunquam
3589 3896 3760 3974 provehe'

2287 3998 2481 4054 bantur
2500 3999 2566 4054 ad
2587 4000 2944 4070 episcopatum
2965 4018 2978 4055 :
3002 4000 3303 4071 cujusmodi
3325 4000 3599 4071 complures
3624 3995 3663 4048 in
3689 3984 3761 4043 Col-

2287 4089 2484 4145 latione
2508 4090 2930 4146 animadvertere
2954 4091 3094 4147 licet.
3128 4092 3187 4147 In
3211 4093 3292 4148 his
3318 4091 3613 4148 clarissimus
3630 4089 3689 4139 est
3704 4078 3762 4132 51-

2294 4180 2479 4246 hinus,
2503 4183 2724 4251 quicum
2739 4182 2929 4237 Tuccae
2953 4183 3005 4237 in
3031 4182 3250 4240 dimcesi
3268 4184 3546 4239 Milevitana
3556 4164 3761 4249 pt’esbl'teri

2286 4288 2483 4328 munus
2503 4273 2693 4339 obiret,
2716 4274 2855 4344 plebi
2874 4291 2983 4329 sua:
3007 4274 3073 4329 ad
3099 4275 3393 4331 Ecclesiam
3412 4265 3761 4335 adductain!)um

2294 4363 2409 4419 dari
2461 4364 2562 4419 sibi
2608 4364 2911 4435 episcopum
2967 4366 3271 4435 expetenti,
3323 4380 3439 4421 cum
3491 4376 3549 4418 ea
3590 4352 3763 4435 dignitas

2289 4454 2577 4526 praefectus
2594 4431 2675 4510 est
2695 4431 2899 4529 (Callet.
2932 4431 3171 4527 Carthag.
3198 4458 3251 4523 1,
3290 4474 3405 4529 cap.
3435 4450 3566 4525 150).
3589 4431 3765 4516 Ουοάδά

2294 4545 2460 4599 laicos
2475 4546 2683 4613 attinet,
2708 4546 2797 4615 qui
2828 4545 3074 4616 haptizati
3096 4562 3128 4601 a
3148 4547 3434 4602 Donatistis
3457 4543 3635 4599 fuerant
3654 4528 3764 4587 infiur

2289 4634 2413 4688 tiam
2437 4634 2673 4690 nondum
2719 4637 2944 4707 egressi,
2974 4651 3289 4692 concessum
3329 4631 3589 4707 aliquando
3609 4631 3706 4685 erat.
3730 4622 3765 4670 ιιι

2287 4725 2368 4780 eis
2397 4725 2583 4780 liceret
2614 4727 2782 4782 sacris
2815 4726 3088 4783 ordinibus
3124 4727 3323 4783 initiari
3366 4724 3558 4798 (Codice
3584 4716 3765 4773 Canam

2286 4818 2471 4889 Afric.,
2497 4835 2611 4873 can.
2642 4820 2735 4889 57)
2760 4838 2772 4872 :
2801 4819 2854 4875 id
2882 4828 3060 4875 autem
3086 4835 3207 4876 cum
3230 4820 3437 4876 nonnisi
3469 4820 3650 4888 propter
3670 4815 3765 4859 sum‘

2285 4924 2427 4962 mam
2452 4908 2765 4965 clericorum
2793 4910 3066 4979 penuriam
3089 4918 3345 4966 statutum
3365 4910 3551 4971 fuisset,
3577 4893 3767 4991 consul?"

2286 4999 2567 5069 aliquando
2604 5000 2633 5053 ἐι
2669 5000 2911 5055 Possidio
2957 5002 3284 5073 Augustinus
3323 5016 3445 5056 num
3474 4991 3703 5079 quemdam
3735 4994 3767 5079 ’ξ’

2287 5089 2478 5144 Donati
2526 5092 2763 5160 partibus
2792 5092 3113 5161 baptizatum
3138 5093 3429 5158 ordinaret,
3457 5092 3505 5146 ei
3541 5078 3769 5155 significat!l

2287 5179 2339 5234 id
2374 5194 2436 5235 se
2462 5194 2633 5250 neque
2661 5183 2960 5249 consulere,
3002 5198 3192 5253 neque,
3223 5183 3269 5237 si
3292 5182 3498 5253 quidem
3520 5174 3793 5253 cogeretDC')

2286 5270 2528 5337 cessitas,
2557 5270 2912 5327 condemnare
2932 5270 3125 5343 (Epist.
3151 5272 3277 5338 245,
3304 5290 3359 5326 n.
3384 5271 3463 5342 2).
3490 5268 3559 5323 De
3581 5261 3664 5318 illis
3691 5261 3793 5339 ροτ-

2288 5374 2368 5426 ro,
2398 5361 2489 5431 qui
2514 5377 2544 5415 a
2564 5362 2919 5418 Schismaticis
2950 5364 3021 5418 ob
3045 5364 3330 5419 admissam
3356 5363 3551 5432 culpam
3584 5348 3708 5426 gradu
3736 5346 3771 5392 εί

2254 5442 2257 5449 “
2287 5451 2472 5506 ordine
2500 5452 2629 5506 moti
2655 5452 2893 5520 fuissent,
2921 5452 3268 5524 profitebatur
3292 5452 3360 5508 ab
3396 5451 3594 5506 ineunte
3623 5436 3793 5524 ερίεθθῖξ

2288 5552 2413 5611 patu
2447 5557 2544 5597 suo
2567 5543 2912 5613 Augustinus,
2952 5558 3011 5599 se
3055 5543 3192 5598 hunc
3220 5557 3434 5598 servare
3461 5534 3665 5594 modum,
3687 5529 3793 5613 υίθιξ

2287 5636 2353 5690 ad
2380 5634 2693 5690 catholicam
2713 5636 3004 5691 Ecclesiam
3027 5636 3255 5691 transire
3291 5635 3554 5704 cuperent,
3580 5625 3625 5679 in
3644 5632 3689 5674 ea
3708 5613 3793 5709 bll-

2287 5729 2577 5785 miliatione
2604 5730 2929 5799 paenitentiae
2955 5730 3338 5799 reciperentur,
3369 5725 3450 5780 cui
3472 5722 3580 5776 illos
3601 5711 3774 5809 fortassis

2288 5823 2575 5877 Donatistae
2603 5822 2702 5894 ipsi
2732 5832 2945 5894 propter
2964 5822 3291 5891 disciplinam
3314 5814 3650 5886 subjecissenl.
3665 5805 3698 5854 εἰ

2290 5914 2569 5968 tinnissent
2595 5893 2778 5970 eorum
2801 5893 3103 5969 secietatem
3125 5930 3136 5964 :
3162 5919 3307 5966 ratus
3331 5905 3561 5965 videlicet
3574 5893 3775 5963 ttqu

2394 6031 2723 6059 μου..-νρκ.

3354 6216 3794 6420 Mi
