3868 6434
143 441 417 500 ferundum
443 455 589 509 esse,
617 449 674 497 ut
695 441 960 513 quisquam
985 439 1198 512 impune
1221 439 1276 496 in
1314 439 1470 495 aliam
1517 439 1706 497 Eccle-

141 536 272 590 siam
300 549 366 590 es
395 535 505 589 alia
561 536 885 605 commigret,
921 533 1207 605 disciplina:
1235 535 1568 590 severitatem
1595 536 1708 590 elu—

141 640 292 681 surus
316 623 515 695 (Epist.
542 624 624 688 35,
662 641 716 678 η,
750 625 830 695 3).
860 626 902 679 Α
931 639 1058 680 vero
1097 626 1402 695 neutiquam
1431 623 1703 693 abhorret,

141 718 289 772 talem
319 715 489 773 fuisse
514 733 631 773 eum
647 718 715 773 de
738 733 845 789 quo
864 718 915 772 in
934 718 1198 773 Psalmum
1227 719 1555 789 trigesimum
1587 733 1706 774 sex-

141 819 244 864 tum
269 807 447 863 verbis
475 808 548 863 ad
577 809 956 878 permovendos
972 809 1185 880 pietatis
1199 817 1394 865 ‘sensus
1418 809 1703 865 admodum

135 898 382 969 appositis
419 898 671 967 loquitur.
705 899 942 964 Quidam,
975 900 1048 953 ait
1089 894 1210 963 ille,
1240 915 1304 954 ea;
1337 910 1480 968 parte
1515 899 1704 955 Donati

138 1000 326 1047 valeret
349 991 421 1044 ad
445 1007 544 1045 nos
559 1033 572 1056 ,
591 1000 852 1046 accusatus
873 1001 920 1046 et
948 991 1405 1046 mommunicatus
1423 1008 1455 1043 a
1469 992 1594 1058 suis,
1622 992 1703 1046 hic

133 1097 348 1152 querens
372 1080 514 1150 quod
538 1080 604 1134 ibi
630 1080 936 1150 perdiderat.
963 1079 1068 1136 Sed
1113 1081 1232 1152 quia
1268 1081 1456 1148 suscipi
1478 1097 1580 1135 non
1604 1097 1700 1151 po-

136 1174 246 1241 tuit,
272 1173 367 1228 nisi
389 1165 448 1227 eo
472 1174 586 1227 loco
621 1189 719 1243 quo
745 1173 947 1238 debuit;
988 1189 1091 1228 non
1130 1174 1264 1228 enim
1307 1173 1524 1229 deseruit
1558 1174 1701 1229 illam

137 1277 320 1335 partem
342 1267 484 1334 quasi
507 1267 697 1338 integer
732 1268 873 1338 apud
897 1268 1054 1339 ipsos,
1083 1276 1140 1322 ut
1164 1277 1429 1339 appareret
1456 1283 1569 1322 eum
1597 1283 1698 1322 non

132 1359 425 1424 necessitate,
466 1359 563 1413 sed
587 1359 823 1414 electione
858 1360 1032 1432 fecisse
1057 1375 1077 1414 :
1101 1360 1220 1428 quia
1253 1360 1324 1414 ibi
1365 1375 1482 1430 ergo
1519 1360 1698 1413 habere

135 1464 226 1502 non
242 1449 398 1518 potuit
421 1449 564 1516 quod
585 1451 859 1519 φαεν-εὐαί,
892 1450 1142 1520 quaerebat
1182 1458 1348 1502 autem
1387 1465 1569 1502 canam
1591 1447 1698 1502 ela-

134 1539 300 1593 tionem
324 1549 372 1593 et
396 1540 588 1608 [deum
623 1541 864 1595 honorem
898 1540 1130 1611 (quibus
1154 1541 1331 1596 verbis
1371 1541 1512 1595 aliud
1539 1540 1696 1611 quid-

135 1630 271 1695 dam,
316 1647 477 1703 quam
530 1633 754 1704 simplex
791 1633 1097 1689 communio
1125 1633 1488 1703 designatur);
1515 1641 1562 1686 et
1580 1633 1698 1702 quia

135 1722 204 1776 hic
223 1739 322 1777 non
338 1725 529 1778 invertit
553 1724 688 1792 quod
706 1724 777 1778 ibi
802 1726 1040 1796 perdidit,
1069 1734 1115 1780 et
1139 1726 1249 1795 ipse
1273 1726 1439 1797 periit.
1460 1725 1698 1781 Gemebat

136 1813 336 1878 mucius,
375 1824 422 1867 et
441 1830 544 1868 non
568 1814 924 1869 consolabatur
952 1831 971 1869 :
1001 1824 1143 1869 erant
1159 1816 1290 1869 enim
1315 1817 1369 1870 in
1395 1816 1697 1870 canscientia

135 1903 234 1972 ejus
257 1903 408 1957 aculei
440 1904 706 1960 horribiles
747 1906 907 1958 taciti.
936 1904 1261 1960 Tentavimus
1295 1907 1547 1960 consolari
1581 1923 1696 1960 eum

143 1994 201 2045 de
221 1993 355 2046 uerbo
371 1991 492 2057 Dei;
529 1994 624 2048 sed
644 1995 732 2049 ille
768 2012 870 2049 non
904 2004 1011 2050 erat
1039 1995 1102 2050 de
1125 1996 1429 2066 sapientibus
1448 1997 1692 2067 formicis,

151 2097 255 2150 quc
281 2082 367 2136 sibi
399 2093 558 2139 testate
602 2085 932 2157 collegerunt,
974 2087 1110 2140 unde
1152 2087 1312 2140 hieme
1352 2089 1535 2141 vivant.
1568 2085 1696 2142 Cum

153 2173 275 2226 sirint
299 2191 370 2229 res
393 2186 496 2228 sunt
514 2177 820 2247 tranquillae,
845 2187 963 2231 tunc
998 2178 1146 2230 homo
1174 2178 1267 2232 sibi
1296 2179 1530 2249 colligere
1554 2178 1696 2232 debet

149 2263 331 2318 sobrias
350 2264 456 2333 Dei,
477 2277 520 2320 et
546 2267 823 2322 recondere
847 2269 902 2322 in
927 2270 1114 2323 intimis
1133 2270 1300 2324 cordis
1327 2270 1429 2336 sui,
1460 2270 1695 2342 quemad-

145 2353 330 2408 modum
353 2358 557 2427 [amica
581 2358 848 2413 abscondit
869 2360 923 2413 in
951 2361 1234 2415 cavernosis
1263 2361 1600 2432 penetralibus
1618 2362 1694 2414 la-

141 2443 265 2500 bores
285 2449 481 2502 Aestatis.
511 2448 621 2504 Per
642 2459 867 2504 testatem
898 2453 1031 2511 enim
1074 2462 1218 2506 vacat
1256 2453 1350 2507 hoc
1392 2470 1540 2525 agere
1569 2472 1582 2506 :
1609 2469 1693 2508 ve-

143 2536 207 2591 nit
221 2547 373 2593 autan
394 2539 573 2608 hiems,
591 2542 647 2595 id
662 2550 760 2608 est,
793 2546 1076 2614 supervenit
1097 2545 1388 2610 tribulatio;
1416 2554 1464 2600 et
1489 2546 1588 2600 nisi
1612 2548 1694 2601 in-

140 2635 208 2680 tus
237 2627 462 2683 intenuit
503 2632 651 2701 quod
687 2633 824 2695 edat,
864 2650 1060 2689 necesse
1094 2643 1166 2688 est
1189 2645 1244 2689 ut
1264 2639 1398 2706 [ante
1422 2635 1692 2707 dispereat.

141 2718 231 2776 iste
262 2739 372 2795 ergo
397 2725 492 2780 sibi
534 2742 644 2780 non
681 2727 950 2798 collegerat
995 2727 1196 2782 verbum
1244 2728 1379 2792 Dei;
1415 2730 1696 2800 superuenit

141 2813 292 2878 “suis,
317 2832 413 2870 non
449 2817 532 2871 hic
577 2820 768 2872 inuenit
813 2818 948 2889 quod
972 2820 1258 2891 quaerebat;
1301 2820 1552 2874 consolari
1599 2821 1696 2874 nisi

140 2905 237 2960 inde
253 2923 347 2962 non
370 2918 591 2978 poterat,
621 2910 684 2964 de
703 2911 850 2965 verbo
869 2921 1036 2965 autem
1072 2911 1170 2965 Dei
1189 2912 1332 2966 nullo
1348 2912 1516 2965 modo.
1547 2910 1694 2967 Intus

144 2999 259 3066 apud
280 3016 331 3053 se
355 3000 482 3054 nihil
505 3001 747 3068 habebat,
772 3004 897 3074 foris
916 3002 1051 3071 quod
1072 3001 1324 3070 quaerebat
1351 3019 1452 3057 non
1474 3003 1693 3058 invenie-

144 3085 239 3155 bat;
263 3091 456 3146 ardebat
498 3093 912 3164 indignationum
944 3102 992 3147 et
1015 3093 1246 3148 dolorum
1275 3094 1504 3162 facibus;
1527 3096 1694 3164 agita-

146 3178 263 3233 batur
279 3197 406 3236 ruens
429 3184 542 3254 ejus
564 3184 826 3249 violenter,
848 3193 896 3238 et
919 3193 1020 3237 tam
1041 3185 1132 3238 diu
1157 3186 1347 3239 occulte
1368 3186 1524 3239 donec
1543 3185 1695 3240 etiam

146 3283 381 3341 uulpem
398 3274 448 3327 in
476 3275 733 3343 quosdam
757 3276 989 3346 gemitus,
1016 3275 1089 3328 ita
1113 3283 1166 3329 ut
1192 3277 1320 3331 inter
1344 3280 1526 3347 fratres
1545 3293 1696 3332 sona-

147 3369 225 3425 ret,
245 3371 288 3415 et
309 3379 356 3417 se
379 3366 550 3419 audiri
593 3366 821 3420 nesciret.
861 3365 1182 3433 Videbamus,
1214 3375 1262 3421 et
1297 3366 1586 3422 dolebamus
1609 3383 1693 3422 ue-

152 3452 378 3521 hementer,
395 3456 532 3512 Deus
562 3459 659 3511 scit
687 3466 882 3511 tantam
910 3475 1109 3530 panum
1137 3459 1338 3524 animle,
1371 3468 1536 3513 tantas
1573 3476 1692 3513 cru-

155 3558 242 3608 ses,
280 3554 418 3601 tantas
455 3550 742 3618 gehennas,
783 3557 924 3603 tanta
969 3559 1234 3604 tormenta.
1267 3550 1403 3617 Quid
1427 3551 1654 3621 pluribus
1671 3554 1696 3606 1’

156 3632 378 3705 impatiens
397 3639 487 3694 loci
512 3641 748 3705 humilis,
775 3641 877 3708 cui,
914 3642 956 3694 si
994 3652 1207 3712 saperet,
1246 3653 1410 3712 posset
1431 3660 1538 3698 esse
1555 3645 1694 3701 locus

151 3726 350 3796 salubris,
375 3733 482 3786 talis
506 3734 779 3803 apparuit,
813 3733 1030 3787 utetiam
1049 3735 1380 3802 proiiceretur
1405 3732 1615 3804 (Enarr.
1639 3738 1694 3791 in

149 3811 270 3871 Psal.
294 3835 478 3890 xxxvi,
500 3840 662 3878 senii.
689 3823 745 3888 2,
769 3840 821 3878 n.
847 3822 957 3896 ll).
984 3823 1204 3879 Videtur
1220 3834 1395 3882 tamen
1419 3826 1570 3883 fateri
1584 3829 1693 3883 Au-

148 3912 368 3980 gustinus,
388 3916 699 3985 quemdam,
713 3918 1137 3985 Quodvultdeum
1155 3921 1385 3986 nomine,
1415 3936 1573 3990 quem
1592 3921 1693 3977 Do-

149 4001 320 4058 natista:
337 4007 479 4075 quasi
501 4008 737 4078 duplicis
761 4008 1003 4065 adulterii
1033 4013 1334 4066 convictum
1361 4011 1687 4080 abiecerant,

148 4091 213 4145 vel
233 4091 290 4147 ad
312 4099 760 4162 communionem,
808 4099 890 4154 vel
934 4099 1000 4155 ad
1046 4100 1348 4156 clericalem
1382 4101 1690 4171 dignitatem

147 4194 378 4255 receptum
402 4189 612 4246 fuisse:
647 4206 829 4246 verum
872 4192 926 4247 id
969 4207 1075 4248 non
1117 4193 1262 4262 prius
1289 4191 1506 4256 factum,
1529 4207 1690 4263 quam

149 4270 459 4335 innocentiam
485 4296 640 4337 suam
675 4283 911 4353 legitime
937 4284 1267 4355 probavisset
1291 4285 1502 4357 (Contra
1531 4285 1689 4343 Litte-

147 4377 214 4418 ras
230 4364 466 4436 Petiliani,
500 4373 593 4427 lib.
620 4374 674 4438 3,
695 4391 742 4428 ε.
766 4375 855 4439 52,
886 4393 941 4428 η.
965 4376 1076 4446 57).

203 4455 250 4511 ι.
273 4457 336 4515 lit
367 4463 430 4518 ad
462 4464 890 4536 Carthaginense
930 4468 1210 4524 concilium
1237 4469 1543 4536 redeamus,
1575 4479 1686 4526 sta-

151 4546 256 4602 tutis
293 4550 352 4607 iis
376 4571 493 4623 qua:
521 4556 592 4610 ad
620 4557 924 4613 Donatistas
951 4559 1316 4628 pertinebant,
1353 4561 1604 4617 nonnulla
1632 4561 1687 4616 in

154 4639 494 4716 eodisciplinze
549 4664 710 4704 causa
762 4649 974 4706 decreta
1006 4661 1149 4706 sunt.
1181 4651 1324 4706 Inter
1346 4661 1538 4708 caetera
1566 4653 1689 4723 quia

157 4742 236 4785 Iul
272 4732 394 4792 forte
437 4749 712 4809 receptum
743 4751 859 4796 erat
887 4742 1024 4811 apud
1052 4741 1228 4804 Afros,
1257 4750 1315 4795 ut
1342 4742 1551 4812 quoties
1579 4741 1686 4796 Ec-

152 4817 282 4878 dash
317 4829 570 4899 quaepiam
598 4840 830 4898 vacaret,
876 4846 936 4887 ea
981 4840 1128 4887 certo
1178 4831 1389 4887 cuidam
1439 4831 1690 4902 episcopo

151 4916 548 4988 eumiueretur,
602 4922 672 4978 de
714 4923 1050 4992 temporariis
1097 4922 1399 4992 huiusmodi
1425 4923 1689 4993 episcopis

154 5004 356 5062 nonnihil
374 5018 644 5067 statutum.
675 5013 832 5069 Tales
850 5023 1024 5069 autem
1057 5014 1444 5070 lntervcntores
1467 5014 1579 5070 sive
1604 5013 1690 5069 ln-

159 5097 437 5156 lacessores
465 5105 770 5160 vocitabant
799 5122 812 5159 :
845 5113 1125 5176 exstatque
1152 5106 1289 5175 apud
1337 5106 1686 5176 Augustinum

159 5177 502 5247 Bustistarum
523 5194 842 5260 criminatio,
869 5211 970 5259 qua
1001 5197 1148 5250 necis
1174 5194 1334 5251 illata:
1361 5195 1686 5258 cuidamln-

164 5277 425 5346 Mentori,
442 5297 595 5353 quem
625 5295 738 5340 tum
763 5286 1018 5356 Majorino
1045 5287 1280 5342 nondum
1305 5288 1561 5344 adversus
1573 5287 1689 5343 Ca:-

163 5361 372 5424 Cilianu'tn
396 5373 636 5430 ordinato
663 5376 1034 5448 Carthaginem
1057 5379 1331 5445 miserant,
1353 5379 1683 5436 orthodoxos

165 5451 609 5537 ullumiabantuﬂ
640 5468 805 5539 Epist.
850 5470 950 5537 ιι,
978 5487 1024 5524 c.
1071 5473 1126 5537 4,
1170 5489 1222 5526 η.
1271 5472 1346 5541 8).
1376 5471 1688 5541 Hujusmodi

165 5553 338 5618 Me
362 5551 744 5615 lnterventores
771 5559 1092 5616 adventitios
1113 5603 1128 5627 ,
1161 5570 1219 5616 ut
1261 5571 1416 5616 vocat
1441 5561 1690 5632 Angusti-

173 5643 268 5698 ³..
288 5639 350 5696 illi
373 5643 586 5703 Romam
639 5650 706 5704 ad
733 5664 858 5706 suos
883 5660 1176 5708 sectatores
1205 5652 1505 5720 mittebant,
1532 5660 1685 5708 ante-

172 5731 296 5792 φιω
319 5735 546 5806 proprios
569 5739 673 5797 illis
695 5741 973 5814 episcopos
999 5741 1247 5802 ordinare
1272 5743 1558 5814 ccepissent
1583 5743 1683 5816 (De

1989 212 2046 226 ,λα
2069 203 2102 222 ᾏι

1767 237 1780 244 ι
1815 239 1846 250 ι,
1898 240 1928 251 α
1966 241 2016 252 ,ιι-

1485 326 1690 384 LIBER
1724 327 2044 418 QUINTUS.

1815 440 1974 498 Unico
1993 441 2271 514 Baptismo,
2286 461 2334 501 c.
2353 447 2440 514 l6,
2459 464 2512 503 η.
2529 447 2641 523 28).
2665 451 2917 512 Prohibet
2931 469 3061 527 ergo
3079 459 3386 533 concilium,

1811 548 1880 588 ne
1903 535 2022 604 quis
2045 535 2160 604 ejus
2181 536 2431 593 Ecclesiae
2455 540 2525 630 sit
2548 541 2844 614 episcopus,
2864 561 3025 616 quam
3052 550 3197 618 prius
3220 551 3390 609 lnter-

1809 628 2044 683 venturis
2070 628 2222 684 titulo
2249 632 2445 687 rexerit
2469 625 2482 685 ἑ
2511 634 2599 702 qui
2626 635 2670 689 si
2692 637 2985 707 nequiverit
3009 637 3222 698 efﬁcere
3245 644 3384 700 intra

1808 735 2038 788 annum,
2070 730 2129 776 ut
2151 723 2346 778 electio
2371 726 2603 796 episcopi
2635 716 2992 800 perageretur,
3017 732 3170 803 jubet
3216 737 3379 793 alium

1808 811 2228 870 lnterventorem
2256 825 2444 872 exacto
2465 832 2607 873 anno
2647 819 2701 873 in
2730 820 2871 876 illius
2897 823 3068 879 locum
3097 827 3374 897 subrogari

1805 903 2013 975 (Codice
2027 904 2288 960 Canonum
2311 908 2500 979 Afric.,
2523 926 2637 963 can.
2679 910 2786 983 74).
2813 911 2923 967 Hoc
2938 913 3075 970 idem
3096 919 3377 974 cuncilium

1805 991 2077 1062 decrevit,
2109 1005 2164 1050 ut
2191 995 2398 1052 clericis
2425 999 2493 1053 ab
2529 999 2764 1056 Ecclesia
2791 1011 3006 1072 propter
3031 1003 3241 1074 aliquod
3269 1009 3374 1062 cri-

1804 1098 1927 1139 men
1983 1088 2276 1155 separatis,
2324 1104 2495 1144 annus
2540 1089 2606 1145 ad
2653 1091 2980 1160 probandam
3023 1093 3376 1153 innocentiam

1802 1175 2213 1243 concederetur;
2257 1193 2363 1249 quo
2390 1179 2570 1250 elapso
2616 1181 2791 1237 omnis
2843 1184 2926 1237 sui
2972 1186 3230 1256 purgandi
3277 1187 3382 1244 illis

1802 1265 2140 1324 adimeretur
2168 1269 2387 1325 facultas
2417 1270 2598 1342 (Ibid,
2626 1290 2740 1328 can.
2765 1273 2878 1345 79).
2904 1275 3069 1345 Cujus
3094 1275 3297 1333 decreti
3325 1279 3380 1334 in

1801 1358 2024 1426 epistola
2052 1399 2068 1426 ,
2110 1360 2178 1416 de
2201 1377 2304 1432 qua
2340 1362 2492 1417 nobis
2513 1363 2621 1432 jam
2660 1363 2770 1434 jam
2795 1365 3077 1422 dicendum
3107 1369 3230 1436 erit,
3263 1385 3382 1426 me-

1799 1447 1956 1503 minit
1980 1451 2303 1520 Augustinus
2324 1452 2514 1522 (Epist.
2547 1454 2647 1518 65,
2679 1472 2730 1509 η.
2757 1455 2834 1526 2).
2863 1457 3180 1528 Sequentem
3209 1461 3372 1518 etiam

1799 1551 2058 1594 canonem
2084 1539 2250 1596 citare
2278 1541 2507 1610 videtur,
2537 1560 2695 1614 quem
2721 1544 2774 1600 in
2806 1546 2989 1602 ultima
3018 1549 3224 1620 synodo
3248 1565 3379 1606 con-

1797 1625 2039 1682 stitutum
2069 1629 2287 1695 asserit,
2321 1639 2377 1686 ut
2403 1633 2492 1702 qui
2538 1632 2606 1688 de
2639 1633 2817 1704 aliquo
2846 1637 3169 1693 monasterio
3197 1653 3378 1695 reces-

1798 1717 1992 1773 sissent
2019 1728 2113 1774 aut
2145 1721 2301 1790 ejecti
2327 1721 2589 1789 fuissent,
2633 1739 2727 1780 eos
2774 1741 2949 1796 neque
2979 1727 3045 1783 ad
3076 1729 3376 1787 clericalem

1797 1811 2037 1866 ordinem
2066 1814 2118 1868 in
2147 1815 2250 1869 alia
2287 1815 2546 1882 Ecclesia,
2574 1833 2746 1888 neque
2778 1819 2842 1873 ad
2881 1822 3190 1876 monasterii
3215 1822 3377 1879 ullius

1796 1901 2307 1960 administrationem
2351 1909 2652 1977 promoveri
2690 1907 2768 1962 fas
2813 1919 2958 1965 esset
2977 1910 3182 1982 (Codice
3204 1909 3376 1968 Cano-

1797 2010 1919 2047 num
1943 1995 2127 2064 Afric.,
2152 2014 2265 2051 can.
2295 1997 2408 2070 80).
2433 1998 2584 2054 illum
2605 2016 2814 2071 quoque
2842 2001 3140 2056 subindicat
3169 2003 3220 2057 in
3243 2018 3374 2073 qua.

1796 2082 1917 2138 dam
1951 2085 2018 2140 ad
2048 2087 2320 2142 Aurelium
2349 2089 2576 2158 epistola
2595 2131 2610 2156 ,
2639 2098 2694 2145 et
2733 2091 2798 2144 ad
2828 2107 2949 2148 eum
2975 2093 3369 2152 observandum

1795 2174 2122 2230 cohortatur.
2150 2177 2387 2232 Coenobii
2417 2179 2468 2232 in
2498 2179 2672 2234 aliena
2714 2180 2932 2236 diceeesi
2959 2183 3231 2238 constituti
3257 2199 3373 2238 mo—

1797 2264 1997 2320 nachos
2043 2267 2276 2337 synodus
2329 2268 2616 2324 universim
2655 2270 3091 2340 comprehendit,
3140 2288 3372 2343 eumque

1795 2355 2128 2425 episcOpum,
2172 2372 2202 2410 a
2247 2372 2353 2427 quo
2388 2357 2585 2413 fuerint
2636 2361 2859 2430 promoti
2888 2402 2901 2427 ,
2929 2361 2997 2415 ab
3023 2363 3258 2416 omnium
3287 2361 3372 2433 (si

1797 2446 2063 2514 propriam
2087 2446 2296 2516 plebem
2319 2449 2577 2522 excipias)
2599 2451 2973 2508 communione
2987 2462 3216 2522 separat.
3241 2455 3372 2524 Agi-

1798 2547 1904 2594 tata
1927 2540 2021 2594 fuit
2042 2541 2142 2595 hoc
2170 2541 2220 2595 in
2237 2542 2459 2597 concilio
2481 2543 2751 2599 Cresconii
2772 2544 3196 2617 Villa-Regensis
3210 2562 3372 2603 causa

1797 2633 1982 2702 (lbid.,
2001 2652 2115 2689 can.
2134 2636 2222 2705 77)
2243 2655 2256 2690 :
2275 2652 2479 2692 necnon
2492 2646 2546 2694 et
2565 2638 2758 2710 Equitii
2776 2639 3376 2711 Hippo-Diarrhytorum

1796 2727 2030 2794 episcopi
2060 2726 2244 2796 (ibid.,
2275 2744 2386 2781 can.
2423 2729 2554 2798 78);
2583 2730 2685 2800 qui'
2719 2731 2845 2800 quid
2873 2733 3258 2800 perpetraverit
3283 2731 3368 2786 in-

1773 2825 2124 2885 'compertum
2168 2827 2268 2873 est.
2321 2819 2433 2874 Hoc
2480 2829 2679 2875 tantum
2705 2823 3034 2890 exploratum
3065 2822 3324 2877 habemus
3352 2864 3368 2889 ,

1795 2922 1917 2962 eum
1941 2907 2051 2977 jam
2096 2909 2300 2979 pridem
2358 2911 2727 2982 episcoporum
2767 2913 3026 2968 sententia
3061 2913 3369 2970 damnatum

1797 2999 1866 3052 ob
1895 3000 2125 3065 scelera,
2176 3017 2280 3056 non
2321 3002 2478 3058 modo
2505 3004 2733 3067 illorum,
2761 3013 2937 3074 utpar
2962 3014 3097 3071 erat,
3145 3020 3249 3059 non
3281 3020 3374 3076 pa-

1796 3093 1965 3146 ruisse
2001 3093 2233 3161 judicio,
2268 3109 2448 3150 verum
2498 3095 2658 3149 etiam
2689 3095 2909 3164 inquieti
2946 3095 3110 3150 animi
3139 3095 3266 3150 vitio
3311 3103 3369 3151 et

1797 3184 2121 3254 impudentia
2145 3185 2437 3240 Ecclesium
2466 3186 2882 3258 perturbavisse.
2912 3187 3041 3254 Quae
3068 3201 3225 3242 causa
3248 3187 3369 3251 fuit,

1795 3289 1890 3328 cur
1916 3275 2198 3330 concilium
2243 3275 2310 3330 ad
2339 3275 2602 3330 decimum
2651 3285 2858 3330 sextum
2908 3275 3161 3331 kalendas
3210 3275 3374 3346 julias

1795 3367 1919 3420 anni
1961 3367 2466 3437 quadringenteSimi
2510 3368 2662 3438 primi
2706 3375 2947 3421 coactum
2983 3367 3198 3438 legatis,
3239 3381 3373 3437 quos

1796 3457 1862 3510 ad
1892 3457 2270 3527 Imperatorem
2311 3457 2638 3523 destinabat,
2680 3457 2986 3521 mandaret,
3014 3465 3090 3523 ut,
3142 3457 3187 3510 si
3237 3455 3378 3512 forte

1806 3547 2079 3617 Equitinm
2111 3549 2256 3603 illum
2304 3549 2357 3602 in
2400 3549 2548 3603 Italia
2579 3549 2933 3618 reperissent,
2961 3548 3103 3602 omni
3129 3547 3264 3616 juris
3291 3547 3375 3602 via

1795 3638 2048 3694 adversus
2078 3639 2248 3708 ipsum
2270 3649 2486 3708 agerent
2511 3637 2696 3712 (lbid.,’
2733 3657 2848 3692 can.
2877 3639 2989 3707 65).
3013 3639 3126 3693 Non
3155 3639 3377 3694 deerant

1797 3733 1850 3786 in
1873 3733 1988 3803 ejus
2028 3732 2158 3787 urbe
2181 3773 2196 3797 ,
2231 3733 2321 3803 qui
2350 3747 2523 3787 causzc
2546 3733 2712 3802 ipsius
2735 3735 2849 3802 plus
2887 3732 3051 3786 nimio
3077 3731 3372 3797 studerent,

1797 3826 2019 3896 ejusque
2043 3841 2071 3878 a
2095 3824 2213 3896 fuga
2233 3825 2460 3880 reditum
2473 3825 2906 3894 praestolarentur
2933 3841 2946 3879 :
2969 3839 3091 3880 cum
3113 3823 3227 3894 ejus
3251 3839 3376 3878 cou-

1797 3923 1877 3970 tra
1899 3916 1987 3970 alii
2011 3915 2078 3971 ab
2104 3915 2219 3970 istis
2237 3915 2556 3971 dissidentes
2576 3915 2882 3971 abdicarent
2898 3916 3324 3970 communionem
3354 3931 3368 3967 :

1794 4015 1849 4060 et
1874 4005 1927 4060 bi
1957 4005 2168 4076 quidem
2214 4005 2357 4060 aedes
2387 4007 2494 4059 Deo
2521 4020 2698 4060 sacras
2753 4006 3027 4070 tenebant,
3077 4019 3140 4058 ac
3164 4005 3370 4074 episco-

1795 4111 1920 4166 pum
1947 4095 2120 4150 adhuc
2145 4095 2350 4149 nullum
2370 4103 2707 4163 acceperant.
2734 4093 2866 4148 Cum
2891 4094 3048 4164 igitur
3076 4092 3370 4148 Ecclesium

1795 4186 1940 4240 illam
1978 4201 2082 4239 non
2135 4194 2345 4256 putaret
2384 4186 2668 4240 concilium
2717 4185 2984 4240 desertam
3013 4183 3211 4239 diutius
3249 4197 3371 4240 esse

1793 4278 2218 4349 relinquendam,
2245 4277 2524 4348 episcopos
2555 4277 2771 4348 viginti,
2805 4285 2859 4348 et
2890 4277 2941 4330 in
2980 4276 3063 4331 his
3086 4276 3372 4346 Alypium,

1792 4371 2142 4441 Augustinum
2165 4377 2328 4442 atque
2357 4369 2612 4425 Evodium
2642 4369 2857 4440 selegit,
2889 4368 2977 4439 qui
3018 4382 3136 4423 sese
3161 4383 3228 4450 eo
3253 4382 3371 4423 con-

1793 4461 2058 4528 ferentes,
2090 4462 2396 4532 episcopum
2439 4461 2709 4516 communi
2753 4462 3014 4514 universa:
3046 4459 3212 4527 plebis
3240 4473 3373 4513 con-

1793 4567 1984 4618 sensu,
2011 4553 2056 4606 si
2087 4561 2264 4607 tamen
2308 4551 2501 4620 Equitii
2542 4549 2773 4604 fautores
2802 4548 2866 4602 ad
2916 4547 3198 4602 iucundam
3246 4562 3372 4604 cum

1791 4643 1910 4699 aliis
1960 4643 2269 4698 societatem
2303 4643 2490 4697 liceret
2537 4641 2800 4696 adducere
2821 4681 2836 4706 ,
2869 4639 3208 4696 instituerent
3235 4658 3249 4696 :
3281 4640 3369 4697 sin

1793 4735 1970 4790 minus
1992 4775 2008 4800 ,
2047 4733 2236 4788 darent
2258 4747 2494 4802 operam,
2523 4747 2592 4786 ne
2624 4747 2782 4802 quam
2811 4732 2895 4786 isti
2927 4748 3130 4786 moram
3159 4733 3373 4802 episco-

1793 4826 1898 4896 pali
1925 4826 2172 4881 electioni
2199 4824 2468 4880 afferrent.
2501 4825 2821 4895 Augustinus
2841 4825 3093 4880 continuo
3126 4834 3245 4896 post
3271 4826 3374 4881 ab~

1792 4920 2020 4973 solutam
2043 4917 2184 4971 illam
2211 4917 2472 4988 synodum
2503 4917 2764 4981 scribens,
2807 4917 3036 4972 affirmat
3061 4920 3372 4990 episcopum

1794 5007 2225 5078 Vigesilitanum,
2266 5017 2353 5061 aut
2385 5017 2531 5062 certe
2569 5007 2632 5061 ad
2663 5009 2819 5077 cujus
2844 5008 3113 5064 dimcesim
3137 5010 3375 5080 pertine-

1793 5101 1884 5156 bat
1914 5099 2255 5171 Vigesilitana
2286 5100 2520 5155 Ecclesia
2539 5141 2554 5164 ,
2577 5100 2630 5154 in
2661 5100 2893 5170 plenario
2917 5100 3106 5156 Africa:
3147 5097 3374 5158 concilio
3453 5101 3458 5120 τ

1793 5194 1862 5248 de
1909 5193 2075 5263 gradu
2119 5192 2281 5247 fuisse
2333 5192 2633 5261 dejectum,
2678 5200 2836 5260 atque
2881 5191 3016 5246 hanc
3055 5191 3126 5247 ob
3154 5207 3372 5247 causam

1793 5283 2031 5355 ejusdem
2058 5283 2161 5338 loci
2209 5283 2504 5354 populum,
2536 5282 2581 5336 si
2631 5281 2777 5352 illum
2822 5282 3059 5351 recipere
3102 5283 3396 5346 noluerit,‘

1795 5379 1957 5449 probe
2001 5378 2291 5442 facturum,
2335 5389 2509 5445 neque
2552 5374 2619 5428 ad
2667 5373 2719 5428 id
2751 5373 2834 5428 vel
2875 5389 3032 5444 posse
3061 5375 3144 5428 vel
3177 5373 3402 5459 debere.

1794 5471 1861 5523 ab
1901 5470 2010 5522 ullo
2049 5467 2166 5537 cogi
2200 5484 2213 5520 :
2247 5477 2600 5520 memoratum
2648 5478 2777 5519 vero
2821 5463 3165 5532 episcopum,
3196 5462 3240 5516 si
3280 5467 3452 5540 po-,‘_.;

1795 5561 1975 5615 tentia:
1996 5558 2264 5612 srccularis
2293 5565 2518 5621 terrore,
2547 5554 2687 5624 quod
2735 5553 2948 5624 quidem
2980 5552 3185 5605 videtur
3210 5549 3375 5604 fuisse

1793 5651 2024 5704 minatus
2043 5686 2063 5715 ,
2086 5646 2169 5701 ad
2191 5663 2306 5701 cam
2337 5662 2446 5701 rem
2474 5647 2648 5716 ipsum
2671 5644 2884 5713 adigere
2912 5647 3138 5695 tentaret
3158 5679 3174 5705 ,
3202 5637 3376 5708 qualis

1793 5741 1954 5800 modo
1983 5739 2082 5804 sit,
2127 5747 2182 5796 et
2233 5739 2402 5812 qualis
2449 5746 2571 5791 ante
2615 5735 2772 5796 fuerit
2810 5729 3018 5802 quando
3054 5729 3123 5784 de
3152 5744 3210 5786 se
3235 5727 3373 5798 nihil

3291 346 3398 407 50,
3495 375 3498 377 λ
