  <div class='ocr_page' id='page_1' title='image "/cluster/home/n/w/nwhite01/storage/ocr_20150623/32/uva.x000669813/165.png"; bbox 0 0 3868 6452; ppageno 0'>
   <div class='ocr_carea' id='block_1_1' title="bbox 504 347 606 406">
    <p class='ocr_par' dir='ltr' id='par_1_1' title="bbox 504 347 606 406">
     <span class='ocr_line' id='line_1_1' title="bbox 504 347 606 406; baseline -0.02 0"><span class='ocrx_word' id='word_1_1' title='bbox 504 347 606 406; x_wconf 69' lang='grc' dir='ltr'>ιιι</span> 
     </span>
    </p>
   </div>
   <div class='ocr_carea' id='block_1_2' title="bbox 508 445 2084 534">
    <p class='ocr_par' dir='ltr' id='par_1_2' title="bbox 508 445 2084 534">
     <span class='ocr_line' id='line_1_2' title="bbox 508 445 2084 534; baseline -0.011 -16"><span class='ocrx_word' id='word_1_2' title='bbox 508 479 544 519; x_wconf 86' lang='lat' dir='ltr'><strong>a</strong></span> <span class='ocrx_word' id='word_1_3' title='bbox 568 476 676 534; x_wconf 88' lang='lat' dir='ltr'><strong>quo</strong></span> <span class='ocrx_word' id='word_1_4' title='bbox 715 460 916 515; x_wconf 82' lang='lat' dir='ltr'><strong>litteras</strong></span> <span class='ocrx_word' id='word_1_5' title='bbox 949 457 1120 513; x_wconf 88' lang='lat' dir='ltr'><strong>nullas</strong></span> <span class='ocrx_word' id='word_1_6' title='bbox 1157 459 1473 524; x_wconf 88' lang='lat' dir='ltr'><strong>acceperat,</strong></span> <span class='ocrx_word' id='word_1_7' title='bbox 1513 449 1776 513; x_wconf 84' lang='lat' dir='ltr'><strong>scribere;</strong></span> <span class='ocrx_word' id='word_1_8' title='bbox 1811 457 1917 502; x_wconf 89' lang='lat' dir='ltr'><strong>tum</strong></span> <span class='ocrx_word' id='word_1_9' title='bbox 1943 445 2084 516; x_wconf 90' lang='lat' dir='ltr'><strong>quod</strong></span> 
     </span>
    </p>
   </div>
   <div class='ocr_carea' id='block_1_3' title="bbox 510 540 2085 623">
    <p class='ocr_par' dir='ltr' id='par_1_3' title="bbox 510 540 2085 623">
     <span class='ocr_line' id='line_1_3' title="bbox 510 540 2085 623; baseline -0.011 -16"><span class='ocrx_word' id='word_1_10' title='bbox 510 554 628 623; x_wconf 87' lang='lat' dir='ltr'><strong>ipse</strong></span> <span class='ocrx_word' id='word_1_11' title='bbox 681 551 882 605; x_wconf 79' lang='lat' dir='ltr'><strong>tardius</strong></span> <span class='ocrx_word' id='word_1_12' title='bbox 931 547 1204 617; x_wconf 84' lang='lat' dir='ltr'><strong>Quintiani</strong></span> <span class='ocrx_word' id='word_1_13' title='bbox 1264 543 1539 614; x_wconf 82' lang='lat' dir='ltr'><strong>epistolam</strong></span> <span class='ocrx_word' id='word_1_14' title='bbox 1596 540 1926 610; x_wconf 85' lang='lat' dir='ltr'><strong>accepisset,</strong></span> <span class='ocrx_word' id='word_1_15' title='bbox 1975 547 2085 591; x_wconf 91' lang='lat' dir='ltr'><strong>tum</strong></span> 
     </span>
    </p>
   </div>
   <div class='ocr_carea' id='block_1_4' title="bbox 511 635 2089 716">
    <p class='ocr_par' dir='ltr' id='par_1_4' title="bbox 511 635 2089 716">
     <span class='ocr_line' id='line_1_4' title="bbox 511 635 2089 716; baseline -0.011 -16"><span class='ocrx_word' id='word_1_16' title='bbox 511 645 653 716; x_wconf 92' lang='lat' dir='ltr'><strong>quod</strong></span> <span class='ocrx_word' id='word_1_17' title='bbox 680 644 852 714; x_wconf 92' lang='lat' dir='ltr'><strong>plebi,</strong></span> <span class='ocrx_word' id='word_1_18' title='bbox 879 658 999 712; x_wconf 73' lang='lat' dir='ltr'><strong>qua:</strong></span> <span class='ocrx_word' id='word_1_19' title='bbox 1027 637 1408 711; x_wconf 80' lang='lat' dir='ltr'><strong>dispensationi</strong></span> <span class='ocrx_word' id='word_1_20' title='bbox 1434 651 1544 690; x_wconf 66' lang='lat' dir='ltr'><strong>suae</strong></span> <span class='ocrx_word' id='word_1_21' title='bbox 1571 635 1850 689; x_wconf 88' lang='lat' dir='ltr'><strong>commissa</strong></span> <span class='ocrx_word' id='word_1_22' title='bbox 1873 647 1979 686; x_wconf 92' lang='lat' dir='ltr'><strong>non</strong></span> <span class='ocrx_word' id='word_1_23' title='bbox 2005 645 2089 685; x_wconf 64' lang='lat' dir='ltr'><strong>es.</strong></span> 
     </span>
    </p>
   </div>
   <div class='ocr_carea' id='block_1_5' title="bbox 510 726 2089 801">
    <p class='ocr_par' dir='ltr' id='par_1_5' title="bbox 510 726 2089 801">
     <span class='ocr_line' id='line_1_5' title="bbox 510 726 2089 801; baseline -0.008 -9"><span class='ocrx_word' id='word_1_24' title='bbox 510 747 594 792; x_wconf 88' lang='lat' dir='ltr'><strong>set</strong></span> <span class='ocrx_word' id='word_1_25' title='bbox 614 779 628 801; x_wconf 96' lang='lat'><strong>,</strong></span> <span class='ocrx_word' id='word_1_26' title='bbox 660 738 798 791; x_wconf 90' lang='lat' dir='ltr'><strong>ultro</strong></span> <span class='ocrx_word' id='word_1_27' title='bbox 825 736 1058 790; x_wconf 86' lang='lat' dir='ltr'><strong>scribere</strong></span> <span class='ocrx_word' id='word_1_28' title='bbox 1099 747 1197 787; x_wconf 87' lang='lat' dir='ltr'><strong>nec</strong></span> <span class='ocrx_word' id='word_1_29' title='bbox 1231 731 1468 794; x_wconf 86' lang='lat' dir='ltr'><strong>auderet,</strong></span> <span class='ocrx_word' id='word_1_30' title='bbox 1498 745 1596 784; x_wconf 92' lang='lat' dir='ltr'><strong>nec</strong></span> <span class='ocrx_word' id='word_1_31' title='bbox 1619 744 1710 783; x_wconf 90' lang='lat' dir='ltr'><strong>sua</strong></span> <span class='ocrx_word' id='word_1_32' title='bbox 1734 726 1944 797; x_wconf 86' lang='lat' dir='ltr'><strong>quidem</strong></span> <span class='ocrx_word' id='word_1_33' title='bbox 1967 740 2089 780; x_wconf 87' lang='lat' dir='ltr'><strong>sen-</strong></span> 
     </span>
    </p>
   </div>
   <div class='ocr_carea' id='block_1_6' title="bbox 511 819 2087 896">
    <p class='ocr_par' dir='ltr' id='par_1_6' title="bbox 511 819 2087 896">
     <span class='ocr_line' id='line_1_6' title="bbox 511 819 2087 896; baseline -0.009 -13"><span class='ocrx_word' id='word_1_34' title='bbox 511 829 679 883; x_wconf 85' lang='lat' dir='ltr'><strong>tentia</strong></span> <span class='ocrx_word' id='word_1_35' title='bbox 734 837 879 882; x_wconf 91' lang='lat' dir='ltr'><strong>recte</strong></span> <span class='ocrx_word' id='word_1_36' title='bbox 932 834 1144 896; x_wconf 89' lang='lat' dir='ltr'><strong>posset;</strong></span> <span class='ocrx_word' id='word_1_37' title='bbox 1185 839 1332 878; x_wconf 87' lang='lat' dir='ltr'><strong>suam</strong></span> <span class='ocrx_word' id='word_1_38' title='bbox 1364 836 1490 876; x_wconf 89' lang='lat' dir='ltr'><strong>vero</strong></span> <span class='ocrx_word' id='word_1_39' title='bbox 1531 821 1697 889; x_wconf 92' lang='lat' dir='ltr'><strong>ipsius</strong></span> <span class='ocrx_word' id='word_1_40' title='bbox 1733 819 1798 872; x_wconf 86' lang='lat' dir='ltr'><strong>ad</strong></span> <span class='ocrx_word' id='word_1_41' title='bbox 1840 833 1961 872; x_wconf 89' lang='lat' dir='ltr'><strong>eum</strong></span> <span class='ocrx_word' id='word_1_42' title='bbox 1999 831 2087 871; x_wconf 90' lang='lat' dir='ltr'><strong>re-</strong></span> 
     </span>
    </p>
   </div>
   <div class='ocr_carea' id='block_1_7' title="bbox 515 908 2090 989">
    <p class='ocr_par' dir='ltr' id='par_1_7' title="bbox 515 908 2090 989">
     <span class='ocr_line' id='line_1_7' title="bbox 515 908 2090 989; baseline -0.008 -15"><span class='ocrx_word' id='word_1_43' title='bbox 515 920 856 989; x_wconf 72' lang='lat' dir='ltr'><strong>aponsionem</strong></span> <span class='ocrx_word' id='word_1_44' title='bbox 892 916 1138 970; x_wconf 90' lang='lat' dir='ltr'><strong>omnibus</strong></span> <span class='ocrx_word' id='word_1_45' title='bbox 1191 915 1341 968; x_wconf 81' lang='lat' dir='ltr'><strong>facile</strong></span> <span class='ocrx_word' id='word_1_46' title='bbox 1387 911 1794 965; x_wconf 87' lang='lat' dir='ltr'><strong>satisfacturam.</strong></span> <span class='ocrx_word' id='word_1_47' title='bbox 1821 908 2090 977; x_wconf 80' lang='lat' dir='ltr'><strong>Signiﬁcat</strong></span> 
     </span>
    </p>
   </div>
   <div class='ocr_carea' id='block_1_8' title="bbox 513 1003 2090 1075">
    <p class='ocr_par' dir='ltr' id='par_1_8' title="bbox 513 1003 2090 1075">
     <span class='ocr_line' id='line_1_8' title="bbox 513 1003 2090 1075; baseline -0.009 -10"><span class='ocrx_word' id='word_1_48' title='bbox 513 1011 687 1075; x_wconf 88' lang='lat' dir='ltr'><strong>illum,</strong></span> <span class='ocrx_word' id='word_1_49' title='bbox 715 1024 834 1062; x_wconf 87' lang='lat' dir='ltr'><strong>cum</strong></span> <span class='ocrx_word' id='word_1_50' title='bbox 858 1007 1099 1072; x_wconf 91' lang='lat' dir='ltr'><strong>libuerit,</strong></span> <span class='ocrx_word' id='word_1_51' title='bbox 1133 1005 1196 1058; x_wconf 91' lang='lat' dir='ltr'><strong>ad</strong></span> <span class='ocrx_word' id='word_1_52' title='bbox 1244 1021 1302 1059; x_wconf 89' lang='lat' dir='ltr'><strong>se</strong></span> <span class='ocrx_word' id='word_1_53' title='bbox 1329 1003 1509 1056; x_wconf 88' lang='lat' dir='ltr'><strong>venire</strong></span> <span class='ocrx_word' id='word_1_54' title='bbox 1536 1016 1690 1072; x_wconf 84' lang='lat' dir='ltr'><strong>posse</strong></span> <span class='ocrx_word' id='word_1_55' title='bbox 1714 1041 1728 1066; x_wconf 97' lang='lat'><strong>,</strong></span> <span class='ocrx_word' id='word_1_56' title='bbox 1778 1014 1876 1053; x_wconf 90' lang='lat' dir='ltr'><strong>nec</strong></span> <span class='ocrx_word' id='word_1_57' title='bbox 1901 1013 2090 1053; x_wconf 79' lang='lat' dir='ltr'><strong>onero-</strong></span> 
     </span>
    </p>
   </div>
   <div class='ocr_carea' id='block_1_9' title="bbox 514 1091 2089 1165">
    <p class='ocr_par' dir='ltr' id='par_1_9' title="bbox 514 1091 2089 1165">
     <span class='ocr_line' id='line_1_9' title="bbox 514 1091 2089 1165; baseline -0.008 -9"><span class='ocrx_word' id='word_1_58' title='bbox 514 1117 635 1156; x_wconf 88' lang='lat' dir='ltr'><strong>sum</strong></span> <span class='ocrx_word' id='word_1_59' title='bbox 659 1101 769 1154; x_wconf 88' lang='lat' dir='ltr'><strong>fore</strong></span> <span class='ocrx_word' id='word_1_60' title='bbox 798 1099 1080 1153; x_wconf 84' lang='lat' dir='ltr'><strong>adventum</strong></span> <span class='ocrx_word' id='word_1_61' title='bbox 1121 1097 1268 1165; x_wconf 87' lang='lat' dir='ltr'><strong>ejus;</strong></span> <span class='ocrx_word' id='word_1_62' title='bbox 1298 1112 1402 1150; x_wconf 92' lang='lat' dir='ltr'><strong>non</strong></span> <span class='ocrx_word' id='word_1_63' title='bbox 1432 1103 1608 1149; x_wconf 86' lang='lat' dir='ltr'><strong>tamen</strong></span> <span class='ocrx_word' id='word_1_64' title='bbox 1638 1093 1799 1146; x_wconf 88' lang='lat' dir='ltr'><strong>licere</strong></span> <span class='ocrx_word' id='word_1_65' title='bbox 1825 1091 1924 1145; x_wconf 89' lang='lat' dir='ltr'><strong>sibi</strong></span> <span class='ocrx_word' id='word_1_66' title='bbox 1966 1105 2089 1145; x_wconf 87' lang='lat' dir='ltr'><strong>eum</strong></span> 
     </span>
    </p>
   </div>
   <div class='ocr_carea' id='block_1_10' title="bbox 515 1181 2093 1254">
    <p class='ocr_par' dir='ltr' id='par_1_10' title="bbox 515 1181 2093 1254">
     <span class='ocr_line' id='line_1_10' title="bbox 515 1181 2093 1254; baseline -0.006 -9"><span class='ocrx_word' id='word_1_67' title='bbox 515 1191 798 1246; x_wconf 87' lang='lat' dir='ltr'><strong>admittere</strong></span> <span class='ocrx_word' id='word_1_68' title='bbox 819 1189 883 1242; x_wconf 91' lang='lat' dir='ltr'><strong>ad</strong></span> <span class='ocrx_word' id='word_1_69' title='bbox 906 1204 1058 1243; x_wconf 87' lang='lat' dir='ltr'><strong>suam</strong></span> <span class='ocrx_word' id='word_1_70' title='bbox 1085 1188 1514 1242; x_wconf 89' lang='lat' dir='ltr'><strong>communionem</strong></span> <span class='ocrx_word' id='word_1_71' title='bbox 1537 1226 1552 1250; x_wconf 92' lang='lat'><strong>,</strong></span> <span class='ocrx_word' id='word_1_72' title='bbox 1594 1184 1682 1254; x_wconf 90' lang='lat' dir='ltr'><strong>qui</strong></span> <span class='ocrx_word' id='word_1_73' title='bbox 1709 1198 1831 1237; x_wconf 91' lang='lat' dir='ltr'><strong>cum</strong></span> <span class='ocrx_word' id='word_1_74' title='bbox 1877 1181 2093 1236; x_wconf 80' lang='lat' dir='ltr'><strong>Aurelio</strong></span> 
     </span>
    </p>
   </div>
   <div class='ocr_carea' id='block_1_11' title="bbox 514 1273 2091 1348">
    <p class='ocr_par' dir='ltr' id='par_1_11' title="bbox 514 1273 2091 1348">
     <span class='ocr_line' id='line_1_11' title="bbox 514 1273 2091 1348; baseline -0.006 -13"><span class='ocrx_word' id='word_1_75' title='bbox 514 1295 621 1336; x_wconf 89' lang='lat' dir='ltr'><strong>non</strong></span> <span class='ocrx_word' id='word_1_76' title='bbox 645 1280 1079 1335; x_wconf 88' lang='lat' dir='ltr'><strong>communicaret.</strong></span> <span class='ocrx_word' id='word_1_77' title='bbox 1107 1279 1162 1333; x_wconf 87' lang='lat' dir='ltr'><strong>In</strong></span> <span class='ocrx_word' id='word_1_78' title='bbox 1194 1278 1291 1332; x_wconf 90' lang='lat' dir='ltr'><strong>hac</strong></span> <span class='ocrx_word' id='word_1_79' title='bbox 1329 1291 1539 1348; x_wconf 90' lang='lat' dir='ltr'><strong>quoque</strong></span> <span class='ocrx_word' id='word_1_80' title='bbox 1564 1275 1817 1344; x_wconf 85' lang='lat' dir='ltr'><strong>epistola,</strong></span> <span class='ocrx_word' id='word_1_81' title='bbox 1843 1273 1967 1344; x_wconf 92' lang='lat' dir='ltr'><strong>quid</strong></span> <span class='ocrx_word' id='word_1_82' title='bbox 1989 1289 2091 1327; x_wconf 89' lang='lat' dir='ltr'><strong>nu-</strong></span> 
     </span>
    </p>
   </div>
   <div class='ocr_carea' id='block_1_12' title="bbox 512 1363 2094 1442">
    <p class='ocr_par' dir='ltr' id='par_1_12' title="bbox 512 1363 2094 1442">
     <span class='ocr_line' id='line_1_12' title="bbox 512 1363 2094 1442; baseline -0.004 -15"><span class='ocrx_word' id='word_1_83' title='bbox 512 1388 612 1442; x_wconf 86' lang='lat' dir='ltr'><strong>per</strong></span> <span class='ocrx_word' id='word_1_84' title='bbox 638 1387 668 1426; x_wconf 88' lang='lat' dir='ltr'><strong>a</strong></span> <span class='ocrx_word' id='word_1_85' title='bbox 698 1372 922 1426; x_wconf 90' lang='lat' dir='ltr'><strong>concilio</strong></span> <span class='ocrx_word' id='word_1_86' title='bbox 951 1371 1016 1426; x_wconf 91' lang='lat' dir='ltr'><strong>de</strong></span> <span class='ocrx_word' id='word_1_87' title='bbox 1061 1370 1332 1425; x_wconf 83' lang='lat' dir='ltr'><strong>monachis</strong></span> <span class='ocrx_word' id='word_1_88' title='bbox 1377 1368 1685 1423; x_wconf 83' lang='lat' dir='ltr'><strong>monasterii</strong></span> <span class='ocrx_word' id='word_1_89' title='bbox 1731 1363 2094 1421; x_wconf 88' lang='lat' dir='ltr'><strong>desertoribus</strong></span> 
     </span>
    </p>
   </div>
   <div class='ocr_carea' id='block_1_13' title="bbox 515 1454 2092 1526">
    <p class='ocr_par' dir='ltr' id='par_1_13' title="bbox 515 1454 2092 1526">
     <span class='ocr_line' id='line_1_13' title="bbox 515 1454 2092 1526; baseline -0.005 -10"><span class='ocrx_word' id='word_1_90' title='bbox 515 1471 770 1516; x_wconf 87' lang='lat' dir='ltr'><strong>statutum</strong></span> <span class='ocrx_word' id='word_1_91' title='bbox 791 1463 858 1515; x_wconf 88' lang='lat' dir='ltr'><strong>sit</strong></span> <span class='ocrx_word' id='word_1_92' title='bbox 879 1503 892 1526; x_wconf 95' lang='lat'><strong>,</strong></span> <span class='ocrx_word' id='word_1_93' title='bbox 923 1462 1169 1515; x_wconf 81' lang='lat' dir='ltr'><strong>observat</strong></span> <span class='ocrx_word' id='word_1_94' title='bbox 1195 1478 1206 1513; x_wconf 89' lang='lat'>:</span> <span class='ocrx_word' id='word_1_95' title='bbox 1233 1459 1372 1514; x_wconf 88' lang='lat' dir='ltr'><strong>unde</strong></span> <span class='ocrx_word' id='word_1_96' title='bbox 1401 1459 1713 1513; x_wconf 87' lang='lat' dir='ltr'><strong>adducimur</strong></span> <span class='ocrx_word' id='word_1_97' title='bbox 1736 1498 1751 1523; x_wconf 95' lang='lat'><strong>,</strong></span> <span class='ocrx_word' id='word_1_98' title='bbox 1801 1464 1858 1510; x_wconf 92' lang='lat' dir='ltr'><strong>ut</strong></span> <span class='ocrx_word' id='word_1_99' title='bbox 1903 1454 2092 1510; x_wconf 89' lang='lat' dir='ltr'><strong>creda-</strong></span> 
     </span>
    </p>
   </div>
   <div class='ocr_carea' id='block_1_14' title="bbox 514 1549 2096 1622">
    <p class='ocr_par' dir='ltr' id='par_1_14' title="bbox 514 1549 2096 1622">
     <span class='ocr_line' id='line_1_14' title="bbox 514 1549 2096 1622; baseline -0.004 -14"><span class='ocrx_word' id='word_1_100' title='bbox 514 1569 636 1609; x_wconf 88' lang='lat' dir='ltr'><strong>mus</strong></span> <span class='ocrx_word' id='word_1_101' title='bbox 683 1570 832 1619; x_wconf 90' lang='lat' dir='ltr'><strong>eam,</strong></span> <span class='ocrx_word' id='word_1_102' title='bbox 896 1563 1015 1622; x_wconf 87' lang='lat' dir='ltr'><strong>post</strong></span> <span class='ocrx_word' id='word_1_103' title='bbox 1055 1563 1296 1622; x_wconf 80' lang='lat' dir='ltr'><strong>acceptas</strong></span> <span class='ocrx_word' id='word_1_104' title='bbox 1341 1553 1551 1606; x_wconf 89' lang='lat' dir='ltr'><strong>circiter</strong></span> <span class='ocrx_word' id='word_1_105' title='bbox 1602 1550 1809 1606; x_wconf 89' lang='lat' dir='ltr'><strong>Domini</strong></span> <span class='ocrx_word' id='word_1_106' title='bbox 1853 1549 2096 1603; x_wconf 82' lang='lat' dir='ltr'><strong>Natalem</strong></span> 
     </span>
    </p>
   </div>
   <div class='ocr_carea' id='block_1_15' title="bbox 515 1641 2095 1714">
    <p class='ocr_par' dir='ltr' id='par_1_15' title="bbox 515 1641 2095 1714">
     <span class='ocr_line' id='line_1_15' title="bbox 515 1641 2095 1714; baseline -0.003 -15"><span class='ocrx_word' id='word_1_107' title='bbox 515 1646 785 1713; x_wconf 85' lang='lat' dir='ltr'><strong>Quintiani</strong></span> <span class='ocrx_word' id='word_1_108' title='bbox 815 1646 1047 1714; x_wconf 75' lang='lat' dir='ltr'><strong>litteras,</strong></span> <span class='ocrx_word' id='word_1_109' title='bbox 1079 1645 1180 1700; x_wconf 90' lang='lat' dir='ltr'><strong>hoc</strong></span> <span class='ocrx_word' id='word_1_110' title='bbox 1206 1653 1441 1699; x_wconf 80' lang='lat' dir='ltr'><strong>vertente</strong></span> <span class='ocrx_word' id='word_1_111' title='bbox 1460 1660 1600 1697; x_wconf 87' lang='lat' dir='ltr'><strong>anno</strong></span> <span class='ocrx_word' id='word_1_112' title='bbox 1625 1644 1875 1712; x_wconf 83' lang='lat' dir='ltr'><strong>scriptam</strong></span> <span class='ocrx_word' id='word_1_113' title='bbox 1898 1641 2095 1704; x_wconf 87' lang='lat' dir='ltr'><strong>fuisse;</strong></span> 
     </span>
    </p>
   </div>
   <div class='ocr_carea' id='block_1_16' title="bbox 516 1733 2094 1806">
    <p class='ocr_par' dir='ltr' id='par_1_16' title="bbox 516 1733 2094 1806">
     <span class='ocr_line' id='line_1_16' title="bbox 516 1733 2094 1806; baseline -0.003 -14"><span class='ocrx_word' id='word_1_114' title='bbox 516 1753 638 1792; x_wconf 91' lang='lat' dir='ltr'><strong>cum</strong></span> <span class='ocrx_word' id='word_1_115' title='bbox 677 1755 779 1792; x_wconf 89' lang='lat' dir='ltr'><strong>non</strong></span> <span class='ocrx_word' id='word_1_116' title='bbox 808 1739 947 1793; x_wconf 88' lang='lat' dir='ltr'><strong>aliud</strong></span> <span class='ocrx_word' id='word_1_117' title='bbox 971 1754 1002 1792; x_wconf 90' lang='lat' dir='ltr'><strong>e</strong></span> <span class='ocrx_word' id='word_1_118' title='bbox 1027 1739 1253 1793; x_wconf 90' lang='lat' dir='ltr'><strong>concilio</strong></span> <span class='ocrx_word' id='word_1_119' title='bbox 1285 1736 1537 1806; x_wconf 88' lang='lat' dir='ltr'><strong>proferat,</strong></span> <span class='ocrx_word' id='word_1_120' title='bbox 1566 1751 1724 1806; x_wconf 90' lang='lat' dir='ltr'><strong>quam</strong></span> <span class='ocrx_word' id='word_1_121' title='bbox 1753 1733 1893 1804; x_wconf 89' lang='lat' dir='ltr'><strong>quod</strong></span> <span class='ocrx_word' id='word_1_122' title='bbox 1924 1733 2094 1788; x_wconf 79' lang='lat' dir='ltr'><strong>fuerat</strong></span> 
     </span>
    </p>
   </div>
   <div class='ocr_carea' id='block_1_17' title="bbox 516 1827 1954 1900">
    <p class='ocr_par' dir='ltr' id='par_1_17' title="bbox 516 1827 1954 1900">
     <span class='ocr_line' id='line_1_17' title="bbox 516 1827 1954 1900; baseline -0.004 -16"><span class='ocrx_word' id='word_1_123' title='bbox 516 1831 570 1884; x_wconf 87' lang='lat' dir='ltr'><strong>in</strong></span> <span class='ocrx_word' id='word_1_124' title='bbox 610 1829 1009 1900; x_wconf 87' lang='lat' dir='ltr'><strong>Carthaginensi</strong></span> <span class='ocrx_word' id='word_1_125' title='bbox 1037 1830 1207 1884; x_wconf 89' lang='lat' dir='ltr'><strong>idibus</strong></span> <span class='ocrx_word' id='word_1_126' title='bbox 1245 1828 1562 1899; x_wconf 89' lang='lat' dir='ltr'><strong>septembris</strong></span> <span class='ocrx_word' id='word_1_127' title='bbox 1588 1827 1954 1881; x_wconf 81' lang='lat' dir='ltr'><strong>constitutum.</strong></span> 
     </span>
    </p>
   </div>
   <div class='ocr_carea' id='block_1_18' title="bbox 593 1916 2096 1990">
    <p class='ocr_par' dir='ltr' id='par_1_18' title="bbox 593 1916 2096 1990">
     <span class='ocr_line' id='line_1_18' title="bbox 593 1916 2096 1990; baseline -0.004 -15"><span class='ocrx_word' id='word_1_128' title='bbox 593 1924 645 1975; x_wconf 82' lang='lat'><strong>6.</strong></span> <span class='ocrx_word' id='word_1_129' title='bbox 676 1921 732 1976; x_wconf 90' lang='lat' dir='ltr'><strong>ld</strong></span> <span class='ocrx_word' id='word_1_130' title='bbox 777 1921 941 1976; x_wconf 86' lang='lat' dir='ltr'><strong>ferme</strong></span> <span class='ocrx_word' id='word_1_131' title='bbox 973 1922 1222 1990; x_wconf 88' lang='lat' dir='ltr'><strong>temporis</strong></span> <span class='ocrx_word' id='word_1_132' title='bbox 1253 1920 1574 1989; x_wconf 78' lang='lat' dir='ltr'><strong>Augustinus</strong></span> <span class='ocrx_word' id='word_1_133' title='bbox 1611 1919 1678 1972; x_wconf 89' lang='lat' dir='ltr'><strong>de</strong></span> <span class='ocrx_word' id='word_1_134' title='bbox 1706 1932 1860 1972; x_wconf 89' lang='lat' dir='ltr'><strong>causa</strong></span> <span class='ocrx_word' id='word_1_135' title='bbox 1913 1916 2096 1971; x_wconf 84' lang='lat' dir='ltr'><strong>Abun-</strong></span> 
     </span>
    </p>
   </div>
   <div class='ocr_carea' id='block_1_19' title="bbox 517 2009 2094 2079">
    <p class='ocr_par' dir='ltr' id='par_1_19' title="bbox 517 2009 2094 2079">
     <span class='ocr_line' id='line_1_19' title="bbox 517 2009 2094 2079; baseline -0.003 -13"><span class='ocrx_word' id='word_1_136' title='bbox 517 2013 683 2066; x_wconf 88' lang='lat' dir='ltr'><strong>dantii</strong></span> <span class='ocrx_word' id='word_1_137' title='bbox 735 2014 1048 2067; x_wconf 90' lang='lat' dir='ltr'><strong>sententiam</strong></span> <span class='ocrx_word' id='word_1_138' title='bbox 1096 2013 1231 2074; x_wconf 86' lang='lat' dir='ltr'><strong>tulit,</strong></span> <span class='ocrx_word' id='word_1_139' title='bbox 1271 2021 1485 2065; x_wconf 90' lang='lat' dir='ltr'><strong>centum</strong></span> <span class='ocrx_word' id='word_1_140' title='bbox 1506 2053 1518 2075; x_wconf 89' lang='lat'><strong>,</strong></span> <span class='ocrx_word' id='word_1_141' title='bbox 1545 2018 1600 2064; x_wconf 89' lang='lat' dir='ltr'><strong>ut</strong></span> <span class='ocrx_word' id='word_1_142' title='bbox 1640 2011 1751 2078; x_wconf 86' lang='lat' dir='ltr'><strong>ipse</strong></span> <span class='ocrx_word' id='word_1_143' title='bbox 1775 2009 2056 2079; x_wconf 83' lang='lat' dir='ltr'><strong>proﬁtetur</strong></span> <span class='ocrx_word' id='word_1_144' title='bbox 2077 2049 2094 2074; x_wconf 91' lang='lat'><strong>,</strong></span> 
     </span>
    </p>
   </div>
   <div class='ocr_carea' id='block_1_20' title="bbox 517 2097 2094 2172">
    <p class='ocr_par' dir='ltr' id='par_1_20' title="bbox 517 2097 2094 2172">
     <span class='ocr_line' id='line_1_20' title="bbox 517 2097 2094 2172; baseline -0.004 -16"><span class='ocrx_word' id='word_1_145' title='bbox 517 2103 707 2158; x_wconf 87' lang='lat' dir='ltr'><strong>diebus</strong></span> <span class='ocrx_word' id='word_1_146' title='bbox 732 2113 854 2158; x_wconf 89' lang='lat' dir='ltr'><strong>ante</strong></span> <span class='ocrx_word' id='word_1_147' title='bbox 881 2104 1208 2156; x_wconf 90' lang='lat' dir='ltr'><strong>Dominicum</strong></span> <span class='ocrx_word' id='word_1_148' title='bbox 1257 2101 1472 2156; x_wconf 70' lang='lat' dir='ltr'><strong>Pascha:</strong></span> <span class='ocrx_word' id='word_1_149' title='bbox 1520 2099 1721 2172; x_wconf 81' lang='lat' dir='ltr'><strong>(Epist.</strong></span> <span class='ocrx_word' id='word_1_150' title='bbox 1765 2100 1854 2165; x_wconf 79' lang='lat'><strong>65,</strong></span> <span class='ocrx_word' id='word_1_151' title='bbox 1902 2116 1955 2151; x_wconf 79' lang='grc' dir='ltr'><strong>η.</strong></span> <span class='ocrx_word' id='word_1_152' title='bbox 1993 2097 2094 2168; x_wconf 71' lang='grc'><strong>2),</strong></span> 
     </span>
    </p>
   </div>
   <div class='ocr_carea' id='block_1_21' title="bbox 519 2189 2099 2264">
    <p class='ocr_par' dir='ltr' id='par_1_21' title="bbox 519 2189 2099 2264">
     <span class='ocr_line' id='line_1_21' title="bbox 519 2189 2099 2264; baseline -0.004 -16"><span class='ocrx_word' id='word_1_153' title='bbox 519 2195 608 2264; x_wconf 92' lang='lat' dir='ltr'><strong>qui</strong></span> <span class='ocrx_word' id='word_1_154' title='bbox 639 2203 825 2249; x_wconf 90' lang='lat' dir='ltr'><strong>octavo</strong></span> <span class='ocrx_word' id='word_1_155' title='bbox 852 2194 969 2249; x_wconf 90' lang='lat' dir='ltr'><strong>idus</strong></span> <span class='ocrx_word' id='word_1_156' title='bbox 991 2195 1172 2262; x_wconf 90' lang='lat' dir='ltr'><strong>aprilis</strong></span> <span class='ocrx_word' id='word_1_157' title='bbox 1200 2195 1404 2247; x_wconf 88' lang='lat' dir='ltr'><strong>fttturus</strong></span> <span class='ocrx_word' id='word_1_158' title='bbox 1434 2201 1565 2247; x_wconf 89' lang='lat' dir='ltr'><strong>erat.</strong></span> <span class='ocrx_word' id='word_1_159' title='bbox 1594 2193 1885 2245; x_wconf 90' lang='lat' dir='ltr'><strong>Primatum</strong></span> <span class='ocrx_word' id='word_1_160' title='bbox 1917 2191 1966 2244; x_wconf 90' lang='lat' dir='ltr'><strong>in</strong></span> <span class='ocrx_word' id='word_1_161' title='bbox 1993 2189 2099 2244; x_wconf 86' lang='lat' dir='ltr'><strong>Nu-</strong></span> 
     </span>
    </p>
   </div>
   <div class='ocr_carea' id='block_1_22' title="bbox 520 2282 2099 2356">
    <p class='ocr_par' dir='ltr' id='par_1_22' title="bbox 520 2282 2099 2356">
     <span class='ocr_line' id='line_1_22' title="bbox 520 2282 2099 2356; baseline -0.003 -16"><span class='ocrx_word' id='word_1_162' title='bbox 520 2287 682 2341; x_wconf 87' lang='lat' dir='ltr'><strong>midia</strong></span> <span class='ocrx_word' id='word_1_163' title='bbox 713 2296 835 2341; x_wconf 92' lang='lat' dir='ltr'><strong>tunc</strong></span> <span class='ocrx_word' id='word_1_164' title='bbox 859 2286 1128 2342; x_wconf 81' lang='lat' dir='ltr'><strong>obtinebat</strong></span> <span class='ocrx_word' id='word_1_165' title='bbox 1153 2285 1448 2354; x_wconf 84' lang='lat' dir='ltr'><strong>Xantippus</strong></span> <span class='ocrx_word' id='word_1_166' title='bbox 1493 2283 1664 2356; x_wconf 83' lang='lat' dir='ltr'><strong>(Ibid.</strong></span> <span class='ocrx_word' id='word_1_167' title='bbox 1710 2282 1910 2351; x_wconf 85' lang='lat' dir='ltr'><strong>titulo.)</strong></span> <span class='ocrx_word' id='word_1_168' title='bbox 1939 2301 1951 2336; x_wconf 89' lang='lat'>:</span> <span class='ocrx_word' id='word_1_169' title='bbox 1995 2297 2099 2351; x_wconf 90' lang='lat' dir='ltr'><strong>quo</strong></span> 
     </span>
    </p>
   </div>
   <div class='ocr_carea' id='block_1_23' title="bbox 518 2369 2100 2446">
    <p class='ocr_par' dir='ltr' id='par_1_23' title="bbox 518 2369 2100 2446">
     <span class='ocr_line' id='line_1_23' title="bbox 518 2369 2100 2446; baseline -0.007 -13"><span class='ocrx_word' id='word_1_170' title='bbox 518 2391 648 2433; x_wconf 83' lang='lat' dir='ltr'><strong>sane</strong></span> <span class='ocrx_word' id='word_1_171' title='bbox 675 2386 911 2446; x_wconf 88' lang='lat' dir='ltr'><strong>tempore</strong></span> <span class='ocrx_word' id='word_1_172' title='bbox 943 2375 1142 2430; x_wconf 86' lang='lat' dir='ltr'><strong>Pascha</strong></span> <span class='ocrx_word' id='word_1_173' title='bbox 1167 2376 1217 2428; x_wconf 93' lang='lat' dir='ltr'><strong>in</strong></span> <span class='ocrx_word' id='word_1_174' title='bbox 1248 2385 1490 2428; x_wconf 80' lang='lat' dir='ltr'><strong>octavum</strong></span> <span class='ocrx_word' id='word_1_175' title='bbox 1534 2373 1652 2426; x_wconf 86' lang='lat' dir='ltr'><strong>idus</strong></span> <span class='ocrx_word' id='word_1_176' title='bbox 1679 2373 1859 2440; x_wconf 88' lang='lat' dir='ltr'><strong>aprilis</strong></span> <span class='ocrx_word' id='word_1_177' title='bbox 1889 2369 2100 2424; x_wconf 90' lang='lat' dir='ltr'><strong>nonnisi</strong></span> 
     </span>
    </p>
   </div>
   <div class='ocr_carea' id='block_1_24' title="bbox 519 2460 2099 2536">
    <p class='ocr_par' dir='ltr' id='par_1_24' title="bbox 519 2460 2099 2536">
     <span class='ocr_line' id='line_1_24' title="bbox 519 2460 2099 2536; baseline -0.005 -14"><span class='ocrx_word' id='word_1_178' title='bbox 519 2481 663 2522; x_wconf 78' lang='lat' dir='ltr'><strong>anno</strong></span> <span class='ocrx_word' id='word_1_179' title='bbox 704 2467 1224 2536; x_wconf 84' lang='lat' dir='ltr'><strong>quadringentesimo</strong></span> <span class='ocrx_word' id='word_1_180' title='bbox 1268 2464 1501 2518; x_wconf 89' lang='lat' dir='ltr'><strong>secundo</strong></span> <span class='ocrx_word' id='word_1_181' title='bbox 1543 2462 1791 2516; x_wconf 85' lang='lat' dir='ltr'><strong>incidisse</strong></span> <span class='ocrx_word' id='word_1_182' title='bbox 1820 2460 2099 2529; x_wconf 89' lang='lat' dir='ltr'><strong>reperitur.</strong></span> 
     </span>
    </p>
   </div>
   <div class='ocr_carea' id='block_1_25' title="bbox 521 2551 2103 2624">
    <p class='ocr_par' dir='ltr' id='par_1_25' title="bbox 521 2551 2103 2624">
     <span class='ocr_line' id='line_1_25' title="bbox 521 2551 2103 2624; baseline -0.004 -13"><span class='ocrx_word' id='word_1_183' title='bbox 521 2557 636 2612; x_wconf 82' lang='lat' dir='ltr'><strong>Hac</strong></span> <span class='ocrx_word' id='word_1_184' title='bbox 663 2572 789 2624; x_wconf 84' lang='lat' dir='ltr'><strong>ergo</strong></span> <span class='ocrx_word' id='word_1_185' title='bbox 806 2557 871 2610; x_wconf 94' lang='lat' dir='ltr'><strong>dc</strong></span> <span class='ocrx_word' id='word_1_186' title='bbox 899 2572 955 2609; x_wconf 89' lang='lat' dir='ltr'><strong>re</strong></span> <span class='ocrx_word' id='word_1_187' title='bbox 971 2564 1121 2608; x_wconf 82' lang='lat' dir='ltr'><strong>sexto</strong></span> <span class='ocrx_word' id='word_1_188' title='bbox 1142 2553 1674 2622; x_wconf 82' lang='lat' dir='ltr'><strong>kalendasjanuarias</strong></span> <span class='ocrx_word' id='word_1_189' title='bbox 1699 2552 1822 2605; x_wconf 91' lang='lat' dir='ltr'><strong>anni</strong></span> <span class='ocrx_word' id='word_1_190' title='bbox 1849 2551 2103 2621; x_wconf 82' lang='lat' dir='ltr'><strong>quadrin-</strong></span> 
     </span>
    </p>
   </div>
   <div class='ocr_carea' id='block_1_26' title="bbox 527 2641 2104 2714">
    <p class='ocr_par' dir='ltr' id='par_1_26' title="bbox 527 2641 2104 2714">
     <span class='ocr_line' id='line_1_26' title="bbox 527 2641 2104 2714; baseline -0.001 -16"><span class='ocrx_word' id='word_1_191' title='bbox 527 2645 810 2714; x_wconf 87' lang='lat' dir='ltr'><strong>gentesimi</strong></span> <span class='ocrx_word' id='word_1_192' title='bbox 848 2645 1006 2714; x_wconf 88' lang='lat' dir='ltr'><strong>primi</strong></span> <span class='ocrx_word' id='word_1_193' title='bbox 1027 2644 1298 2713; x_wconf 84' lang='lat' dir='ltr'><strong>judicavit.</strong></span> <span class='ocrx_word' id='word_1_194' title='bbox 1329 2645 1453 2698; x_wconf 87' lang='lat' dir='ltr'><strong>Erat</strong></span> <span class='ocrx_word' id='word_1_195' title='bbox 1479 2642 1846 2696; x_wconf 86' lang='lat' dir='ltr'><strong>Abundantius</strong></span> <span class='ocrx_word' id='word_1_196' title='bbox 1872 2641 1993 2709; x_wconf 90' lang='lat' dir='ltr'><strong>loci,</strong></span> <span class='ocrx_word' id='word_1_197' title='bbox 2015 2643 2104 2712; x_wconf 90' lang='lat' dir='ltr'><strong>qui</strong></span> 
     </span>
    </p>
   </div>
   <div class='ocr_carea' id='block_1_27' title="bbox 525 2731 2105 2801">
    <p class='ocr_par' dir='ltr' id='par_1_27' title="bbox 525 2731 2105 2801">
     <span class='ocr_line' id='line_1_27' title="bbox 525 2731 2105 2801; baseline -0.001 -13"><span class='ocrx_word' id='word_1_198' title='bbox 525 2733 991 2788; x_wconf 84' lang='lat' dir='ltr'><strong>Strabonianensis</strong></span> <span class='ocrx_word' id='word_1_199' title='bbox 1047 2733 1349 2798; x_wconf 85' lang='lat' dir='ltr'><strong>dicebatur,</strong></span> <span class='ocrx_word' id='word_1_200' title='bbox 1411 2733 1464 2786; x_wconf 94' lang='lat' dir='ltr'><strong>in</strong></span> <span class='ocrx_word' id='word_1_201' title='bbox 1513 2732 1731 2787; x_wconf 87' lang='lat' dir='ltr'><strong>dioecesi</strong></span> <span class='ocrx_word' id='word_1_202' title='bbox 1785 2731 2105 2801; x_wconf 89' lang='lat' dir='ltr'><strong>llipponensi</strong></span> 
     </span>
    </p>
   </div>
   <div class='ocr_carea' id='block_1_28' title="bbox 523 2823 2098 2895">
    <p class='ocr_par' dir='ltr' id='par_1_28' title="bbox 523 2823 2098 2895">
     <span class='ocr_line' id='line_1_28' title="bbox 523 2823 2098 2895; baseline 0 -17"><span class='ocrx_word' id='word_1_203' title='bbox 523 2824 821 2895; x_wconf 83' lang='lat' dir='ltr'><strong>presbyter.</strong></span> <span class='ocrx_word' id='word_1_204' title='bbox 854 2823 925 2878; x_wconf 90' lang='lat' dir='ltr'><strong>lbi</strong></span> <span class='ocrx_word' id='word_1_205' title='bbox 949 2840 1068 2879; x_wconf 88' lang='lat' dir='ltr'><strong>cum</strong></span> <span class='ocrx_word' id='word_1_206' title='bbox 1096 2824 1384 2878; x_wconf 84' lang='lat' dir='ltr'><strong>Ecclesiam</strong></span> <span class='ocrx_word' id='word_1_207' title='bbox 1412 2824 1744 2894; x_wconf 83' lang='lat' dir='ltr'><strong>gubernaret,</strong></span> <span class='ocrx_word' id='word_1_208' title='bbox 1777 2823 1969 2877; x_wconf 90' lang='lat' dir='ltr'><strong>famam</strong></span> <span class='ocrx_word' id='word_1_209' title='bbox 1994 2838 2098 2878; x_wconf 92' lang='lat' dir='ltr'><strong>non</strong></span> 
     </span>
    </p>
   </div>
   <div class='ocr_carea' id='block_1_29' title="bbox 522 2915 2108 2986">
    <p class='ocr_par' dir='ltr' id='par_1_29' title="bbox 522 2915 2108 2986">
     <span class='ocr_line' id='line_1_29' title="bbox 522 2915 2108 2986; baseline 0 -14"><span class='ocrx_word' id='word_1_210' title='bbox 522 2915 720 2972; x_wconf 85' lang='lat' dir='ltr'><strong>bonam</strong></span> <span class='ocrx_word' id='word_1_211' title='bbox 769 2916 962 2972; x_wconf 88' lang='lat' dir='ltr'><strong>habere</strong></span> <span class='ocrx_word' id='word_1_212' title='bbox 1004 2918 1205 2986; x_wconf 85' lang='lat' dir='ltr'><strong>coepit:</strong></span> <span class='ocrx_word' id='word_1_213' title='bbox 1241 2932 1341 2986; x_wconf 89' lang='lat' dir='ltr'><strong>qua</strong></span> <span class='ocrx_word' id='word_1_214' title='bbox 1381 2919 1700 2972; x_wconf 90' lang='lat' dir='ltr'><strong>conterritus</strong></span> <span class='ocrx_word' id='word_1_215' title='bbox 1731 2918 1854 2972; x_wconf 89' lang='lat' dir='ltr'><strong>licet</strong></span> <span class='ocrx_word' id='word_1_216' title='bbox 1895 2927 2108 2972; x_wconf 90' lang='lat' dir='ltr'><strong>sanctus</strong></span> 
     </span>
    </p>
   </div>
   <div class='ocr_carea' id='block_1_30' title="bbox 526 3007 2108 3071">
    <p class='ocr_par' dir='ltr' id='par_1_30' title="bbox 526 3007 2108 3071">
     <span class='ocr_line' id='line_1_30' title="bbox 526 3007 2108 3071; baseline 0.002 -12"><span class='ocrx_word' id='word_1_217' title='bbox 526 3007 784 3071; x_wconf 75' lang='lat' dir='ltr'><strong>Antistes,</strong></span> <span class='ocrx_word' id='word_1_218' title='bbox 812 3007 943 3060; x_wconf 90' lang='lat' dir='ltr'><strong>nihil</strong></span> <span class='ocrx_word' id='word_1_219' title='bbox 973 3018 1146 3061; x_wconf 91' lang='lat' dir='ltr'><strong>tamen</strong></span> <span class='ocrx_word' id='word_1_220' title='bbox 1178 3016 1379 3062; x_wconf 86' lang='lat' dir='ltr'><strong>temere</strong></span> <span class='ocrx_word' id='word_1_221' title='bbox 1420 3008 1665 3062; x_wconf 89' lang='lat' dir='ltr'><strong>credidit.</strong></span> <span class='ocrx_word' id='word_1_222' title='bbox 1709 3007 1900 3061; x_wconf 80' lang='lat' dir='ltr'><strong>Verum</strong></span> <span class='ocrx_word' id='word_1_223' title='bbox 1941 3007 2108 3062; x_wconf 89' lang='lat' dir='ltr'><strong>factus</strong></span> 
     </span>
    </p>
   </div>
   <div class='ocr_carea' id='block_1_31' title="bbox 527 3096 2109 3167">
    <p class='ocr_par' dir='ltr' id='par_1_31' title="bbox 527 3096 2109 3167">
     <span class='ocr_line' id='line_1_31' title="bbox 527 3096 2109 3167; baseline 0 -17"><span class='ocrx_word' id='word_1_224' title='bbox 527 3096 653 3150; x_wconf 90' lang='lat' dir='ltr'><strong>inde</strong></span> <span class='ocrx_word' id='word_1_225' title='bbox 677 3097 970 3162; x_wconf 88' lang='lat' dir='ltr'><strong>sollicitior,</strong></span> <span class='ocrx_word' id='word_1_226' title='bbox 998 3113 1214 3166; x_wconf 81' lang='lat' dir='ltr'><strong>cperam</strong></span> <span class='ocrx_word' id='word_1_227' title='bbox 1242 3098 1407 3162; x_wconf 89' lang='lat' dir='ltr'><strong>dedit,</strong></span> <span class='ocrx_word' id='word_1_228' title='bbox 1438 3099 1482 3152; x_wconf 89' lang='lat' dir='ltr'><strong>si</strong></span> <span class='ocrx_word' id='word_1_229' title='bbox 1512 3114 1616 3167; x_wconf 90' lang='lat' dir='ltr'><strong>quo</strong></span> <span class='ocrx_word' id='word_1_230' title='bbox 1645 3097 1801 3150; x_wconf 91' lang='lat' dir='ltr'><strong>modo</strong></span> <span class='ocrx_word' id='word_1_231' title='bbox 1836 3107 2014 3165; x_wconf 88' lang='lat' dir='ltr'><strong>posset</strong></span> <span class='ocrx_word' id='word_1_232' title='bbox 2042 3097 2109 3150; x_wconf 90' lang='lat' dir='ltr'><strong>ad</strong></span> 
     </span>
    </p>
   </div>
   <div class='ocr_carea' id='block_1_32' title="bbox 528 3185 2106 3256">
    <p class='ocr_par' dir='ltr' id='par_1_32' title="bbox 528 3185 2106 3256">
     <span class='ocr_line' id='line_1_32' title="bbox 528 3185 2106 3256; baseline 0 -16"><span class='ocrx_word' id='word_1_233' title='bbox 528 3185 706 3253; x_wconf 78' lang='lat' dir='ltr'><strong>aliqua</strong></span> <span class='ocrx_word' id='word_1_234' title='bbox 747 3185 1048 3254; x_wconf 71' lang='lat' dir='ltr'><strong>depravata:</strong></span> <span class='ocrx_word' id='word_1_235' title='bbox 1098 3188 1236 3241; x_wconf 92' lang='lat' dir='ltr'><strong>illius</strong></span> <span class='ocrx_word' id='word_1_236' title='bbox 1264 3187 1387 3241; x_wconf 68' lang='lat' dir='ltr'><strong>vitae</strong></span> <span class='ocrx_word' id='word_1_237' title='bbox 1413 3196 1558 3242; x_wconf 88' lang='lat' dir='ltr'><strong>certa</strong></span> <span class='ocrx_word' id='word_1_238' title='bbox 1585 3188 1774 3241; x_wconf 77' lang='lat' dir='ltr'><strong>indicia</strong></span> <span class='ocrx_word' id='word_1_239' title='bbox 1805 3189 2106 3256; x_wconf 81' lang='lat' dir='ltr'><strong>pervenire.</strong></span> 
     </span>
    </p>
   </div>
   <div class='ocr_carea' id='block_1_33' title="bbox 532 3275 2111 3348">
    <p class='ocr_par' dir='ltr' id='par_1_33' title="bbox 532 3275 2111 3348">
     <span class='ocr_line' id='line_1_33' title="bbox 532 3275 2111 3348; baseline 0.003 -19"><span class='ocrx_word' id='word_1_240' title='bbox 532 3275 779 3330; x_wconf 89' lang='lat' dir='ltr'><strong>Primum</strong></span> <span class='ocrx_word' id='word_1_241' title='bbox 808 3277 967 3343; x_wconf 81' lang='lat' dir='ltr'><strong>igitur</strong></span> <span class='ocrx_word' id='word_1_242' title='bbox 985 3279 1264 3345; x_wconf 88' lang='lat' dir='ltr'><strong>comperit,</strong></span> <span class='ocrx_word' id='word_1_243' title='bbox 1292 3279 1436 3332; x_wconf 92' lang='lat' dir='ltr'><strong>illum</strong></span> <span class='ocrx_word' id='word_1_244' title='bbox 1464 3278 1529 3331; x_wconf 89' lang='lat' dir='ltr'><strong>de</strong></span> <span class='ocrx_word' id='word_1_245' title='bbox 1570 3279 1792 3348; x_wconf 89' lang='lat' dir='ltr'><strong>pecunia</strong></span> <span class='ocrx_word' id='word_1_246' title='bbox 1835 3294 1943 3332; x_wconf 75' lang='lat' dir='ltr'><strong>sum</strong></span> <span class='ocrx_word' id='word_1_247' title='bbox 1989 3279 2111 3334; x_wconf 84' lang='lat' dir='ltr'><strong>fidei</strong></span> 
     </span>
    </p>
   </div>
   <div class='ocr_carea' id='block_1_34' title="bbox 529 3367 2112 3438">
    <p class='ocr_par' dir='ltr' id='par_1_34' title="bbox 529 3367 2112 3438">
     <span class='ocr_line' id='line_1_34' title="bbox 529 3367 2112 3438; baseline 0.004 -20"><span class='ocrx_word' id='word_1_248' title='bbox 529 3367 784 3419; x_wconf 86' lang='lat' dir='ltr'><strong>arustico</strong></span> <span class='ocrx_word' id='word_1_249' title='bbox 812 3367 1011 3421; x_wconf 90' lang='lat' dir='ltr'><strong>credita</strong></span> <span class='ocrx_word' id='word_1_250' title='bbox 1061 3369 1257 3423; x_wconf 89' lang='lat' dir='ltr'><strong>nullam</strong></span> <span class='ocrx_word' id='word_1_251' title='bbox 1306 3383 1461 3437; x_wconf 80' lang='lat' dir='ltr'><strong>posse</strong></span> <span class='ocrx_word' id='word_1_252' title='bbox 1509 3369 1838 3438; x_wconf 88' lang='lat' dir='ltr'><strong>probabilem</strong></span> <span class='ocrx_word' id='word_1_253' title='bbox 1887 3369 2112 3426; x_wconf 88' lang='lat' dir='ltr'><strong>reddere</strong></span> 
     </span>
    </p>
   </div>
   <div class='ocr_carea' id='block_1_35' title="bbox 531 3457 2106 3533">
    <p class='ocr_par' dir='ltr' id='par_1_35' title="bbox 531 3457 2106 3533">
     <span class='ocr_line' id='line_1_35' title="bbox 531 3457 2106 3533; baseline 0.003 -21"><span class='ocrx_word' id='word_1_254' title='bbox 531 3457 794 3512; x_wconf 82' lang='lat' dir='ltr'><strong>rationem</strong></span> <span class='ocrx_word' id='word_1_255' title='bbox 828 3476 840 3511; x_wconf 92' lang='lat'>:</span> <span class='ocrx_word' id='word_1_256' title='bbox 874 3469 1034 3528; x_wconf 90' lang='lat' dir='ltr'><strong>atque</strong></span> <span class='ocrx_word' id='word_1_257' title='bbox 1061 3460 1192 3514; x_wconf 88' lang='lat' dir='ltr'><strong>adeo</strong></span> <span class='ocrx_word' id='word_1_258' title='bbox 1230 3460 1368 3514; x_wconf 89' lang='lat' dir='ltr'><strong>hanc</strong></span> <span class='ocrx_word' id='word_1_259' title='bbox 1407 3461 1580 3530; x_wconf 88' lang='lat' dir='ltr'><strong>ipsum</strong></span> <span class='ocrx_word' id='word_1_260' title='bbox 1626 3463 1677 3514; x_wconf 91' lang='lat' dir='ltr'><strong>in</strong></span> <span class='ocrx_word' id='word_1_261' title='bbox 1710 3477 1834 3515; x_wconf 90' lang='lat' dir='ltr'><strong>usus</strong></span> <span class='ocrx_word' id='word_1_262' title='bbox 1859 3463 2106 3533; x_wconf 88' lang='lat' dir='ltr'><strong>proprios</strong></span> 
     </span>
    </p>
   </div>
   <div class='ocr_carea' id='block_1_36' title="bbox 531 3553 2110 3625">
    <p class='ocr_par' dir='ltr' id='par_1_36' title="bbox 531 3553 2110 3625">
     <span class='ocr_line' id='line_1_36' title="bbox 531 3553 2110 3625; baseline 0.003 -21"><span class='ocrx_word' id='word_1_263' title='bbox 531 3553 879 3607; x_wconf 87' lang='lat' dir='ltr'><strong>convertisse.</strong></span> <span class='ocrx_word' id='word_1_264' title='bbox 913 3553 960 3606; x_wconf 93' lang='lat' dir='ltr'><strong>ls</strong></span> <span class='ocrx_word' id='word_1_265' title='bbox 989 3553 1180 3608; x_wconf 92' lang='lat' dir='ltr'><strong>deinde</strong></span> <span class='ocrx_word' id='word_1_266' title='bbox 1205 3554 1477 3608; x_wconf 88' lang='lat' dir='ltr'><strong>convictus</strong></span> <span class='ocrx_word' id='word_1_267' title='bbox 1516 3553 1633 3618; x_wconf 81' lang='lat' dir='ltr'><strong>fuit,</strong></span> <span class='ocrx_word' id='word_1_268' title='bbox 1657 3555 1797 3624; x_wconf 89' lang='lat' dir='ltr'><strong>quod</strong></span> <span class='ocrx_word' id='word_1_269' title='bbox 1820 3555 2008 3625; x_wconf 85' lang='lat' dir='ltr'><strong>jejunii</strong></span> <span class='ocrx_word' id='word_1_270' title='bbox 2039 3554 2110 3610; x_wconf 91' lang='lat' dir='ltr'><strong>ob</strong></span> 
     </span>
    </p>
   </div>
   <div class='ocr_carea' id='block_1_37' title="bbox 532 3639 2110 3718">
    <p class='ocr_par' dir='ltr' id='par_1_37' title="bbox 532 3639 2110 3718">
     <span class='ocr_line' id='line_1_37' title="bbox 532 3639 2110 3718; baseline 0.003 -22"><span class='ocrx_word' id='word_1_271' title='bbox 532 3639 771 3696; x_wconf 86' lang='lat' dir='ltr'><strong>Natalem</strong></span> <span class='ocrx_word' id='word_1_272' title='bbox 798 3643 1128 3698; x_wconf 87' lang='lat' dir='ltr'><strong>Dominicum</strong></span> <span class='ocrx_word' id='word_1_273' title='bbox 1158 3644 1380 3698; x_wconf 91' lang='lat' dir='ltr'><strong>instituti</strong></span> <span class='ocrx_word' id='word_1_274' title='bbox 1404 3643 1493 3699; x_wconf 91' lang='lat' dir='ltr'><strong>die</strong></span> <span class='ocrx_word' id='word_1_275' title='bbox 1519 3661 1548 3697; x_wconf 93' lang='lat' dir='ltr'><strong>a</strong></span> <span class='ocrx_word' id='word_1_276' title='bbox 1580 3645 1859 3714; x_wconf 90' lang='lat' dir='ltr'><strong>Gippitano</strong></span> <span class='ocrx_word' id='word_1_277' title='bbox 1887 3645 2110 3718; x_wconf 84' lang='lat' dir='ltr'><strong>presby-</strong></span> 
     </span>
    </p>
   </div>
   <div class='ocr_carea' id='block_1_38' title="bbox 536 3734 2109 3807">
    <p class='ocr_par' dir='ltr' id='par_1_38' title="bbox 536 3734 2109 3807">
     <span class='ocr_line' id='line_1_38' title="bbox 536 3734 2109 3807; baseline 0.004 -23"><span class='ocrx_word' id='word_1_278' title='bbox 536 3740 674 3796; x_wconf 88' lang='lat' dir='ltr'><strong>tero,</strong></span> <span class='ocrx_word' id='word_1_279' title='bbox 704 3734 852 3803; x_wconf 90' lang='lat' dir='ltr'><strong>quasi</strong></span> <span class='ocrx_word' id='word_1_280' title='bbox 882 3742 941 3788; x_wconf 92' lang='lat' dir='ltr'><strong>ut</strong></span> <span class='ocrx_word' id='word_1_281' title='bbox 956 3734 1174 3789; x_wconf 88' lang='lat' dir='ltr'><strong>domum</strong></span> <span class='ocrx_word' id='word_1_282' title='bbox 1206 3745 1492 3804; x_wconf 90' lang='lat' dir='ltr'><strong>repeteret,</strong></span> <span class='ocrx_word' id='word_1_283' title='bbox 1518 3737 1644 3790; x_wconf 76' lang='lat' dir='ltr'><strong>liora</strong></span> <span class='ocrx_word' id='word_1_284' title='bbox 1669 3736 1881 3790; x_wconf 88' lang='lat' dir='ltr'><strong>circiter</strong></span> <span class='ocrx_word' id='word_1_285' title='bbox 1908 3738 2109 3807; x_wconf 88' lang='lat' dir='ltr'><strong>quinta,</strong></span> 
     </span>
    </p>
   </div>
   <div class='ocr_carea' id='block_1_39' title="bbox 533 3820 2111 3895">
    <p class='ocr_par' dir='ltr' id='par_1_39' title="bbox 533 3820 2111 3895">
     <span class='ocr_line' id='line_1_39' title="bbox 533 3820 2111 3895; baseline 0.004 -19"><span class='ocrx_word' id='word_1_286' title='bbox 533 3820 638 3877; x_wconf 88' lang='lat' dir='ltr'><strong>hoc</strong></span> <span class='ocrx_word' id='word_1_287' title='bbox 655 3833 758 3889; x_wconf 90' lang='lat' dir='ltr'><strong>est,</strong></span> <span class='ocrx_word' id='word_1_288' title='bbox 777 3833 960 3879; x_wconf 90' lang='lat' dir='ltr'><strong>nostro</strong></span> <span class='ocrx_word' id='word_1_289' title='bbox 983 3826 1229 3895; x_wconf 86' lang='lat' dir='ltr'><strong>loquendi</strong></span> <span class='ocrx_word' id='word_1_290' title='bbox 1252 3841 1420 3892; x_wconf 89' lang='lat' dir='ltr'><strong>more,</strong></span> <span class='ocrx_word' id='word_1_291' title='bbox 1438 3826 1733 3890; x_wconf 82' lang='lat' dir='ltr'><strong>undecima,</strong></span> <span class='ocrx_word' id='word_1_292' title='bbox 1748 3827 2029 3882; x_wconf 89' lang='lat' dir='ltr'><strong>discedens</strong></span> <span class='ocrx_word' id='word_1_293' title='bbox 2046 3827 2111 3882; x_wconf 90' lang='lat' dir='ltr'><strong>ad</strong></span> 
     </span>
    </p>
   </div>
   <div class='ocr_carea' id='block_1_40' title="bbox 533 3913 2112 3988">
    <p class='ocr_par' dir='ltr' id='par_1_40' title="bbox 533 3913 2112 3988">
     <span class='ocr_line' id='line_1_40' title="bbox 533 3913 2112 3988; baseline 0.004 -21"><span class='ocrx_word' id='word_1_294' title='bbox 533 3913 772 3984; x_wconf 86' lang='lat' dir='ltr'><strong>ejusdem</strong></span> <span class='ocrx_word' id='word_1_295' title='bbox 795 3917 895 3970; x_wconf 91' lang='lat' dir='ltr'><strong>loci</strong></span> <span class='ocrx_word' id='word_1_296' title='bbox 919 3916 1214 3983; x_wconf 88' lang='lat' dir='ltr'><strong>mulierem,</strong></span> <span class='ocrx_word' id='word_1_297' title='bbox 1239 3934 1359 3988; x_wconf 73' lang='lat' dir='ltr'><strong>qua:</strong></span> <span class='ocrx_word' id='word_1_298' title='bbox 1385 3919 1522 3972; x_wconf 88' lang='lat' dir='ltr'><strong>male</strong></span> <span class='ocrx_word' id='word_1_299' title='bbox 1551 3919 1818 3984; x_wconf 88' lang='lat' dir='ltr'><strong>audiebat,</strong></span> <span class='ocrx_word' id='word_1_300' title='bbox 1849 3919 1994 3973; x_wconf 92' lang='lat' dir='ltr'><strong>nullo</strong></span> <span class='ocrx_word' id='word_1_301' title='bbox 2021 3935 2112 3974; x_wconf 84' lang='lat' dir='ltr'><strong>co-</strong></span> 
     </span>
    </p>
   </div>
   <div class='ocr_carea' id='block_1_41' title="bbox 531 4007 2109 4080">
    <p class='ocr_par' dir='ltr' id='par_1_41' title="bbox 531 4007 2109 4080">
     <span class='ocr_line' id='line_1_41' title="bbox 531 4007 2109 4080; baseline 0.002 -19"><span class='ocrx_word' id='word_1_302' title='bbox 531 4007 756 4062; x_wconf 88' lang='lat' dir='ltr'><strong>mitante</strong></span> <span class='ocrx_word' id='word_1_303' title='bbox 799 4008 993 4063; x_wconf 90' lang='lat' dir='ltr'><strong>clerico</strong></span> <span class='ocrx_word' id='word_1_304' title='bbox 1042 4008 1375 4073; x_wconf 82' lang='lat' dir='ltr'><strong>divertisset;</strong></span> <span class='ocrx_word' id='word_1_305' title='bbox 1407 4019 1460 4064; x_wconf 91' lang='lat' dir='ltr'><strong>et</strong></span> <span class='ocrx_word' id='word_1_306' title='bbox 1489 4011 1728 4078; x_wconf 76' lang='lat' dir='ltr'><strong>quamvis</strong></span> <span class='ocrx_word' id='word_1_307' title='bbox 1770 4011 2028 4080; x_wconf 87' lang='lat' dir='ltr'><strong>jejunium</strong></span> <span class='ocrx_word' id='word_1_308' title='bbox 2057 4009 2109 4064; x_wconf 90' lang='lat' dir='ltr'><strong>in</strong></span> 
     </span>
    </p>
   </div>
   <div class='ocr_carea' id='block_1_42' title="bbox 533 4096 2112 4168">
    <p class='ocr_par' dir='ltr' id='par_1_42' title="bbox 533 4096 2112 4168">
     <span class='ocr_line' id='line_1_42' title="bbox 533 4096 2112 4168; baseline 0.003 -15"><span class='ocrx_word' id='word_1_309' title='bbox 533 4096 814 4168; x_wconf 85' lang='lat' dir='ltr'><strong>Gippitana</strong></span> <span class='ocrx_word' id='word_1_310' title='bbox 845 4101 1080 4156; x_wconf 85' lang='lat' dir='ltr'><strong>Ecclesia</strong></span> <span class='ocrx_word' id='word_1_311' title='bbox 1106 4109 1406 4157; x_wconf 87' lang='lat' dir='ltr'><strong>servaretur</strong></span> <span class='ocrx_word' id='word_1_312' title='bbox 1425 4118 1529 4157; x_wconf 90' lang='lat' dir='ltr'><strong>non</strong></span> <span class='ocrx_word' id='word_1_313' title='bbox 1558 4119 1711 4157; x_wconf 89' lang='lat' dir='ltr'><strong>secus</strong></span> <span class='ocrx_word' id='word_1_314' title='bbox 1737 4118 1798 4158; x_wconf 82' lang='lat' dir='ltr'><strong>ac</strong></span> <span class='ocrx_word' id='word_1_315' title='bbox 1827 4103 1877 4156; x_wconf 89' lang='lat' dir='ltr'><strong>in</strong></span> <span class='ocrx_word' id='word_1_316' title='bbox 1905 4103 2112 4158; x_wconf 71' lang='lat' dir='ltr'><strong>cmteris</strong></span> 
     </span>
    </p>
   </div>
   <div class='ocr_carea' id='block_1_43' title="bbox 495 4190 2110 4266">
    <p class='ocr_par' dir='ltr' id='par_1_43' title="bbox 495 4190 2110 4266">
     <span class='ocr_line' id='line_1_43' title="bbox 495 4190 2110 4266; baseline 0.005 -23"><span class='ocrx_word' id='word_1_317' title='bbox 495 4237 500 4242; x_wconf 86' lang='lat'><strong>.</strong></span> <span class='ocrx_word' id='word_1_318' title='bbox 537 4190 814 4259; x_wconf 89' lang='lat' dir='ltr'><strong>Ecclesiis,</strong></span> <span class='ocrx_word' id='word_1_319' title='bbox 838 4203 1013 4250; x_wconf 86' lang='lat' dir='ltr'><strong>tamen</strong></span> <span class='ocrx_word' id='word_1_320' title='bbox 1037 4197 1175 4265; x_wconf 90' lang='lat' dir='ltr'><strong>apud</strong></span> <span class='ocrx_word' id='word_1_321' title='bbox 1206 4197 1446 4252; x_wconf 80' lang='lat' dir='ltr'><strong>eamdem</strong></span> <span class='ocrx_word' id='word_1_322' title='bbox 1473 4198 1834 4252; x_wconf 90' lang='lat' dir='ltr'><strong>mulierculam</strong></span> <span class='ocrx_word' id='word_1_323' title='bbox 1863 4196 2110 4266; x_wconf 87' lang='lat' dir='ltr'><strong>prandis-</strong></span> 
     </span>
    </p>
   </div>
   <div class='ocr_carea' id='block_1_44' title="bbox 494 4288 2108 4356">
    <p class='ocr_par' dir='ltr' id='par_1_44' title="bbox 494 4288 2108 4356">
     <span class='ocr_line' id='line_1_44' title="bbox 494 4288 2108 4356; baseline 0.002 -20"><span class='ocrx_word' id='word_1_324' title='bbox 494 4350 498 4356; x_wconf 31' lang='grc' dir='ltr'><strong>Ι</strong></span> <span class='ocrx_word' id='word_1_325' title='bbox 539 4292 646 4349; x_wconf 92' lang='grc' dir='ltr'>εει,</span> <span class='ocrx_word' id='word_1_326' title='bbox 678 4295 962 4350; x_wconf 86' lang='lat' dir='ltr'><strong>coenasset,</strong></span> <span class='ocrx_word' id='word_1_327' title='bbox 994 4297 1070 4349; x_wconf 90' lang='lat' dir='ltr'><strong>et,</strong></span> <span class='ocrx_word' id='word_1_328' title='bbox 1113 4288 1255 4356; x_wconf 90' lang='lat' dir='ltr'><strong>quod</strong></span> <span class='ocrx_word' id='word_1_329' title='bbox 1297 4288 1712 4356; x_wconf 88' lang='lat' dir='ltr'><strong>reprehensione</strong></span> <span class='ocrx_word' id='word_1_330' title='bbox 1756 4288 1964 4356; x_wconf 79' lang='lat' dir='ltr'><strong>dignius</strong></span> <span class='ocrx_word' id='word_1_331' title='bbox 2007 4293 2108 4345; x_wconf 91' lang='lat' dir='ltr'><strong>est.</strong></span> 
     </span>
    </p>
   </div>
   <div class='ocr_carea' id='block_1_45' title="bbox 497 4375 2110 4445">
    <p class='ocr_par' dir='ltr' id='par_1_45' title="bbox 497 4375 2110 4445">
     <span class='ocr_line' id='line_1_45' title="bbox 497 4375 2110 4445; baseline 0.003 -20"><span class='ocrx_word' id='word_1_332' title='bbox 497 4423 499 4425; x_wconf 81' lang='grc'><strong>,</strong></span> <span class='ocrx_word' id='word_1_333' title='bbox 538 4381 928 4442; x_wconf 90' lang='lat' dir='ltr'><strong>pernoctasset.</strong></span> <span class='ocrx_word' id='word_1_334' title='bbox 957 4375 1106 4430; x_wconf 93' lang='lat' dir='ltr'><strong>Tunc</strong></span> <span class='ocrx_word' id='word_1_335' title='bbox 1133 4393 1259 4431; x_wconf 87' lang='lat' dir='ltr'><strong>vero</strong></span> <span class='ocrx_word' id='word_1_336' title='bbox 1287 4377 1541 4444; x_wconf 77' lang='lat' dir='ltr'><strong>temporis</strong></span> <span class='ocrx_word' id='word_1_337' title='bbox 1573 4377 1925 4445; x_wconf 85' lang='lat' dir='ltr'><strong>Hipponensis</strong></span> <span class='ocrx_word' id='word_1_338' title='bbox 1955 4376 2110 4430; x_wconf 88' lang='lat' dir='ltr'><strong>cleri-</strong></span> 
     </span>
    </p>
   </div>
   <div class='ocr_carea' id='block_1_46' title="bbox 533 4465 2108 4539">
    <p class='ocr_par' dir='ltr' id='par_1_46' title="bbox 533 4465 2108 4539">
     <span class='ocr_line' id='line_1_46' title="bbox 533 4465 2108 4539; baseline 0 -20"><span class='ocrx_word' id='word_1_339' title='bbox 533 4478 650 4532; x_wconf 85' lang='lat' dir='ltr'><strong>cus,</strong></span> <span class='ocrx_word' id='word_1_340' title='bbox 677 4465 866 4521; x_wconf 89' lang='lat' dir='ltr'><strong>eodem</strong></span> <span class='ocrx_word' id='word_1_341' title='bbox 893 4475 1138 4535; x_wconf 87' lang='lat' dir='ltr'><strong>receptus</strong></span> <span class='ocrx_word' id='word_1_342' title='bbox 1175 4467 1404 4538; x_wconf 88' lang='lat' dir='ltr'><strong>hospitio</strong></span> <span class='ocrx_word' id='word_1_343' title='bbox 1435 4466 1606 4539; x_wconf 91' lang='lat' dir='ltr'><strong>(unde</strong></span> <span class='ocrx_word' id='word_1_344' title='bbox 1634 4467 1900 4536; x_wconf 88' lang='lat' dir='ltr'><strong>publicmn</strong></span> <span class='ocrx_word' id='word_1_345' title='bbox 1933 4466 2108 4522; x_wconf 91' lang='lat' dir='ltr'><strong>diver-</strong></span> 
     </span>
    </p>
   </div>
   <div class='ocr_carea' id='block_1_47' title="bbox 495 4556 2107 4629">
    <p class='ocr_par' dir='ltr' id='par_1_47' title="bbox 495 4556 2107 4629">
     <span class='ocr_line' id='line_1_47' title="bbox 495 4556 2107 4629; baseline 0.004 -22"><span class='ocrx_word' id='word_1_346' title='bbox 495 4603 500 4607; x_wconf 89' lang='lat'><strong>.</strong></span> <span class='ocrx_word' id='word_1_347' title='bbox 538 4556 740 4610; x_wconf 80' lang='lat' dir='ltr'><strong>serium</strong></span> <span class='ocrx_word' id='word_1_348' title='bbox 788 4557 950 4613; x_wconf 90' lang='lat' dir='ltr'><strong>fuisse</strong></span> <span class='ocrx_word' id='word_1_349' title='bbox 997 4558 1147 4613; x_wconf 83' lang='lat' dir='ltr'><strong>facile</strong></span> <span class='ocrx_word' id='word_1_350' title='bbox 1175 4556 1492 4629; x_wconf 79' lang='lat' dir='ltr'><strong>credideris)</strong></span> <span class='ocrx_word' id='word_1_351' title='bbox 1522 4559 1722 4613; x_wconf 87' lang='lat' dir='ltr'><strong>aderat.</strong></span> <span class='ocrx_word' id='word_1_352' title='bbox 1771 4559 1886 4625; x_wconf 90' lang='lat' dir='ltr'><strong>Quo</strong></span> <span class='ocrx_word' id='word_1_353' title='bbox 1910 4556 2107 4613; x_wconf 83' lang='lat' dir='ltr'><strong>factum</strong></span> 
     </span>
    </p>
   </div>
   <div class='ocr_carea' id='block_1_48' title="bbox 536 4648 2110 4716">
    <p class='ocr_par' dir='ltr' id='par_1_48' title="bbox 536 4648 2110 4716">
     <span class='ocr_line' id='line_1_48' title="bbox 536 4648 2110 4716; baseline 0.004 -18"><span class='ocrx_word' id='word_1_354' title='bbox 536 4653 642 4709; x_wconf 87' lang='lat' dir='ltr'><strong>est,</strong></span> <span class='ocrx_word' id='word_1_355' title='bbox 671 4655 727 4698; x_wconf 90' lang='lat' dir='ltr'><strong>ut</strong></span> <span class='ocrx_word' id='word_1_356' title='bbox 756 4657 1027 4713; x_wconf 84' lang='lat' dir='ltr'><strong>quaerente</strong></span> <span class='ocrx_word' id='word_1_357' title='bbox 1069 4651 1364 4716; x_wconf 79' lang='lat' dir='ltr'><strong>Augustino</strong></span> <span class='ocrx_word' id='word_1_358' title='bbox 1393 4649 1458 4703; x_wconf 91' lang='lat' dir='ltr'><strong>de</strong></span> <span class='ocrx_word' id='word_1_359' title='bbox 1489 4663 1645 4703; x_wconf 89' lang='lat' dir='ltr'><strong>causa</strong></span> <span class='ocrx_word' id='word_1_360' title='bbox 1695 4648 2036 4714; x_wconf 88' lang='lat' dir='ltr'><strong>Abundantii,</strong></span> <span class='ocrx_word' id='word_1_361' title='bbox 2067 4649 2110 4704; x_wconf 91' lang='lat' dir='ltr'><strong>is</strong></span> 
     </span>
    </p>
   </div>
   <div class='ocr_carea' id='block_1_49' title="bbox 533 4733 2110 4808">
    <p class='ocr_par' dir='ltr' id='par_1_49' title="bbox 533 4733 2110 4808">
     <span class='ocr_line' id='line_1_49' title="bbox 533 4733 2110 4808; baseline 0.003 -23"><span class='ocrx_word' id='word_1_362' title='bbox 533 4743 690 4800; x_wconf 88' lang='lat' dir='ltr'><strong>caput</strong></span> <span class='ocrx_word' id='word_1_363' title='bbox 716 4733 816 4788; x_wconf 88' lang='lat' dir='ltr'><strong>hoc</strong></span> <span class='ocrx_word' id='word_1_364' title='bbox 834 4751 1027 4804; x_wconf 85' lang='lat' dir='ltr'><strong>negare</strong></span> <span class='ocrx_word' id='word_1_365' title='bbox 1048 4737 1184 4791; x_wconf 85' lang='lat' dir='ltr'><strong>haud</strong></span> <span class='ocrx_word' id='word_1_366' title='bbox 1215 4754 1476 4807; x_wconf 89' lang='lat' dir='ltr'><strong>quaquam</strong></span> <span class='ocrx_word' id='word_1_367' title='bbox 1505 4739 1752 4808; x_wconf 89' lang='lat' dir='ltr'><strong>potuerit.</strong></span> <span class='ocrx_word' id='word_1_368' title='bbox 1783 4738 1959 4808; x_wconf 88' lang='lat' dir='ltr'><strong>Itaque</strong></span> <span class='ocrx_word' id='word_1_369' title='bbox 1985 4753 2110 4791; x_wconf 86' lang='lat' dir='ltr'><strong>san-</strong></span> 
     </span>
    </p>
   </div>
   <div class='ocr_carea' id='block_1_50' title="bbox 535 4823 2106 4896">
    <p class='ocr_par' dir='ltr' id='par_1_50' title="bbox 535 4823 2106 4896">
     <span class='ocr_line' id='line_1_50' title="bbox 535 4823 2106 4896; baseline 0.004 -20"><span class='ocrx_word' id='word_1_370' title='bbox 535 4830 655 4876; x_wconf 90' lang='lat' dir='ltr'><strong>ctus</strong></span> <span class='ocrx_word' id='word_1_371' title='bbox 683 4823 904 4888; x_wconf 68' lang='lat' dir='ltr'><strong>PI‘JISUI,</strong></span> <span class='ocrx_word' id='word_1_372' title='bbox 935 4825 1043 4879; x_wconf 91' lang='lat' dir='ltr'><strong>Deo</strong></span> <span class='ocrx_word' id='word_1_373' title='bbox 1069 4827 1300 4881; x_wconf 90' lang='lat' dir='ltr'><strong>dimissis</strong></span> <span class='ocrx_word' id='word_1_374' title='bbox 1323 4844 1441 4896; x_wconf 65' lang='lat' dir='ltr'><strong>quae</strong></span> <span class='ocrx_word' id='word_1_375' title='bbox 1469 4830 1556 4883; x_wconf 85' lang='lat' dir='ltr'><strong>ille</strong></span> <span class='ocrx_word' id='word_1_376' title='bbox 1585 4829 1933 4894; x_wconf 84' lang='lat' dir='ltr'><strong>inliciabatur,</strong></span> <span class='ocrx_word' id='word_1_377' title='bbox 1977 4844 2106 4882; x_wconf 91' lang='lat' dir='ltr'><strong>con-</strong></span> 
     </span>
    </p>
   </div>
   <div class='ocr_carea' id='block_1_51' title="bbox 534 4912 2112 4985">
    <p class='ocr_par' dir='ltr' id='par_1_51' title="bbox 534 4912 2112 4985">
     <span class='ocr_line' id='line_1_51' title="bbox 534 4912 2112 4985; baseline 0.006 -18"><span class='ocrx_word' id='word_1_378' title='bbox 534 4912 820 4968; x_wconf 81' lang='lat' dir='ltr'><strong>fessionem</strong></span> <span class='ocrx_word' id='word_1_379' title='bbox 851 4915 987 4969; x_wconf 92' lang='lat' dir='ltr'><strong>hanc</strong></span> <span class='ocrx_word' id='word_1_380' title='bbox 1028 4916 1271 4972; x_wconf 88' lang='lat' dir='ltr'><strong>suflicere</strong></span> <span class='ocrx_word' id='word_1_381' title='bbox 1299 4920 1639 4985; x_wconf 87' lang='lat' dir='ltr'><strong>existimavit,</strong></span> <span class='ocrx_word' id='word_1_382' title='bbox 1677 4930 1733 4975; x_wconf 94' lang='lat' dir='ltr'><strong>ut</strong></span> <span class='ocrx_word' id='word_1_383' title='bbox 1762 4937 1884 4976; x_wconf 93' lang='lat' dir='ltr'><strong>eum</strong></span> <span class='ocrx_word' id='word_1_384' title='bbox 1919 4921 1986 4974; x_wconf 91' lang='lat' dir='ltr'><strong>ab</strong></span> <span class='ocrx_word' id='word_1_385' title='bbox 2012 4921 2112 4976; x_wconf 86' lang='lat' dir='ltr'><strong>Ec-</strong></span> 
     </span>
    </p>
   </div>
   <div class='ocr_carea' id='block_1_52' title="bbox 535 5003 2107 5076">
    <p class='ocr_par' dir='ltr' id='par_1_52' title="bbox 535 5003 2107 5076">
     <span class='ocr_line' id='line_1_52' title="bbox 535 5003 2107 5076; baseline 0.006 -19"><span class='ocrx_word' id='word_1_386' title='bbox 535 5003 734 5066; x_wconf 66' lang='lat' dir='ltr'><strong>clesiae,</strong></span> <span class='ocrx_word' id='word_1_387' title='bbox 766 5019 922 5073; x_wconf 89' lang='lat' dir='ltr'><strong>quam</strong></span> <span class='ocrx_word' id='word_1_388' title='bbox 952 5005 1181 5076; x_wconf 86' lang='lat' dir='ltr'><strong>undique</strong></span> <span class='ocrx_word' id='word_1_389' title='bbox 1206 5007 1616 5063; x_wconf 82' lang='lat' dir='ltr'><strong>circumstabant</strong></span> <span class='ocrx_word' id='word_1_390' title='bbox 1645 5010 1900 5074; x_wconf 64' lang='lat' dir='ltr'><strong>hatretici,</strong></span> <span class='ocrx_word' id='word_1_391' title='bbox 1933 5011 2107 5066; x_wconf 87' lang='lat' dir='ltr'><strong>admi-</strong></span> 
     </span>
    </p>
   </div>
   <div class='ocr_carea' id='block_1_53' title="bbox 536 5091 2109 5169">
    <p class='ocr_par' dir='ltr' id='par_1_53' title="bbox 536 5091 2109 5169">
     <span class='ocr_line' id='line_1_53' title="bbox 536 5091 2109 5169; baseline 0.007 -24"><span class='ocrx_word' id='word_1_392' title='bbox 536 5091 851 5148; x_wconf 89' lang='lat' dir='ltr'><strong>nistratione</strong></span> <span class='ocrx_word' id='word_1_393' title='bbox 896 5105 1231 5164; x_wconf 87' lang='lat' dir='ltr'><strong>removeret,</strong></span> <span class='ocrx_word' id='word_1_394' title='bbox 1263 5101 1538 5152; x_wconf 89' lang='lat' dir='ltr'><strong>autetiam</strong></span> <span class='ocrx_word' id='word_1_395' title='bbox 1581 5110 1796 5169; x_wconf 86' lang='lat' dir='ltr'><strong>propter</strong></span> <span class='ocrx_word' id='word_1_396' title='bbox 1839 5102 2109 5156; x_wconf 86' lang='lat' dir='ltr'><strong>sinistram</strong></span> 
     </span>
    </p>
   </div>
   <div class='ocr_carea' id='block_1_54' title="bbox 538 5182 2110 5262">
    <p class='ocr_par' dir='ltr' id='par_1_54' title="bbox 538 5182 2110 5262">
     <span class='ocr_line' id='line_1_54' title="bbox 538 5182 2110 5262; baseline 0.007 -28"><span class='ocrx_word' id='word_1_397' title='bbox 538 5182 730 5237; x_wconf 83' lang='lat' dir='ltr'><strong>famam</strong></span> <span class='ocrx_word' id='word_1_398' title='bbox 774 5183 840 5239; x_wconf 90' lang='lat' dir='ltr'><strong>de</strong></span> <span class='ocrx_word' id='word_1_399' title='bbox 879 5186 1191 5257; x_wconf 85' lang='lat' dir='ltr'><strong>presbyterii</strong></span> <span class='ocrx_word' id='word_1_400' title='bbox 1234 5187 1398 5256; x_wconf 90' lang='lat' dir='ltr'><strong>gradu</strong></span> <span class='ocrx_word' id='word_1_401' title='bbox 1445 5188 1752 5258; x_wconf 88' lang='lat' dir='ltr'><strong>depelleret.</strong></span> <span class='ocrx_word' id='word_1_402' title='bbox 1794 5189 1906 5245; x_wconf 86' lang='lat' dir='ltr'><strong>Hoc</strong></span> <span class='ocrx_word' id='word_1_403' title='bbox 1952 5191 2110 5262; x_wconf 86' lang='lat' dir='ltr'><strong>igitur</strong></span> 
     </span>
    </p>
   </div>
   <div class='ocr_carea' id='block_1_55' title="bbox 470 5272 2109 5349">
    <p class='ocr_par' dir='ltr' id='par_1_55' title="bbox 470 5272 2109 5349">
     <span class='ocr_line' id='line_1_55' title="bbox 470 5272 2109 5349; baseline 0.007 -23"><span class='ocrx_word' id='word_1_404' title='bbox 535 5282 695 5329; x_wconf 80' lang='lat' dir='ltr'><strong>sexto</strong></span> <span class='ocrx_word' id='word_1_405' title='bbox 721 5272 974 5330; x_wconf 81' lang='lat' dir='ltr'><strong>kalendas</strong></span> <span class='ocrx_word' id='word_1_406' title='bbox 1000 5278 1267 5346; x_wconf 86' lang='lat' dir='ltr'><strong>januarias</strong></span> <span class='ocrx_word' id='word_1_407' title='bbox 1295 5288 1506 5333; x_wconf 89' lang='lat' dir='ltr'><strong>centum</strong></span> <span class='ocrx_word' id='word_1_408' title='bbox 1533 5280 1718 5334; x_wconf 91' lang='lat' dir='ltr'><strong>diebus</strong></span> <span class='ocrx_word' id='word_1_409' title='bbox 1740 5291 1869 5349; x_wconf 83' lang='lat' dir='ltr'><strong>ante</strong></span> <span class='ocrx_word' id='word_1_410' title='bbox 1908 5282 2109 5337; x_wconf 85' lang='lat' dir='ltr'><strong>Pascha</strong></span> 
     </span>
    </p>
   </div>
   <div class='ocr_carea' id='block_1_56' title="bbox 531 5362 2107 5443">
    <p class='ocr_par' dir='ltr' id='par_1_56' title="bbox 531 5362 2107 5443">
     <span class='ocr_line' id='line_1_56' title="bbox 531 5362 2107 5443; baseline 0.008 -27"><span class='ocrx_word' id='word_1_411' title='bbox 531 5362 730 5418; x_wconf 81' lang='lat' dir='ltr'><strong>factum</strong></span> <span class='ocrx_word' id='word_1_412' title='bbox 759 5375 859 5420; x_wconf 91' lang='lat' dir='ltr'><strong>est.</strong></span> <span class='ocrx_word' id='word_1_413' title='bbox 892 5366 1085 5422; x_wconf 88' lang='lat' dir='ltr'><strong>Statuit</strong></span> <span class='ocrx_word' id='word_1_414' title='bbox 1110 5370 1477 5424; x_wconf 83' lang='lat' dir='ltr'><strong>Abundantius</strong></span> <span class='ocrx_word' id='word_1_415' title='bbox 1502 5371 1567 5424; x_wconf 91' lang='lat' dir='ltr'><strong>ad</strong></span> <span class='ocrx_word' id='word_1_416' title='bbox 1599 5373 1966 5443; x_wconf 86' lang='lat' dir='ltr'><strong>presbyterum</strong></span> <span class='ocrx_word' id='word_1_417' title='bbox 2006 5377 2107 5429; x_wconf 80' lang='lat' dir='ltr'><strong>Ar-</strong></span> 
     </span>
    </p>
   </div>
   <div class='ocr_carea' id='block_1_57' title="bbox 531 5457 2110 5529">
    <p class='ocr_par' dir='ltr' id='par_1_57' title="bbox 531 5457 2110 5529">
     <span class='ocr_line' id='line_1_57' title="bbox 531 5457 2110 5529; baseline 0.007 -20"><span class='ocrx_word' id='word_1_418' title='bbox 531 5470 955 5521; x_wconf 87' lang='lat' dir='ltr'><strong>memanensem,</strong></span> <span class='ocrx_word' id='word_1_419' title='bbox 986 5457 1038 5511; x_wconf 90' lang='lat' dir='ltr'><strong>in</strong></span> <span class='ocrx_word' id='word_1_420' title='bbox 1084 5459 1319 5513; x_wconf 88' lang='lat' dir='ltr'><strong>Bullensi</strong></span> <span class='ocrx_word' id='word_1_421' title='bbox 1347 5475 1534 5529; x_wconf 87' lang='lat' dir='ltr'><strong>campo</strong></span> <span class='ocrx_word' id='word_1_422' title='bbox 1558 5502 1571 5526; x_wconf 96' lang='lat'><strong>,</strong></span> <span class='ocrx_word' id='word_1_423' title='bbox 1604 5462 1744 5515; x_wconf 89' lang='lat' dir='ltr'><strong>unde</strong></span> <span class='ocrx_word' id='word_1_424' title='bbox 1784 5471 2018 5529; x_wconf 89' lang='lat' dir='ltr'><strong>venerat,</strong></span> <span class='ocrx_word' id='word_1_425' title='bbox 2050 5477 2110 5520; x_wconf 89' lang='lat' dir='ltr'><strong>se</strong></span> 
     </span>
    </p>
   </div>
   <div class='ocr_carea' id='block_1_58' title="bbox 532 5549 2107 5624">
    <p class='ocr_par' dir='ltr' id='par_1_58' title="bbox 532 5549 2107 5624">
     <span class='ocr_line' id='line_1_58' title="bbox 532 5549 2107 5624; baseline 0.004 -21"><span class='ocrx_word' id='word_1_426' title='bbox 532 5551 790 5619; x_wconf 88' lang='lat' dir='ltr'><strong>recipere.</strong></span> <span class='ocrx_word' id='word_1_427' title='bbox 822 5549 918 5604; x_wconf 86' lang='lat' dir='ltr'><strong>Est</strong></span> <span class='ocrx_word' id='word_1_428' title='bbox 937 5559 1113 5606; x_wconf 92' lang='lat' dir='ltr'><strong>autem</strong></span> <span class='ocrx_word' id='word_1_429' title='bbox 1141 5552 1288 5606; x_wconf 89' lang='lat' dir='ltr'><strong>Bulla</strong></span> <span class='ocrx_word' id='word_1_430' title='bbox 1316 5568 1407 5608; x_wconf 89' lang='lat' dir='ltr'><strong>seu</strong></span> <span class='ocrx_word' id='word_1_431' title='bbox 1430 5553 1777 5624; x_wconf 82' lang='lat' dir='ltr'><strong>Bulla-Regia</strong></span> <span class='ocrx_word' id='word_1_432' title='bbox 1807 5556 1857 5608; x_wconf 92' lang='lat' dir='ltr'><strong>in</strong></span> <span class='ocrx_word' id='word_1_433' title='bbox 1876 5555 2107 5610; x_wconf 84' lang='lat' dir='ltr'><strong>Procon-</strong></span> 
     </span>
    </p>
   </div>
   <div class='ocr_carea' id='block_1_59' title="bbox 531 5640 2101 5714">
    <p class='ocr_par' dir='ltr' id='par_1_59' title="bbox 531 5640 2101 5714">
     <span class='ocr_line' id='line_1_59' title="bbox 531 5640 2101 5714; baseline 0.004 -21"><span class='ocrx_word' id='word_1_434' title='bbox 531 5641 694 5694; x_wconf 85' lang='lat' dir='ltr'><strong>snlari</strong></span> <span class='ocrx_word' id='word_1_435' title='bbox 727 5641 846 5694; x_wconf 89' lang='lat' dir='ltr'><strong>sita.</strong></span> <span class='ocrx_word' id='word_1_436' title='bbox 879 5640 1211 5712; x_wconf 81' lang='lat' dir='ltr'><strong>Quapropter</strong></span> <span class='ocrx_word' id='word_1_437' title='bbox 1237 5644 1588 5713; x_wconf 88' lang='lat' dir='ltr'><strong>Augustinum</strong></span> <span class='ocrx_word' id='word_1_438' title='bbox 1614 5647 1834 5714; x_wconf 89' lang='lat' dir='ltr'><strong>rogavit,</strong></span> <span class='ocrx_word' id='word_1_439' title='bbox 1867 5648 1939 5699; x_wconf 88' lang='lat' dir='ltr'><strong>uti</strong></span> <span class='ocrx_word' id='word_1_440' title='bbox 1964 5646 2101 5700; x_wconf 87' lang='lat' dir='ltr'><strong>scri-</strong></span> 
     </span>
    </p>
   </div>
   <div class='ocr_carea' id='block_1_60' title="bbox 532 5727 2106 5808">
    <p class='ocr_par' dir='ltr' id='par_1_60' title="bbox 532 5727 2106 5808">
     <span class='ocr_line' id='line_1_60' title="bbox 532 5727 2106 5808; baseline 0.004 -22"><span class='ocrx_word' id='word_1_441' title='bbox 532 5727 681 5804; x_wconf 74' lang='lat' dir='ltr'><strong>beret</strong></span> <span class='ocrx_word' id='word_1_442' title='bbox 727 5731 791 5787; x_wconf 88' lang='lat' dir='ltr'><strong>ad</strong></span> <span class='ocrx_word' id='word_1_443' title='bbox 833 5733 1199 5808; x_wconf 87' lang='lat' dir='ltr'><strong>presbyterum</strong></span> <span class='ocrx_word' id='word_1_444' title='bbox 1232 5734 1402 5806; x_wconf 88' lang='lat' dir='ltr'><strong>illum,</strong></span> <span class='ocrx_word' id='word_1_445' title='bbox 1431 5749 1492 5792; x_wconf 80' lang='lat' dir='ltr'><strong>ac</strong></span> <span class='ocrx_word' id='word_1_446' title='bbox 1524 5735 1600 5794; x_wconf 88' lang='lat' dir='ltr'><strong>rei</strong></span> <span class='ocrx_word' id='word_1_447' title='bbox 1648 5737 1829 5804; x_wconf 82' lang='lat' dir='ltr'><strong>totius,</strong></span> <span class='ocrx_word' id='word_1_448' title='bbox 1870 5751 1936 5792; x_wconf 89' lang='lat' dir='ltr'><strong>ne</strong></span> <span class='ocrx_word' id='word_1_449' title='bbox 1965 5736 2106 5800; x_wconf 85' lang='lat' dir='ltr'><strong>forte</strong></span> 
     </span>
    </p>
   </div>
   <div class='ocr_carea' id='block_1_61' title="bbox 1669 330 2101 394">
    <p class='ocr_par' dir='ltr' id='par_1_61' title="bbox 1669 331 2097 390">
     <span class='ocr_line' id='line_1_61' title="bbox 1669 331 2097 390; baseline -0.007 0"><span class='ocrx_word' id='word_1_450' title='bbox 1669 334 1824 390; x_wconf 81' lang='grc' dir='ltr'><strong>νιτΑ</strong></span> <span class='ocrx_word' id='word_1_451' title='bbox 1864 333 1920 390; x_wconf 87' lang='lat' dir='ltr'><strong>S.</strong></span> <span class='ocrx_word' id='word_1_452' title='bbox 1961 331 2097 388; x_wconf 87' lang='lat' dir='ltr'><strong>AUG</strong></span> 
     </span>
    </p>
   </div>
   <div class='ocr_carea' id='block_1_62' title="bbox 2210 330 3764 394">
    <p class='ocr_par' dir='ltr' id='par_1_62' title="bbox 2210 331 3764 394">
     <span class='ocr_line' id='line_1_62' title="bbox 2210 331 3764 394; baseline 0.005 -8"><span class='ocrx_word' id='word_1_453' title='bbox 2210 331 2326 387; x_wconf 69' lang='lat' dir='ltr'><strong>“Nl</strong></span> <span class='ocrx_word' id='word_1_454' title='bbox 2365 331 2684 388; x_wconf 84' lang='lat' dir='ltr'><strong>EPISCOPI.</strong></span> <span class='ocrx_word' id='word_1_455' title='bbox 3370 344 3387 346; x_wconf 67' lang='grc'><strong>’⁷</strong></span> <span class='ocrx_word' id='word_1_456' title='bbox 3680 335 3764 394; x_wconf 74' lang='grc'><strong>512</strong></span> 
     </span>
    </p>
   </div>
   <div class='ocr_carea' id='block_1_63' title="bbox 2199 445 3757 522">
    <p class='ocr_par' dir='ltr' id='par_1_63' title="bbox 2199 445 3757 522">
     <span class='ocr_line' id='line_1_63' title="bbox 2199 445 3757 522; baseline 0.004 -22"><span class='ocrx_word' id='word_1_457' title='bbox 2199 445 2395 517; x_wconf 91' lang='lat' dir='ltr'><strong>aliquid</strong></span> <span class='ocrx_word' id='word_1_458' title='bbox 2417 447 2627 516; x_wconf 85' lang='lat' dir='ltr'><strong>gravius</strong></span> <span class='ocrx_word' id='word_1_459' title='bbox 2650 446 3025 517; x_wconf 85' lang='lat' dir='ltr'><strong>suspicaretur,</strong></span> <span class='ocrx_word' id='word_1_460' title='bbox 3050 446 3360 503; x_wconf 84' lang='lat' dir='ltr'><strong>certiorem</strong></span> <span class='ocrx_word' id='word_1_461' title='bbox 3385 445 3615 504; x_wconf 80' lang='lat' dir='ltr'><strong>faceret:</strong></span> <span class='ocrx_word' id='word_1_462' title='bbox 3642 457 3757 522; x_wconf 86' lang='lat' dir='ltr'><strong>quod</strong></span> 
     </span>
    </p>
   </div>
   <div class='ocr_carea' id='block_1_64' title="bbox 2197 537 3758 609">
    <p class='ocr_par' dir='ltr' id='par_1_64' title="bbox 2197 537 3758 609">
     <span class='ocr_line' id='line_1_64' title="bbox 2197 537 3758 609; baseline 0.003 -15"><span class='ocrx_word' id='word_1_463' title='bbox 2197 548 2250 594; x_wconf 90' lang='lat' dir='ltr'><strong>et</strong></span> <span class='ocrx_word' id='word_1_464' title='bbox 2271 538 2371 608; x_wconf 90' lang='lat' dir='ltr'><strong>ipsi</strong></span> <span class='ocrx_word' id='word_1_465' title='bbox 2401 537 2757 594; x_wconf 88' lang='lat' dir='ltr'><strong>misericordia</strong></span> <span class='ocrx_word' id='word_1_466' title='bbox 2783 538 3008 608; x_wconf 90' lang='lat' dir='ltr'><strong>quadam</strong></span> <span class='ocrx_word' id='word_1_467' title='bbox 3032 539 3319 594; x_wconf 88' lang='lat' dir='ltr'><strong>concessit</strong></span> <span class='ocrx_word' id='word_1_468' title='bbox 3347 539 3682 609; x_wconf 80' lang='lat' dir='ltr'><strong>Augustinus,</strong></span> <span class='ocrx_word' id='word_1_469' title='bbox 3713 556 3758 601; x_wconf 85' lang='lat' dir='ltr'><strong>ut</strong></span> 
     </span>
    </p>
   </div>
   <div class='ocr_carea' id='block_1_65' title="bbox 2195 628 3757 702">
    <p class='ocr_par' dir='ltr' id='par_1_65' title="bbox 2195 628 3757 702">
     <span class='ocr_line' id='line_1_65' title="bbox 2195 628 3757 702; baseline 0.005 -19"><span class='ocrx_word' id='word_1_470' title='bbox 2195 644 2225 683; x_wconf 92' lang='lat' dir='ltr'><strong>a</strong></span> <span class='ocrx_word' id='word_1_471' title='bbox 2250 630 2565 702; x_wconf 87' lang='lat' dir='ltr'><strong>presbyterii</strong></span> <span class='ocrx_word' id='word_1_472' title='bbox 2609 644 2833 685; x_wconf 89' lang='lat' dir='ltr'><strong>munere</strong></span> <span class='ocrx_word' id='word_1_473' title='bbox 2881 639 3142 695; x_wconf 91' lang='lat' dir='ltr'><strong>remotus,</strong></span> <span class='ocrx_word' id='word_1_474' title='bbox 3203 628 3282 684; x_wconf 86' lang='lat' dir='ltr'><strong>ibi</strong></span> <span class='ocrx_word' id='word_1_475' title='bbox 3319 645 3446 684; x_wconf 88' lang='lat' dir='ltr'><strong>cum</strong></span> <span class='ocrx_word' id='word_1_476' title='bbox 3482 630 3757 702; x_wconf 85' lang='lat' dir='ltr'><strong>diligentiori</strong></span> 
     </span>
    </p>
   </div>
   <div class='ocr_carea' id='block_1_66' title="bbox 2194 723 3756 794">
    <p class='ocr_par' dir='ltr' id='par_1_66' title="bbox 2194 723 3756 794">
     <span class='ocr_line' id='line_1_66' title="bbox 2194 723 3756 794; baseline 0.003 -15"><span class='ocrx_word' id='word_1_477' title='bbox 2194 724 2602 779; x_wconf 82' lang='lat' dir='ltr'><strong>existimationis</strong></span> <span class='ocrx_word' id='word_1_478' title='bbox 2625 739 2735 778; x_wconf 86' lang='lat' dir='ltr'><strong>suae</strong></span> <span class='ocrx_word' id='word_1_479' title='bbox 2759 739 2904 790; x_wconf 91' lang='lat' dir='ltr'><strong>cura,</strong></span> <span class='ocrx_word' id='word_1_480' title='bbox 2930 734 3049 792; x_wconf 89' lang='lat' dir='ltr'><strong>aut,</strong></span> <span class='ocrx_word' id='word_1_481' title='bbox 3076 723 3553 794; x_wconf 85' lang='lat' dir='ltr'><strong>quemadmodum</strong></span> <span class='ocrx_word' id='word_1_482' title='bbox 3577 726 3644 780; x_wconf 89' lang='lat' dir='ltr'><strong>ait</strong></span> <span class='ocrx_word' id='word_1_483' title='bbox 3660 742 3756 783; x_wconf 63' lang='lat' dir='ltr'><strong>sano</strong></span> 
     </span>
    </p>
   </div>
   <div class='ocr_carea' id='block_1_67' title="bbox 2195 815 3756 886">
    <p class='ocr_par' dir='ltr' id='par_1_67' title="bbox 2195 815 3756 886">
     <span class='ocr_line' id='line_1_67' title="bbox 2195 815 3756 886; baseline 0.003 -16"><span class='ocrx_word' id='word_1_484' title='bbox 2195 825 2314 870; x_wconf 90' lang='lat' dir='ltr'><strong>ctus</strong></span> <span class='ocrx_word' id='word_1_485' title='bbox 2337 815 2559 883; x_wconf 86' lang='lat' dir='ltr'><strong>Praesul,</strong></span> <span class='ocrx_word' id='word_1_486' title='bbox 2591 817 2879 871; x_wconf 90' lang='lat' dir='ltr'><strong>correctior</strong></span> <span class='ocrx_word' id='word_1_487' title='bbox 2901 815 3123 872; x_wconf 88' lang='lat' dir='ltr'><strong>viveret.</strong></span> <span class='ocrx_word' id='word_1_488' title='bbox 3154 815 3216 870; x_wconf 86' lang='lat' dir='ltr'><strong>In</strong></span> <span class='ocrx_word' id='word_1_489' title='bbox 3237 815 3424 870; x_wconf 90' lang='lat' dir='ltr'><strong>indice</strong></span> <span class='ocrx_word' id='word_1_490' title='bbox 3462 816 3756 886; x_wconf 83' lang='lat' dir='ltr'><strong>epistolarum</strong></span> 
     </span>
    </p>
   </div>
   <div class='ocr_carea' id='block_1_68' title="bbox 2196 907 3760 980">
    <p class='ocr_par' dir='ltr' id='par_1_68' title="bbox 2196 907 3760 980">
     <span class='ocr_line' id='line_1_68' title="bbox 2196 907 3760 980; baseline 0 -17"><span class='ocrx_word' id='word_1_491' title='bbox 2196 908 2496 978; x_wconf 83' lang='lat' dir='ltr'><strong>Augustini,</strong></span> <span class='ocrx_word' id='word_1_492' title='bbox 2527 923 2684 962; x_wconf 91' lang='lat' dir='ltr'><strong>unam</strong></span> <span class='ocrx_word' id='word_1_493' title='bbox 2713 908 2779 962; x_wconf 91' lang='lat' dir='ltr'><strong>ad</strong></span> <span class='ocrx_word' id='word_1_494' title='bbox 2801 907 3066 962; x_wconf 80' lang='lat' dir='ltr'><strong>Victorem</strong></span> <span class='ocrx_word' id='word_1_495' title='bbox 3107 908 3510 978; x_wconf 85' lang='lat' dir='ltr'><strong>presbyterum</strong></span> <span class='ocrx_word' id='word_1_496' title='bbox 3537 907 3600 962; x_wconf 90' lang='lat' dir='ltr'><strong>de</strong></span> <span class='ocrx_word' id='word_1_497' title='bbox 3612 925 3760 980; x_wconf 84' lang='lat' dir='ltr'><strong>campo</strong></span> 
     </span>
    </p>
   </div>
   <div class='ocr_carea' id='block_1_69' title="bbox 2196 997 3754 1071">
    <p class='ocr_par' dir='ltr' id='par_1_69' title="bbox 2196 997 3754 1071">
     <span class='ocr_line' id='line_1_69' title="bbox 2196 997 3754 1071; baseline 0.001 -18"><span class='ocrx_word' id='word_1_498' title='bbox 2196 999 2431 1054; x_wconf 89' lang='lat' dir='ltr'><strong>Bullensi</strong></span> <span class='ocrx_word' id='word_1_499' title='bbox 2477 1008 2720 1055; x_wconf 90' lang='lat' dir='ltr'><strong>recenset</strong></span> <span class='ocrx_word' id='word_1_500' title='bbox 2761 998 3032 1054; x_wconf 90' lang='lat' dir='ltr'><strong>Possidius</strong></span> <span class='ocrx_word' id='word_1_501' title='bbox 3059 997 3154 1071; x_wconf 83' lang='lat' dir='ltr'><strong>(In</strong></span> <span class='ocrx_word' id='word_1_502' title='bbox 3193 998 3488 1064; x_wconf 85' lang='lat' dir='ltr'><strong>Indiculo,</strong></span> <span class='ocrx_word' id='word_1_503' title='bbox 3542 1016 3647 1071; x_wconf 81' lang='lat' dir='ltr'><strong>cap.</strong></span> <span class='ocrx_word' id='word_1_504' title='bbox 3673 1003 3699 1055; x_wconf 85' lang='lat'><strong>7</strong></span> <span class='ocrx_word' id='word_1_505' title='bbox 3727 1003 3754 1071; x_wconf 87' lang='lat'><strong>).</strong></span> 
     </span>
    </p>
   </div>
   <div class='ocr_carea' id='block_1_70' title="bbox 2197 1090 3757 1161">
    <p class='ocr_par' dir='ltr' id='par_1_70' title="bbox 2197 1090 3757 1161">
     <span class='ocr_line' id='line_1_70' title="bbox 2197 1090 3757 1161; baseline 0.001 -15"><span class='ocrx_word' id='word_1_506' title='bbox 2197 1091 2596 1146; x_wconf 82' lang='lat' dir='ltr'><strong>Abundantium</strong></span> <span class='ocrx_word' id='word_1_507' title='bbox 2626 1090 2781 1145; x_wconf 90' lang='lat' dir='ltr'><strong>simul</strong></span> <span class='ocrx_word' id='word_1_508' title='bbox 2816 1090 3090 1146; x_wconf 87' lang='lat' dir='ltr'><strong>admonuit</strong></span> <span class='ocrx_word' id='word_1_509' title='bbox 3113 1091 3492 1161; x_wconf 85' lang='lat' dir='ltr'><strong>Augustinus,</strong></span> <span class='ocrx_word' id='word_1_510' title='bbox 3521 1091 3564 1146; x_wconf 91' lang='lat' dir='ltr'><strong>si</strong></span> <span class='ocrx_word' id='word_1_511' title='bbox 3582 1093 3713 1148; x_wconf 87' lang='lat' dir='ltr'><strong>vellet</strong></span> <span class='ocrx_word' id='word_1_512' title='bbox 3735 1109 3757 1147; x_wconf 71' lang='grc' dir='ltr'><strong>ι</strong></span> 
     </span>
    </p>
   </div>
   <div class='ocr_carea' id='block_1_71' title="bbox 2197 1181 3753 1253">
    <p class='ocr_par' dir='ltr' id='par_1_71' title="bbox 2197 1181 3753 1253">
     <span class='ocr_line' id='line_1_71' title="bbox 2197 1181 3753 1253; baseline 0.001 -17"><span class='ocrx_word' id='word_1_513' title='bbox 2197 1183 2458 1238; x_wconf 89' lang='lat' dir='ltr'><strong>sententia</strong></span> <span class='ocrx_word' id='word_1_514' title='bbox 2488 1183 2539 1236; x_wconf 93' lang='lat' dir='ltr'><strong>in</strong></span> <span class='ocrx_word' id='word_1_515' title='bbox 2570 1197 2630 1237; x_wconf 90' lang='lat' dir='ltr'><strong>se</strong></span> <span class='ocrx_word' id='word_1_516' title='bbox 2656 1182 2761 1237; x_wconf 90' lang='lat' dir='ltr'><strong>lata</strong></span> <span class='ocrx_word' id='word_1_517' title='bbox 2784 1195 3093 1252; x_wconf 90' lang='lat' dir='ltr'><strong>provocare,</strong></span> <span class='ocrx_word' id='word_1_518' title='bbox 3125 1181 3184 1236; x_wconf 90' lang='lat' dir='ltr'><strong>id</strong></span> <span class='ocrx_word' id='word_1_519' title='bbox 3218 1181 3330 1249; x_wconf 89' lang='lat' dir='ltr'><strong>ipsi</strong></span> <span class='ocrx_word' id='word_1_520' title='bbox 3359 1181 3505 1236; x_wconf 87' lang='lat' dir='ltr'><strong>intra</strong></span> <span class='ocrx_word' id='word_1_521' title='bbox 3523 1183 3635 1237; x_wconf 89' lang='lat' dir='ltr'><strong>anni</strong></span> <span class='ocrx_word' id='word_1_522' title='bbox 3659 1199 3753 1253; x_wconf 80' lang='lat' dir='ltr'><strong>spa-</strong></span> 
     </span>
    </p>
   </div>
   <div class='ocr_carea' id='block_1_72' title="bbox 2199 1270 3754 1344">
    <p class='ocr_par' dir='ltr' id='par_1_72' title="bbox 2199 1270 3754 1344">
     <span class='ocr_line' id='line_1_72' title="bbox 2199 1270 3754 1344; baseline -0.001 -17"><span class='ocrx_word' id='word_1_523' title='bbox 2199 1274 2329 1328; x_wconf 92' lang='lat' dir='ltr'><strong>tium</strong></span> <span class='ocrx_word' id='word_1_524' title='bbox 2353 1289 2418 1328; x_wconf 83' lang='lat' dir='ltr'><strong>ex</strong></span> <span class='ocrx_word' id='word_1_525' title='bbox 2438 1273 2622 1328; x_wconf 88' lang='lat' dir='ltr'><strong>ultimo</strong></span> <span class='ocrx_word' id='word_1_526' title='bbox 2642 1273 2866 1328; x_wconf 90' lang='lat' dir='ltr'><strong>concilio</strong></span> <span class='ocrx_word' id='word_1_527' title='bbox 2887 1273 3109 1328; x_wconf 90' lang='lat' dir='ltr'><strong>liberum</strong></span> <span class='ocrx_word' id='word_1_528' title='bbox 3131 1287 3267 1328; x_wconf 87' lang='lat' dir='ltr'><strong>esse</strong></span> <span class='ocrx_word' id='word_1_529' title='bbox 3295 1270 3523 1344; x_wconf 79' lang='lat' dir='ltr'><strong>(Codice</strong></span> <span class='ocrx_word' id='word_1_530' title='bbox 3539 1271 3754 1328; x_wconf 72' lang='lat' dir='ltr'><strong>Cancrum</strong></span> 
     </span>
    </p>
   </div>
   <div class='ocr_carea' id='block_1_73' title="bbox 2198 1363 3753 1436">
    <p class='ocr_par' dir='ltr' id='par_1_73' title="bbox 2198 1363 3753 1436">
     <span class='ocr_line' id='line_1_73' title="bbox 2198 1363 3753 1436; baseline 0 -18"><span class='ocrx_word' id='word_1_531' title='bbox 2198 1365 2384 1436; x_wconf 82' lang='lat' dir='ltr'><strong>Afric.,</strong></span> <span class='ocrx_word' id='word_1_532' title='bbox 2406 1381 2521 1419; x_wconf 85' lang='lat' dir='ltr'><strong>can.</strong></span> <span class='ocrx_word' id='word_1_533' title='bbox 2558 1365 2646 1434; x_wconf 87' lang='lat'><strong>79)</strong></span> <span class='ocrx_word' id='word_1_534' title='bbox 2677 1380 2823 1435; x_wconf 90' lang='lat' dir='ltr'><strong>;quo</strong></span> <span class='ocrx_word' id='word_1_535' title='bbox 2857 1373 3098 1435; x_wconf 89' lang='lat' dir='ltr'><strong>tempore</strong></span> <span class='ocrx_word' id='word_1_536' title='bbox 3124 1363 3326 1434; x_wconf 88' lang='lat' dir='ltr'><strong>elapso</strong></span> <span class='ocrx_word' id='word_1_537' title='bbox 3345 1405 3364 1430; x_wconf 92' lang='lat'><strong>,</strong></span> <span class='ocrx_word' id='word_1_538' title='bbox 3392 1363 3503 1432; x_wconf 89' lang='lat' dir='ltr'><strong>jam</strong></span> <span class='ocrx_word' id='word_1_539' title='bbox 3533 1363 3595 1418; x_wconf 89' lang='lat' dir='ltr'><strong>ad</strong></span> <span class='ocrx_word' id='word_1_540' title='bbox 3631 1379 3753 1434; x_wconf 82' lang='lat' dir='ltr'><strong>agen-</strong></span> 
     </span>
    </p>
   </div>
   <div class='ocr_carea' id='block_1_74' title="bbox 2199 1452 3749 1526">
    <p class='ocr_par' dir='ltr' id='par_1_74' title="bbox 2199 1452 3749 1526">
     <span class='ocr_line' id='line_1_74' title="bbox 2199 1452 3749 1526; baseline -0.001 -16"><span class='ocrx_word' id='word_1_541' title='bbox 2199 1455 2324 1511; x_wconf 90' lang='lat' dir='ltr'><strong>dum</strong></span> <span class='ocrx_word' id='word_1_542' title='bbox 2360 1457 2666 1526; x_wconf 89' lang='lat' dir='ltr'><strong>neutiquam</strong></span> <span class='ocrx_word' id='word_1_543' title='bbox 2693 1455 3080 1510; x_wconf 89' lang='lat' dir='ltr'><strong>admitteretur.</strong></span> <span class='ocrx_word' id='word_1_544' title='bbox 3108 1452 3404 1523; x_wconf 82' lang='lat' dir='ltr'><strong>Xantippo</strong></span> <span class='ocrx_word' id='word_1_545' title='bbox 3427 1468 3629 1523; x_wconf 87' lang='lat' dir='ltr'><strong>quoque</strong></span> <span class='ocrx_word' id='word_1_546' title='bbox 3663 1465 3749 1509; x_wconf 82' lang='lat' dir='ltr'><strong>tan-</strong></span> 
     </span>
    </p>
   </div>
   <div class='ocr_carea' id='block_1_75' title="bbox 2202 1544 3821 1617">
    <p class='ocr_par' dir='ltr' id='par_1_75' title="bbox 2202 1544 3821 1617">
     <span class='ocr_line' id='line_1_75' title="bbox 2202 1544 3821 1617; baseline 0.002 -16"><span class='ocrx_word' id='word_1_547' title='bbox 2202 1562 2359 1617; x_wconf 92' lang='lat' dir='ltr'><strong>quam</strong></span> <span class='ocrx_word' id='word_1_548' title='bbox 2391 1547 2674 1617; x_wconf 71' lang='lat' dir='ltr'><strong>provincite</strong></span> <span class='ocrx_word' id='word_1_549' title='bbox 2715 1546 2926 1616; x_wconf 84' lang='lat' dir='ltr'><strong>primati</strong></span> <span class='ocrx_word' id='word_1_550' title='bbox 2971 1544 3211 1614; x_wconf 88' lang='lat' dir='ltr'><strong>scripsit,</strong></span> <span class='ocrx_word' id='word_1_551' title='bbox 3249 1544 3380 1600; x_wconf 88' lang='lat' dir='ltr'><strong>facti</strong></span> <span class='ocrx_word' id='word_1_552' title='bbox 3410 1544 3494 1600; x_wconf 91' lang='lat' dir='ltr'><strong>sui</strong></span> <span class='ocrx_word' id='word_1_553' title='bbox 3540 1545 3750 1600; x_wconf 86' lang='lat' dir='ltr'><strong>rationem</strong></span> <span class='ocrx_word' id='word_1_554' title='bbox 3820 1593 3821 1604; x_wconf 53' lang='grc' dir='ltr'><em>ς</em></span> 
     </span>
    </p>
   </div>
   <div class='ocr_carea' id='block_1_76' title="bbox 2200 1637 3821 1709">
    <p class='ocr_par' dir='ltr' id='par_1_76' title="bbox 2200 1637 3821 1709">
     <span class='ocr_line' id='line_1_76' title="bbox 2200 1637 3821 1709; baseline -0.002 -15"><span class='ocrx_word' id='word_1_555' title='bbox 2200 1639 2523 1695; x_wconf 89' lang='lat' dir='ltr'><strong>redditurus.</strong></span> <span class='ocrx_word' id='word_1_556' title='bbox 2568 1640 2804 1709; x_wconf 89' lang='lat' dir='ltr'><strong>Cumque</strong></span> <span class='ocrx_word' id='word_1_557' title='bbox 2845 1640 3029 1694; x_wconf 91' lang='lat' dir='ltr'><strong>liceret</strong></span> <span class='ocrx_word' id='word_1_558' title='bbox 3065 1637 3433 1692; x_wconf 86' lang='lat' dir='ltr'><strong>Ahundantio</strong></span> <span class='ocrx_word' id='word_1_559' title='bbox 3495 1637 3748 1706; x_wconf 84' lang='lat' dir='ltr'><strong>postulare,</strong></span> <span class='ocrx_word' id='word_1_560' title='bbox 3820 1699 3821 1702; x_wconf 25' lang='grc' dir='ltr'><strong>η</strong></span> 
     </span>
    </p>
   </div>
   <div class='ocr_carea' id='block_1_77' title="bbox 2201 1727 3750 1800">
    <p class='ocr_par' dir='ltr' id='par_1_77' title="bbox 2201 1727 3750 1800">
     <span class='ocr_line' id='line_1_77' title="bbox 2201 1727 3750 1800; baseline -0.001 -16"><span class='ocrx_word' id='word_1_561' title='bbox 2201 1740 2257 1784; x_wconf 81' lang='grc' dir='ltr'><strong>ιιι</strong></span> <span class='ocrx_word' id='word_1_562' title='bbox 2303 1746 2394 1786; x_wconf 82' lang='lat' dir='ltr'><strong>sex</strong></span> <span class='ocrx_word' id='word_1_563' title='bbox 2431 1730 2664 1800; x_wconf 80' lang='lat' dir='ltr'><strong>episeOpi</strong></span> <span class='ocrx_word' id='word_1_564' title='bbox 2693 1731 2760 1786; x_wconf 90' lang='lat' dir='ltr'><strong>de</strong></span> <span class='ocrx_word' id='word_1_565' title='bbox 2802 1745 2958 1785; x_wconf 88' lang='lat' dir='ltr'><strong>causa</strong></span> <span class='ocrx_word' id='word_1_566' title='bbox 3008 1728 3124 1798; x_wconf 89' lang='lat' dir='ltr'><strong>ejus</strong></span> <span class='ocrx_word' id='word_1_567' title='bbox 3171 1736 3433 1784; x_wconf 80' lang='lat' dir='ltr'><strong>extremo</strong></span> <span class='ocrx_word' id='word_1_568' title='bbox 3455 1727 3639 1798; x_wconf 91' lang='lat' dir='ltr'><strong>judicio</strong></span> <span class='ocrx_word' id='word_1_569' title='bbox 3662 1743 3750 1797; x_wconf 89' lang='lat' dir='ltr'><strong>pro-</strong></span> 
     </span>
    </p>
   </div>
   <div class='ocr_carea' id='block_1_78' title="bbox 2199 1815 3821 1891">
    <p class='ocr_par' dir='ltr' id='par_1_78' title="bbox 2199 1815 3821 1891">
     <span class='ocr_line' id='line_1_78' title="bbox 2199 1815 3821 1891; baseline -0.004 -14"><span class='ocrx_word' id='word_1_570' title='bbox 2199 1822 2533 1888; x_wconf 86' lang='lat' dir='ltr'><strong>nuntiarent;</strong></span> <span class='ocrx_word' id='word_1_571' title='bbox 2558 1821 2831 1890; x_wconf 81' lang='lat' dir='ltr'><strong>proﬁtetur</strong></span> <span class='ocrx_word' id='word_1_572' title='bbox 2857 1821 3208 1891; x_wconf 82' lang='lat' dir='ltr'><strong>Augustinus,</strong></span> <span class='ocrx_word' id='word_1_573' title='bbox 3245 1819 3295 1874; x_wconf 91' lang='lat' dir='ltr'><strong>si</strong></span> <span class='ocrx_word' id='word_1_574' title='bbox 3335 1817 3442 1872; x_wconf 91' lang='lat' dir='ltr'><strong>hoc</strong></span> <span class='ocrx_word' id='word_1_575' title='bbox 3469 1819 3520 1872; x_wconf 90' lang='lat' dir='ltr'><strong>in</strong></span> <span class='ocrx_word' id='word_1_576' title='bbox 3559 1818 3749 1871; x_wconf 80' lang='lat' dir='ltr'><strong>examine</strong></span> <span class='ocrx_word' id='word_1_577' title='bbox 3820 1815 3821 1878; x_wconf 57' lang='grc' dir='ltr'>ζ</span> 
     </span>
    </p>
   </div>
   <div class='ocr_carea' id='block_1_79' title="bbox 2199 1912 3738 1986">
    <p class='ocr_par' dir='ltr' id='par_1_79' title="bbox 2199 1912 3738 1986">
     <span class='ocr_line' id='line_1_79' title="bbox 2199 1912 3738 1986; baseline -0.003 -17"><span class='ocrx_word' id='word_1_578' title='bbox 2199 1916 2390 1986; x_wconf 90' lang='lat' dir='ltr'><strong>dignus</strong></span> <span class='ocrx_word' id='word_1_579' title='bbox 2417 1914 2742 1985; x_wconf 89' lang='lat' dir='ltr'><strong>depositione</strong></span> <span class='ocrx_word' id='word_1_580' title='bbox 2767 1915 2934 1968; x_wconf 86' lang='lat' dir='ltr'><strong>is&#39;non</strong></span> <span class='ocrx_word' id='word_1_581' title='bbox 2956 1912 3115 1968; x_wconf 89' lang='lat' dir='ltr'><strong>fuerit</strong></span> <span class='ocrx_word' id='word_1_582' title='bbox 3140 1921 3426 1981; x_wconf 84' lang='lat' dir='ltr'><strong>repertus,</strong></span> <span class='ocrx_word' id='word_1_583' title='bbox 3451 1926 3601 1981; x_wconf 85' lang='lat' dir='ltr'><strong>posse</strong></span> <span class='ocrx_word' id='word_1_584' title='bbox 3621 1925 3738 1980; x_wconf 84' lang='lat' dir='ltr'><strong>quem</strong></span> 
     </span>
    </p>
   </div>
   <div class='ocr_carea' id='block_1_80' title="bbox 2201 2001 3744 2073">
    <p class='ocr_par' dir='ltr' id='par_1_80' title="bbox 2201 2001 3744 2073">
     <span class='ocr_line' id='line_1_80' title="bbox 2201 2001 3744 2073; baseline -0.003 -14"><span class='ocrx_word' id='word_1_585' title='bbox 2201 2005 2434 2070; x_wconf 91' lang='lat' dir='ltr'><strong>libuerit,</strong></span> <span class='ocrx_word' id='word_1_586' title='bbox 2461 2009 2510 2060; x_wconf 90' lang='lat' dir='ltr'><strong>ei</strong></span> <span class='ocrx_word' id='word_1_587' title='bbox 2537 2005 2826 2060; x_wconf 88' lang='lat' dir='ltr'><strong>Ecclesiam</strong></span> <span class='ocrx_word' id='word_1_588' title='bbox 2855 2019 2966 2059; x_wconf 76' lang='lat' dir='ltr'><strong>sua:</strong></span> <span class='ocrx_word' id='word_1_589' title='bbox 2991 2003 3399 2073; x_wconf 89' lang='lat' dir='ltr'><strong>jurisdictionis</strong></span> <span class='ocrx_word' id='word_1_590' title='bbox 3439 2001 3744 2066; x_wconf 83' lang='lat' dir='ltr'><strong>committere;</strong></span> 
     </span>
    </p>
   </div>
   <div class='ocr_carea' id='block_1_81' title="bbox 2201 2079 3821 2164">
    <p class='ocr_par' dir='ltr' id='par_1_81' title="bbox 2201 2079 3821 2164">
     <span class='ocr_line' id='line_1_81' title="bbox 2201 2079 3821 2164; baseline -0.002 -16"><span class='ocrx_word' id='word_1_591' title='bbox 2201 2096 2301 2150; x_wconf 91' lang='lat' dir='ltr'><strong>sibi</strong></span> <span class='ocrx_word' id='word_1_592' title='bbox 2323 2111 2448 2150; x_wconf 89' lang='lat' dir='ltr'><strong>vero</strong></span> <span class='ocrx_word' id='word_1_593' title='bbox 2469 2096 2520 2150; x_wconf 91' lang='lat' dir='ltr'><strong>id</strong></span> <span class='ocrx_word' id='word_1_594' title='bbox 2550 2096 2695 2150; x_wconf 88' lang='lat' dir='ltr'><strong>nullo</strong></span> <span class='ocrx_word' id='word_1_595' title='bbox 2724 2095 2882 2150; x_wconf 91' lang='lat' dir='ltr'><strong>modo</strong></span> <span class='ocrx_word' id='word_1_596' title='bbox 2909 2110 3028 2150; x_wconf 88' lang='lat' dir='ltr'><strong>esse</strong></span> <span class='ocrx_word' id='word_1_597' title='bbox 3045 2095 3344 2164; x_wconf 87' lang='lat' dir='ltr'><strong>integrum,</strong></span> <span class='ocrx_word' id='word_1_598' title='bbox 3369 2109 3438 2147; x_wconf 90' lang='lat' dir='ltr'><strong>ne</strong></span> <span class='ocrx_word' id='word_1_599' title='bbox 3462 2108 3576 2163; x_wconf 67' lang='lat' dir='ltr'><strong>qua:</strong></span> <span class='ocrx_word' id='word_1_600' title='bbox 3598 2092 3742 2147; x_wconf 79' lang='lat' dir='ltr'><strong>damna</strong></span> 
     </span>
    </p>
   </div>
   <div class='ocr_carea' id='block_1_82' title="bbox 2203 2183 3744 2254">
    <p class='ocr_par' dir='ltr' id='par_1_82' title="bbox 2203 2183 3744 2254">
     <span class='ocr_line' id='line_1_82' title="bbox 2203 2183 3744 2254; baseline -0.001 -16"><span class='ocrx_word' id='word_1_601' title='bbox 2203 2185 2332 2240; x_wconf 91' lang='lat' dir='ltr'><strong>hinc</strong></span> <span class='ocrx_word' id='word_1_602' title='bbox 2370 2184 2510 2240; x_wconf 85' lang='lat' dir='ltr'><strong>forte</strong></span> <span class='ocrx_word' id='word_1_603' title='bbox 2551 2185 2838 2250; x_wconf 88' lang='lat' dir='ltr'><strong>orirentur,</strong></span> <span class='ocrx_word' id='word_1_604' title='bbox 2869 2186 2920 2239; x_wconf 92' lang='lat' dir='ltr'><strong>in</strong></span> <span class='ocrx_word' id='word_1_605' title='bbox 2961 2199 3020 2240; x_wconf 84' lang='lat' dir='ltr'><strong>se</strong></span> <span class='ocrx_word' id='word_1_606' title='bbox 3069 2185 3254 2254; x_wconf 87' lang='lat' dir='ltr'><strong>ipsum</strong></span> <span class='ocrx_word' id='word_1_607' title='bbox 3296 2184 3608 2240; x_wconf 89' lang='lat' dir='ltr'><strong>reciderent.</strong></span> <span class='ocrx_word' id='word_1_608' title='bbox 3640 2183 3744 2237; x_wconf 81' lang='lat' dir='ltr'><strong>Hanc</strong></span> 
     </span>
    </p>
   </div>
   <div class='ocr_carea' id='block_1_83' title="bbox 2203 2276 3740 2347">
    <p class='ocr_par' dir='ltr' id='par_1_83' title="bbox 2203 2276 3740 2347">
     <span class='ocr_line' id='line_1_83' title="bbox 2203 2276 3740 2347; baseline -0.003 -17"><span class='ocrx_word' id='word_1_609' title='bbox 2203 2278 2478 2346; x_wconf 84' lang='lat' dir='ltr'><strong>epistolam</strong></span> <span class='ocrx_word' id='word_1_610' title='bbox 2491 2277 2557 2332; x_wconf 88' lang='lat' dir='ltr'><strong>ad</strong></span> <span class='ocrx_word' id='word_1_611' title='bbox 2582 2293 2845 2332; x_wconf 89' lang='lat' dir='ltr'><strong>summum</strong></span> <span class='ocrx_word' id='word_1_612' title='bbox 2865 2279 3077 2332; x_wconf 87' lang='lat' dir='ltr'><strong>ineunte</strong></span> <span class='ocrx_word' id='word_1_613' title='bbox 3097 2291 3249 2332; x_wconf 89' lang='lat' dir='ltr'><strong>anno</strong></span> <span class='ocrx_word' id='word_1_614' title='bbox 3266 2276 3740 2347; x_wconf 81' lang='lat' dir='ltr'><strong>quadringentesimo</strong></span> 
     </span>
    </p>
   </div>
   <div class='ocr_carea' id='block_1_84' title="bbox 2205 2367 3742 2441">
    <p class='ocr_par' dir='ltr' id='par_1_84' title="bbox 2205 2367 3742 2441">
     <span class='ocr_line' id='line_1_84' title="bbox 2205 2367 3742 2441; baseline -0.005 -16"><span class='ocrx_word' id='word_1_615' title='bbox 2205 2370 2472 2436; x_wconf 87' lang='lat' dir='ltr'><strong>secundo,</strong></span> <span class='ocrx_word' id='word_1_616' title='bbox 2518 2380 2572 2425; x_wconf 92' lang='lat' dir='ltr'><strong>et</strong></span> <span class='ocrx_word' id='word_1_617' title='bbox 2617 2370 2777 2426; x_wconf 93' lang='lat' dir='ltr'><strong>dubio</strong></span> <span class='ocrx_word' id='word_1_618' title='bbox 2825 2370 3014 2441; x_wconf 91' lang='lat' dir='ltr'><strong>procul</strong></span> <span class='ocrx_word' id='word_1_619' title='bbox 3058 2379 3189 2424; x_wconf 90' lang='lat' dir='ltr'><strong>ante</strong></span> <span class='ocrx_word' id='word_1_620' title='bbox 3251 2369 3497 2434; x_wconf 88' lang='lat' dir='ltr'><strong>Pascha,</strong></span> <span class='ocrx_word' id='word_1_621' title='bbox 3547 2367 3742 2437; x_wconf 86' lang='lat' dir='ltr'><strong>scriptam</strong></span> 
     </span>
    </p>
   </div>
   <div class='ocr_carea' id='block_1_85' title="bbox 2205 2460 2622 2530">
    <p class='ocr_par' dir='ltr' id='par_1_85' title="bbox 2205 2460 2622 2530">
     <span class='ocr_line' id='line_1_85' title="bbox 2205 2460 2622 2530; baseline 0 -16"><span class='ocrx_word' id='word_1_622' title='bbox 2205 2460 2368 2516; x_wconf 86' lang='lat' dir='ltr'><strong>fuisse</strong></span> <span class='ocrx_word' id='word_1_623' title='bbox 2393 2470 2622 2530; x_wconf 89' lang='lat' dir='ltr'><strong>oportet.</strong></span> 
     </span>
    </p>
   </div>
   <div class='ocr_carea' id='block_1_86' title="bbox 2279 2549 3743 2622">
    <p class='ocr_par' dir='ltr' id='par_1_86' title="bbox 2279 2549 3743 2622">
     <span class='ocr_line' id='line_1_86' title="bbox 2279 2549 3743 2622; baseline -0.003 -17"><span class='ocrx_word' id='word_1_624' title='bbox 2279 2553 2331 2605; x_wconf 89' lang='lat'><strong>7.</strong></span> <span class='ocrx_word' id='word_1_625' title='bbox 2387 2551 2717 2607; x_wconf 82' lang='lat' dir='ltr'><strong>Referendus</strong></span> <span class='ocrx_word' id='word_1_626' title='bbox 2757 2551 2964 2608; x_wconf 88' lang='lat' dir='ltr'><strong>videtur</strong></span> <span class='ocrx_word' id='word_1_627' title='bbox 3011 2551 3077 2606; x_wconf 88' lang='lat' dir='ltr'><strong>ad</strong></span> <span class='ocrx_word' id='word_1_628' title='bbox 3123 2553 3258 2606; x_wconf 89' lang='lat' dir='ltr'><strong>anni</strong></span> <span class='ocrx_word' id='word_1_629' title='bbox 3300 2549 3743 2622; x_wconf 82' lang='lat' dir='ltr'><strong>quadringentesimi</strong></span> 
     </span>
    </p>
   </div>
   <div class='ocr_carea' id='block_1_87' title="bbox 2208 2640 3743 2716">
    <p class='ocr_par' dir='ltr' id='par_1_87' title="bbox 2208 2640 3743 2716">
     <span class='ocr_line' id='line_1_87' title="bbox 2208 2640 3743 2716; baseline -0.005 -17"><span class='ocrx_word' id='word_1_630' title='bbox 2208 2645 2362 2713; x_wconf 87' lang='lat' dir='ltr'><strong>primi</strong></span> <span class='ocrx_word' id='word_1_631' title='bbox 2386 2645 2585 2699; x_wconf 89' lang='lat' dir='ltr'><strong>exitum</strong></span> <span class='ocrx_word' id='word_1_632' title='bbox 2615 2645 2814 2699; x_wconf 89' lang='lat' dir='ltr'><strong>tristior</strong></span> <span class='ocrx_word' id='word_1_633' title='bbox 2843 2645 2931 2701; x_wconf 89' lang='lat' dir='ltr'><strong>ille</strong></span> <span class='ocrx_word' id='word_1_634' title='bbox 2957 2659 3132 2711; x_wconf 89' lang='lat' dir='ltr'><strong>casus,</strong></span> <span class='ocrx_word' id='word_1_635' title='bbox 3165 2660 3335 2716; x_wconf 89' lang='lat' dir='ltr'><strong>quem</strong></span> <span class='ocrx_word' id='word_1_636' title='bbox 3382 2644 3529 2698; x_wconf 87' lang='lat' dir='ltr'><strong>initio</strong></span> <span class='ocrx_word' id='word_1_637' title='bbox 3549 2640 3743 2713; x_wconf 81' lang='lat' dir='ltr'><strong>quadrin-</strong></span> 
     </span>
    </p>
   </div>
   <div class='ocr_carea' id='block_1_88' title="bbox 2209 2733 3739 2809">
    <p class='ocr_par' dir='ltr' id='par_1_88' title="bbox 2209 2733 3739 2809">
     <span class='ocr_line' id='line_1_88' title="bbox 2209 2733 3739 2809; baseline -0.005 -17"><span class='ocrx_word' id='word_1_638' title='bbox 2209 2737 2486 2808; x_wconf 90' lang='lat' dir='ltr'><strong>gentesimi</strong></span> <span class='ocrx_word' id='word_1_639' title='bbox 2511 2737 2729 2792; x_wconf 90' lang='lat' dir='ltr'><strong>secundi</strong></span> <span class='ocrx_word' id='word_1_640' title='bbox 2773 2747 3039 2793; x_wconf 90' lang='lat' dir='ltr'><strong>recentem</strong></span> <span class='ocrx_word' id='word_1_641' title='bbox 3067 2739 3252 2793; x_wconf 90' lang='lat' dir='ltr'><strong>adhuc</strong></span> <span class='ocrx_word' id='word_1_642' title='bbox 3282 2738 3501 2809; x_wconf 85' lang='lat' dir='ltr'><strong>lugebat</strong></span> <span class='ocrx_word' id='word_1_643' title='bbox 3543 2733 3739 2804; x_wconf 83' lang='lat' dir='ltr'><strong>Augusti-</strong></span> 
     </span>
    </p>
   </div>
   <div class='ocr_carea' id='block_1_89' title="bbox 2211 2827 3742 2900">
    <p class='ocr_par' dir='ltr' id='par_1_89' title="bbox 2211 2827 3742 2900">
     <span class='ocr_line' id='line_1_89' title="bbox 2211 2827 3742 2900; baseline -0.003 -16"><span class='ocrx_word' id='word_1_644' title='bbox 2211 2845 2331 2884; x_wconf 90' lang='lat' dir='ltr'><strong>nus.</strong></span> <span class='ocrx_word' id='word_1_645' title='bbox 2359 2828 2633 2900; x_wconf 84' lang='lat' dir='ltr'><strong>Crispinus</strong></span> <span class='ocrx_word' id='word_1_646' title='bbox 2661 2828 2987 2885; x_wconf 89' lang='lat' dir='ltr'><strong>Calamensis</strong></span> <span class='ocrx_word' id='word_1_647' title='bbox 3013 2845 3043 2884; x_wconf 92' lang='lat' dir='ltr'><strong>e</strong></span> <span class='ocrx_word' id='word_1_648' title='bbox 3083 2830 3282 2884; x_wconf 91' lang='lat' dir='ltr'><strong>Donati</strong></span> <span class='ocrx_word' id='word_1_649' title='bbox 3337 2835 3487 2899; x_wconf 86' lang='lat' dir='ltr'><strong>parte</strong></span> <span class='ocrx_word' id='word_1_650' title='bbox 3521 2827 3742 2895; x_wconf 83' lang='lat' dir='ltr'><strong>episcopus</strong></span> 
     </span>
    </p>
   </div>
   <div class='ocr_carea' id='block_1_90' title="bbox 2211 2914 3740 2998">
    <p class='ocr_par' dir='ltr' id='par_1_90' title="bbox 2211 2914 3740 2998">
     <span class='ocr_line' id='line_1_90' title="bbox 2211 2914 3740 2998; baseline -0.007 -23"><span class='ocrx_word' id='word_1_651' title='bbox 2211 2936 2334 2976; x_wconf 89' lang='lat' dir='ltr'><strong>cum</strong></span> <span class='ocrx_word' id='word_1_652' title='bbox 2359 2921 2497 2975; x_wconf 89' lang='lat' dir='ltr'><strong>haud</strong></span> <span class='ocrx_word' id='word_1_653' title='bbox 2515 2937 2776 2991; x_wconf 89' lang='lat' dir='ltr'><strong>quaquam</strong></span> <span class='ocrx_word' id='word_1_654' title='bbox 2802 2936 2866 2976; x_wconf 90' lang='lat' dir='ltr'><strong>eo</strong></span> <span class='ocrx_word' id='word_1_655' title='bbox 2888 2921 3194 2976; x_wconf 87' lang='lat' dir='ltr'><strong>divitiarum</strong></span> <span class='ocrx_word' id='word_1_656' title='bbox 3223 2930 3394 2998; x_wconf 70' lang='lat' dir='ltr'><strong>metu,</strong></span> <span class='ocrx_word' id='word_1_657' title='bbox 3423 2933 3570 2989; x_wconf 88' lang='lat' dir='ltr'><strong>quem</strong></span> <span class='ocrx_word' id='word_1_658' title='bbox 3585 2914 3740 2970; x_wconf 81' lang='lat' dir='ltr'><strong>Petilia-</strong></span> 
     </span>
    </p>
   </div>
   <div class='ocr_carea' id='block_1_91' title="bbox 2213 3000 3739 3080">
    <p class='ocr_par' dir='ltr' id='par_1_91' title="bbox 2213 3000 3739 3080">
     <span class='ocr_line' id='line_1_91' title="bbox 2213 3000 3739 3080; baseline -0.007 -14"><span class='ocrx_word' id='word_1_659' title='bbox 2213 3027 2318 3066; x_wconf 90' lang='lat' dir='ltr'><strong>nus</strong></span> <span class='ocrx_word' id='word_1_660' title='bbox 2366 3027 2475 3066; x_wconf 82' lang='lat' dir='ltr'><strong>suae</strong></span> <span class='ocrx_word' id='word_1_661' title='bbox 2522 3021 2680 3067; x_wconf 74' lang='lat' dir='ltr'><strong>sectze</strong></span> <span class='ocrx_word' id='word_1_662' title='bbox 2727 3012 3027 3067; x_wconf 91' lang='lat' dir='ltr'><strong>hominibus</strong></span> <span class='ocrx_word' id='word_1_663' title='bbox 3072 3012 3257 3067; x_wconf 86' lang='lat' dir='ltr'><strong>inesse</strong></span> <span class='ocrx_word' id='word_1_664' title='bbox 3318 3009 3637 3080; x_wconf 65' lang='lat' dir='ltr'><strong>praedicabat,</strong></span> <span class='ocrx_word' id='word_1_665' title='bbox 3675 3000 3739 3056; x_wconf 85' lang='lat' dir='ltr'><strong>sed</strong></span> 
     </span>
    </p>
   </div>
   <div class='ocr_carea' id='block_1_92' title="bbox 2212 3092 3735 3176">
    <p class='ocr_par' dir='ltr' id='par_1_92' title="bbox 2212 3092 3735 3176">
     <span class='ocr_line' id='line_1_92' title="bbox 2212 3092 3735 3176; baseline -0.005 -20"><span class='ocrx_word' id='word_1_666' title='bbox 2212 3117 2393 3176; x_wconf 86' lang='lat' dir='ltr'><strong>amore</strong></span> <span class='ocrx_word' id='word_1_667' title='bbox 2408 3110 2592 3157; x_wconf 89' lang='lat' dir='ltr'><strong>contra</strong></span> <span class='ocrx_word' id='word_1_668' title='bbox 2616 3119 2796 3157; x_wconf 90' lang='lat' dir='ltr'><strong>earum</strong></span> <span class='ocrx_word' id='word_1_669' title='bbox 2828 3111 3095 3158; x_wconf 88' lang='lat' dir='ltr'><strong>teneretur</strong></span> <span class='ocrx_word' id='word_1_670' title='bbox 3113 3101 3334 3176; x_wconf 84' lang='lat' dir='ltr'><strong>(Contra</strong></span> <span class='ocrx_word' id='word_1_671' title='bbox 3371 3100 3579 3154; x_wconf 67' lang='lat' dir='ltr'><strong>Littera:</strong></span> <span class='ocrx_word' id='word_1_672' title='bbox 3603 3092 3735 3157; x_wconf 77' lang='lat' dir='ltr'><strong>Petil.,</strong></span> 
     </span>
    </p>
   </div>
   <div class='ocr_carea' id='block_1_93' title="bbox 2215 3185 3738 3267">
    <p class='ocr_par' dir='ltr' id='par_1_93' title="bbox 2215 3185 3738 3267">
     <span class='ocr_line' id='line_1_93' title="bbox 2215 3185 3738 3267; baseline -0.004 -19"><span class='ocrx_word' id='word_1_673' title='bbox 2215 3195 2305 3249; x_wconf 88' lang='lat' dir='ltr'><strong>lib.</strong></span> <span class='ocrx_word' id='word_1_674' title='bbox 2333 3194 2387 3258; x_wconf 75' lang='lat'><strong>2,</strong></span> <span class='ocrx_word' id='word_1_675' title='bbox 2420 3211 2466 3248; x_wconf 88' lang='lat' dir='ltr'><strong>c.</strong></span> <span class='ocrx_word' id='word_1_676' title='bbox 2491 3195 2581 3260; x_wconf 91' lang='lat'><strong>99,</strong></span> <span class='ocrx_word' id='word_1_677' title='bbox 2613 3213 2664 3249; x_wconf 81' lang='grc' dir='ltr'><strong>η.</strong></span> <span class='ocrx_word' id='word_1_678' title='bbox 2695 3196 2867 3267; x_wconf 73' lang='lat'><strong>9.28);</strong></span> <span class='ocrx_word' id='word_1_679' title='bbox 2895 3205 3078 3251; x_wconf 86' lang='lat' dir='ltr'><strong>coacta</strong></span> <span class='ocrx_word' id='word_1_680' title='bbox 3122 3198 3374 3266; x_wconf 72' lang='lat' dir='ltr'><strong>pecunia:</strong></span> <span class='ocrx_word' id='word_1_681' title='bbox 3415 3210 3515 3249; x_wconf 91' lang='lat' dir='ltr'><strong>non</strong></span> <span class='ocrx_word' id='word_1_682' title='bbox 3543 3185 3738 3247; x_wconf 83' lang='lat' dir='ltr'><strong>mediocri</strong></span> 
     </span>
    </p>
   </div>
   <div class='ocr_carea' id='block_1_94' title="bbox 2209 3274 3737 3357">
    <p class='ocr_par' dir='ltr' id='par_1_94' title="bbox 2209 3274 3737 3357">
     <span class='ocr_line' id='line_1_94' title="bbox 2209 3274 3737 3357; baseline -0.005 -16"><span class='ocrx_word' id='word_1_683' title='bbox 2209 3285 2420 3341; x_wconf 72' lang='lat' dir='ltr'><strong>&#39;Summa</strong></span> <span class='ocrx_word' id='word_1_684' title='bbox 2472 3287 2731 3356; x_wconf 86' lang='lat' dir='ltr'><strong>praedium</strong></span> <span class='ocrx_word' id='word_1_685' title='bbox 2774 3288 2905 3342; x_wconf 91' lang='lat' dir='ltr'><strong>emit</strong></span> <span class='ocrx_word' id='word_1_686' title='bbox 2942 3287 3326 3357; x_wconf 82' lang='lat' dir='ltr'><strong>Mappaliense,</strong></span> <span class='ocrx_word' id='word_1_687' title='bbox 3384 3301 3488 3341; x_wconf 92' lang='lat' dir='ltr'><strong>non</strong></span> <span class='ocrx_word' id='word_1_688' title='bbox 3527 3284 3656 3350; x_wconf 81' lang='lat' dir='ltr'><strong>longe</strong></span> <span class='ocrx_word' id='word_1_689' title='bbox 3691 3274 3737 3329; x_wconf 69' lang='lat' dir='ltr'><strong>ab</strong></span> 
     </span>
    </p>
   </div>
   <div class='ocr_carea' id='block_1_95' title="bbox 2214 3367 3737 3449">
    <p class='ocr_par' dir='ltr' id='par_1_95' title="bbox 2214 3367 3737 3449">
     <span class='ocr_line' id='line_1_95' title="bbox 2214 3367 3737 3449; baseline -0.005 -18"><span class='ocrx_word' id='word_1_690' title='bbox 2214 3375 2458 3446; x_wconf 84' lang='lat' dir='ltr'><strong>Hippone</strong></span> <span class='ocrx_word' id='word_1_691' title='bbox 2483 3377 2639 3430; x_wconf 92' lang='lat' dir='ltr'><strong>situm</strong></span> <span class='ocrx_word' id='word_1_692' title='bbox 2671 3376 2873 3447; x_wconf 82' lang='lat' dir='ltr'><strong>(Epist.</strong></span> <span class='ocrx_word' id='word_1_693' title='bbox 2907 3376 2993 3431; x_wconf 84' lang='lat'><strong>66.</strong></span> <span class='ocrx_word' id='word_1_694' title='bbox 3025 3395 3077 3430; x_wconf 76' lang='grc' dir='ltr'><strong>κ.</strong></span> <span class='ocrx_word' id='word_1_695' title='bbox 3125 3378 3228 3449; x_wconf 81' lang='grc'><strong>1),</strong></span> <span class='ocrx_word' id='word_1_696' title='bbox 3258 3376 3411 3445; x_wconf 89' lang='lat' dir='ltr'><strong>cujus</strong></span> <span class='ocrx_word' id='word_1_697' title='bbox 3445 3374 3646 3428; x_wconf 89' lang='lat' dir='ltr'><strong>miseros</strong></span> <span class='ocrx_word' id='word_1_698' title='bbox 3679 3367 3737 3418; x_wconf 88' lang='lat' dir='ltr'><strong>in-</strong></span> 
     </span>
    </p>
   </div>
   <div class='ocr_carea' id='block_1_96' title="bbox 2216 3461 3735 3538">
    <p class='ocr_par' dir='ltr' id='par_1_96' title="bbox 2216 3461 3735 3538">
     <span class='ocr_line' id='line_1_96' title="bbox 2216 3461 3735 3538; baseline -0.005 -16"><span class='ocrx_word' id='word_1_699' title='bbox 2216 3468 2374 3532; x_wconf 87' lang='lat' dir='ltr'><strong>colas</strong></span> <span class='ocrx_word' id='word_1_700' title='bbox 2397 3468 2807 3523; x_wconf 70' lang='lat' dir='ltr'><strong>tam&#39;violenter</strong></span> <span class='ocrx_word' id='word_1_701' title='bbox 2849 3469 3110 3538; x_wconf 90' lang='lat' dir='ltr'><strong>oppressit</strong></span> <span class='ocrx_word' id='word_1_702' title='bbox 3159 3478 3322 3538; x_wconf 88' lang='lat' dir='ltr'><strong>atque</strong></span> <span class='ocrx_word' id='word_1_703' title='bbox 3350 3461 3665 3522; x_wconf 86' lang='lat' dir='ltr'><strong>conturbavit,</strong></span> <span class='ocrx_word' id='word_1_704' title='bbox 3699 3463 3735 3509; x_wconf 81' lang='grc' dir='ltr'>ιη</span> 
     </span>
    </p>
   </div>
   <div class='ocr_carea' id='block_1_97' title="bbox 2217 3551 3734 3630">
    <p class='ocr_par' dir='ltr' id='par_1_97' title="bbox 2217 3551 3734 3630">
     <span class='ocr_line' id='line_1_97' title="bbox 2217 3551 3734 3630; baseline -0.011 -15"><span class='ocrx_word' id='word_1_705' title='bbox 2217 3577 2322 3615; x_wconf 92' lang='lat' dir='ltr'><strong>uno</strong></span> <span class='ocrx_word' id='word_1_706' title='bbox 2351 3560 2568 3615; x_wconf 90' lang='lat' dir='ltr'><strong>terroris</strong></span> <span class='ocrx_word' id='word_1_707' title='bbox 2598 3560 2792 3630; x_wconf 88' lang='lat' dir='ltr'><strong>impetu</strong></span> <span class='ocrx_word' id='word_1_708' title='bbox 2819 3561 3086 3629; x_wconf 80' lang='lat' dir='ltr'><strong>octoginta</strong></span> <span class='ocrx_word' id='word_1_709' title='bbox 3131 3560 3306 3614; x_wconf 89' lang='lat' dir='ltr'><strong>ferme</strong></span> <span class='ocrx_word' id='word_1_710' title='bbox 3347 3557 3543 3611; x_wconf 88' lang='lat' dir='ltr'><strong>animas</strong></span> <span class='ocrx_word' id='word_1_711' title='bbox 3577 3551 3734 3606; x_wconf 73' lang='lat' dir='ltr'><strong>mism</strong></span> 
     </span>
    </p>
   </div>
   <div class='ocr_carea' id='block_1_98' title="bbox 2218 3634 3735 3720">
    <p class='ocr_par' dir='ltr' id='par_1_98' title="bbox 2218 3634 3735 3720">
     <span class='ocr_line' id='line_1_98' title="bbox 2218 3634 3735 3720; baseline -0.01 -14"><span class='ocrx_word' id='word_1_712' title='bbox 2218 3651 2310 3706; x_wconf 88' lang='lat' dir='ltr'><strong>bili</strong></span> <span class='ocrx_word' id='word_1_713' title='bbox 2357 3651 2552 3720; x_wconf 86' lang='lat' dir='ltr'><strong>gemitu</strong></span> <span class='ocrx_word' id='word_1_714' title='bbox 2593 3650 2933 3704; x_wconf 88' lang='lat' dir='ltr'><strong>nmssitantcs</strong></span> <span class='ocrx_word' id='word_1_715' title='bbox 2979 3665 3087 3702; x_wconf 90' lang='lat' dir='ltr'><strong>non</strong></span> <span class='ocrx_word' id='word_1_716' title='bbox 3122 3648 3385 3704; x_wconf 90' lang='lat' dir='ltr'><strong>dubitarit</strong></span> <span class='ocrx_word' id='word_1_717' title='bbox 3428 3634 3735 3712; x_wconf 69' lang='lat' dir='ltr'><strong>rebaptizando</strong></span> 
     </span>
    </p>
   </div>
   <div class='ocr_carea' id='block_1_99' title="bbox 2217 3721 3731 3813">
    <p class='ocr_par' dir='ltr' id='par_1_99' title="bbox 2217 3721 3731 3813">
     <span class='ocr_line' id='line_1_99' title="bbox 2217 3721 3731 3813; baseline -0.011 -17"><span class='ocrx_word' id='word_1_718' title='bbox 2217 3741 2557 3810; x_wconf 86' lang='lat' dir='ltr'><strong>submergere</strong></span> <span class='ocrx_word' id='word_1_719' title='bbox 2574 3738 2740 3813; x_wconf 86' lang='lat' dir='ltr'><strong>(Cant.</strong></span> <span class='ocrx_word' id='word_1_720' title='bbox 2767 3740 2978 3793; x_wconf 82' lang='lat' dir='ltr'><strong>Litteras</strong></span> <span class='ocrx_word' id='word_1_721' title='bbox 3001 3738 3179 3813; x_wconf 71' lang='lat' dir='ltr'><strong>Retit.,</strong></span> <span class='ocrx_word' id='word_1_722' title='bbox 3206 3739 3297 3794; x_wconf 82' lang='lat' dir='ltr'><strong>lib.</strong></span> <span class='ocrx_word' id='word_1_723' title='bbox 3314 3737 3370 3804; x_wconf 75' lang='grc'>2,</span> <span class='ocrx_word' id='word_1_724' title='bbox 3389 3753 3435 3790; x_wconf 85' lang='lat' dir='ltr'><strong>c.</strong></span> <span class='ocrx_word' id='word_1_725' title='bbox 3453 3735 3535 3798; x_wconf 76' lang='lat'><strong>83,</strong></span> <span class='ocrx_word' id='word_1_726' title='bbox 3556 3749 3601 3785; x_wconf 82' lang='grc' dir='ltr'>ιι.</span> <span class='ocrx_word' id='word_1_727' title='bbox 3628 3721 3731 3794; x_wconf 65' lang='grc' dir='ltr'><strong>Ι8Ᾱ)ι</strong></span> 
     </span>
    </p>
   </div>
   <div class='ocr_carea' id='block_1_100' title="bbox 2216 3811 3733 3904">
    <p class='ocr_par' dir='ltr' id='par_1_100' title="bbox 2216 3811 3733 3904">
     <span class='ocr_line' id='line_1_100' title="bbox 2216 3811 3733 3904; baseline -0.009 -15"><span class='ocrx_word' id='word_1_728' title='bbox 2216 3835 2540 3904; x_wconf 88' lang='lat' dir='ltr'><strong>Augustinus</strong></span> <span class='ocrx_word' id='word_1_729' title='bbox 2566 3811 2789 3886; x_wconf 69' lang='lat' dir='ltr'><strong>luctuosi</strong></span> <span class='ocrx_word' id='word_1_730' title='bbox 2812 3811 3183 3900; x_wconf 37' lang='lat' dir='ltr'><strong>hujusce‘facti</strong></span> <span class='ocrx_word' id='word_1_731' title='bbox 3207 3831 3395 3886; x_wconf 91' lang='lat' dir='ltr'><strong>dolore</strong></span> <span class='ocrx_word' id='word_1_732' title='bbox 3419 3838 3629 3898; x_wconf 89' lang='lat' dir='ltr'><strong>pressus,</strong></span> <span class='ocrx_word' id='word_1_733' title='bbox 3652 3816 3733 3871; x_wconf 78' lang='lat' dir='ltr'><strong>Cri-</strong></span> 
     </span>
    </p>
   </div>
   <div class='ocr_carea' id='block_1_101' title="bbox 2217 3910 3733 3994">
    <p class='ocr_par' dir='ltr' id='par_1_101' title="bbox 2217 3910 3733 3994">
     <span class='ocr_line' id='line_1_101' title="bbox 2217 3910 3733 3994; baseline -0.01 -15"><span class='ocrx_word' id='word_1_734' title='bbox 2217 3926 2370 3994; x_wconf 89' lang='lat' dir='ltr'><strong>spino</strong></span> <span class='ocrx_word' id='word_1_735' title='bbox 2423 3938 2518 3993; x_wconf 91' lang='lat' dir='ltr'><strong>per</strong></span> <span class='ocrx_word' id='word_1_736' title='bbox 2557 3923 2762 3976; x_wconf 87' lang='lat' dir='ltr'><strong>litteras</strong></span> <span class='ocrx_word' id='word_1_737' title='bbox 2805 3922 3153 3992; x_wconf 82' lang='lat' dir='ltr'><strong>signiﬁcavit,</strong></span> <span class='ocrx_word' id='word_1_738' title='bbox 3217 3937 3278 3977; x_wconf 90' lang='lat' dir='ltr'><strong>se</strong></span> <span class='ocrx_word' id='word_1_739' title='bbox 3326 3919 3532 3990; x_wconf 89' lang='lat' dir='ltr'><strong>quidem</strong></span> <span class='ocrx_word' id='word_1_740' title='bbox 3573 3910 3733 3966; x_wconf 73' lang='lat' dir='ltr'><strong>silice-re</strong></span> 
     </span>
    </p>
   </div>
   <div class='ocr_carea' id='block_1_102' title="bbox 2217 3996 3731 4086">
    <p class='ocr_par' dir='ltr' id='par_1_102' title="bbox 2217 3996 3731 4086">
     <span class='ocr_line' id='line_1_102' title="bbox 2217 3996 3731 4086; baseline -0.01 -16"><span class='ocrx_word' id='word_1_741' title='bbox 2217 4030 2406 4086; x_wconf 68' lang='lat' dir='ltr'><strong>posse,</strong></span> <span class='ocrx_word' id='word_1_742' title='bbox 2429 4025 2485 4069; x_wconf 91' lang='lat' dir='ltr'><strong>ut</strong></span> <span class='ocrx_word' id='word_1_743' title='bbox 2511 4013 2693 4068; x_wconf 85' lang='lat' dir='ltr'><strong>decem</strong></span> <span class='ocrx_word' id='word_1_744' title='bbox 2720 4013 2833 4067; x_wconf 90' lang='lat' dir='ltr'><strong>auri</strong></span> <span class='ocrx_word' id='word_1_745' title='bbox 2863 4013 3056 4083; x_wconf 89' lang='lat' dir='ltr'><strong>pondo,</strong></span> <span class='ocrx_word' id='word_1_746' title='bbox 3089 4013 3287 4083; x_wconf 85' lang='lat' dir='ltr'><strong>quibus</strong></span> <span class='ocrx_word' id='word_1_747' title='bbox 3315 4009 3533 4066; x_wconf 89' lang='lat' dir='ltr'><strong>clericos</strong></span> <span class='ocrx_word' id='word_1_748' title='bbox 3571 3996 3731 4057; x_wconf 70' lang='lat' dir='ltr'><strong>lucreti-</strong></span> 
     </span>
    </p>
   </div>
   <div class='ocr_carea' id='block_1_103' title="bbox 2218 4098 3729 4168">
    <p class='ocr_par' dir='ltr' id='par_1_103' title="bbox 2218 4098 3729 4168">
     <span class='ocr_line' id='line_1_103' title="bbox 2218 4098 3729 4168; baseline -0.013 -8"><span class='ocrx_word' id='word_1_749' title='bbox 2218 4122 2309 4160; x_wconf 85' lang='lat' dir='ltr'><strong>cos</strong></span> <span class='ocrx_word' id='word_1_750' title='bbox 2321 4103 2655 4160; x_wconf 88' lang='lat' dir='ltr'><strong>Theodosius</strong></span> <span class='ocrx_word' id='word_1_751' title='bbox 2678 4103 2977 4168; x_wconf 88' lang='lat' dir='ltr'><strong>mulctarat,</strong></span> <span class='ocrx_word' id='word_1_752' title='bbox 3001 4104 3234 4158; x_wconf 87' lang='lat' dir='ltr'><strong>solveret</strong></span> <span class='ocrx_word' id='word_1_753' title='bbox 3259 4119 3272 4164; x_wconf 90' lang='lat'><strong>;</strong></span> <span class='ocrx_word' id='word_1_754' title='bbox 3303 4099 3456 4155; x_wconf 88' lang='lat' dir='ltr'><strong>malle</strong></span> <span class='ocrx_word' id='word_1_755' title='bbox 3477 4106 3628 4150; x_wconf 87' lang='lat' dir='ltr'><strong>tamen</strong></span> <span class='ocrx_word' id='word_1_756' title='bbox 3644 4098 3729 4142; x_wconf 79' lang='lat' dir='ltr'><strong>eum</strong></span> 
     </span>
    </p>
   </div>
   <div class='ocr_carea' id='block_1_104' title="bbox 2218 4175 3730 4264">
    <p class='ocr_par' dir='ltr' id='par_1_104' title="bbox 2218 4175 3730 4264">
     <span class='ocr_line' id='line_1_104' title="bbox 2218 4175 3730 4264; baseline -0.008 -13"><span class='ocrx_word' id='word_1_757' title='bbox 2218 4197 2528 4261; x_wconf 90' lang='lat' dir='ltr'><strong>admonere,</strong></span> <span class='ocrx_word' id='word_1_758' title='bbox 2553 4204 2612 4249; x_wconf 92' lang='lat' dir='ltr'><strong>ut</strong></span> <span class='ocrx_word' id='word_1_759' title='bbox 2650 4194 2774 4264; x_wconf 90' lang='lat' dir='ltr'><strong>quid</strong></span> <span class='ocrx_word' id='word_1_760' title='bbox 2815 4195 2925 4249; x_wconf 91' lang='lat' dir='ltr'><strong>Deo</strong></span> <span class='ocrx_word' id='word_1_761' title='bbox 2961 4193 3059 4264; x_wconf 89' lang='lat' dir='ltr'><strong>ipsi</strong></span> <span class='ocrx_word' id='word_1_762' title='bbox 3100 4207 3452 4264; x_wconf 84' lang='lat' dir='ltr'><strong>responsurus</strong></span> <span class='ocrx_word' id='word_1_763' title='bbox 3485 4188 3564 4250; x_wconf 88' lang='lat' dir='ltr'><strong>sit,</strong></span> <span class='ocrx_word' id='word_1_764' title='bbox 3599 4175 3730 4252; x_wconf 61' lang='lat' dir='ltr'><strong>proti-</strong></span> 
     </span>
    </p>
   </div>
   <div class='ocr_carea' id='block_1_105' title="bbox 2186 4276 3724 4354">
    <p class='ocr_par' dir='ltr' id='par_1_105' title="bbox 2186 4276 3724 4354">
     <span class='ocr_line' id='line_1_105' title="bbox 2186 4276 3724 4354; baseline -0.012 -10"><span class='ocrx_word' id='word_1_765' title='bbox 2186 4276 2187 4279; x_wconf 27' lang='grc'><em>“</em></span> <span class='ocrx_word' id='word_1_766' title='bbox 2220 4288 2344 4344; x_wconf 90' lang='lat' dir='ltr'><strong>deat</strong></span> <span class='ocrx_word' id='word_1_767' title='bbox 2400 4285 2587 4354; x_wconf 85' lang='lat' dir='ltr'><strong>:quod</strong></span> <span class='ocrx_word' id='word_1_768' title='bbox 2635 4286 2681 4340; x_wconf 88' lang='lat' dir='ltr'><strong>si</strong></span> <span class='ocrx_word' id='word_1_769' title='bbox 2731 4284 2961 4339; x_wconf 80' lang='lat' dir='ltr'><strong>affirmet</strong></span> <span class='ocrx_word' id='word_1_770' title='bbox 2999 4283 3222 4340; x_wconf 92' lang='lat' dir='ltr'><strong>colonos</strong></span> <span class='ocrx_word' id='word_1_771' title='bbox 3269 4278 3627 4352; x_wconf 82' lang='lat' dir='ltr'><strong>Mappalienses</strong></span> <span class='ocrx_word' id='word_1_772' title='bbox 3657 4278 3724 4320; x_wconf 67' lang='lat' dir='ltr'><strong>sua</strong></span> 
     </span>
    </p>
   </div>
   <div class='ocr_carea' id='block_1_106' title="bbox 2220 4361 3721 4448">
    <p class='ocr_par' dir='ltr' id='par_1_106' title="bbox 2220 4361 3721 4448">
     <span class='ocr_line' id='line_1_106' title="bbox 2220 4361 3721 4448; baseline -0.007 -16"><span class='ocrx_word' id='word_1_773' title='bbox 2220 4386 2408 4448; x_wconf 89' lang='lat' dir='ltr'><strong>sponte</strong></span> <span class='ocrx_word' id='word_1_774' title='bbox 2435 4377 2549 4445; x_wconf 91' lang='lat' dir='ltr'><strong>ejus</strong></span> <span class='ocrx_word' id='word_1_775' title='bbox 2573 4375 2870 4444; x_wconf 89' lang='lat' dir='ltr'><strong>suscepisse</strong></span> <span class='ocrx_word' id='word_1_776' title='bbox 2895 4375 3350 4437; x_wconf 89' lang='lat' dir='ltr'><strong>communionem,</strong></span> <span class='ocrx_word' id='word_1_777' title='bbox 3402 4376 3570 4439; x_wconf 86' lang='lat' dir='ltr'><strong>petere</strong></span> <span class='ocrx_word' id='word_1_778' title='bbox 3591 4361 3721 4448; x_wconf 50' lang='lat' dir='ltr'><strong>sed“</strong></span> 
     </span>
    </p>
   </div>
   <div class='ocr_carea' id='block_1_107' title="bbox 2224 4446 3726 4537">
    <p class='ocr_par' dir='ltr' id='par_1_107' title="bbox 2224 4446 3726 4537">
     <span class='ocr_line' id='line_1_107' title="bbox 2224 4446 3726 4537; baseline -0.012 -15"><span class='ocrx_word' id='word_1_779' title='bbox 2224 4446 2354 4537; x_wconf 86' lang='lat' dir='ltr'><strong>ipsis</strong></span> <span class='ocrx_word' id='word_1_780' title='bbox 2396 4466 2746 4536; x_wconf 81' lang='lat' dir='ltr'><strong>praesentibus</strong></span> <span class='ocrx_word' id='word_1_781' title='bbox 2791 4464 3047 4519; x_wconf 88' lang='lat' dir='ltr'><strong>habeatur</strong></span> <span class='ocrx_word' id='word_1_782' title='bbox 3073 4463 3372 4534; x_wconf 88' lang='lat' dir='ltr'><strong>Crispinum</strong></span> <span class='ocrx_word' id='word_1_783' title='bbox 3421 4462 3548 4514; x_wconf 90' lang='lat' dir='ltr'><strong>inter</strong></span> <span class='ocrx_word' id='word_1_784' title='bbox 3582 4459 3627 4506; x_wconf 89' lang='lat' dir='ltr'><strong>et</strong></span> <span class='ocrx_word' id='word_1_785' title='bbox 3656 4446 3726 4500; x_wconf 77' lang='lat' dir='ltr'><strong>All-</strong></span> 
     </span>
    </p>
   </div>
   <div class='ocr_carea' id='block_1_108' title="bbox 2220 4537 3725 4633">
    <p class='ocr_par' dir='ltr' id='par_1_108' title="bbox 2220 4537 3725 4633">
     <span class='ocr_line' id='line_1_108' title="bbox 2220 4537 3725 4633; baseline -0.011 -22"><span class='ocrx_word' id='word_1_786' title='bbox 2220 4557 2488 4627; x_wconf 89' lang='lat' dir='ltr'><strong>gustinum</strong></span> <span class='ocrx_word' id='word_1_787' title='bbox 2517 4555 2584 4609; x_wconf 84' lang='lat' dir='ltr'><strong>de.</strong></span> <span class='ocrx_word' id='word_1_788' title='bbox 2608 4554 2859 4610; x_wconf 73' lang='lat' dir='ltr'><strong>Ecclesia:</strong></span> <span class='ocrx_word' id='word_1_789' title='bbox 2885 4569 3039 4609; x_wconf 89' lang='lat' dir='ltr'><strong>causa</strong></span> <span class='ocrx_word' id='word_1_790' title='bbox 3059 4553 3368 4624; x_wconf 86' lang='lat' dir='ltr'><strong>disputatio,</strong></span> <span class='ocrx_word' id='word_1_791' title='bbox 3389 4558 3442 4606; x_wconf 88' lang='lat' dir='ltr'><strong>et</strong></span> <span class='ocrx_word' id='word_1_792' title='bbox 3459 4559 3565 4617; x_wconf 67' lang='lat' dir='ltr'><strong>quae</strong></span> <span class='ocrx_word' id='word_1_793' title='bbox 3586 4537 3725 4633; x_wconf 60' lang='lat' dir='ltr'><strong>utritll&#39;</strong></span> 
     </span>
    </p>
   </div>
   <div class='ocr_carea' id='block_1_109' title="bbox 2220 4625 3723 4717">
    <p class='ocr_par' dir='ltr' id='par_1_109' title="bbox 2220 4625 3723 4717">
     <span class='ocr_line' id='line_1_109' title="bbox 2220 4625 3723 4717; baseline -0.014 -17"><span class='ocrx_word' id='word_1_794' title='bbox 2220 4625 2323 4717; x_wconf 82' lang='lat' dir='ltr'><strong>que</strong></span> <span class='ocrx_word' id='word_1_795' title='bbox 2351 4645 2614 4710; x_wconf 88' lang='lat' dir='ltr'><strong>dicentur,</strong></span> <span class='ocrx_word' id='word_1_796' title='bbox 2638 4645 2835 4715; x_wconf 87' lang='lat' dir='ltr'><strong>scripta</strong></span> <span class='ocrx_word' id='word_1_797' title='bbox 2859 4654 3016 4714; x_wconf 92' lang='lat' dir='ltr'><strong>atque</strong></span> <span class='ocrx_word' id='word_1_798' title='bbox 3049 4645 3322 4716; x_wconf 87' lang='lat' dir='ltr'><strong>obsignata</strong></span> <span class='ocrx_word' id='word_1_799' title='bbox 3353 4639 3528 4696; x_wconf 84' lang='lat' dir='ltr'><strong>iisdem</strong></span> <span class='ocrx_word' id='word_1_800' title='bbox 3566 4625 3723 4686; x_wconf 82' lang='lat' dir='ltr'><strong>rusticis</strong></span> 
     </span>
    </p>
   </div>
   <div class='ocr_carea' id='block_1_110' title="bbox 2222 4719 3723 4806">
    <p class='ocr_par' dir='ltr' id='par_1_110' title="bbox 2222 4719 3723 4806">
     <span class='ocr_line' id='line_1_110' title="bbox 2222 4719 3723 4806; baseline -0.01 -20"><span class='ocrx_word' id='word_1_801' title='bbox 2222 4737 2411 4806; x_wconf 85' lang='lat' dir='ltr'><strong>punica</strong></span> <span class='ocrx_word' id='word_1_802' title='bbox 2442 4736 2614 4806; x_wconf 88' lang='lat' dir='ltr'><strong>lingua</strong></span> <span class='ocrx_word' id='word_1_803' title='bbox 2639 4744 3002 4805; x_wconf 80' lang='lat' dir='ltr'><strong>exponantur;</strong></span> <span class='ocrx_word' id='word_1_804' title='bbox 3044 4735 3235 4804; x_wconf 85' lang='lat' dir='ltr'><strong>quibus</strong></span> <span class='ocrx_word' id='word_1_805' title='bbox 3286 4729 3524 4804; x_wconf 85' lang='lat' dir='ltr'><strong>peractis,</strong></span> <span class='ocrx_word' id='word_1_806' title='bbox 3551 4719 3636 4777; x_wconf 86' lang='lat' dir='ltr'><strong>illis</strong></span> <span class='ocrx_word' id='word_1_807' title='bbox 3656 4725 3723 4784; x_wconf 74' lang='lat' dir='ltr'><strong>per</strong></span> 
     </span>
    </p>
   </div>
   <div class='ocr_carea' id='block_1_111' title="bbox 2217 4813 3713 4902">
    <p class='ocr_par' dir='ltr' id='par_1_111' title="bbox 2217 4813 3713 4902">
     <span class='ocr_line' id='line_1_111' title="bbox 2217 4813 3713 4902; baseline -0.015 -17"><span class='ocrx_word' id='word_1_808' title='bbox 2217 4829 2524 4899; x_wconf 88' lang='lat' dir='ltr'><strong>Crispinum</strong></span> <span class='ocrx_word' id='word_1_809' title='bbox 2550 4837 2786 4897; x_wconf 91' lang='lat' dir='ltr'><strong>potestas</strong></span> <span class='ocrx_word' id='word_1_810' title='bbox 2814 4828 2923 4893; x_wconf 86' lang='lat' dir='ltr'><strong>ﬁat,</strong></span> <span class='ocrx_word' id='word_1_811' title='bbox 2956 4836 3124 4880; x_wconf 89' lang='lat' dir='ltr'><strong>utram</strong></span> <span class='ocrx_word' id='word_1_812' title='bbox 3147 4826 3330 4891; x_wconf 88' lang='lat' dir='ltr'><strong>velint,</strong></span> <span class='ocrx_word' id='word_1_813' title='bbox 3356 4813 3713 4902; x_wconf 66' lang='lat' dir='ltr'><strong>communionthl</strong></span> 
     </span>
    </p>
   </div>
   <div class='ocr_carea' id='block_1_112' title="bbox 2219 4899 3714 4993">
    <p class='ocr_par' dir='ltr' id='par_1_112' title="bbox 2219 4899 3714 4993">
     <span class='ocr_line' id='line_1_112' title="bbox 2219 4899 3714 4993; baseline -0.014 -18"><span class='ocrx_word' id='word_1_814' title='bbox 2219 4919 2464 4990; x_wconf 89' lang='lat' dir='ltr'><strong>eligendi.</strong></span> <span class='ocrx_word' id='word_1_815' title='bbox 2499 4918 2664 4973; x_wconf 86' lang='lat' dir='ltr'><strong>Addit</strong></span> <span class='ocrx_word' id='word_1_816' title='bbox 2689 4925 2962 4988; x_wconf 70' lang='lat' dir='ltr'><strong>praeterea,</strong></span> <span class='ocrx_word' id='word_1_817' title='bbox 2988 4918 3029 4972; x_wconf 90' lang='lat' dir='ltr'><strong>si</strong></span> <span class='ocrx_word' id='word_1_818' title='bbox 3060 4933 3191 4989; x_wconf 85' lang='lat' dir='ltr'><strong>quas</strong></span> <span class='ocrx_word' id='word_1_819' title='bbox 3209 4918 3364 4973; x_wconf 89' lang='lat' dir='ltr'><strong>etiam</strong></span> <span class='ocrx_word' id='word_1_820' title='bbox 3389 4909 3553 4983; x_wconf 91' lang='lat' dir='ltr'><strong>plebes</strong></span> <span class='ocrx_word' id='word_1_821' title='bbox 3571 4899 3714 4993; x_wconf 63' lang='lat' dir='ltr'><strong>Crispi-</strong></span> 
     </span>
    </p>
   </div>
   <div class='ocr_carea' id='block_1_113' title="bbox 2218 4994 3720 5080">
    <p class='ocr_par' dir='ltr' id='par_1_113' title="bbox 2218 4994 3720 5080">
     <span class='ocr_line' id='line_1_113' title="bbox 2218 4994 3720 5080; baseline -0.017 -15"><span class='ocrx_word' id='word_1_822' title='bbox 2218 5025 2319 5065; x_wconf 90' lang='lat' dir='ltr'><strong>nus</strong></span> <span class='ocrx_word' id='word_1_823' title='bbox 2365 5018 2510 5080; x_wconf 88' lang='lat' dir='ltr'><strong>putet</strong></span> <span class='ocrx_word' id='word_1_824' title='bbox 2552 5019 2693 5063; x_wconf 90' lang='lat' dir='ltr'><strong>metu</strong></span> <span class='ocrx_word' id='word_1_825' title='bbox 2724 5009 3059 5063; x_wconf 91' lang='lat' dir='ltr'><strong>dominorum</strong></span> <span class='ocrx_word' id='word_1_826' title='bbox 3088 5017 3297 5063; x_wconf 91' lang='lat' dir='ltr'><strong>coactas</strong></span> <span class='ocrx_word' id='word_1_827' title='bbox 3325 5021 3354 5058; x_wconf 91' lang='lat' dir='ltr'><strong>a</strong></span> <span class='ocrx_word' id='word_1_828' title='bbox 3389 4994 3638 5057; x_wconf 88' lang='lat' dir='ltr'><strong>Donatistis</strong></span> <span class='ocrx_word' id='word_1_829' title='bbox 3652 4997 3720 5038; x_wconf 77' lang='lat' dir='ltr'><strong>ae-</strong></span> 
     </span>
    </p>
   </div>
   <div class='ocr_carea' id='block_1_114' title="bbox 2217 5081 3717 5170">
    <p class='ocr_par' dir='ltr' id='par_1_114' title="bbox 2217 5081 3717 5170">
     <span class='ocr_line' id='line_1_114' title="bbox 2217 5081 3717 5170; baseline -0.007 -12"><span class='ocrx_word' id='word_1_830' title='bbox 2217 5103 2433 5158; x_wconf 83' lang='lat' dir='ltr'><strong>scivisse</strong></span> <span class='ocrx_word' id='word_1_831' title='bbox 2468 5142 2481 5165; x_wconf 90' lang='lat'><strong>,</strong></span> <span class='ocrx_word' id='word_1_832' title='bbox 2532 5115 2591 5156; x_wconf 87' lang='lat' dir='ltr'><strong>se</strong></span> <span class='ocrx_word' id='word_1_833' title='bbox 2637 5101 2938 5170; x_wconf 88' lang='lat' dir='ltr'><strong>neutiquam</strong></span> <span class='ocrx_word' id='word_1_834' title='bbox 2975 5114 3222 5155; x_wconf 89' lang='lat' dir='ltr'><strong>recusare</strong></span> <span class='ocrx_word' id='word_1_835' title='bbox 3245 5139 3261 5165; x_wconf 88' lang='lat'><strong>,</strong></span> <span class='ocrx_word' id='word_1_836' title='bbox 3299 5095 3421 5168; x_wconf 90' lang='lat' dir='ltr'><strong>quin</strong></span> <span class='ocrx_word' id='word_1_837' title='bbox 3464 5090 3552 5142; x_wconf 89' lang='lat' dir='ltr'><strong>hoc</strong></span> <span class='ocrx_word' id='word_1_838' title='bbox 3591 5081 3717 5148; x_wconf 57' lang='lat' dir='ltr'><strong>ipsum</strong></span> 
     </span>
    </p>
   </div>
   <div class='ocr_carea' id='block_1_115' title="bbox 2215 5177 3715 5262">
    <p class='ocr_par' dir='ltr' id='par_1_115' title="bbox 2215 5177 3715 5262">
     <span class='ocr_line' id='line_1_115' title="bbox 2215 5177 3715 5262; baseline -0.011 -14"><span class='ocrx_word' id='word_1_839' title='bbox 2215 5203 2270 5248; x_wconf 87' lang='lat' dir='ltr'><strong>et</strong></span> <span class='ocrx_word' id='word_1_840' title='bbox 2317 5194 2386 5248; x_wconf 88' lang='lat' dir='ltr'><strong>ibi</strong></span> <span class='ocrx_word' id='word_1_841' title='bbox 2430 5192 2538 5255; x_wconf 85' lang='lat' dir='ltr'><strong>fiat,</strong></span> <span class='ocrx_word' id='word_1_842' title='bbox 2581 5193 2722 5262; x_wconf 91' lang='lat' dir='ltr'><strong>ipsos</strong></span> <span class='ocrx_word' id='word_1_843' title='bbox 2766 5189 2966 5246; x_wconf 86' lang='lat' dir='ltr'><strong>scilicet</strong></span> <span class='ocrx_word' id='word_1_844' title='bbox 3002 5190 3186 5244; x_wconf 86' lang='lat' dir='ltr'><strong>ambos</strong></span> <span class='ocrx_word' id='word_1_845' title='bbox 3214 5187 3434 5262; x_wconf 83' lang='lat' dir='ltr'><strong>audiant,</strong></span> <span class='ocrx_word' id='word_1_846' title='bbox 3475 5178 3617 5244; x_wconf 80' lang='lat' dir='ltr'><strong>iisque</strong></span> <span class='ocrx_word' id='word_1_847' title='bbox 3641 5177 3715 5262; x_wconf 50' lang='lat' dir='ltr'><strong>fl&quot;:</strong></span> 
     </span>
    </p>
   </div>
   <div class='ocr_carea' id='block_1_116' title="bbox 2215 5253 3714 5353">
    <p class='ocr_par' dir='ltr' id='par_1_116' title="bbox 2215 5253 3714 5353">
     <span class='ocr_line' id='line_1_116' title="bbox 2215 5253 3714 5353; baseline -0.001 -16"><span class='ocrx_word' id='word_1_848' title='bbox 2215 5282 2337 5337; x_wconf 90' lang='lat' dir='ltr'><strong>ditis</strong></span> <span class='ocrx_word' id='word_1_849' title='bbox 2385 5253 2763 5353; x_wconf 38' lang='lat' dir='ltr'><strong>eligant&#39;quod</strong></span> <span class='ocrx_word' id='word_1_850' title='bbox 2815 5279 3088 5349; x_wconf 88' lang='lat' dir='ltr'><strong>placuerit.</strong></span> <span class='ocrx_word' id='word_1_851' title='bbox 3135 5278 3334 5347; x_wconf 90' lang='lat' dir='ltr'><strong>Quibus</strong></span> <span class='ocrx_word' id='word_1_852' title='bbox 3372 5259 3426 5327; x_wconf 75' lang='lat' dir='ltr'><strong>ut</strong></span> <span class='ocrx_word' id='word_1_853' title='bbox 3462 5253 3714 5333; x_wconf 61' lang='grc' dir='ltr'><strong>ηερουδθί</strong></span> 
     </span>
    </p>
   </div>
   <div class='ocr_carea' id='block_1_117' title="bbox 2214 5352 3712 5445">
    <p class='ocr_par' dir='ltr' id='par_1_117' title="bbox 2214 5352 3712 5445">
     <span class='ocr_line' id='line_1_117' title="bbox 2214 5352 3712 5445; baseline -0.019 -16"><span class='ocrx_word' id='word_1_854' title='bbox 2214 5352 2521 5445; x_wconf 87' lang='lat' dir='ltr'><strong>Crispinus,</strong></span> <span class='ocrx_word' id='word_1_855' title='bbox 2559 5388 2679 5426; x_wconf 90' lang='lat' dir='ltr'><strong>eum</strong></span> <span class='ocrx_word' id='word_1_856' title='bbox 2724 5386 2818 5440; x_wconf 90' lang='lat' dir='ltr'><strong>per</strong></span> <span class='ocrx_word' id='word_1_857' title='bbox 2864 5371 3143 5424; x_wconf 90' lang='lat' dir='ltr'><strong>Dominum</strong></span> <span class='ocrx_word' id='word_1_858' title='bbox 3185 5368 3439 5424; x_wconf 88' lang='lat' dir='ltr'><strong>Christum</strong></span> <span class='ocrx_word' id='word_1_859' title='bbox 3479 5352 3712 5445; x_wconf 56' lang='lat' dir='ltr'><strong>obtesutlll&#39;</strong></span> 
     </span>
    </p>
   </div>
   <div class='ocr_carea' id='block_1_118' title="bbox 2217 5434 3707 5538">
    <p class='ocr_par' dir='ltr' id='par_1_118' title="bbox 2217 5434 3707 5538">
     <span class='ocr_line' id='line_1_118' title="bbox 2217 5434 3707 5538; baseline -0.008 -22"><span class='ocrx_word' id='word_1_860' title='bbox 2217 5434 2415 5535; x_wconf 67' lang='lat' dir='ltr'><strong>(Epist.</strong></span> <span class='ocrx_word' id='word_1_861' title='bbox 2446 5434 2536 5530; x_wconf 63' lang='lat'><strong>66,</strong></span> <span class='ocrx_word' id='word_1_862' title='bbox 2582 5479 2671 5516; x_wconf 86' lang='lat' dir='ltr'><strong>nn.</strong></span> <span class='ocrx_word' id='word_1_863' title='bbox 2724 5434 2777 5525; x_wconf 56' lang='grc' dir='ltr'>λ,</span> <span class='ocrx_word' id='word_1_864' title='bbox 2815 5461 2850 5514; x_wconf 73' lang='lat'><strong>2</strong></span> <span class='ocrx_word' id='word_1_865' title='bbox 2873 5461 2914 5531; x_wconf 96' lang='lat'><strong>).</strong></span> <span class='ocrx_word' id='word_1_866' title='bbox 2943 5461 3252 5532; x_wconf 89' lang='lat' dir='ltr'><strong>Quanquam</strong></span> <span class='ocrx_word' id='word_1_867' title='bbox 3296 5457 3392 5511; x_wconf 86' lang='lat' dir='ltr'><strong>hoc</strong></span> <span class='ocrx_word' id='word_1_868' title='bbox 3422 5461 3514 5538; x_wconf 80' lang='lat' dir='ltr'><strong>non</strong></span> 
     </span>
    </p>
   </div>
   <div class='ocr_carea' id='block_1_119' title="bbox 2215 5525 3707 5623">
    <p class='ocr_par' dir='ltr' id='par_1_119' title="bbox 2215 5525 3707 5623">
     <span class='ocr_line' id='line_1_119' title="bbox 2215 5525 3707 5623; baseline -0.021 -15"><span class='ocrx_word' id='word_1_869' title='bbox 2215 5525 2487 5623; x_wconf 74' lang='lat' dir='ltr'><strong>Crispinus</strong></span> <span class='ocrx_word' id='word_1_870' title='bbox 2522 5525 2834 5621; x_wconf 67' lang='lat' dir='ltr'><strong>defugere,</strong></span> <span class='ocrx_word' id='word_1_871' title='bbox 2873 5525 3006 5620; x_wconf 38' lang='lat' dir='ltr'><strong>&#39;qui-n</strong></span> <span class='ocrx_word' id='word_1_872' title='bbox 3058 5525 3210 5605; x_wconf 76' lang='lat' dir='ltr'><strong>simul</strong></span> <span class='ocrx_word' id='word_1_873' title='bbox 3261 5561 3317 5601; x_wconf 87' lang='lat' dir='ltr'><strong>se</strong></span> <span class='ocrx_word' id='word_1_874' title='bbox 3367 5535 3493 5596; x_wconf 88' lang='lat' dir='ltr'><strong>haud</strong></span> <span class='ocrx_word' id='word_1_875' title='bbox 3539 5525 3707 5582; x_wconf 65' lang='lat' dir='ltr'><strong>veritam</strong></span> 
     </span>
    </p>
   </div>
   <div class='ocr_carea' id='block_1_120' title="bbox 2214 5624 3702 5717">
    <p class='ocr_par' dir='ltr' id='par_1_120' title="bbox 2214 5624 3702 5717">
     <span class='ocr_line' id='line_1_120' title="bbox 2214 5624 3702 5717; baseline -0.015 -19"><span class='ocrx_word' id='word_1_876' title='bbox 2214 5644 2307 5698; x_wconf 91' lang='lat' dir='ltr'><strong>niti</strong></span> <span class='ocrx_word' id='word_1_877' title='bbox 2337 5646 2629 5699; x_wconf 88' lang='lat' dir='ltr'><strong>declararet</strong></span> <span class='ocrx_word' id='word_1_878' title='bbox 2659 5660 2671 5692; x_wconf 86' lang='lat'>:</span> <span class='ocrx_word' id='word_1_879' title='bbox 2700 5642 2813 5696; x_wconf 89' lang='lat' dir='ltr'><strong>veri</strong></span> <span class='ocrx_word' id='word_1_880' title='bbox 2856 5649 3030 5696; x_wconf 90' lang='lat' dir='ltr'><strong>tamen</strong></span> <span class='ocrx_word' id='word_1_881' title='bbox 3083 5640 3255 5696; x_wconf 86' lang='lat' dir='ltr'><strong>simile</strong></span> <span class='ocrx_word' id='word_1_882' title='bbox 3292 5641 3403 5698; x_wconf 89' lang='lat' dir='ltr'><strong>est,</strong></span> <span class='ocrx_word' id='word_1_883' title='bbox 3445 5624 3702 5717; x_wconf 91' lang='lat' dir='ltr'><strong>illum</strong></span> 
     </span>
    </p>
   </div>
   <div class='ocr_carea' id='block_1_121' title="bbox 2214 5704 3700 5810">
    <p class='ocr_par' dir='ltr' id='par_1_121' title="bbox 2214 5704 3700 5810">
     <span class='ocr_line' id='line_1_121' title="bbox 2214 5704 3700 5810; baseline -0.022 -15"><span class='ocrx_word' id='word_1_884' title='bbox 2214 5736 2465 5795; x_wconf 88' lang='lat' dir='ltr'><strong>ditionem</strong></span> <span class='ocrx_word' id='word_1_885' title='bbox 2526 5735 2743 5791; x_wconf 88' lang='lat' dir='ltr'><strong>minime</strong></span> <span class='ocrx_word' id='word_1_886' title='bbox 2799 5749 2985 5790; x_wconf 89' lang='lat' dir='ltr'><strong>ausum</strong></span> <span class='ocrx_word' id='word_1_887' title='bbox 3045 5734 3284 5810; x_wconf 84' lang='lat' dir='ltr'><strong>accipere</strong></span> <span class='ocrx_word' id='word_1_888' title='bbox 3313 5770 3328 5798; x_wconf 91' lang='lat'><strong>,</strong></span> <span class='ocrx_word' id='word_1_889' title='bbox 3375 5738 3436 5779; x_wconf 90' lang='lat' dir='ltr'><strong>ne</strong></span> <span class='ocrx_word' id='word_1_890' title='bbox 3483 5704 3700 5770; x_wconf 62' lang='grc' dir='ltr'>ιηιιιιιίεξω</span> 
     </span>
    </p>
   </div>
  </div>
