3868 6418
149 347 245 405 313

143 464 315 522 clades
355 461 460 534 Ipsi
510 465 693 523 esset,
749 469 905 528 quam
955 453 1072 525 fuga
1105 495 1117 516 ,
1164 448 1555 522 propudiosior.

735 549 956 608 CAPUT
993 547 1104 602 VII.

153 654 174 709 Ι
201 648 548 708 Controversia
589 645 915 716 Augustinum
940 641 1072 695 inter
1095 655 1155 692 ac
1184 638 1423 694 Seuerum
1459 637 1706 691 Milevita-

209 757 323 797 πω
365 748 576 809 propter
622 734 933 790 Timotheum
977 741 1172 787 exorta.
1216 731 1253 785 2
1304 729 1455 784 Hunc
1499 729 1704 796 Seuero,

211 834 448 890 obstinate
487 832 633 886 illum
667 828 964 898 reposcenti,
1001 825 1154 879 mittit
1178 824 1511 895 Augustinus.
1539 824 1574 878 5
1605 821 1705 875 0r-

216 924 469 980 uatissima
525 921 751 976 laudatio
774 918 1056 990 Augustino
1089 917 1210 970 data
1232 933 1264 970 a
1286 914 1490 971 Seuero.
1525 915 1561 970 4
1597 914 1707 968 Au-

213 1015 390 1088 gustini
406 1013 668 1084 responsio
693 1011 763 1065 ad
786 1010 880 1066 sibi
897 1010 1068 1063 datam
1083 1008 1146 1061 ab
1165 1008 1327 1061 amico
1345 1006 1706 1061 laudationem.

213 1107 246 1163 5
271 1105 596 1162 Necessitudo
619 1112 809 1172 quanta
834 1101 1116 1172 Augustino
1146 1107 1253 1154 erat
1284 1114 1398 1152 cum
1427 1097 1632 1163 Severo,
1662 1106 1710 1152 et

223 1198 382 1270 capita
401 1194 631 1266 quadam
653 1211 720 1249 ea:
740 1193 896 1264 hujus
915 1191 1144 1246 historia.

221 1291 270 1345 l.
293 1289 503 1358 Scripta
547 1295 669 1343 sunt
713 1286 926 1342 circiter
965 1284 1020 1340 id
1063 1284 1316 1354 temporis
1360 1281 1600 1354 epistola
1644 1281 1712 1338 ad

152 1383 386 1438 Severum
422 1379 544 1435 dua
581 1377 780 1450 (Epist.
829 1377 920 1443 62,
956 1385 1002 1431 et
1031 1375 1200 1447 Epist.
1228 1375 1367 1446 65),
1411 1375 1714 1430 Milevitano

152 1473 360 1529 concilio
384 1469 643 1534 nondum,
684 1479 746 1525 ut
765 1476 952 1540 postea
976 1468 1141 1524 visuri
1184 1479 1390 1532 sumus,
1421 1466 1710 1522 celebrato.

153 1566 365 1621 Severus
387 1563 476 1618 ille
495 1563 612 1618 sine
631 1560 1002 1618 controversia
1029 1559 1170 1615 idem
1197 1568 1282 1616 est
1301 1559 1409 1630 qui,
1438 1568 1559 1629 post
1581 1574 1712 1614 exa-

155 1655 320 1712 ctosin
346 1655 672 1710 monasterio
701 1653 980 1723 Augustini
1000 1652 1203 1722 aliquot
1237 1665 1426 1718 annos,
1457 1650 1714 1706 Milevita-

156 1763 243 1804 ηις
265 1746 538 1819 episcopos
566 1754 779 1802 creatus
803 1753 886 1800 est
909 1742 1068 1815 (Vide
1093 1759 1272 1814 supra,
1309 1741 1397 1796 lib.
1429 1742 1484 1809 3,
1510 1758 1626 1813 cap.
1657 1741 1714 1808 5,

159 1858 205 1894 ιι.
226 1839 291 1910 5)
323 1857 337 1894 :
376 1839 429 1893 in
471 1853 573 1908 qua
615 1837 743 1892 sedc
780 1851 890 1892 non
942 1849 1129 1906 parum
1169 1831 1576 1888 existimationis
1605 1830 1716 1902 jam

159 1939 262 1986 tum
295 1929 390 1985 sibi
419 1936 837 1998 comparaverat,
868 1941 991 1982 cum
1016 1924 1294 1981 Paulinum
1337 1924 1453 1993 ejus
1477 1921 1715 1988 nomine,

167 2025 272 2092 ipse
287 2021 349 2077 ad
377 2023 728 2092 episcOpatum
756 2018 931 2074 adhuc
965 2032 1154 2075 recens
1179 2023 1394 2071 evectus
1414 2055 1430 2081 ,
1457 2013 1717 2086 Augusti-

176 2129 268 2169 nus
287 2113 453 2170 amicis
473 2112 644 2168 verbis
687 2109 952 2167 salutabat
977 2105 1184 2180 (Epist.
1216 2107 1307 2173 3i,
1336 2123 1390 2161 n.
1433 2104 1521 2176 9).
1553 2105 1721 2162 Seve-

174 2219 261 2260 rus
277 2218 466 2274 quoque
484 2203 681 2257 litteras
701 2201 769 2257 ad
797 2200 1073 2256 Paulinum
1101 2207 1227 2253 tunc
1249 2196 1547 2253 destinasse
1573 2194 1718 2251 vide-

168 2300 283 2349 tur:
305 2308 413 2348 cum
435 2293 514 2348 hic
535 2293 780 2347 latitiam
807 2305 981 2356 suam,
1009 2289 1081 2346 ob
1124 2296 1373 2359 acceptas
1397 2288 1466 2342 ab
1492 2301 1559 2344 eo
1583 2285 1722 2342 sicut

162 2393 212 2440 et
233 2383 298 2440 ab
329 2383 438 2438 aliis
473 2382 842 2454 compluribus
861 2380 1064 2436 sanctis
1101 2394 1166 2435 ac
1190 2377 1584 2435 venerabilibus
1609 2376 1721 2448 epi-

161 2476 314 2545 scopis
337 2475 567 2540 litteras,
615 2474 926 2530 testiﬁcetur
959 2471 1151 2546 (Epist.
1181 2472 1293 2539 32,,
1321 2489 1378 2526 η.
1409 2468 1494 2544 l).
1528 2469 1720 2526 Profu-

161 2576 288 2621 turus
309 2565 562 2622 Cirtensis
600 2566 878 2636 aliquanto
899 2573 1018 2635 post
1039 2564 1109 2620 ab
1130 2563 1426 2633 Augustino
1449 2560 1548 2616 fuit
1568 2576 1724 2633 roga-

161 2668 249 2724 tus,
275 2666 327 2712 ut
347 2659 458 2728 ejus
485 2661 712 2714 nomine
754 2657 1033 2724 Severum,
1059 2655 1126 2712 ad
1161 2671 1318 2727 quem
1341 2653 1441 2724 ipsi
1469 2670 1564 2725 per
1583 2664 1720 2710 tem-

163 2766 246 2818 pus
267 2765 363 2806 non
384 2752 592 2807 licebat
618 2750 874 2816 scribere,
901 2747 1159 2805 salutaret
1183 2747 1201 2819 (
1224 2745 1390 2817 Epist.
1422 2746 1512 2813 38,
1542 2763 1596 2799 η.
1628 2745 1718 2817 5).

160 2840 316 2897 Ortum
339 2857 486 2898 suum
505 2843 748 2899 Severus
766 2840 940 2897 eidem
962 2839 1079 2897 urbi
1097 2838 1349 2902 debebat,
1368 2847 1524 2907 atque
1543 2837 1722 2908 Augu-

163 2933 323 3001 stinus,
344 2943 397 2989 et
420 2949 523 2989 una
553 2933 722 2988 ambo
749 2932 842 2988 diu
870 2932 1206 3001 multumque
1224 2929 1404 2984 divino
1428 2927 1595 2983 verbo
1621 2942 1720 2998 pa~

163 3023 421 3081 stiluerant
448 3024 668 3101 (Epist.
702 3025 793 3092 84,
819 3042 874 3078 n.
907 3021 974 3096 l)
1011 3041 1024 3079 :
1055 3031 1116 3078 ut
1143 3021 1531 3093 quantumlibet
1551 3020 1724 3075 valeat

164 3130 359 3172 concors
401 3117 630 3173 fraterni
666 3113 1316 3187 sanguinis.germanitas,
1360 3112 1502 3166 nulla
1542 3119 1720 3166 tamen

165 3207 368 3264 vinceret
381 3208 638 3264 amicitia
661 3206 954 3270 vinculum,
981 3219 1088 3276 quo
1115 3203 1216 3258 sibi
1253 3202 1476 3257 invicem
1497 3199 1724 3255 inhaere-

168 3297 287 3352 bant.
310 3297 483 3368 Neque
534 3307 722 3354 tamen
750 3295 802 3351 id
831 3295 1120 3366 prohibuit,
1148 3293 1434 3364 quominus
1463 3292 1602 3346 inter
1627 3305 1722 3346 eos

170 3387 372 3443 nonnihil
396 3387 688 3445 discordia
711 3387 1059 3442 suboriretur.
1082 3385 1190 3440 Res
1210 3383 1422 3454 quidem
1441 3382 1582 3438 haud
1609 3397 1724 3437 me-

173 3478 382 3536 diocriter
422 3482 678 3538 intricata
717 3487 843 3535 est:
877 3487 1244 3534 verumtamen
1281 3477 1383 3532 hoc
1422 3492 1538 3532 eam
1567 3485 1721 3547 pacto

178 3574 375 3640 expediri
409 3591 571 3647 posse
615 3574 958 3630 arbitramur.
996 3573 1241 3642 Creperat
1281 3571 1496 3642 quidam
1539 3571 1722 3625 Timo-

179 3661 307 3720 theus
342 3669 461 3738 apud
490 3667 801 3724 Subsanam
827 3707 843 3732 ,
875 3665 1233 3736 Hipponensis
1260 3663 1574 3729 diacescos,
1599 3677 1726 3718 nec-

174 3768 260 3809 non
297 3757 401 3813 aliis
442 3757 772 3830 quibusdam
806 3757 860 3812 in
887 3756 1144 3812 Ecclesiis
1166 3798 1181 3821 ,
1214 3755 1280 3810 ad
1304 3755 1544 3810 eamdem
1588 3754 1723 3810 forte

171 3844 404 3905 diacesim
438 3851 856 3922 pertinentibus,
905 3849 1115 3920 publice
1158 3847 1462 3919 Scripturas
1518 3849 1718 3918 legere.

171 3935 466 4012 Quapropter
504 3942 558 3998 ei
609 3941 825 3996 lectoris
871 3940 944 3996 ibi
983 3954 1175 3995 munus
1204 3939 1416 4010 adepto,
1463 3938 1531 3993 ad
1566 3938 1722 3993 aliam

172 4022 424 4080 Ecclesiam
485 4024 724 4082 transire
781 4024 982 4079 licitum
1031 4039 1138 4079 non
1182 4032 1315 4080 erat.
1370 4023 1722 4079 Nihilominus

173 4121 317 4171 tamen
333 4117 497 4185 ipsum
517 4116 592 4172 de
612 4115 841 4186 petendo
858 4115 1048 4171 Milevo
1067 4116 1329 4186 cogitasse
1349 4115 1718 4186 intelligimus.

178 4203 322 4262 Vetuit
347 4208 562 4279 quidem
591 4209 825 4264 Severus
850 4223 916 4262 ne
946 4206 1015 4263 ad
1043 4223 1102 4263 se
1125 4207 1315 4274 adiret,
1350 4208 1452 4263 nisi
1479 4224 1604 4263 cum
1629 4224 1721 4263 ve-

177 4296 246 4350 nia
261 4298 586 4365 Carcedonii,
608 4300 698 4371 qui
721 4310 896 4356 utrum
927 4299 1281 4356 Subsanensis
1309 4300 1585 4371 presbyter
1603 4299 1720 4356 fue~

175 4385 247 4450 rit,
270 4404 438 4459 necne,
467 4389 615 4446 haud
644 4390 776 4445 satis
795 4399 1022 4445 constat.
1054 4389 1136 4444 Ad
1164 4389 1310 4445 illum
1341 4399 1519 4445 tamen
1537 4389 1719 4445 Timo-

177 4478 323 4549 theus,
349 4485 540 4540 nullam
559 4483 699 4554 jussi
722 4484 879 4554 hujus
900 4483 1160 4540 rationem
1187 4484 1410 4550 habens,
1434 4498 1532 4538 nec
1557 4484 1721 4553 petito

179 4569 445 4632 Carcedonii
493 4591 762 4633 consensu
785 4617 800 4641 ,
835 4591 893 4631 se
921 4576 1160 4631 contulit.
1187 4577 1357 4646 Atque
1403 4575 1517 4632 hac
1562 4577 1722 4632 tutius

185 4658 265 4717 fuit
279 4663 460 4724 discidii
489 4668 644 4738 origo
675 4666 878 4741 (Epist.
897 4667 985 4733 65,
1014 4684 1103 4720 nn.
1133 4668 1185 4732 l,
1218 4665 1306 4738 2).
1330 4666 1462 4721 Nam
1492 4683 1613 4722 cum
1642 4669 1718 4722 ci-

183 4752 282 4812 dem
303 4757 536 4827 Severus,
568 4769 628 4816 ut
657 4777 754 4830 par
781 4768 918 4827 erat,
959 4768 1144 4815 auctor
1162 4759 1363 4823 luisset,
1395 4768 1451 4814 ut
1489 4759 1556 4814 ad
1581 4759 1720 4816 Sub-

181 4860 332 4906 unam
354 4854 550 4910 rediret
573 4853 688 4909 Deo
712 4852 910 4908 ibidem
927 4852 1342 4916 ministraturus,
1371 4851 1457 4906 hic
1482 4853 1721 4923 interpo-

181 4938 264 4994 sito
283 4942 390 5011 jure
408 4944 634 5014 iurando
659 4943 963 5008 afﬁrmavit,
988 4958 1047 4997 se
1071 4943 1138 4997 ab
1167 4942 1282 5012 ipso
1310 4942 1451 4996 nulla
1483 4958 1714 5012 unquam

182 5039 311 5086 causa
334 5050 662 5091 recessurum
690 5035 708 5106 (
731 5034 896 5104 Epist.
929 5034 1019 5099 62,
1053 5051 1106 5086 n.
1133 5032 1218 5102 2).
1251 5031 1482 5104 Contigit
1503 5042 1676 5089 tamen
1703 5077 1718 5101 ,

183 5121 524 5183 llSubsanam
549 5135 838 5198 repeteret.
869 5125 1078 5181 Interea
1109 5125 1337 5182 Severus
1378 5141 1500 5182 cum
1539 5127 1719 5198 Augu-

187 5209 300 5268 stino
333 5231 626 5275 sermonem
654 5217 895 5281 contulit,
949 5216 1105 5287 idque
1141 5216 1276 5271 forte
1319 5217 1589 5287 Hippone;
1624 5233 1722 5273 nec

187 5300 402 5364 Oballam
435 5312 616 5382 procul
663 5310 828 5365 dubio
852 5324 1090 5376 causam,
1143 5309 1240 5363 nisi
1270 5318 1325 5364 ut
1351 5309 1419 5364 ab
1447 5325 1512 5365 eo
1537 5309 1718 5365 Timo-

189 5391 339 5454 theum
359 5400 686 5473 impetraret.
711 5402 906 5457 Verum
933 5402 1058 5457 dum
1074 5402 1399 5472 Augustinus
1425 5418 1602 5457 secum
1634 5419 1720 5458 re-

189 5491 325 5554 μω,
350 5493 468 5561 quid
489 5493 553 5549 de
577 5494 673 5548 illo
696 5493 1034 5548 statuendum
1063 5493 1152 5558 sit,
1198 5501 1345 5546 ratus
1370 5492 1627 5547 Severum
1649 5509 1716 5548 ex

189 5575 350 5636 collato
367 5583 579 5642 invicem
610 5601 862 5641 sermone
891 5585 1078 5641 adduci
1107 5587 1366 5656 potuisse,
1388 5595 1446 5662 ut
1470 5585 1613 5640 illum
1639 5602 1722 5642 se-

192 5673 290 5721 αω
309 5684 415 5728 esse
441 5684 707 5743 pateretur
731 5719 742 5737 ,
775 5675 1020 5730 eumdem
1056 5676 1312 5730 Subsanm
1341 5675 1720 5733 subdiaconum

140 5791 144 5794 -
195 5755 415 5832 καίωε,
432 5766 537 5836 eius
559 5768 816 5825 Ecclesia
839 5769 1117 5842 presbyter
1136 5777 1191 5828 et
1218 5769 1354 5824 alius
1378 5768 1590 5842 quidam
1619 5770 1719 5828 Vc-

1496 329 1698 389 LIBER
1733 324 2048 398 QUINTUS.

3283 347 3390 408 ω

1811 444 1962 499 riuus
1985 456 2179 516 praeter
2194 451 2474 509 consilium
2502 463 2557 510 et
2583 456 2911 514 voluntatem
2938 456 3238 530 Augustini,
3268 478 3392 533 pro-

1809 547 1998 592 curant
2025 537 2222 612 (Epist.
2247 543 2336 610 65,
2365 560 2416 597 n.
2447 546 2470 600 l
2495 546 2535 615 ).
2563 545 2678 601 Non
2703 549 2772 603 ita
2796 549 2965 604 multo
2994 560 3112 620 post
3136 551 3389 623 August!-

1812 645 1914 685 nus
1959 646 2082 686 cum
2112 633 2304 705 Alypio
2331 645 2384 690 et
2410 637 2659 707 episeopo
2692 639 2966 698 Samsucio
3003 641 3299 700 Subsanam
3328 660 3390 701 se

1812 726 2035 781 contulit
2064 726 2262 797 (Epist.
2306 729 2394 794 62,
2424 747 2480 783 n.
2518 729 2616 802 l),
2642 733 2728 787 ubi
2764 733 2831 788 de
2870 734 2935 789 iis
2969 752 3085 806 qua
3114 752 3206 808 per
3236 752 3387 793 suam

1814 817 2049 888 ipsorum
2070 819 2361 875 absentiam
2384 830 2437 876 et
2456 832 2642 878 contra
2663 825 2983 881 voluntatem
3006 828 3140 883 facta
3162 828 3388 896 fuerant,

1814 910 2108 980 quaestione
2133 910 2329 978 habita,
2364 929 2540 968 rerum
2567 930 2700 985 quas
2726 926 3040 986 acceperant
3056 918 3185 974 alias
3205 918 3384 988 falsas,

1815 1001 1946 1056 alias
1971 1018 2144 1070 veras,
2192 1003 2288 1060 sed
2332 1019 2520 1061 omnes
2562 1007 2814 1062 molestas
2843 1023 2963 1064 esse
2989 1022 3384 1080 compererunt.

1816 1090 2024 1160 Quibus
2053 1102 2228 1150 tamen
2247 1095 2468 1164 mederi,
2500 1099 2674 1168 quoad
2719 1108 2958 1170 potuere,
2995 1103 3184 1172 partim
3210 1104 3392 1174 objur-

1816 1187 2011 1256 gando,
2044 1190 2234 1258 partim
2257 1191 2544 1258 monendo,
2577 1194 2770 1263 partim
2790 1194 2993 1250 orando
3030 1197 3204 1251 conati
3229 1207 3351 1252 sunt
3378 1215 3394 1254 :

1817 1277 2145 1349 objurganda
2192 1281 2404 1350 quidem
2430 1297 2524 1338 eos
2543 1283 2632 1354 qui
2666 1285 2717 1339 in
2749 1285 2850 1341 hoc
2890 1294 3000 1341 toto
3033 1289 3246 1358 negotio
3269 1289 3400 1346 deli-

1819 1376 2069 1438 querant;
2099 1380 2207 1425 tum
2235 1388 2361 1426 vero
2387 1373 2502 1436 hos,
2533 1374 2773 1445 aliosque
2800 1377 3084 1442 monendo,
3116 1377 3241 1448 quid
3264 1378 3394 1450 ipsis

1820 1458 1875 1514 in
1902 1471 2173 1529 posterum
2210 1465 2568 1532 prastandum
2609 1476 2785 1534 esset,
2814 1483 2921 1538 quo
2945 1483 3062 1539 qua
3092 1470 3229 1525 male
3258 1471 3399 1526 facta

1820 1548 2028 1605 fuerant
2056 1553 2472 1623 corrigerentur.
2516 1555 2725 1611 Orando
2752 1567 2939 1626 autent,
2971 1567 3030 1614 ut
3069 1562 3250 1618 verbis
3275 1571 3396 1618 uta-

1821 1657 1942 1696 mur
1974 1643 2273 1713 Augustini,
2302 1646 2609 1701 correximus
2633 1664 2724 1703 nos
2748 1648 2904 1718 ipsos,
2930 1659 2983 1704 ut
3001 1659 3051 1704 ct
3079 1652 3400 1722 gubernatio-

1822 1749 1908 1786 nes
1955 1742 2001 1787 et
2050 1735 2211 1789 exitus
2240 1746 2524 1790 nostrorum
2565 1737 2889 1793 consiliorum
2917 1741 3276 1797 misericordias
3302 1741 3401 1797 Dei

1822 1825 2318 1892 commendarcmus;
2343 1837 2389 1880 et
2416 1829 2460 1881 si
2479 1829 2599 1896 quid
2624 1829 2982 1902 indignationis
3003 1849 3094 1889 nos
3123 1835 3404 1890 momorde-

1823 1927 1922 1983 rat,
1951 1918 2043 1972 sub
2073 1919 2210 1973 illius
2237 1919 2583 1976 medicinalem
2604 1923 2861 1977 dexteram
2885 1926 3217 1997 confugiendo
3241 1943 3397 1981 sana-

1823 2024 1990 2062 remur
2011 2008 2210 2078 (Epist.
2239 2011 2327 2077 65,
2359 2029 2411 2065 n.
2440 2009 2531 2084 2).
2556 2013 2863 2069 Timotheus
2883 2030 3030 2081 vero,
3053 2031 3173 2072 cum
3195 2018 3241 2073 ei
3271 2033 3400 2089 per-

1825 2101 2049 2158 suadere
2065 2103 2378 2170 niterentur,
2397 2113 2455 2159 ut
2478 2121 2546 2160 ne
2570 2120 2600 2159 a
2616 2104 2940 2163 Subsaueusi
2968 2108 3204 2164 Ecclesia
3223 2109 3400 2167 disce-

1825 2192 1996 2261 deret,
2020 2193 2191 2262 palam
2217 2201 2436 2250 testatus
2465 2206 2567 2261 est,
2609 2212 2668 2252 se
2689 2198 3037 2268 jurejurando
3066 2200 3396 2268 promisisse,

1825 2285 1894 2341 ab
1921 2284 2103 2340 Severi
2127 2285 2475 2342 contubernio
2497 2303 2556 2342 se
2580 2304 2848 2358 nunquam
2865 2289 3264 2356 abducendum;
3295 2307 3404 2362 quo

1828 2393 1969 2434 nexu
1997 2378 2099 2433 nisi
2127 2387 2412 2446 teneretur,
2445 2396 2648 2436 morem
2678 2381 2757 2436 eis
2784 2396 2970 2452 gerere
2992 2398 3098 2436 non
3127 2392 3403 2438 recusatu-

1827 2485 1968 2524 rum.
1995 2470 2092 2524 Cui
2119 2471 2287 2525 sancti
2318 2473 2569 2540 prursules
2591 2471 3044 2541 demonstrarunt,
3072 2474 3116 2528 si
3143 2474 3393 2543 Severus,

1829 2560 1976 2614 nullo
2003 2561 2116 2630 ipse
2145 2563 2390 2617 astrictus
2407 2563 2752 2634 jurisjurandi
2780 2565 3011 2634 vinculo,
3042 2581 3165 2622 eum
3194 2583 3292 2622 suo
3316 2583 3407 2624 so-

1828 2651 1996 2706 lutum
2026 2653 2204 2717 vellet,
2228 2655 2662 2725 consentiretque
2684 2665 2740 2710 ut
2771 2655 2972 2711 vitandi
3011 2657 3245 2712 scandali
3275 2673 3405 2730 ergo

1828 2743 1882 2799 in
1921 2745 2160 2800 Subsana
2213 2756 2469 2810 maneret,
2506 2747 2557 2802 id
2588 2749 2685 2817 ipsi
2715 2748 2831 2803 sine
2871 2749 2975 2804 ulla
3007 2750 3226 2820 perjurii
3275 2759 3400 2806 nota

1828 2837 2027 2892 licitum
2051 2837 2405 2906 fore.Quibus
2429 2839 2622 2894 auditis
2649 2840 2700 2894 id
2731 2842 2993 2910 prastitit,
3022 2841 3163 2912 quod
3192 2856 3406 2898 servum

1829 2928 1946 2995 Dei,
1972 2937 2128 2998 atque
2151 2929 2400 2984 Ecclesia
2427 2929 2590 2983 filium
2611 2929 2785 2986 facere
2811 2932 3088 3000 oportebat
3117 2932 3402 2987 :nimirum

1829 3021 2097 3094 pollicitus
2123 3031 2206 3077 est
2233 3037 2291 3076 se
2317 3063 2332 3088 ,
2361 3021 2614 3092 quidquid
2643 3038 2761 3078 cum
2790 3022 2988 3078 Severo
3016 3024 3396 3094 transegissent

1829 3114 2256 3170 observaturum.
2278 3114 2558 3184 Extemplo
2575 3124 2682 3170 tres
2705 3115 2776 3169 illi
2795 3115 3031 3185 episcopi
3049 3116 3248 3171 Severo
3268 3117 3405 3171 scri-

1831 3223 1986 3278 psere
2003 3225 2018 3274 ;
2038 3223 2156 3278 qua
2187 3207 2344 3262 simul
2360 3217 2596 3279 egerant,
2618 3209 2983 3280 signiﬁcavere
3006 3227 3017 3262 :
3041 3225 3102 3264 ac
3115 3224 3209 3280 per
3227 3209 3405 3265 chari-

1828 3307 1991 3354 tatem
2008 3299 2206 3354 Christi
2224 3299 2554 3369 adjuravere,
2567 3308 2624 3354 ut
2638 3315 2756 3372 qua
2773 3299 2914 3354 inter
2926 3315 2986 3355 se
3002 3299 3163 3355 locuti
3183 3309 3336 3354 erant
3354 3300 3408 3357 in

1828 3387 2138 3442 memoriam
2170 3399 2465 3457 revocaret,
2492 3405 2555 3445 ac
2578 3391 2850 3459 rescriptis
2867 3391 2978 3445 suis
2995 3406 3087 3447 eos
3114 3402 3407 3449 recrearet.

1829 3478 2137 3536 Timotheus
2154 3481 2364 3550 quidem
2379 3481 2490 3552 ipse
2507 3497 2611 3537 non
2631 3483 2840 3553 scripsit
2859 3481 2925 3536 ad
2947 3482 3230 3540 Severum:
3253 3483 3408 3554 hujus

1828 3570 1970 3626 enim
1985 3586 2268 3642 germanus
2295 3571 2479 3637 frater,
2503 3573 2653 3644 cujus
2682 3589 2874 3630 nomen
2893 3574 2977 3630 hic
2997 3575 3266 3641 reticetur,
3282 3591 3404 3632 eum

1829 3676 2006 3716 rerum
2036 3662 2275 3717 omnium
2309 3664 2591 3719 certiorem
2624 3665 2848 3720 faciebat
2877 3665 3082 3738 (Epist.
3114 3666 3204 3734 62,
3228 3683 3279 3720 n.
3306 3663 3406 3735 2).

1899 3753 1954 3808 2.
1995 3753 2256 3810 Al'fectum
2294 3770 2353 3810 se
2382 3755 2570 3825 injuria
2607 3756 2840 3813 Severus
2867 3758 3211 3824 existimavit,
3242 3759 3406 3829 quod,

1827 3859 1935 3915 quo
1952 3854 2190 3914 tempore
2218 3845 2556 3902 Timotheum
2576 3849 2826 3904 Ecclesia
2846 3863 2956 3904 sua:
2981 3849 3198 3905 concedi
3230 3859 3411 3920 postu-

1830 3935 1990 4000 labat,
2022 3951 2088 3990 eo
2110 3941 2224 4005 ipso
2255 3936 2608 3993 Subsanensis
2650 3939 3004 3995 subdiaconus
3041 3949 3182 3996 esset
3206 3942 3406 3996 consti-

1832 4036 1994 4083 tutus.
2027 4029 2075 4082 ls
2102 4028 2259 4098 igitur
2284 4029 2335 4083 iu
2375 4045 2468 4083 sua
2494 4029 2844 4101 responsione
2889 4031 3200 4100 significavit
3226 4032 3405 4086 mirari

1829 4133 1908 4183 se,
1939 4118 2327 4174 ordinationem
2356 4119 2517 4182 illam,
2545 4135 2702 4189 quam
2734 4121 2830 4175 sibi
2865 4120 3146 4191 displicere
3187 4122 3405 4191 proﬁte-

1829 4211 2042 4279 bantur,
2078 4212 2308 4268 tolerare
2336 4229 2428 4267 eos
2468 4212 2634 4278 velle;
2666 4229 2786 4267 cum
2830 4221 3005 4268 tamen
3033 4213 3295 4271 admissus
3321 4231 3407 4270 cr-

1830 4317 1920 4357 ror
1948 4311 2128 4372 posset
2159 4302 2364 4358 reddito
2409 4303 2626 4358 demum
2661 4303 2943 4360 Timotheo
2971 4305 3261 4360 enicndari.
3296 4305 3406 4360 llac

1829 4392 2012 4449 Severi
2039 4403 2234 4460 mente,
2262 4395 2376 4450 sive
2402 4410 2470 4450 cx
2491 4395 2630 4450 illius
2659 4411 2934 4464 responso,
2961 4395 3072 4450 sive
3092 4410 3156 4449 eo
3179 4395 3402 4450 necdum

1828 4498 2047 4558 accepto
2089 4497 2385 4558 perspecta,
2428 4498 2572 4542 ratus
2606 4496 2690 4542 est
2727 4487 3081 4558 Augustinus,
3113 4487 3253 4540 nulla
3301 4488 3404 4542 alia

1828 4579 2034 4633 ratione
2061 4594 2180 4634 cum
2205 4595 2270 4634 eo
2294 4580 2492 4632 servari
2532 4594 2686 4648 posse
2715 4579 3050 4644 charitatem,
3072 4594 3230 4648 quam
3257 4579 3300 4633 si
3317 4579 3406 4634 Ti-

1828 4670 2074 4725 motheus
2123 4669 2187 4722 ad
2233 4685 2353 4723 eum
2400 4671 2777 4723 remitteretur.
2806 4669 2939 4724 Tum
2984 4685 3112 4740 ergo
3155 4669 3298 4725 dedit
3336 4670 3403 4726 ad

1828 4777 1950 4818 cum
1995 4761 2292 4831 epistolam,
2323 4761 2472 4831 cujus
2500 4760 2639 4816 istud
2672 4770 2754 4816 est
2798 4762 3076 4816 exordium
3110 4781 3124 4817 :
3158 4762 3218 4818 Si
3239 4763 3407 4817 dicant

1827 4871 1939 4924 qua:
1964 4870 2042 4907 me
2068 4855 2180 4922 ipsa
2203 4869 2353 4908 causa
2375 4853 2505 4923 cogit
2528 4853 2713 4919 dicere,
2737 4853 2821 4907 ubi
2849 4853 2943 4907 erit
2979 4854 3264 4922 sollicitudo
3284 4855 3409 4908 cha-

1829 4946 2030 4998 ritatis?
2057 4944 2118 4999 Si
2145 4953 2311 4998 autem
2335 4961 2435 4998 non
2465 4945 2651 5010 dicam,
2690 4945 2772 4999 ubi
2797 4947 2886 4999 erit
2907 4945 3108 5001 libertas
3134 4946 3407 5002 uitiicitiat.’

1839 5035 2186 5091 Verumtamen
2211 5039 2462 5106 ﬂuctuans
2488 5039 2688 5091 interim
2724 5039 2849 5109 elegi
2874 5056 2950 5092 me
2973 5057 3190 5111 purgare
3217 5042 3401 5110 potius,

1826 5145 1977 5198 quam
2016 5139 2061 5181 te
2103 5145 2314 5199 arguere
2342 5128 2531 5199 (Ερὶιι.
2561 5129 2648 5191 (i5,
2677 5146 2730 5181 η.
2764 5130 2840 5195 1).
2872 5129 3060 5184 Postea
3101 5131 3218 5198 vim,
3246 5146 3404 5200 quam

1827 5221 1880 5276 in
1929 5221 2028 5276 hac
2065 5236 2223 5276 causa
2268 5220 2478 5285 inierat,
2525 5221 2781 5276 rationem
2826 5221 3039 5276 reddit:
3069 5223 3404 5292 subjicitque,

1828 5313 2039 5368 tametsi
2085 5312 2277 5382 ipsum,
2320 5311 2458 5381 quod
2502 5311 2551 5366 ei
2595 5295 2930 5367 Timotheum
2971 5313 3256 5378 remiserit,
3299 5325 3403 5366 non

1825 5405 2110 5475 poeniteat;
2143 5419 2360 5474 sperare
2377 5413 2551 5457 tamen
2573 5418 2649 5465 sc,
2673 5404 2902 5458 futurum
2932 5413 2989 5458 ut
3018 5405 3062 5458 is
3086 5419 3264 5458 coram
3293 5403 3404 5457 Deo

1825 5495 2148 5560 consideret,
2182 5508 2288 5548 non
2323 5509 2478 5564 posse
2516 5508 2544 5546 a
2581 5509 2848 5564 quoquam
2895 5494 3110 5548 alterius
3152 5491 3402 5546 Ecclesia

1826 5585 2075 5641 clericum
2109 5584 2206 5638 hac
2233 5585 2445 5638 obtenta
2475 5585 2652 5653 specie
2675 5585 2910 5647 retineri,
2941 5581 3079 5652 quod
3107 5582 3191 5634 hic
3218 5580 3284 5634 ab
3307 5581 3400 5636 illo

1826 5694 2092 5745 nunquam
2133 5692 2191 5730 se
2235 5692 2568 5732 recessurum
2593 5676 2883 5745 juraverit,
2908 5673 3031 5742 quin
3075 5684 3297 5742 magnus
3336 5672 3401 5727 ad

1831 5766 2250 5842 labefactandam
2282 5766 2532 5830 Ecclesia
2552 5766 2880 5835 disciplinam
2907 5762 3174 5834 aperiatur
3193 5761 3365 5836 aditus
3385 5781 3400 5822 :
