3868 6392
518 437 774 489 mettsem,
790 422 883 479 sed
904 423 1133 495 spatium
1146 420 1400 493 temporis
1418 419 1624 491 insigne
1638 418 1903 490 quoddam
1921 418 1989 474 ab
2007 417 2095 472 illa

525 515 825 586 tyrannide,
856 531 973 586 quae
998 516 1097 571 sub
1132 515 1289 569 ﬁnem
1321 513 1445 567 anni
1470 511 1830 568 trecentesimi
1860 525 2094 582 nonage-

531 607 654 661 simi
682 608 855 663 octavi
878 607 1057 673 desiit,
1078 607 1349 662 el'ﬁuxisse
1368 604 1682 675 signiﬁcant.
1705 603 1817 670 Qua
1844 603 2097 659 observa-

524 696 669 752 tione
682 696 1105 768 Baronii'opinio,
1120 697 1308 751 librum
1323 697 1468 751 illum
1481 696 1756 764 Augustini
1774 710 1915 751 anno
1925 695 2097 751 eidem

526 803 686 859 supra
714 791 1141 846 trecentesimum
1169 790 1511 861 nonagesimo
1536 799 1723 844 octavo
1743 790 2061 860 assignantis
2079 830 2095 856 ,

524 879 762 935 funditus
789 881 1061 935 evertitur.
1075 878 1300 936 Silentio
1316 881 1647 950 praeterimus
1661 889 2100 937 commemoratas

526 972 580 1025 in
622 971 808 1026 eodem
849 971 984 1026 libro
1014 972 1155 1042 leges
1184 972 1400 1027 Honorii
1439 972 1506 1027 de
1546 972 1915 1028 subvertendis
1945 971 2100 1027 idolis

522 1057 576 1132 (1
581 1060 708 1123 bid.,
730 1076 776 1114 c.
794 1059 885 1127 92,
897 1077 950 1114 n.
963 1060 1089 1131 202)
1101 1061 1222 1115 anui
1236 1062 1591 1118 trecentesimi
1605 1061 1927 1132 nonagesimi
1950 1061 2096 1115 noni.

595 1150 834 1221 Denique
875 1151 1223 1217 Felicianum,
1274 1154 1476 1209 omisso
1524 1154 1865 1219 Prmtextato,
1905 1155 2100 1224 saepius

529 1244 803 1299 nominat:
829 1244 971 1315 quod
1000 1246 1297 1302 certissime
1329 1246 1551 1311 evincit,
1580 1246 1719 1303 hunc
1756 1247 1865 1317 jam
1908 1261 1941 1301 e
1966 1246 2101 1301 vivis

522 1333 719 1389 abiisse
751 1349 913 1389 :cum
942 1343 1119 1392 tamen
1160 1353 1302 1402 eum,
1348 1353 1454 1408 quo
1506 1346 1743 1408 tempore
1773 1338 2100 1409 Augustinus

522 1424 590 1481 ad
611 1425 938 1482 Generosum
961 1428 1059 1483 sub
1070 1428 1335 1485 Anastasii
1363 1429 1668 1499 pontiﬁcatu
1695 1430 1980 1496 scribebat,
2000 1428 2098 1484 ad-

522 1521 629 1571 huc
647 1518 989 1587 superstitem
1032 1520 1194 1576 fuisse
1218 1522 1509 1577 viderimus
1525 1521 1716 1595 (Epist.
1743 1523 1834 1587 55,
1861 1539 1917 1577 n.
1948 1522 2025 1595 6).

596 1605 650 1659 2.
684 1607 835 1674 Quod
863 1618 1042 1666 autem
1068 1610 1134 1666 ad
1160 1626 1375 1667 causam
1407 1614 1595 1668 attinet
1620 1614 1843 1670 secundi
1868 1614 1989 1669 libri
2007 1614 2099 1669 ad-

527 1709 715 1751 versus
735 1696 1068 1765 Petilianum,
1100 1702 1247 1761 exiis
1264 1719 1381 1773 quae
1407 1717 1563 1773 supra
1583 1703 1816 1759 diximus
1842 1705 1989 1760 licuit
2018 1705 2101 1759 in-

524 1787 1073 1859 tclligere,epistolam
1102 1793 1169 1847 ab
1198 1793 1299 1848 hoc
1316 1792 1546 1849 Cirtensi
1576 1794 1964 1849 Donatistarum
1985 1796 2101 1866 epi-

524 1890 690 1945 scopo
738 1881 1088 1950 conscriptam
1116 1882 1373 1938 adversus
1398 1884 1718 1950 Ecclesiam,
1743 1886 1912 1956 primo
1932 1886 2102 1942 sancti

526 1966 767 2025 Doctoris
793 1971 928 2026 libro
952 1974 1235 2031 refutatam
1263 1976 1446 2043 fuisse,
1472 1994 1575 2031 non
1605 1987 1781 2033 tamen
1812 1980 2099 2049 integram;

524 2060 718 2130 quippe
760 2063 911 2133 cujus
952 2066 1179 2136 aliquam
1237 2076 1439 2123 tantum
1471 2078 1696 2137 partem,
1739 2071 2101 2141 prementibus

524 2166 643 2205 eam
673 2153 859 2210 sedulo
885 2157 1189 2224 Donatistis,
1225 2161 1323 2231 ipsi
1354 2162 1532 2231 legere
1555 2164 1879 2234 contigisset.
1904 2164 2101 2219 Verum

524 2243 671 2300 irrita
717 2248 924 2305 illorum
955 2252 1232 2319 industria,
1276 2254 1491 2311 tandem
1519 2255 1801 2325 aliquando
1832 2257 1883 2311 in
1920 2257 2101 2327 Augu~

524 2336 647 2391 stini
678 2354 865 2397 manus
891 2350 997 2396 tota
1027 2346 1287 2413 pervenit.
1316 2344 1447 2399 Nam
1472 2346 1744 2400 Cirtenses
1771 2346 1984 2415 quidam
2008 2362 2101 2401 ra-

526 2426 704 2484 tltolici
734 2432 999 2488 inventam
1030 2436 1195 2501 illam,
1220 2437 1643 2505 exscriptamque
1670 2437 1842 2492 eidem
1864 2438 2103 2493 transmio

524 2528 711 2573 serunt
730 2520 939 2591 (Contra
960 2523 1080 2577 Litt.
1101 2523 1275 2590 Petil.,
1300 2524 1385 2579 lib.
1402 2525 1457 2593 2,
1476 2543 1523 2580 c.
1545 2528 1594 2590 1,
1614 2528 1726 2591 η.1;
1750 2527 1827 2583 De
1845 2528 1986 2583 Unit.
2002 2527 2102 2584 Ec-

523 2606 669 2674 cles.,
694 2626 746 2662 n.
768 2612 816 2675 l;
839 2612 1026 2668 Contra
1045 2613 1385 2682 Cresconium,
1402 2618 1488 2671 lib.
1505 2619 1555 2684 1,
1579 2620 1689 2682 σ.1,
1705 2637 1759 2673 n.
1776 2622 1831 2691 1)
1849 2638 1862 2674 :
1879 2622 1968 2691 qui
1990 2630 2100 2677 sta-

529 2696 621 2751 tim
654 2709 709 2753 ut
740 2700 814 2756 illi
841 2704 1109 2761 cumulate
1137 2709 1504 2779 responderet,
1544 2725 1669 2765 suos
1696 2720 1804 2767 tum
1831 2712 1897 2767 de
1924 2713 2099 2768 Trini-

527 2799 657 2858 tate,
692 2802 797 2848 tum
830 2797 883 2853 in
912 2797 1157 2855 Genesim
1188 2802 1352 2858 libros
1404 2803 1681 2874 interrupit
1712 2804 1981 2873 (Retract.,
2012 2806 2099 2860 tib.

525 2891 582 2958 2,
614 2908 728 2961 cap.
756 2892 870 2962 25).
905 2890 1025 2946 Non
1055 2894 1190 2964 quia,
1224 2896 1393 2966 inquit
1413 2896 1753 2967 Augustinus,
1794 2898 1881 2952 ille
1921 2915 2102 2952 novum

524 2983 716 3054 aliquid
733 2985 874 3047 dicit,
914 2985 997 3039 cui
1019 3002 1119 3040 non
1150 2988 1263 3056 jam
1284 2989 1454 3042 multis
1475 2989 1636 3043 modis
1661 2999 1709 3044 et
1733 3006 1867 3058 stepe
1895 3007 2102 3061 respon-

525 3091 637 3129 sum
664 3085 774 3141 est;
804 3076 893 3131 sed
922 3086 1127 3145 propter
1147 3079 1391 3132 tardiores
1420 3084 1619 3148 fratres,
1651 3081 1737 3148 qui
1765 3098 1844 3145 ea,
1875 3098 1990 3150 quis
2002 3083 2099 3136 ali-

528 3167 641 3219 cubi
684 3167 914 3236 legerint,
937 3166 1006 3219 ad
1048 3169 1217 3221 omnia
1246 3170 1391 3238 paria
1434 3172 1623 3239 referre
1650 3186 1750 3223 non
1777 3180 2005 3239 possunt,
2032 3172 2105 3226 ita

528 3271 717 3308 morem
742 3272 914 3325 geram
932 3257 1023 3319 eis,
1048 3258 1135 3323 qui
1163 3274 1242 3312 me
1259 3259 1462 3311 omnino
1489 3259 1557 3311 ad
1574 3259 1776 3329 singula
1804 3261 2105 3327 respondere

529 3344 874 3413 compellunt;
913 3354 969 3398 ut
1012 3348 1153 3415 quasi
1178 3347 1384 3401 alternis
1412 3350 1721 3402 sermonibus
1761 3353 1813 3403 in
1838 3354 2106 3421 prasentia

529 3435 851 3490 disseramus.
881 3436 1042 3489 Verba
1068 3454 1132 3491 ea:
1149 3436 1382 3506 Epistola
1401 3439 1509 3508 ejus
1531 3455 1717 3509 ponant
1744 3440 1836 3493 sub
1867 3442 1976 3511 ejus
2004 3458 2101 3496 no-

532 3527 685 3592 mine,
714 3536 761 3579 et
804 3528 1178 3596 responsionem
1202 3529 1412 3582 reddant
1439 3530 1531 3583 sub
1570 3546 1679 3584 meo
1722 3532 1957 3597 nomine;
1988 3542 2103 3587 tan-

534 3632 703 3685 quam,
733 3634 847 3670 cum
862 3635 1148 3688 ageremus,
1189 3636 1221 3673 a
1249 3622 1457 3674 notariis
1475 3633 1681 3690 excepta
1709 3623 1826 3677 sint.
1853 3622 1935 3677 lta
1963 3641 2106 3681 nemo

531 3709 643 3775 erit,
672 3711 757 3779 qui
786 3727 864 3764 nte
886 3712 1078 3781 aliquid
1102 3713 1496 3783 pratermisisse,
1529 3723 1618 3767 aut
1641 3724 1843 3786 propter
1862 3716 2105 3773 indiscre-

535 3809 611 3853 tas
628 3817 865 3869 personas
885 3820 939 3857 se
964 3819 1062 3857 non
1093 3804 1313 3873 potuisse
1331 3804 1609 3875 intelligere
1631 3818 1965 3875 conqueratur
1993 3823 2011 3861 :
2038 3809 2110 3862 si-

534 3893 643 3946 mul
669 3896 818 3947 etiam
839 3904 893 3949 ut
917 3896 1069 3950 iidem
1097 3896 1194 3965 ipsi
1220 3895 1518 3963 Donatistae,
1550 3898 1636 3968 qui
1662 3914 1832 3951 coram
1852 3901 2109 3955 nobiscum

533 3983 773 4039 disserere
816 3986 1030 4053 nolunt,
1060 4004 1149 4056 per
1170 3988 1381 4054 litteras,
1412 4005 1537 4058 quas
1586 3991 1691 4044 suis
1718 3991 1998 4057 ediderunt,
2038 3993 2109 4046 ita

535 4090 634 4129 non
664 4075 905 4146 eﬁ'ugiant
940 4079 1319 4149 respondentem
1360 4080 1455 4133 sibi
1488 4080 1558 4133 ad
1584 4080 1785 4152 singula
1832 4083 2105 4149 veritatem,

536 4174 773 4233 tanquam
800 4166 1052 4221 nobiscum
1084 4170 1211 4238 facie
1228 4169 1296 4222 ad
1320 4170 1499 4241 faciem
1529 4172 1877 4241 colloquantur
1902 4171 2109 4241 (Contra

534 4255 713 4323 Petil.,
755 4258 840 4311 lib.
876 4258 933 4325 2,
968 4275 1015 4312 c.
1051 4260 1102 4327 1,
1132 4277 1185 4314 n.
1224 4262 1300 4329 1).
1333 4262 1530 4317 Eadem
1572 4264 1776 4318 ratione
1807 4264 2110 4319 refellendis

536 4347 711 4403 Fausti
739 4348 889 4404 libris
903 4364 1032 4406 usus
1056 4350 1244 4405 fuerat.
1269 4350 1406 4406 Infra
1423 4353 1634 4423 quidem
1660 4354 1841 4411 dolere
1864 4370 1923 4411 se
1946 4365 2109 4411 testa-

530 4448 640 4506 tur,
668 4440 808 4511 quod
838 4442 935 4496 sibi
964 4458 1184 4498 necesse
1206 4443 1640 4499 sitdissolvendis
1670 4448 1819 4516 nugis
1861 4448 2111 4503 immora-

536 4535 603 4599 ri,
626 4550 692 4589 ne
716 4535 851 4590 forte
877 4536 1102 4591 inﬁrmis
1129 4536 1394 4605 negotium
1413 4537 1693 4603 lacessant,
1726 4540 1906 4609 eisque
1934 4541 2111 4609 lapsus

534 4625 869 4679 occasionem
915 4628 1186 4694 praebeant
1210 4626 1394 4693 (Ibid.,
1424 4645 1468 4681 c.
1487 4627 1577 4693 92,
1603 4645 1657 4682 n.
1698 4628 1828 4700 209)
1864 4648 1876 4683 :
1909 4638 1965 4683 at
1988 4631 2110 4685 dili-

534 4715 808 4785 gentiailla
829 4718 997 4771 multo
1016 4720 1190 4773 minus
1215 4719 1335 4787 ipsi,
1358 4735 1514 4790 quam
1529 4720 1834 4785 Donatistis,
1854 4722 2112 4778 molestia:

537 4803 807 4859 aﬂ‘erebat.
835 4805 1122 4863 Petilianus
1147 4811 1289 4863 enim
1309 4825 1414 4879 quo
1429 4825 1487 4866 se
1504 4820 1735 4867 verteret
1752 4828 1855 4868 non
1887 4813 2109 4881 habens,

537 4892 602 4947 ad
630 4893 944 4949 calumniam
969 4896 1223 4967 confugit,
1251 4901 1628 4972 contenditque
1662 4918 1784 4957 eum
1810 4906 2111 4974 responsio~

537 4998 659 5038 nem
687 4998 835 5037 suam
884 4986 939 5039 in
987 4986 1209 5042 formam
1263 4991 1515 5061 colloquii
1567 5009 1670 5049 non
1692 4996 1808 5051 sine
1837 4998 2113 5053 mendacio

536 5073 907 5139 concinnasse,
953 5076 1091 5145 quod
1141 5095 1407 5150 nunquam
1460 5098 1734 5139 sermones
1763 5087 1898 5141 inter
1926 5104 1985 5143 se
2010 5089 2111 5143 mi-

536 5163 818 5229 scuissent.
841 5164 974 5229 Quid
999 5168 1266 5237 faciamus,
1307 5171 1475 5241 inquit
1510 5173 1854 5243 Augustinus,
1898 5178 2113 5233 homini-

533 5254 644 5321 bus,
675 5257 760 5323 qui
789 5257 888 5312 tale
908 5274 994 5312 cor
1014 5260 1215 5328 habent,
1239 5272 1327 5316 aut
1359 5280 1464 5330 eos,
1494 5266 1672 5335 quibus
1702 5269 1890 5339 scripta
1912 5286 2007 5324 sua
2029 5272 2109 5325 in-

538 5359 790 5403 notescere
815 5349 1058 5418 cupiunt,
1091 5352 1190 5407 tale
1222 5370 1307 5408 cor
1331 5356 1512 5409 habere
1530 5359 1800 5427 opinantur
1839 5360 1939 5430 (De
1971 5360 2111 5417 Unit.

542 5440 760 5503 Eccles.,
792 5457 844 5493 n.
886 5438 976 5511 i)?
1005 5441 1131 5497 limo
1169 5444 1327 5514 igitur
1365 5446 1463 5501 fuit
1489 5462 1669 5514 causa,
1702 5465 1797 5505 cur
1822 5452 1874 5506 in
1901 5453 2113 5508 Petilia-

536 5547 663 5587 num
694 5531 886 5587 librum
907 5533 1197 5589 secundum
1218 5538 1495 5604 scriberet,
1525 5550 1579 5596 et
1604 5558 1724 5597 cum
1741 5544 1953 5613 quidem
1981 5546 2112 5603 satis

536 5622 821 5693 prolixum.
858 5621 912 5677 In
925 5638 992 5678 eo
1018 5625 1157 5680 enim
1186 5628 1357 5698 ipsum
1378 5645 1587 5702 quoque
1606 5635 1843 5705 epistola:
1868 5637 2112 5693 Petiliani

538 5717 770 5793 initium,
800 5714 946 5792 quod
967 5720 1078 5794 jam
1114 5722 1284 5795 primo
1330 5736 1427 5781 suo
1455 5725 1588 5781 libro
1618 5727 1887 5794 refutarat,
1920 5729 2111 5789 iterum

2186 206 2227 221 -r
2336 204 2387 225 ενι

1626 303 1787 360 VITA
1825 304 1879 361 S.
1919 298 2283 360 AUGUSTINI
2321 298 2640 375 EPISCOPl.
3606 320 3685 379 ω

2201 411 2372 467 diluit.
2401 412 2565 468 Batus
2593 427 2755 483 porro
2776 423 2878 479 est,
2904 428 3021 486 qua:
3051 416 3103 471 in
3128 417 3350 476 medium
3367 421 3599 497 afferebat,
3618 434 3685 489 ad.

2200 519 2267 561 eo
2288 504 2677 576 Scripturarum
2706 506 3017 563 auctoritate
3039 508 3241 564 ﬁrmata
3264 525 3377 568 esse
3408 518 3576 582 omnia.
3595 532 3640 577 ut
3664 540 3685 580 ι

2202 598 2437 664 nemine,
2456 598 2557 654 nisi
2574 599 2665 670 qui
2687 598 2868 655 divino
2894 600 3059 656 verbo
3103 615 3220 658 sese
3244 603 3495 663 inimicum
3527 608 3686 671 deum

2202 688 2377 753 tiaret,
2392 690 2570 761 negari
2599 699 2833 761 possent.
2854 690 3036 762 Neque
3059 693 3214 748 etiam
3234 692 3474 753 dubitavit
3501 713 3687 762 asserere

2202 794 2318 847 eos,
2341 781 2429 850 qui
2460 780 2606 850 prius
2636 780 2914 851 epistolam
2940 782 3176 838 Petiliani
3228 784 3426 855 plurimi
3465 787 3686 862 faciebant,

2204 871 2436 940 perlecta
2485 870 2724 941 ejusdem
2766 871 3142 937 confutatione,
3171 874 3240 930 ab
3267 884 3380 931 utra
3413 889 3545 948 parte
3572 892 3691 942 staret

2202 964 2419 1031 veritas,
2445 964 2656 1019 tandem
2684 964 2976 1036 agnituros.
3013 963 3213 1033 Quibus
3237 976 3403 1023 tamen
3426 969 3641 1041 Petiliani,
3659 979 3689 1033 si

2204 1055 2419 1126 quidem
2440 1057 2569 1112 velit
2585 1056 2863 1126 epistolam
2892 1072 3041 1113 suam
3070 1056 3368 1127 defendere,
3392 1062 3603 1120 audiendi
3624 1080 3689 1136 po-

2203 1154 2448 1204 testatem
2464 1164 2567 1203 non
2586 1149 2791 1204 adimit.

2274 1240 2328 1296 3.
2376 1240 2580 1297 interea
2619 1240 2859 1299 ﬁdelibus
2884 1240 2952 1297 ad
2998 1256 3110 1298 sua:
3147 1242 3531 1315 dispensationis
3563 1261 3693 1304 curam

2204 1332 2589 1401 pertinentibus
2608 1332 2797 1389 eodem
2817 1332 2982 1389 ferme
3000 1344 3256 1404 tempore,
3276 1352 3379 1407 quo
3400 1337 3545 1393 edidit
3562 1354 3697 1396 seum-

2202 1422 2329 1477 dum
2357 1422 2547 1477 librum
2568 1422 2620 1476 in
2642 1422 2975 1488 Petilianum,
2999 1433 3055 1479 et
3072 1432 3350 1497 antequam
3377 1428 3517 1483 tertio
3540 1445 3696 1485 manum

2204 1512 2530 1579 admoveret,
2557 1513 2832 1582 epistolam
2857 1514 3069 1583 scripsit
3097 1514 3233 1571 bene
3260 1516 3457 1587 longam
3476 1560 3489 1584 ,
3510 1518 3581 1589 cui
3602 1536 3699 1576 nunc

2205 1604 2344 1659 libro
2385 1604 2463 1659 De
2508 1604 2555 1659 U
2559 1606 2712 1660 nitate
2758 1604 3002 1662 Ecclesiae
3035 1608 3217 1663 titulus
3266 1618 3364 1664 est.
3407 1610 3477 1666 lbi
3512 1611 3699 1668 Ecclesia

2205 1694 2480 1751 catholicae
2518 1696 2793 1751 veritatem
2819 1698 3133 1754 auctoritate
3160 1699 3531 1769 Scripturarum
3557 1703 3697 1757 contir-

2204 1797 2336 1856 mat,
2364 1788 2626 1859 simulque
2654 1788 2982 1844 demonstrat
3006 1791 3136 1863 nihil
3174 1807 3243 1846 ex
3266 1792 3368 1847 illis
3386 1832 3402 1859 ,
3424 1793 3551 1864 quod
3571 1809 3698 1850 somni

2205 1880 2398 1947 faciat,
2447 1880 2747 1935 Donatistas
2786 1880 3026 1950 proferre
3069 1898 3229 1954 posse
3260 1901 3273 1937 :
3303 1898 3419 1938 cum
3464 1901 3522 1941 es
3559 1886 3699 1955 apertis

2205 1972 2522 2028 testimoniis
2546 2012 2560 2037 ,
2592 1972 2734 2026 nulla
2774 1981 2957 2027 contra
2987 1988 3080 2029 eos
3116 1990 3221 2029 non
3264 1984 3513 2046 pugnent;
3536 1976 3590 2031 ad
3620 1992 3701 2047 pro-

2204 2063 2432 2119 bandam
2471 2073 2647 2120 autem
2689 2080 2834 2131 rem,
2880 2065 2949 2121 de
2995 2082 3095 2136 qua
3140 2071 3486 2125 controversia
3512 2078 3596 2136 est,
3630 2084 3701 2125 non

2204 2157 2415 2213 valeant
2435 2156 2701 2228 ambigua,
2728 2157 2811 2212 vel
2832 2157 3076 2226 obscura,
3106 2159 3241 2215 sicut
3273 2177 3367 2217 nec
3393 2160 3628 2231 allegorice
3646 2160 3702 2215 di-

2203 2257 2309 2304 cta.
2337 2248 2539 2316 Quibus
2582 2258 2757 2304 tamen
2786 2249 3055 2304 Donatista
3094 2252 3305 2321 quidam
3340 2254 3588 2324 episcopus
3614 2252 3701 2321 Hip-

2203 2354 2344 2409 pone
2372 2340 2511 2395 inter
2534 2339 2950 2395 concionandum
2993 2356 3119 2395 usus
3139 2383 3155 2409 ,
3185 2342 3344 2399 miras
3382 2342 3476 2398 sibi
3496 2352 3705 2415 pepererat

2205 2429 2613 2484 acclamationes
2639 2444 2857 2497 eorum,
2899 2430 2989 2499 qui
3023 2431 3257 2500 speciem
3286 2448 3317 2487 a
3358 2433 3514 2489 solido
3538 2448 3621 2488 non
3648 2448 3705 2488 se-

2204 2529 2513 2587 cernentes,
2557 2521 2754 2591 aliquid
2784 2522 2905 2576 novi
2942 2522 2993 2576 in
3030 2537 3139 2577 suae
3167 2533 3325 2580 sectae
3350 2525 3551 2595 gratiam
3578 2524 3705 2579 afferri

2204 2610 2535 2666 laetabantur.
2569 2611 2719 2666 Patet
2754 2628 2966 2682 quoque
2996 2613 3299 2669 Donatistas
3335 2617 3552 2685 proferre
3574 2615 3706 2669 solitos

2203 2708 2409 2771 patrata
2434 2716 2530 2771 per
2566 2717 2692 2757 suos
2727 2703 3011 2771 miracula,
3054 2704 3312 2762 beneﬁcia
3352 2706 3415 2761 ad
3454 2714 3706 2762 mortuorum

2205 2809 2421 2849 suorum
2452 2796 2737 2849 memorias
2779 2796 3118 2865 precantibus
3159 2798 3393 2865 indulta,
3427 2799 3526 2853 visa
3554 2798 3707 2853 tandem

2205 2888 2318 2943 suis
2334 2887 2647 2958 quibusdam
2670 2888 2880 2943 cmlitus
2907 2889 3164 2943 immissa.
3189 2890 3538 2945 Removeantur
3548 2892 3638 2954 ista,
3657 2890 3709 2943 in—

2204 2980 2319 3051 quit
2359 2981 2713 3050 Augustinus,
2755 2982 2832 3035 vel
2870 2982 3110 3051 ﬁgmenta
3146 2984 3457 3039 mendacium
3495 2984 3707 3043 hominum,

2204 3072 2283 3126 vel
2307 3080 2533 3141 portenta
2554 3071 2815 3139 fallaciam
2839 3073 3126 3142 spirituum.
3144 3074 3248 3127 Aut
3269 3075 3396 3129 enim
3414 3091 3506 3129 non
3521 3082 3617 3129 sunt
3631 3085 3710 3126 tera

2205 3179 2318 3233 qua:
2336 3164 2587 3228 dicuntur,
2609 3172 2696 3217 aut
2716 3164 2761 3218 si
2781 3164 3129 3218 hwreticorum
3153 3165 3326 3234 aliqua
3346 3166 3466 3219 mira
3486 3168 3600 3237 facta
3613 3170 3710 3215 sunt.

2207 3254 2367 3324 magis
2414 3268 2586 3307 cavere
2637 3252 2870 3308 debemus
2899 3270 2919 3308 :
2942 3254 3079 3326 quod
3126 3271 3245 3309 cum
3296 3256 3492 3310 dixisset
3528 3251 3713 3308 Domina

2205 3342 2450 3413 quosdam
2477 3346 2672 3411 futuros
2710 3360 2815 3398 esse
2852 3345 3082 3414 fallaces,
3125 3346 3213 3415 qui
3256 3346 3488 3401 nonnulla
3511 3345 3636 3415 signa
3659 3343 3713 3412 ft-

2206 3433 2403 3498 ciendo,
2430 3434 2581 3487 etiam
2619 3434 2821 3500 electos,
2864 3435 2909 3488 si
2942 3435 3055 3504 fieri
3083 3445 3273 3505 posset,
3310 3436 3559 3508 fallerent;
3581 3430 3716 3501 adjecit

2206 3524 2515 3578 vehementer
2554 3524 2929 3591 commendans,
2954 3535 3000 3579 et
3024 3526 3094 3578 ait
3126 3544 3138 3579 :
3169 3544 3187 3576 ι
3215 3526 3344 3581 Ecce
3360 3525 3556 3597 praedici
3578 3521 3712 3577 δοθέν

2209 3616 2430 3687 (Matth.
2463 3634 2609 3685 utv,
2639 3615 2767 3690 25.)
2798 3615 2963 3673 Porro
2990 3618 3035 3671 si
3054 3618 3238 3687 aliquis
3254 3620 3305 3672 in
3326 3619 3717 3674 haereticorum-

2210 3712 2385 3765 moriis
2430 3728 2581 3765 orans
2609 3710 2904 3777 exauditur,
2942 3728 3044 3765 non
3072 3728 3165 3781 pro
3210 3713 3385 3766 merito
3417 3711 3535 3775 loci,
3561 3708 3633 3763 sed
3655 3718 3717 3774 pro

2210 3804 2387 3857 metito
2422 3804 2654 3858 desiderii
2677 3804 2757 3858 sui
2789 3804 2962 3873 recipit
2988 3806 3088 3860 sive
3115 3806 3331 3872 bonum,
3364 3806 3459 3860 sive
3480 3796 3719 3858 malimult't

2212 3896 2357 3950 multi
2381 3897 2510 3949 irato
2542 3896 2649 3949 Deo
2677 3895 3048 3963 exaudiuntur;
3071 3907 3118 3951 et
3161 3899 3333 3952 multis
3370 3896 3593 3969 propitius
3625 3890 3719 3944 Deut

2212 4002 2314 4040 non
2342 3986 2516 4040 tribuit
2541 3987 2675 4055 quod
2694 3987 2884 4053 volunt,
2913 3996 2967 4040 ut
2990 3988 3123 4057 quod
3142 3988 3266 4042 utile
3288 3998 3359 4043 est
3378 3988 3565 4042 tribuat.
3583 3982 3719 4037 Nam

2212 4078 2425 4148 legimus
2468 4078 2529 4129 ab
2567 4079 2677 4148 ipso
2713 4077 2933 4132 Domino
2972 4077 3081 4133 Deo
3122 4081 3393 4136 nonnullos
3432 4076 3656 4136 exauditos
3685 4071 3721 4123 in

2212 4170 2420 4223 excelsis
2446 4170 2692 4225 montium
2717 4170 2916 4225 Judwa:
2934 4186 2952 4235 ;
2971 4186 3084 4238 qua:
3111 4181 3279 4226 tamen
3303 4172 3491 4227 excelsa
3511 4171 3572 4223 ita
3593 4162 3721 4233 displi-

2212 4261 2384 4315 cebant
2409 4261 2535 4329 Deo,
2559 4272 2613 4316 ut
2638 4272 2683 4317 et
2706 4279 2845 4332 reges
2867 4262 2953 4331 qui
2980 4279 3038 4316 ea
3066 4278 3169 4317 non
3197 4272 3485 4327 everterent,
3506 4258 3717 4329 culpam'

2214 4367 2296 4410 tur
2317 4397 2329 4420 ,
2361 4364 2407 4409 et
2448 4355 2533 4425 qui
2561 4363 2866 4420 everterent,
2904 4354 3269 4411 laudarentur?
3295 4355 3439 4411 Unde
3472 4347 3717 4418 intelligit".

2212 4448 2375 4518 magis
2404 4446 2567 4499 valere
2593 4446 2801 4515 petentis
2827 4444 3063 4511 affectum
3080 4486 3094 4511 ,
3132 4463 3284 4516 quam
3312 4444 3550 4518 petitionis
3582 4440 3720 4494 locum.

2214 4540 2293 4595 De
2328 4540 2447 4593 visis
2487 4548 2653 4592 autem
2695 4538 2963 4608 fallacibus
3004 4539 3171 4610 legant
3200 4556 3312 4611 qua:
3346 4540 3526 4611 scripta
3547 4540 3669 4595 sunt,
3691 4533 3722 4579 tl

2214 4632 2333 4701 quia
2358 4632 2465 4701 ipse
2491 4639 2693 4683 satanas
2718 4630 3059 4700 {transﬁgurat
3096 4647 3149 4685 se
3173 4640 3408 4702 tanquam
3444 4626 3646 4698 angelum
3667 4620 3722 4672 lt-

2214 4724 2286 4778 cis
2338 4720 2416 4794 (ll
2445 4722 2561 4775 Cor.
2592 4736 2644 4775 XI
2665 4762 2679 4787 ,
2710 4720 2842 4792 M),
2879 4729 2924 4776 et
2951 4722 3070 4793 quia
3092 4722 3279 4777 multos
3314 4722 3595 4778 seduxerunt
3621 4726 3722 4768 εοπι·

2215 4816 2301 4869 nia
2322 4831 2417 4868 sua
2442 4811 2643 4886 (Eccli.
2671 4828 2831 4868 xxxrv
2850 4854 2863 4878 ,
2885 4811 2978 4885 7).
3010 4814 3231 4868 Audiant
3259 4815 3408 4868 etiam
3444 4825 3547 4881 qua:
3571 4811 3724 4859 norm“

2218 4905 2419 4977 Pagani
2457 4906 2519 4957 de
2542 4905 2741 4975 templis
2769 4913 2816 4959 et
2839 4904 2939 4959 diis
2962 4906 3066 4959 suis
3095 4905 3387 4960 mirabiliter
3422 4902 3492 4957 vel
3520 4903 3650 4972 facta.
3673 4890 3725 4943 εει

2216 5000 2341 5053 visa.
2362 4996 2719 5052 Exaudiantur
2738 5013 2853 5068 ergo
2874 4996 3019 5050 multi
3044 5006 3091 5051 et
3106 4996 3275 5051 multis
3296 4996 3473 5060 modis,
3500 5008 3588 5047 non
3604 4985 3725 5079 salluii

2217 5089 2490 5145 Christiani
2517 5086 2771 5152 catholici,
2798 5088 2885 5141 sed
2904 5097 2949 5141 et
2970 5087 3190 5159 Pagani,
3210 5098 3256 5142 et
3274 5086 3462 5151 Juda'i,
3484 5094 3525 5138 et
3538 5074 3722 5135 haeretici.

2218 5180 2369 5234 variis
2393 5177 2644 5233 erroribus
2684 5186 2731 5231 et
2755 5177 3192 5248 superstitionibus
3224 5177 3399 5232 dediti.
3427 5169 3725 5229 Exauditnttur
3810 5214 3813 5231 τ

2218 5279 2385 5323 autem
2404 5269 2480 5323 vel
2503 5267 2564 5321 ab
2584 5266 2840 5338 spiritibus
2862 5267 3236 5334 seductoribus;
3260 5268 3345 5337 qui
3370 5276 3525 5320 tamen
3546 5253 3727 5349 nillil

2219 5362 2373 5425 ciunt,
2405 5361 2504 5415 nisi
2533 5360 2901 5430 permittantur,
2924 5358 3031 5414 Deo
3053 5359 3327 5415 sublimiter
3348 5366 3491 5426 atque
3513 5342 3728 5415 ineffabili.

2220 5460 2293 5506 ter
2309 5450 2574 5521 judicante
2600 5448 2723 5521 quid
2747 5453 2922 5519 cuique
2958 5448 3274 5505 tribuendum
3302 5450 3404 5510 sit;
3440 5446 3533 5499 sive
3564 5439 3619 5533 ab
3646 5435 3726 5533 ipso

2219 5541 2327 5597 Deo
2345 5584 2360 5608 ,
2388 5543 2463 5597 vel
2487 5542 2555 5595 ad
2595 5557 2793 5612 pinnam
2820 5542 3054 5608 malitia,
3086 5542 3163 5596 vel
3199 5540 3266 5593 ad
3292 5537 3517 5593 solatium
3541 5530 3725 5583 miserim

2219 5635 2295 5691 vel
2316 5634 2385 5687 ad
2404 5633 2793 5687 admonitionem
2808 5633 3089 5703 quarendte
3110 5631 3285 5687 salutis
3297 5638 3502 5716 (sternte.
3518 5620 3587 5676 Ad

2221 5741 2334 5786 vero
2363 5724 2577 5781 salutem
2604 5740 2663 5778 ac
2688 5724 2839 5780 vitam
2866 5733 3105 5780 aeternam
3137 5737 3278 5778 nemo
3301 5715 3534 5793 pervenit.
3561 5708 3643 5764 ηίέ
3664 5712 3725 5775 ‘1'“
