3868 6416
169 549 312 605 habet
339 555 480 617 caput
521 546 791 603 Christum.
831 545 1026 601 Habere
1071 555 1237 600 autem
1270 553 1422 617 caput
1453 545 1705 601 Christum

168 655 306 695 nemo
325 638 516 708 poterit,
541 638 638 692 nisi
678 638 765 706 qui
801 638 853 691 in
891 638 999 707 ejus
1027 653 1234 708 corpore
1257 637 1409 706 fuerit
1432 678 1448 702 ,
1471 639 1606 708 quod
1633 645 1706 691 est

165 732 400 794 Ecclaia,
423 746 566 795 quam
587 731 716 783 sicut
753 731 916 801 ipsum
953 739 1104 800 caput
1139 731 1192 782 in
1216 729 1494 799 Scripturis
1516 729 1705 784 sanctis

165 821 394 876 canonicis
425 819 651 872 debemus
697 835 963 889 agnoscere
980 860 995 886 ,
1035 834 1136 872 non
1168 820 1222 872 in
1255 819 1406 872 variis
1445 819 1703 872 hominum

162 911 420 964 umoribus
440 919 487 963 et
507 910 824 979 opinionibus
849 919 896 963 et
921 911 1068 980 factis
1087 919 1132 964 et
1151 910 1298 964 dictis
1325 921 1372 963 et
1397 910 1515 964 uisis
1538 910 1702 978 inqui-

163 1019 263 1058 rere
275 1002 367 1075 (Ds
382 1000 573 1057 Unitate
589 1000 752 1069 Eccl.,
771 1018 816 1055 c.
833 1002 919 1067 18,
938 1019 990 1056 n.
1006 1002 1116 1075 46).
1135 1003 1246 1058 Hac
1261 1003 1314 1058 in
1329 1003 1550 1072 epistola
1566 1003 1702 1058 Pre-

164 1102 392 1147 textatum
415 1093 781 1147 Assuritanum
819 1093 870 1146 in
899 1093 1291 1148 Donatistarum
1329 1093 1701 1150 communione

161 1183 261 1253 jam
285 1183 402 1238 diem
438 1182 662 1248 obiisse,
695 1183 1019 1238 Felicianum
1055 1194 1233 1240 autem
1272 1185 1612 1240 Mustitanum
1645 1185 1699 1240 in

163 1272 334 1329 adem
354 1271 500 1327 adhuc
520 1272 716 1342 degere
733 1272 993 1343 signiﬁcat
1013 1273 1198 1344 (Ibid.,
1223 1292 1276 1328 n.
1305 1274 1414 1346 46).
1438 1275 1554 1340 Quo
1580 1276 1699 1332 loco

158 1365 219 1418 de
239 1364 660 1433 persecutionibus
687 1364 793 1434 agit
823 1364 1022 1437 (Ibid.,
1055 1383 1109 1420 η.
1139 1367 1263 1437 55),
1288 1367 1534 1437 leguntur
1561 1383 1697 1422 non-

158 1456 306 1519 nulla,
332 1471 435 1528 quae
459 1458 664 1511 tametsi
690 1457 756 1512 ad
787 1458 1006 1513 Honorii
1035 1459 1176 1530 leges
1196 1461 1319 1514 anni
1347 1460 1700 1531 quadringen-

158 1548 312 1602 tesimi
347 1548 502 1618 quinti
545 1548 735 1604 referri
775 1559 1002 1620 queant,
1043 1552 1309 1621 pertinere
1348 1560 1594 1622 putamus
1631 1553 1699 1608 ad

158 1639 428 1707 superiores
455 1639 580 1692 alias
600 1679 616 1704 ,
654 1655 776 1709 qua:
811 1641 895 1696 vel
936 1642 989 1694 in
1019 1641 1321 1698 Donatistae
1350 1643 1660 1697 nominatim
1679 1684 1696 1711 ,

159 1730 229 1784 vel
255 1730 524 1798 generatim
553 1729 606 1783 in
631 1731 848 1799 quosvis
872 1731 1156 1786 haereticos
1185 1732 1529 1802 promulgatae
1553 1741 1695 1786 sunt.

162 1821 374 1876 Petiliam
410 1836 530 1876 sane
575 1821 1014 1890 responsionem,
1059 1839 1177 1892 qua:
1221 1823 1375 1878 tertio
1421 1823 1698 1893 Augustini

161 1921 326 1966 contra
345 1926 453 1967 eum
476 1912 611 1967 libro
638 1909 964 1979 confutatur,
983 1913 1215 1968 nondum
1246 1913 1452 1968 viderat
1480 1923 1696 1968 sanctus

170 2002 358 2068 Doctor,
385 2018 489 2058 cum
513 2003 650 2058 istud
675 2019 811 2073 opus
831 2005 1129 2074 composuit
1155 2023 1167 2058 :
1195 2003 1620 2074 quandoquidem
1643 2003 1698 2058 in

177 2093 280 2163 ejus
302 2095 492 2151 exordio
521 2111 548 2148 a
570 2095 832 2150 Petiliano
862 2095 1124 2165 postulat,
1162 2104 1220 2149 ut
1259 2097 1342 2150 vel
1367 2095 1538 2150 eidem
1575 2094 1699 2150 huic

173 2189 323 2258 operi,
347 2190 418 2243 vel
446 2188 612 2258 primis
639 2188 851 2244 duobus
873 2197 1056 2242 contra
1079 2189 1244 2259 ipsius
1270 2188 1472 2242 litteras
1493 2188 1639 2242 libris
1665 2202 1696 2241 a

167 2293 222 2334 se
240 2279 372 2334 editis
394 2279 715 2350 respondeat.
747 2279 881 2346 Quia
908 2295 1067 2349 porro
1090 2280 1141 2334 id
1175 2289 1298 2335 ante
1327 2281 1568 2349 praestitit
1595 2280 1696 2336 Pe-

165 2375 362 2442 tilianus,
382 2391 528 2446 quam
554 2378 848 2432 secundum
877 2391 1032 2432 suum
1059 2378 1250 2432 librum
1276 2379 1528 2433 adversus
1549 2378 1696 2432 illum

159 2465 430 2522 absolvisset
476 2469 802 2538 Augustinus
835 2469 853 2541 (
886 2468 1307 2524 Retractationum
1347 2470 1432 2524 lib.
1467 2471 1536 2537 2,
1580 2488 1695 2542 cap.

157 2554 269 2626 9.5);
296 2557 490 2612 nonnisi
517 2557 754 2628 ejusdem
785 2560 956 2628 primo
981 2560 1150 2628 potuit
1175 2561 1496 2630 respondere
1521 2561 1541 2631 (
1564 2559 1698 2615 Con-

159 2658 224 2702 tra
245 2648 437 2704 Litteras
466 2649 731 2714 Petiliani,
758 2651 846 2704 lib.
871 2651 925 2717 5,
954 2668 1007 2704 n.
1042 2653 1065 2706 1
1089 2652 1129 2722 ).
1165 2653 1301 2722 Ergo
1328 2651 1548 2721 hujusce
1575 2651 1697 2706 libri

161 2738 278 2795 locos
311 2741 589 2796 nonnullos
629 2741 1067 2812 aggrediebatur;
1099 2743 1292 2812 quibus
1336 2752 1512 2796 tamen
1554 2743 1698 2797 nullo

162 2841 289 2898 pacto
324 2830 676 2886 satisfaciebat
708 2849 722 2886 :
749 2831 1051 2900 complures
1078 2846 1204 2886 vero
1233 2832 1454 2887 intactos
1483 2847 1699 2902 prorsus

162 2920 396 2976 omittebat
419 2922 440 2992 (
469 2919 633 2988 Ibid.,
658 2939 746 2976 nn.
768 2922 840 2977 22
856 2964 872 2987 ,
899 2921 988 2988 23,
1011 2921 1182 2977 60-62
1209 2923 1249 2992 ).
1284 2925 1360 2977 Ac
1391 2923 1696 2978 nominatim

165 3011 234 3064 ubi
252 3010 310 3066 ad
334 3013 468 3067 illam
503 3013 650 3068 venit
675 3014 1044 3084 quaestionem,
1067 3012 1174 3069 Cur
1197 3014 1699 3070 Maximianistarum

165 3101 429 3172 baptismum
477 3120 618 3176 quos
663 3106 1050 3162 damnaverant
1095 3116 1479 3177 susceperunt,
1529 3108 1702 3162 omnis

165 3207 259 3248 eum
282 3196 421 3251 etiam
442 3196 700 3250 simulata
724 3211 900 3267 pugna
930 3195 1124 3252 defecit
1148 3213 1162 3262 ;
1187 3212 1284 3250 nec
1303 3197 1426 3252 inde
1453 3213 1513 3252 se
1535 3197 1700 3252 extri-

167 3299 263 3341 care
285 3288 455 3352 valuit,
497 3288 598 3343 nisi
627 3289 694 3342 ad
742 3289 1032 3344 secundum
1078 3304 1234 3360 quem
1264 3289 1608 3358 pollicebatur
1634 3289 1701 3344 li-

169 3373 289 3430 brum
311 3379 622 3434 remittendo
648 3377 849 3450 (Ibid.,
881 3397 935 3434 n.
963 3379 1033 3434 42
1051 3381 1093 3451 ).

228 3469 274 3522 ι.
293 3469 499 3526 Tandem
536 3487 665 3526 cum
693 3481 943 3542 expertus
967 3482 1144 3538 esset,
1175 3481 1372 3528 tantam
1402 3487 1521 3527 esse
1562 3473 1702 3528 circa

183 3571 320 3612 causa:
341 3573 469 3632 caput
496 3562 836 3618 debilitatem
864 3576 1036 3629 suam,
1066 3563 1193 3618 illud
1220 3563 1470 3619 deserere
1499 3564 1700 3618 maluit.

183 3645 397 3720 Siulque
414 3654 575 3724 elegit
600 3653 878 3708 materiam
897 3695 911 3717 ,
941 3654 1030 3708 ubi
1058 3655 1222 3724 ipsius
1253 3655 1555 3725 eloquentia
1586 3671 1706 3725 par-

180 3737 281 3792 tium
301 3756 483 3797 suarum
513 3743 745 3798 asseclis
771 3743 940 3813 magis
959 3744 1290 3813 probaretur.
1324 3745 1388 3799 Hi
1415 3761 1574 3815 porro
1599 3756 1706 3802 tam

177 3827 521 3898 implacabiliter
553 3843 745 3888 sancto
771 3835 986 3889 Prassuli
1016 3835 1205 3891 infensi
1235 3845 1384 3890 erant
1404 3877 1419 3900 ,
1467 3845 1525 3891 ut
1565 3838 1708 3906 quis-

177 3919 269 3986 quis
288 3921 331 3976 in
353 3923 456 3992 ejus
471 3925 702 3994 gratiam
724 3925 1050 3994 loqueretur,
1081 3924 1182 3980 hoc
1203 3927 1317 3995 ipso
1347 3926 1490 3980 illum
1510 3926 1706 3982 inimici

176 4007 268 4064 loco
289 4011 538 4071 haberent.
575 4013 911 4085 Quapropter
951 4015 1197 4070 eumdem
1228 4031 1322 4086 pro
1347 4016 1580 4071 Ecclesia
1605 4059 1622 4084 ,
1652 4017 1706 4072 in

179 4112 300 4166 quam
328 4104 437 4172 quid
465 4105 676 4160 diceret
701 4120 811 4160 non
842 4106 1174 4172 inveniebat,
1219 4105 1524 4172 substituit;
1552 4115 1710 4178 atque

180 4197 229 4242 eo
245 4204 374 4259 pacto
395 4195 465 4262 ﬁt,
488 4205 546 4251 ut
577 4211 699 4251 cum
722 4197 1019 4265 Augustino
1044 4196 1338 4266 loquamur,
1371 4214 1567 4251 summa
1593 4198 1705 4252 ino-

181 4280 458 4353 piscopiosus
478 4287 496 4356 (
517 4285 685 4350 Ibid.,
704 4303 758 4339 n.
783 4285 856 4340 24
877 4285 917 4357 ).
942 4285 1077 4340 Iram
1103 4300 1251 4340 suam
1275 4301 1486 4340 omnem
1516 4287 1568 4341 in
1588 4303 1710 4342 eum

183 4371 773 4442 vertit(Rctractationum
797 4376 884 4430 lib.
903 4375 960 4442 2,
992 4393 1107 4446 cap.
1132 4375 1263 4448 25).
1299 4376 1430 4430 Eum
1463 4377 1709 4432 innume-

184 4459 241 4514 ris
256 4467 475 4522 muriciis
489 4468 751 4539 proscidit
778 4466 1000 4538 (Contra
1021 4467 1240 4523 Litteras
1265 4468 1518 4532 Petiliani,
1545 4469 1630 4523 lib.
1653 4471 1708 4535 5,

189 4567 231 4604 ιι.
253 4555 304 4609 17
319 4557 352 4629 ).
371 4559 466 4616 Sed
485 4577 606 4617 cum
635 4561 803 4616 multa
825 4561 893 4616 de
917 4562 1032 4630 ipso
1055 4561 1353 4624 etl'utiisset,
1385 4560 1512 4614 nihil
1534 4570 1712 4617 tamen

195 4639 322 4710 dixit,
344 4651 430 4706 nisi
457 4653 598 4722 quod
626 4652 711 4708 vel
742 4659 886 4708 esset
913 4651 1132 4707 omnino
1163 4650 1348 4706 falsum
1375 4693 1389 4716 ,
1419 4650 1503 4705 vel
1529 4667 1711 4720 repre-

152 4790 164 4804 .
195 4730 550 4797 Ilentiolienulla
577 4743 818 4812 dignum,
851 4751 941 4796 aut
968 4742 1154 4805 saltem
1197 4741 1263 4796 ad
1307 4756 1427 4796 eum
1467 4749 1588 4810 post
1626 4757 1715 4797 ac-

156 4833 352 4902 ῖωριιω
373 4831 618 4903 Baptismi
643 4835 868 4904 gratiam
895 4835 1040 4888 nullo
1073 4833 1234 4888 modo
1263 4832 1569 4902 pertineret.
1600 4833 1714 4900 Qua

160 4909 167 4930 '
192 4909 234 4969 in
253 4932 302 4972 te
323 4919 589 4979 Petilianus
611 4924 870 4991 judicium
913 4923 1146 4994 neglexit
1173 4923 1510 4979 cordatorum
1539 4921 1712 4976 homi-

193 5015 326 5075 λιιι,
357 5014 439 5082 qui
466 5014 611 5070 illum
660 5031 765 5070 non
810 5015 879 5070 cb
906 5013 1045 5068 aliud
1067 5055 1079 5078 ,
1106 5029 1262 5083 quam
1288 5013 1356 5068 ob
1399 5013 1716 5069 inﬁrmitatis

195 5101 377 5169 Potitia:
393 5108 788 5173 conscientiam,
811 5107 1080 5176 negotium
1105 5107 1330 5176 quodam
1357 5105 1518 5161 modo
1546 5105 1715 5175 publi-

196 5195 486 5262 “privato
503 5197 679 5268 jurgio
699 5209 903 5253 mutare
937 5207 1090 5253 erant
1114 5197 1518 5267 deprehensuri.
1546 5198 1603 5252 lu
1634 5198 1715 5253 vi-

198 5282 298 5346 ¹³111.
331 5299 474 5353 quam
501 5288 825 5358 Augustinus
864 5298 990 5343 ante
1029 5287 1427 5343 conversionem
1469 5287 1710 5352 duxerat,

198 5369 384 5444 Molonis
401 5375 570 5432 verbis
588 5377 937 5443 declamabat,
960 5377 1150 5433 affictis
1170 5377 1330 5432 etiam
1351 5376 1578 5444 delictis,
1599 5392 1717 5446 qua:

201 5469 423 5532 ιωσιιιιω
462 5467 552 5523 ille
599 5477 1024 5539 perpetraverat,
1054 5469 1119 5524 iis
1150 5483 1277 5523 vero
1307 5468 1361 5522 in
1396 5483 1513 5538 qua:
1544 5469 1717 5538 reipsa

203 5541 442 5618 inciderat,
487 5559 800 5630 quandoque
837 5555 1443 5629 pra:termissis(1bid.,
1488 5574 1540 5610 n.
1588 5557 1715 5628 11).

204 5633 424 5704 Mm
462 5662 528 5703 ex
565 5649 681 5720 ejus
729 5648 1158 5706 Confessionibus
1197 5662 1353 5704 voces
1395 5648 1448 5702 in
1491 5647 1720 5702 alienum

208 5737 385 5789 nasum
417 5736 752 5810 detorquebat
788 5739 987 5811 (Ibid.,
1018 5758 1070 5795 n.
1103 5740 1173 5795 20
1200 5739 1240 5809 ).
1271 5738 1558 5794 Asserebat
1597 5752 1720 5794 eum

212 5822 480 5904 Νινετῆ
505 5833 674 5890 officio
709 5833 939 5896 functum
969 5832 1107 5907 apud
1134 5830 1472 5902 Manichzcos,
1496 5845 1721 5908 quorum

1501 427 1704 490 LIBER
1739 433 2055 502 QUINTUS.

1813 455 2055 498 uulua.
3275 455 3382 520 822

1813 550 1861 604 ei
1888 551 2064 606 omnia
2091 549 2280 622 flagitia
2310 554 2624 612 attribuebat
2659 559 2846 630 (Ibid.,
2881 580 2968 619 nn.
2994 564 3093 635 20,
3122 569 3230 641 19).
3266 573 3379 632 Hoc

1809 641 1966 695 etiam
2009 644 2362 713 ampliﬁcabat
2401 649 2648 718 uberius,
2683 670 2874 726 nempe
2908 659 3286 731 Augustinum,
3318 675 3378 720 ut

1808 746 1904 800 pro
1938 743 2084 788 certo
2118 737 2374 804 ponebat,
2424 755 2490 795 ex
2541 742 2719 799 Africa
2758 756 3000 817 tanquam
3029 750 3376 813 Manichzeum
3475 791 3487 808 ,ι

1805 836 1947 878 atino
1988 828 2360 884 trecentesimo
2400 834 2725 903 octogesimo
2769 847 2919 892 sexto
2955 852 3192 898 coactum
3219 861 3379 901 exsu-
3477 843 3491 860 ⁸

1807 912 1919 969 lare
1944 933 1957 968 :
1983 931 2102 971 cum
2128 927 2300 974 tamen
2327 932 2450 977 ante
2473 922 2613 979 hunc
2639 941 2834 981 annum
2857 931 3080 999 amplius
3099 938 3207 1001 jam
3234 951 3377 992 anno

1805 1005 2084 1062 Mediolani
2110 1021 2349 1066 versatus
2376 1024 2516 1068 esset
2545 1013 2738 1086 (Ibid.,
2765 1035 2818 1072 n.
2849 1019 2923 1075 30
2946 1022 2984 1090 ).
3012 1021 3124 1077 lmo
3147 1038 3266 1080 eum
3295 1035 3374 1082 te-

1805 1097 2047 1153 meritate
2076 1115 2181 1153 non
2213 1100 2428 1158 ferenda
2452 1105 2637 1160 eodem
2660 1123 2843 1164 errore
2865 1110 3038 1167 adhuc
3059 1116 3226 1170 teneri
3247 1130 3378 1172 con-

1807 1185 2054 1242 tendebat
2075 1189 2268 1258 (Ibid.,
2296 1209 2348 1246 n.
2382 1195 2437 1248 11
2470 1195 2508 1264 ).
2538 1196 2758 1252 Tertulli
2779 1203 3021 1267 oratoris,
3041 1219 3070 1258 a
3097 1221 3200 1274 quo
3225 1222 3378 1264 accu-

1803 1287 1948 1333 satus
1969 1279 2137 1336 fuerat
2161 1283 2354 1339 Paulus
2383 1287 2528 1355 (Act.
2561 1304 2707 1356 xxiv,
2737 1289 2826 1362 1),
2855 1293 2923 1359 ei,
2955 1295 3024 1350 ob
3052 1296 3373 1355 rhetoricam

1803 1384 1960 1438 quam
1984 1371 2256 1440 docuerat,
2295 1392 2486 1432 nomen
2516 1379 2816 1449 imponebat
2849 1401 2861 1435 :
2893 1385 3154 1458 simulque
3180 1398 3237 1444 ut
3270 1392 3376 1446 vim

1804 1460 1945 1515 illam
1984 1467 2421 1533 argumentandi,
2454 1485 2555 1539 qua
2588 1471 2886 1528 Donatistas
2917 1481 3290 1548 oppugnabat,
3322 1483 3374 1538 in

1805 1551 2050 1607 invidiam
2082 1565 2296 1612 vocaret
2318 1599 2334 1624 ,
2373 1574 2491 1612 cum
2523 1575 2620 1628 pro
2655 1561 2934 1620 dialectico
2967 1567 3300 1636 traducebat;
3324 1581 3378 1628 et

1803 1656 1869 1695 eo
1897 1644 2202 1698 conferebat
2251 1662 2461 1701 omnem
2499 1649 2816 1720 eloquentia:
2863 1668 2972 1709 suae
3009 1665 3271 1713 tumorem
3315 1676 3376 1716 ac

1803 1731 2105 1802 strepitum,
2134 1744 2191 1788 ut
2216 1735 2546 1792 dialecticam
2571 1743 2934 1798 tantummodo
2959 1744 3023 1799 ad
3053 1747 3376 1804 conﬁrman-

1802 1821 1926 1876 dum
1961 1826 2294 1882 mendacium
2331 1829 2508 1885 valere
2545 1833 2890 1900 persuaderet
2918 1834 3134 1906 (Contra
3161 1840 3378 1898 Litteras

1803 1910 2063 1981 Petiliani,
2096 1915 2184 1970 lib.
2213 1918 2266 1983 5,
2291 1935 2344 1972 n.
2378 1917 2499 1991 19).
2523 1919 2811 1979 Sententiis
2841 1927 3086 1982 utebatur
3117 1930 3377 1987 adversus

1801 2007 2058 2074 quosdam
2100 2009 2249 2076 latis,
2280 2025 2506 2080 quorum
2553 2016 2793 2070 nonnulli
2835 2028 3018 2073 sancto
3044 2020 3169 2075 Viro
3210 2023 3375 2092 ignoti

1802 2104 1953 2149 erant
1977 2137 1990 2159 ,
2021 2106 2179 2166 atque
2209 2098 2380 2168 ipsum
2417 2101 2594 2157 delicti
2633 2106 2932 2164 convictum
2973 2111 3135 2165 teneri
3162 2113 3247 2168 vel
3276 2113 3376 2170 hoc

1801 2185 1916 2240 solo
1943 2187 2171 2254 volebat,
2199 2189 2340 2258 quod
2367 2206 2488 2245 eum
2519 2193 2815 2261 absentem,
2843 2197 3195 2269 interrogatus
3215 2203 3266 2256 in
3284 2203 3376 2272 ju-
3448 2239 3453 2244 -

1801 2275 1942 2331 dicio
1977 2278 2167 2347 aliquis
2205 2294 2236 2334 e
2279 2297 2502 2336 numero
2538 2283 2803 2352 quondam
2837 2289 3126 2344 anncorum
3166 2291 3332 2361 ipsius
3356 2335 3371 2358 ,

1802 2366 2120 2424 defendendi
2149 2371 2230 2424 sui
2269 2387 2426 2426 causa
2454 2374 2837 2431 nominaverat.
2870 2377 3220 2448 Epistolarum
3255 2385 3373 2452 ejus

1803 2457 2002 2526 titulos,
2031 2476 2135 2530 quo
2160 2461 2300 2516 illius
2326 2462 2749 2532 reprehendendi
2771 2482 2952 2521 ansam
2981 2470 3208 2540 aliquam
3233 2474 3374 2528 arri-

1802 2558 1970 2618 peret,
1997 2566 2026 2602 a
2049 2565 2107 2605 se
2133 2551 2212 2606 vel
2243 2570 2270 2605 a
2294 2553 2404 2608 suis
2423 2569 2519 2623 pro
2546 2554 2761 2610 libidine
2787 2558 3066 2628 inscriptos
3090 2561 3370 2617 referebat.

1801 2637 2039 2710 Cumque
2079 2651 2290 2696 sanctus
2320 2642 2408 2697 Vir
2445 2645 2616 2700 amico
2659 2647 2868 2702 cuidam
2909 2663 3006 2702 suo
3038 2659 3195 2720 atque
3222 2653 3375 2707 uxori

1802 2730 1916 2798 ejus
1963 2732 2342 2801 signiﬁcasset,
2371 2735 2450 2789 eis
2497 2751 2556 2791 se
2594 2752 2781 2806 panem
2826 2739 3210 2797 benedictionis
3248 2759 3377 2814 ergo

1803 2822 2042 2888 mittere,
2079 2822 2180 2877 sub
2211 2823 2292 2876 his
2319 2825 2542 2895 eulogiis
2569 2828 2922 2884 abominanda
2965 2831 3163 2887 scelera
3201 2835 3374 2888 conti-

1803 2914 1916 2969 neri
1943 2914 2264 2980 aflirmabat;
2306 2931 2405 2971 nec
2443 2917 2630 2987 puduit
2673 2934 2793 2974 eum
2834 2924 3098 2977 communi
3135 2924 3372 2979 omnium

1804 3024 1963 3066 sensu
2003 3020 2330 3082 repugnante
2354 3013 2562 3079 dicere,
2601 3017 2856 3071 amatoria
2885 3017 3140 3073 maleﬁcia
3167 3019 3374 3076 mulieri

1804 3103 1924 3159 data
1956 3104 2172 3159 nomine
2198 3107 2332 3160 sacri
2359 3106 2499 3161 illius
2524 3108 2759 3163 muneris
2782 3150 2798 3174 ,
2826 3109 2979 3179 cujus
3015 3111 3236 3166 maritus
3265 3126 3373 3167 non

1805 3196 1977 3250 solum
2017 3196 2296 3261 conscius,
2342 3213 2524 3252 verum
2560 3198 2720 3253 etiam
2757 3213 2978 3255 consors
3014 3214 3077 3255 ac
3115 3202 3377 3272 particeps

1806 3284 1905 3340 fuit
1933 3283 2164 3357 (Ibid).
2208 3285 2413 3356 Quippe
2441 3288 2603 3343 citato
2641 3288 2760 3342 loco
2799 3289 2916 3343 libri
2955 3301 3138 3344 contra
3165 3290 3379 3346 Petilia-

1809 3391 1933 3430 num
1973 3385 2092 3446 post
2119 3378 2303 3442 verba,
2347 3379 2527 3432 marito
2569 3394 2668 3432 non
2693 3380 2860 3432 solum
2896 3381 3094 3434 conscio
3114 3422 3127 3446 ,
3167 3381 3382 3439 lectioni

1808 3484 1926 3538 quae
1964 3485 2028 3525 ex
2072 3471 2278 3525 Erasmi
2319 3471 2623 3540 conjectura
2648 3471 2893 3538 obtinuit,
2932 3489 3102 3527 rerum
3127 3475 3278 3528 etiam
3304 3479 3384 3546 fa-

1813 3569 1984 3626 uente,
2017 3559 2404 3630 pra-ferendum
2432 3570 2672 3631 putamus
2693 3603 2706 3625 ,
2743 3579 2912 3617 verum
2949 3565 3096 3618 etiam
3136 3576 3382 3632 consorte,

1811 3656 1900 3703 aut
1922 3690 1936 3713 ,
1985 3651 2247 3721 participe.
2283 3649 2403 3706 Veri
2435 3653 2576 3706 enim
2618 3653 2788 3708 simile
2829 3662 2912 3708 est
2942 3654 3047 3708 illic
3071 3670 3101 3708 a
3129 3654 3384 3710 Petiliano

1812 3740 2004 3805 natari,
2027 3749 2184 3811 atque
2207 3740 2274 3795 ad
2296 3741 2530 3812 putidam
2551 3742 2686 3798 adeo
2709 3743 3029 3798 calumniam
3056 3745 3382 3816 detorqueri,

1811 3831 1952 3900 quod
1974 3832 2293 3902 Augustinus
2320 3832 2539 3887 Paulino
2562 3841 2617 3887 et
2638 3833 2753 3902 ejus
2780 3835 2932 3890 uxori
2954 3834 3224 3891 Therasiae
3247 3835 3384 3891 scri-

1812 3921 1946 3976 bens
1998 3922 2308 3991 simpliciter
2341 3923 2416 3978 ait
2455 3940 2467 3975 :
2499 3921 2660 3976 Panis
2697 3939 2843 3994 quem
2869 3925 3111 3979 misimus
3133 3967 3148 3991 ,
3188 3925 3388 3980 uberior
3458 3953 3470 3960 -

1813 4010 2088 4066 benedictio
2116 4012 2221 4080 ﬁet,
2250 4012 2514 4066 dilectione
2537 4013 2827 4083 accipientis
2853 4023 3027 4067 uestra:
3054 4014 3383 4084 Benignitatis

1815 4102 1835 4173 (
1862 4100 2027 4170 Epist.
2059 4102 2150 4169 51,
2177 4119 2228 4155 n.
2256 4101 2290 4157 9
2315 4102 2354 4172 ).
2385 4102 2646 4158 Praeterea
2667 4103 2954 4157 Petilianus
2973 4119 3158 4158 eorum
3187 4104 3386 4159 haben-

1814 4192 1936 4247 dam
1989 4207 2110 4248 esse
2162 4193 2420 4247 rationem
2479 4191 2877 4258 contendebat,
2938 4209 3057 4263 qua:
3129 4193 3385 4249 adversus

1814 4285 2164 4354 Augustinum
2217 4284 2583 4355 presbyterum
2633 4284 2933 4354 episcopale
2972 4300 3164 4340 munus
3212 4284 3384 4340 adhuc

1817 4375 2084 4430 ineuntem
2137 4377 2302 4430 iratus
2346 4376 2633 4446 scripserat
2677 4374 2961 4446 Megalius:
2989 4375 3131 4446 quod
3174 4391 3304 4430 vero
3341 4377 3386 4432 is

1820 4466 2023 4536 peccati
2054 4466 2209 4535 hujus
2235 4481 2263 4519 a
2285 4475 2470 4520 sancto
2495 4466 2720 4521 concilio
2749 4480 2871 4520 mox
2895 4465 3100 4520 veniam
3132 4479 3388 4534 poposce-

1818 4565 1919 4620 rat,
1948 4570 2044 4624 pro
2074 4556 2237 4610 nihilo
2265 4555 2564 4610 ducendum
2584 4556 2813 4610 volebat.
2852 4556 2962 4610 lmo
3005 4564 3058 4610 et
3085 4555 3224 4626 quod
3247 4557 3295 4612 ei
3334 4566 3392 4613 ut

1818 4647 1919 4701 sibi
1941 4647 2303 4715 ignosceretur
2323 4644 2594 4699 humiliter
2617 4645 2902 4714 postulanti
2922 4645 3213 4702 clementer
3240 4647 3390 4716 igno-

1819 4743 1928 4790 tum
1975 4744 2154 4798 esset,
2199 4733 2575 4788 criminabatur
2604 4731 2830 4803 (Contra
2874 4733 3088 4789 Litteras
3127 4733 3386 4802 Petiliani,

1821 4825 1907 4880 lib.
1937 4827 1990 4890 3,
2020 4841 2072 4878 n.
2095 4821 2226 4896 19).
2257 4823 2578 4878 Accersebat
2609 4823 2733 4877 furti
2761 4823 2983 4878 crimine
3012 4825 3384 4895 Augustinum,

1819 4915 1960 4988 quod
1993 4916 2036 4970 is
2065 4924 2262 4970 textum
2293 4913 2430 4968 illius
2458 4913 2715 4978 referens,
2743 4913 2876 4969 duas
2900 4915 3159 4970 dictiones
3181 4930 3298 4986 quae
3320 4917 3390 4969 ab

1820 5007 2062 5077 exemplo
2086 5005 2152 5059 ad
2179 5020 2238 5060 se
2261 5004 2575 5060 transmisso
2602 5005 2843 5072 aberant,
2871 5020 2971 5061 nec
2993 5006 3099 5060 ullo
3127 5005 3285 5061 modo
3311 5006 3392 5060 fa-

1820 5099 2029 5154 ciebant
2053 5095 2118 5152 ad
2143 5096 2488 5166 quaestionem
2513 5103 2825 5165 prmsentem
2843 5135 2860 5158 ,
2883 5095 3149 5152 omisisset
3197 5094 3393 5168 (Ibid.,

1821 5209 1909 5245 nn.
1938 5190 2024 5255 18,
2051 5190 2141 5257 21,
2169 5189 2256 5254 19,
2286 5187 2356 5243 20
2376 5188 2416 5259 ).
2441 5187 2544 5258 Ipsi
2569 5187 2807 5251 demum,
2831 5187 2971 5258 quod
3011 5190 3289 5244 monastici
3339 5191 3393 5244 in

1821 5283 1996 5339 Africa
2011 5282 2232 5339 instituti
2253 5290 2437 5338 auctor
2459 5280 2772 5350 exstitisset,
2796 5280 3004 5336 crimini
3029 5280 3186 5336 dabat
3203 5279 3386 5350 (Ibid.,

1823 5391 1875 5428 η.
1903 5374 1971 5430 48
1991 5376 2031 5445 ).

1893 5467 1946 5521 5.
1979 5466 2160 5536 Longe
2188 5466 2436 5536 opinione
2459 5464 2736 5520 fallebatur
2756 5463 3062 5527 Petilianus,
3087 5463 3128 5516 si
3155 5460 3401 5531 sperabat

1825 5557 1972 5619 lore,-
2020 5564 2077 5610 ut
2120 5555 2468 5625 Augustinum
2508 5554 2611 5609 hoc
2648 5553 2834 5624 agendi
2876 5550 3034 5605 modo
3059 5551 3127 5603 ab
3154 5548 3402 5603 Ecclesia:

1823 5645 2132 5701 defensione
2155 5646 2222 5700 ad
2249 5645 2514 5716 propriam
2541 5651 2805 5700 avocaret.
2829 5640 2930 5709 Ipsi
2953 5654 3038 5693 res
3065 5647 3316 5693 eratcum
3335 5651 3404 5694 eo

1825 5737 1972 5804 viro,
2003 5737 2093 5806 qui
2123 5751 2226 5791 non
2255 5735 2548 5790 alliciendis
2574 5734 2641 5787 ad
2667 5750 2726 5787 se
2751 5729 3082 5792 hominibus,
3114 5727 3211 5784 sed
3239 5727 3304 5782 iis
3332 5725 3404 5783 ad

1829 5829 1996 5888 Deum
2043 5842 2226 5887 secum
2269 5823 2640 5884 convertendis
2687 5819 3000 5886 desudaret;
3048 5821 3140 5893 qui
3187 5827 3402 5896 paratus
