3868 6382
635 397 741 459 327

635 522 795 586 nium,
835 517 923 573 tib.
958 516 1013 583 4,
1057 531 1111 570 n.
1142 513 1254 586 57).
1293 512 1446 582 Quod
1491 511 1744 583 scriptum
1782 509 2026 565 omnibus
2067 523 2214 564 com-

632 611 898 667 mnnionls
912 622 1024 664 suae
1039 605 1304 679 episcopis
1317 605 1488 676 misit(
1499 603 1682 658 Enarr.
1700 603 1753 656 in
1765 600 1858 656 Ps.
1873 616 2048 668 xxxvn,
2062 617 2213 655 serm.

629 708 686 777 2,
709 727 762 764 η.
788 709 877 780 18)
903 727 916 764 :
938 723 1036 764 nec
1049 706 1211 774 aliud,
1235 713 1293 761 ut
1311 704 1529 759 credere
1547 704 1689 767 licet,
1711 702 2034 768 continebat,
2056 715 2216 772 quam

630 801 1033 872 responsionem
1058 798 1126 853 ab
1153 813 1219 854 eo
1245 797 1506 867 vulgatam
1533 809 1673 850 anno
1698 792 2214 865 quadringentesimo

632 894 790 948 tertio
810 893 918 962 jam
939 899 1166 948 exeunte
1192 903 1376 944 mense
1400 887 1689 958 septembri
1717 902 1732 945 :
1755 902 1859 957 quo
1885 895 2122 956 tempore
2147 883 2214 940 de

629 985 897 1055 colloquio
940 1000 1060 1040 cum
1102 982 1390 1038 Catholicis
1437 980 1670 1036 ineundo
1711 979 2074 1049 interpellatus
2107 988 2208 1034 est.

627 1073 848 1131 Constat
870 1075 1011 1131 enim
1038 1089 1159 1130 eum
1189 1083 1314 1128 tunc
1341 1073 1394 1127 in
1419 1072 1560 1128 hunc
1587 1072 1803 1127 modum
1833 1069 2169 1142 respondisse
2193 1089 2207 1126 :

630 1165 906 1238 Indignum
929 1176 1020 1228 est,
1048 1175 1099 1220 ut
1127 1167 1178 1220 in
1202 1182 1359 1220 unum
1387 1165 1682 1219 conveniant
1715 1164 1812 1234 ﬁlii
1837 1173 2132 1234 martyrum,
2163 1172 2212 1218 et

625 1258 887 1329 progenies
910 1257 1208 1310 traditarum
1230 1255 1434 1327 (Codice
1453 1255 1709 1310 Canonum
1733 1255 1918 1325 Afric.,
1941 1272 2091 1309 carm.
2114 1254 2174 1310 9|
2189 1297 2205 1323 ,

624 1349 714 1417 92,
747 1348 885 1422 etc.).
925 1349 979 1404 In
1007 1349 1107 1404 hoc
1146 1349 1304 1420 igitur
1333 1365 1512 1404 rerum
1555 1357 1692 1403 statu
1731 1349 2088 1419 Augustinus,
2117 1349 2207 1419 qui

623 1440 830 1513 synodo
874 1439 1274 1510 Carthaginensi
1320 1441 1548 1511 septimo
1594 1439 1843 1496 calendas
1890 1439 2208 1510 septembris

623 1533 960 1597 interfuerat,
995 1533 1260 1588 Psalmum
1300 1532 1626 1602 trigesimum
1662 1541 1892 1597 sextum,
1923 1540 2204 1602 antequam

623 1625 918 1696 Hipponem
940 1625 1154 1691 rediret,
1179 1625 1422 1694 exposuit
1445 1643 1458 1678 :
1481 1639 1602 1680 cum
1625 1624 1733 1694 jam
1753 1623 1907 1678 tertio
1925 1623 2060 1678 libro
2078 1637 2206 1678 con-

621 1724 702 1771 tra
743 1715 1052 1770 Petilianum
1075 1757 1092 1782 ,
1120 1730 1226 1769 non
1255 1715 1414 1786 longo
1447 1723 1572 1770 ante
1596 1724 1836 1783 tempore
1855 1755 1869 1777 ,
1901 1729 2202 1784 supremam

620 1825 836 1864 manum
866 1809 1226 1880 imposuisset.
1264 1807 1345 1862 Ad
1385 1807 1499 1862 haec
1537 1807 1666 1861 citat
1694 1807 2018 1876 Augustinus
2039 1821 2106 1862 ex
2136 1807 2202 1862 li-

618 1899 781 1968 bello,
810 1915 966 1970 quem
998 1899 1296 1954 Primianus
1323 1897 1390 1954 ad
1421 1897 1787 1968 magistratum
1818 1896 2199 1967 Carthaginen-

619 2007 732 2046 sem
777 1990 1072 2056 detulerat,
1122 1989 1211 2044 illa
1254 1988 1416 2044 verba
1461 2006 1473 2042 :
1522 1988 1765 2042 Parentes
1811 1997 2006 2042 nostros
2052 1988 2202 2042 vestri

618 2086 835 2151 majores
863 2081 1013 2134 variis
1044 2081 1234 2135 exsiliis
1271 2088 1570 2134 vexaverant
1613 2076 1716 2150 (Ad
1757 2077 2047 2132 Donatistas
2091 2086 2202 2147 post

617 2170 826 2238 Collat.,
864 2189 916 2226 η.
951 2171 1079 2244 20);
1119 2187 1324 2227 necnon
1360 2179 1414 2225 et
1454 2169 1639 2224 isthtec
1680 2170 1780 2223 alia
1810 2187 1822 2222 :
1855 2168 1946 2224 Illi
1974 2179 2196 2239 portant,

619 2263 906 2332 inquiebat,
930 2265 1200 2316 multorum
1225 2264 1583 2333 imperatorum
1607 2277 1797 2325 sacras,
1827 2275 1918 2313 nos
1945 2263 2054 2313 sola
2073 2258 2200 2325 olfe-

614 2356 775 2409 rimus
805 2355 1080 2426 Evangelia
1109 2352 1294 2424 (Ibid.,
1327 2371 1381 2406 η.
1409 2353 1519 2422 53).
1552 2352 1873 2420 Augustinus
1897 2358 2018 2420 post
2037 2350 2199 2405 libros

615 2455 800 2500 contra
831 2445 1168 2509 Petilianum,
1200 2458 1292 2496 eos
1323 2442 1558 2512 proxime
1583 2449 1844 2506 recenset,
1867 2441 1954 2510 qui
1985 2441 2036 2495 in
2065 2438 2196 2496 Cre-

615 2537 854 2590 sconium
886 2535 1244 2589 inscribuntur
1265 2532 1514 2603 (Retract.
1540 2533 1626 2586 lib.
1648 2532 1702 2596 2,
1726 2549 1840 2602 cap.
1862 2531 1978 2602 26),
2007 2547 2195 2602 quam-

616 2626 695 2678 vis
728 2625 825 2680 hos
850 2625 1064 2679 ultimos
1095 2639 1198 2678 non
1226 2631 1350 2678 ante
1384 2637 1579 2677 annum
1619 2621 2194 2692 quadringentesimum

613 2718 854 2787 quintum
881 2717 1288 2772 elucubraverit.
1320 2715 1470 2784 Quod
1498 2715 1676 2785 utique
1706 2713 1900 2768 factum
1925 2721 2190 2783 putamus,

609 2806 680 2861 ob
722 2807 1015 2878 argumenti
1062 2808 1430 2877 cognationem
1467 2821 1628 2861 :cum
1675 2805 1911 2874 utrisque
1950 2803 2192 2859 Petiliani

608 2897 831 2967 epistola
858 2897 1189 2951 occasionem
1212 2896 1437 2952 dederit.
1461 2894 1569 2950 Nec
1593 2894 1715 2949 hinc
1739 2894 2015 2964 quisquam
2041 2892 2192 2947 facile

607 2992 759 3045 nobis
795 2990 1137 3059 persuadeat,
1166 2990 1303 3045 inter
1332 2999 1614 3058 utrumque
1651 3002 1784 3057 Opus
1822 2987 2020 3040 nullum
2048 2984 2190 3039 aliud

608 3078 841 3132 medium
869 3079 1150 3147 prodiisse.
1190 3079 1300 3133 Nec
1340 3093 1439 3132 nos
1483 3086 1661 3131 tamen
1696 3077 1858 3130 ullum
1901 3075 2188 3142 interjicie-

607 3180 745 3231 mus,
784 3169 835 3221 ni
872 3168 1007 3222 forte
1033 3177 1316 3236 suppetant
1341 3167 1734 3222 evidentissima
1774 3174 2098 3234 argumenta,
2135 3174 2191 3220 ut

607 3256 910 3325 Augustini,
942 3266 1195 3327 quantum
1222 3258 1276 3312 in
1308 3258 1458 3312 nobis
1487 3265 1599 3326 est,
1629 3256 1802 3312 ordini
1842 3255 2076 3312 studiose
2102 3257 2186 3311 in-

603 3347 872 3403 sistamus.

1189 3437 1418 3495 CAPUT
1457 3438 1549 3494 IX.

605 3525 633 3582 1
668 3525 748 3582 De
774 3530 972 3585 statutis
995 3531 1250 3585 nonnullis
1274 3532 1474 3584 concilii
1502 3529 1784 3584 Milevitani
1806 3531 1971 3602 primi.
2001 3531 2038 3585 2
2063 3529 2184 3586 Pro-

676 3622 789 3692 pria
821 3620 1164 3678 Maximianus
1192 3622 1485 3693 Bagaiensis
1515 3632 1717 3693 propter
1745 3621 1982 3676 Ecclesia:
2010 3640 2181 3694 pacem

676 3720 724 3763 et
746 3712 1064 3766 commodum
1094 3724 1271 3782 sponte
1297 3713 1426 3767 cedit
1449 3713 1738 3785 episcopatu
1757 3729 1777 3767 :
1797 3714 1849 3767 in
1873 3731 1972 3786 quo
1996 3725 2047 3768 ut
2069 3719 2179 3785 fra-

671 3804 736 3854 tri
759 3819 849 3857 suo
873 3804 1140 3871 succedat,
1169 3805 1425 3860 Castorius
1456 3813 1682 3876 urgetur.
1716 3807 1750 3862 5
1787 3806 2091 3877 Augustinus
2120 3824 2179 3861 ac

671 3892 1013 3965 Hieronymus
1041 3895 1132 3949 sub
1157 3895 1310 3966 hujus
1339 3896 1462 3949 anni
1484 3897 1636 3966 ﬁnem
1663 3896 1852 3950 litteras
1878 3897 2010 3950 ultro
2028 3897 2180 3952 citro-

664 4003 759 4057 que
781 3988 1001 4043 scribunt
1023 3989 1091 4042 ad
1117 3989 1347 4044 invicem.
1372 3989 1406 4045 4
1422 3988 1564 4045 Alias
1582 4005 1776 4062 quoque
1795 4006 1929 4044 anno
1951 3991 2176 4061 proxime

661 4079 991 4149 subsequentt.

662 4170 713 4222 l.
755 4168 869 4224 Hoc
901 4185 1041 4225 anno
1077 4171 1362 4225 concilium
1397 4171 1647 4241 generale
1673 4171 1976 4226 Africanum
2001 4171 2172 4227 Milevi

591 4257 643 4312 in
673 4258 914 4314 Numidia
941 4269 1092 4315 sexto
1115 4261 1370 4316 kalendas
1409 4262 1726 4331 septembris
1754 4271 1928 4318 actum
1953 4273 2053 4318 est.
2087 4264 2174 4319 Vi-

589 4350 997 4425 dimus(Supra,
1022 4369 1136 4422 cap.
1169 4351 1224 4426 6)
1248 4367 1390 4406 anno
1416 4352 1695 4422 superiori,
1729 4353 2051 4424 Xantippum
2083 4356 2167 4411 in-

589 4449 669 4496 ter
690 4457 754 4497 ac
775 4441 1104 4498 Victorinum
1129 4441 1495 4498 intercessisse
1515 4444 1820 4501 nonnullam
1851 4444 1918 4500 de
1941 4445 2168 4515 primatu

586 4537 983 4592 contentionem
1011 4555 1023 4589 :
1053 4536 1377 4608 Xantippum
1411 4544 1586 4591 autem
1613 4536 1722 4606 jam
1751 4545 1874 4592 ante
1905 4537 2166 4607 paschalia

588 4628 866 4692 prarsentis
892 4629 1015 4682 anni
1043 4629 1264 4698 hujusce
1283 4628 1552 4699 dignitatis
1573 4631 1796 4698 potitum
1821 4645 1836 4693 ;
1867 4630 2060 4699 quippe
2080 4631 2164 4685 cui

586 4729 707 4768 eum
754 4717 960 4771 titulum
1001 4719 1190 4773 litteris
1222 4719 1323 4773 hoc
1351 4720 1465 4788 ipso
1493 4729 1731 4790 tempore
1755 4720 1890 4775 datis
1919 4720 2165 4776 detulerit

586 4805 932 4874 Augustinus.
979 4809 1136 4877 Atqui
1176 4809 1384 4863 videtur
1428 4809 1612 4864 eadem
1651 4813 2009 4866 controversia
2056 4829 2162 4868 non

584 4896 766 4964 paucis
795 4897 1004 4951 concilii
1033 4898 1316 4952 Milevitani
1343 4899 1656 4966 canonibus,
1689 4903 1776 4971 qui
1804 4918 1924 4957 cum
1949 4904 2037 4958 illa
2063 4904 2156 4959 ha-

582 4987 710 5040 bent
737 4985 931 5056 aliquid
960 4987 1232 5042 afﬁnitatis
1256 5029 1272 5054 ,
1317 4989 1647 5043 occasionem
1689 4993 1995 5060 prasbuisse.
2027 4994 2158 5049 Nam

581 5077 897 5134 Valentinus
939 5079 1222 5150 episcopus
1269 5079 1319 5134 id
1359 5080 1644 5150 postulavit
1670 5081 1885 5138 decreto
1913 5085 2154 5152 stabiliri,

578 5168 720 5237 quod
753 5170 888 5224 inter
915 5171 1194 5242 episc0pos
1215 5186 1480 5242 nunquam
1517 5186 1621 5226 non
1657 5172 1974 5240 obtinuerat,
2006 5176 2158 5230 nimi-

578 5277 697 5317 rum
726 5271 783 5315 ut
802 5276 985 5316 eorum
1013 5263 1144 5317 ordo
1165 5278 1228 5318 ex
1248 5263 1555 5334 antiquitate
1575 5266 1986 5320 consecrationis
2013 5276 2157 5336 pete-

574 5363 724 5408 retur
752 5351 957 5426 (Codice
976 5352 1169 5409 Conon.
1194 5355 1376 5427 Afric.,
1417 5373 1531 5410 can.
1563 5355 1678 5428 86).
1709 5357 1776 5412 Et
1811 5357 1912 5413 hoc
1939 5357 2153 5428 quidem

573 5443 899 5514 postulatum
931 5445 1148 5501 Aurelio
1175 5448 1454 5515 probatum
1495 5456 1608 5515 est,
1641 5458 1696 5503 et
1727 5457 1907 5517 postea
1935 5457 2154 5518 rogante

571 5532 841 5606 Xantippo
865 5535 1097 5592 universi
1127 5539 1336 5593 concilii
1361 5540 1576 5595 calculis
1594 5539 1980 5606 conﬁrmatum,
2003 5541 2152 5595 salvo

569 5637 749 5683 tamen
776 5627 896 5696 jure
920 5627 1182 5684 Numidiae
1207 5643 1270 5683 ac
1288 5629 1612 5684 Mauritaniae
1633 5629 1937 5698 primatum,
1960 5631 2048 5699 qui
2069 5645 2154 5686 re-

572 5717 747 5785 liquos
767 5719 965 5786 forsan,
991 5721 1152 5773 etiam
1173 5719 1497 5788 antiquiores
1523 5719 1908 5788 praecedebant.
1934 5721 2154 5790 Reperi-

575 5819 693 5866 mus
730 5807 916 5863 saltem
947 5810 1229 5876 primatem
1263 5808 1518 5864 Numidia:
1555 5808 1842 5866 secundum
1875 5826 1902 5864 a
1927 5811 2148 5878 Cartha-

1724 390 1885 450 Vl‘l‘A
1921 393 1981 449 s.
2017 383 2384 449 AUGUSTINI
2421 388 2742 453 EPISCOPI.
3729 404 3801 470 ω

2322 511 2526 582 ginensi
2545 511 2794 584 episcopo
2813 511 3144 570 subscribere
3164 512 3300 570 haud
3326 513 3670 588 infrequenter.
3687 523 3798 584 Cirta

2322 603 2520 672 pariter
2564 619 2659 659 seu
2699 603 3090 672 Constantinus,
3135 620 3250 676 quze
3298 606 3462 662 civilis
3483 618 3589 664 erat
3609 609 3798 674 Numidia

2320 695 2657 766 metropolis,
2691 696 2980 752 antistitem
3018 711 3124 751 non
3151 704 3349 753 temere
3371 699 3636 757 credideris
3668 709 3798 774 praei.

2319 799 2478 855 puum
2505 786 2734 857 aliquem
2763 787 2936 841 locum
2969 787 3069 841 sibi
3109 785 3430 854 vindicasse;
3459 791 3796 864 quandoquidem

2319 874 2372 929 in
2401 876 2637 944 epistolas
2661 876 2934 945 cujusdam
2966 876 3301 946 inscriptione
3343 877 3532 948 (Epist.
3557 881 3654 948 53),
3678 887 3795 955 Alypii

2316 974 2474 1036 atque
2503 967 2782 1036 Augustini
2821 967 3032 1021 nomina
3063 981 3169 1020 non
3210 966 3309 1022 nisi
3351 980 3466 1038 post
3501 969 3724 1028 Fortunati
3749 978 3795 1032 le-

2314 1068 2543 1126 guntur;
2583 1058 2651 1113 de
2692 1073 2797 1128 quo
2828 1067 3000 1113 tamen
3023 1057 3386 1114 existimamus
3408 1059 3716 1118 dubitaturum
3737 1083 3794 1122 ne-

2315 1147 2530 1215 minem,
2559 1150 2685 1220 quin
2713 1149 2800 1204 hic
2823 1148 3142 1204 Fortunatus
3169 1149 3255 1206 ille
3283 1151 3352 1205 sit
3385 1150 3622 1208 Cirtensis
3653 1156 3793 1225 epistu-

2313 1257 2451 1311 pus,
2503 1257 2660 1311 quem
2704 1251 2912 1298 constat
2954 1243 3246 1313 Augustino
3302 1252 3532 1314 tempore
3573 1246 3793 1304 inferiorem

2313 1331 2496 1387 fuisse.
2529 1331 2584 1387 In
2611 1333 2798 1389 eodem
2819 1347 3031 1404 quoque
3055 1333 3283 1388 concilio
3307 1333 3634 1390 decreverunt
3653 1337 3790 1406 Patres,

2311 1428 2354 1481 si
2375 1427 2495 1497 quis
2523 1427 2688 1481 semel
2716 1428 2768 1482 iu
2795 1425 3018 1482 ecclesia
3043 1427 3214 1498 aliqua
3240 1426 3481 1497 legisset,
3518 1428 3566 1482 id
3589 1429 3789 1495 sufﬁcere,

2309 1526 2367 1570 ut
2412 1516 2526 1586 ejus
2573 1517 2740 1572 lector
2784 1517 3078 1582 habeatur,
3131 1532 3230 1572 nec
3277 1517 3352 1572 illi
3399 1519 3602 1588 posthac
3624 1521 3666 1574 in
3688 1523 3790 1575 aliam

2310 1607 2535 1660 transire
2583 1607 2652 1661 sit
2698 1605 2924 1661 liberum
2963 1604 3165 1675 (Codice
3187 1605 3382 1661 Conon.
3410 1609 3582 1679 ,Δρ-ὅση
3604 1626 3693 1663 can.
3714 1609 3786 1679 90).

2307 1695 2406 1751 Cui
2445 1696 2735 1752 sanciendo
2771 1696 2993 1751 forsitan
3032 1697 3246 1752 decreto
3276 1713 3486 1753 causam
3514 1699 3699 1769 praebuit
3715 1711 3788 1754 orta

2307 1786 2444 1842 inter
2467 1787 2816 1857 Augustinum
2853 1797 2907 1843 et
2943 1789 3195 1844 Severum
3220 1791 3570 1846 controversia
3592 1794 3786 1848 occasione

2307 1876 2569 1931 Timothei
2596 1877 2786 1948 (Epist.
2810 1876 2937 1950 63);
2968 1878 3036 1933 de
3058 1895 3159 1948 qua
3184 1881 3427 1950 superius
3451 1879 3588 1950 (Cap.
3608 1882 3663 1952 7).

2375 1969 2429 2023 2.
2469 1969 2613 2024 Idem
2653 1971 2935 2026 concilium
2959 1970 3276 2026 Maximiano
3311 1972 3570 2043 Bagaiensi
3594 1975 3778 2044 episcopo,

2305 2060 2524 2131 ejusque
2547 2061 2686 2130 plebi
2711 2062 2945 2117 scribere
2965 2063 3239 2116 constituit
3266 2081 3278 2117 :
3307 2063 3378 2117 illi
3407 2074 3460 2118 ut
3483 2065 3545 2118 ab
3566 2065 3779 2134 episcopatu

2305 2167 2424 2207 sese
2451 2152 2742 2218 abdicaret,
2774 2153 2855 2207 his
2878 2161 2936 2206 ut
2958 2153 3026 2208 de
3065 2153 3168 2207 alio
3206 2154 3308 2209 sibi
3335 2154 3385 2208 in
3415 2155 3679 2224 episcopum
3699 2154 3780 2209 deli-

2301 2243 2475 2313 gendo
2521 2244 2818 2314 cogitarent
2862 2241 3064 2314 (Codice
3113 2242 3312 2298 Canon.
3361 2229 3548 2316 Αβίση
3585 2261 3674 2298 can.
3707 2246 3778 2312 88).

2301 2335 2488 2391 Exstat
2506 2336 2782 2406 Augustini
2802 2337 3022 2406 epistola
3046 2336 3239 2408 (Epist.
3264 2337 3376 2408 69),
3406 2354 3516 2408 qua:
3541 2337 3776 2410 planissime,

2302 2437 2361 2482 ut
2381 2427 2489 2496 jam
2519 2427 2587 2482 ab
2615 2429 2732 2482 aliis
2762 2437 2846 2483 est
2870 2428 3229 2496 observatum,
3263 2445 3382 2485 cum
3407 2429 3502 2484 hoc
3519 2443 3779 2486 canonecoo-

2300 2518 2461 2571 sentit
2487 2537 2499 2573 :
2529 2517 2786 2588 siquidem
2817 2520 2867 2572 in
2898 2534 2960 2574 ea
2991 2519 3242 2589 legimus,
3274 2519 3622 2575 Maximianum
3642 2519 3778 2588 episco-

2299 2622 2424 2678 pum
2453 2609 2705 2664 Ecclesite
2736 2609 3047 2679 Vaginensis
3068 2609 3291 2680 ejusque
3317 2612 3520 2665 fratrem
3546 2609 3776 2672 Castorium,

2298 2699 2506 2769 ejurato
2525 2700 2710 2754 Donati
2727 2699 3044 2800 discidian
3068 2699 3324 2755 Ecclesim
3348 2701 3587 2772 gremium
3603 2698 3773 2760 rediisse;

2299 2792 2534 2847 Iretitiam
2567 2807 2693 2846 vero
2712 2833 2727 2858 ,
2758 2808 2918 2862 quam
2943 2789 3039 2846 sTto
3069 2791 3246 2847 reditu
3275 2793 3580 2859 attulerant,
3603 2789 3773 2846 seandalo

2295 2897 2480 2941 contra
2511 2885 2884 2940 Maximianum
2925 2885 3183 2940 diabolica
3218 2883 3406 2940 fraude
3434 2886 3652 2939 suscitato
3671 2881 3774 2935 inter-

2296 2978 2577 3033 turbatam.
2615 2977 2991 3033 Verumtamen
3041 2979 3180 3034 Deus
3227 2979 3558 3034 offensionem
3593 2977 3698 3031 illam
3730 2976 3771 3027 ita

2293 3070 2520 3137 sedavit,
2546 3079 2606 3124 ut
2626 3070 2749 3124 inde
2770 3071 2886 3140 plus
2906 3069 3188 3141 voluptatis
3203 3079 3417 3140 caperet
3438 3069 3656 3132 Ecclesia,
3672 3079 3771 3135 quam

2293 3171 2416 3217 ante
2461 3177 2526 3216 ex
2578 3162 2828 3216 seandalo
2884 3171 3098 3232 ceperat
3152 3161 3495 3232 mgritudinis.
3538 3159 3647 3216 Cum
3680 3155 3768 3212 enim
3815 3147 3817 3201 Α

2290 3254 2638 3309 Maximianus
2666 3255 3013 3325 intelligeret,
3046 3254 3306 3310 honorem
3347 3253 3658 3326 episcopalem
3688 3248 3767 3304 reli-

2290 3303 2634 3309 mwm—n"
2666 3303 3013 3325 --ην---υν-νη
3048 3303 3306 3310 «ww-w-
3349 3303 3656 3326 ντ-η-τ-ηκ

2290 3361 2420 3401 nere
2456 3360 2515 3401 se
2545 3361 2652 3400 non
2691 3361 2878 3416 posse,
2907 3350 3030 3417 quin
3072 3346 3315 3401 Ecclesia
3341 3347 3475 3416 turpi
3499 3343 3765 3401 dissensione.
3813 3303 3815 3375 4

2287 3454 2406 3509 quae
2427 3437 2560 3492 forte
2580 3436 2776 3492 Christi
2803 3438 3055 3492 membris
3081 3453 3328 3508 magnam
3349 3453 3546 3508 quoque
3565 3431 3765 3506 perniciem

2287 3507 2510 3584 allatura
2538 3536 2712 3593 esset,
2737 3531 3042 3598 agitaretur,
3072 3507 3245 3598 posita
3268 3507 3512 3598 dignitate
3537 3520 3758 3580 declaravit,
3812 3507 3813 3549 ‘

2287 3637 2346 3678 sc
2368 3638 2472 3676 non
2501 3638 2616 3690 qum
2637 3637 2729 3676 sua
2752 3630 2949 3686 essent,
2979 3621 3071 3676 sed
3094 3637 3211 3691 quas
3243 3622 3366 3677 Jesu
3386 3621 3562 3676 Christi
3585 3624 3762 3688 quaerere;
3810 3659 3811 3691 ξ

2285 3713 2352 3767 ab
2382 3713 2840 3767 schismaticorum
2873 3710 3107 3780 partibus
3132 3712 3345 3767 sincero
3359 3709 3662 3766 cliaritatisac
3675 3701 3764 3775 paci
3810 3685 3811 3725 ¹

2284 3804 2462 3858 studio
2505 3802 2889 3873 transfugisse;
2934 3802 3035 3856 sibi
3066 3817 3251 3857 veram
3292 3805 3458 3858 inesse
3485 3798 3760 3856 humilitatem.
3808 3833 3809 3899 ι

2281 3910 2347 3950 ac
2385 3895 2613 3963 denique
2657 3893 2938 3948 aediﬁcium
2961 3934 2978 3959 ,
3023 3893 3162 3963 quod
3199 3895 3319 3964 ejus
3349 3894 3398 3948 in
3424 3893 3582 3946 animo
3601 3887 3762 3944 Christus

2280 3989 2559 4052 excitarat,
2583 3988 2716 4042 adeo
2740 3987 2948 4040 ﬁrmum
2979 4001 3118 4052 esse,
3149 3996 3203 4041 ut
3231 3997 3336 4042 tam
3357 3986 3577 4042 molestae
3596 3976 3762 4073 tenttlif‘
3806 4019 3807 4073 ἢ

2279 4080 2362 4132 nis
2390 4079 2680 4150 procellam
2704 4078 3080 4132 inconcussum
3108 4079 3412 4134 sustineret.
3438 4072 3654 4143 Postejus
3666 4064 3759 4120 abdi-

2278 4171 2544 4225 cationem
2590 4171 2792 4224 electus
2830 4179 2944 4235 est,
2996 4169 3084 4239 qui
3125 4169 3175 4224 ei
3214 4169 3541 4248 succederet,
3567 4157 3757 4257 Castorius
3804 4193 3805 4249 γ

2277 4277 2564 4331 germanus
2605 4262 2720 4331 ejus
2758 4263 2938 4316 frater.
2984 4261 3168 4325 Hunc,
3208 4278 3278 4317 ne
3304 4259 3556 4332 dignitatis
3578 4255 3691 4312 istius
3707 4255 3755 4299 vi.

2277 4353 2450 4408 tandm
2493 4368 2650 4407 causa
2700 4352 2940 4422 fugeret,
2988 4362 3169 4408 tenere
3204 4354 3337 4424 jussi
3365 4362 3479 4407 sunt
3498 4349 3754 4419 Vaginenses.
3802 4399 3803 4423 ι

2277 4445 2501 4517 Alypius
2529 4453 2704 4499 autem
2729 4452 2886 4514 atque
2911 4445 3235 4515 Augustinus
3261 4444 3494 4499 eumdem
3519 4455 3599 4511 per
3618 4436 3752 4517 litteras

2274 4516 2472 4590 hortati
2517 4544 2675 4602 sunt,
2724 4544 2780 4589 ut
2804 4536 3164 4604 episcopatum
3209 4535 3492 4604 susciperet
3535 4516 3751 4584 Maximiani
3800 4587 3801 4597 χ

2271 4627 2453 4680 fratris
2479 4627 2583 4691 sui,
2609 4642 2764 4696 quem
2796 4626 2894 4696 ipsi
2935 4626 3100 4680 ﬁlium
3137 4643 3292 4682 suum
3334 4631 3538 4689 vocant,
3573 4628 3690 4686 atque
3706 4607 3750 4662 Ob

2272 4719 2625 4774 voluntariam
2655 4719 2854 4788 proprii
2884 4719 3118 4774 muneris
3146 4719 3517 4774 abdicationem
3553 4701 3749 4778 exquisitis
3769 4753 3799 4788 -Ι

2270 4811 2515 4864 laudibus
2531 4820 2938 4880 prosequuntur.
2968 4809 3114 4864 Hanc
3136 4810 3459 4880 potissimum
3481 4801 3662 4859 habebat
3677 4803 3750 4863 ρηε

2265 4904 2439 4957 oculis
2469 4904 2811 4971 Augustinus,
2840 4918 2959 4957 cum
2988 4903 3188 4972 aliquot
3215 4912 3330 4972 post
3357 4900 3502 4956 annis
3526 4886 3750 4950 Donatistis

2264 4993 2624 5062 alloqueretur
2653 4993 2704 5046 in
2735 4993 2847 5046 haec
2871 4993 3029 5047 verba
3053 5011 3065 5046 :
3096 4992 3344 5048 Nonnulli
3367 4997 3526 5044 sancta
3541 4978 3766 5072 nam“???

2264 5088 2463 5157 praediti
2489 5088 2604 5153 viri,
2635 5095 2840 5157 propter
2865 5087 3097 5156 quasdam
3120 5088 3172 5141 in
3203 5104 3256 5142 se
3287 5080 3598 5152 o/fendicula,
3622 5068 3744 5141 qui“

2264 5180 2346 5247 pie
2383 5177 2710 5248 religioseque
2750 5179 3092 5244 movebantur,
3138 5179 3443 5248 episcopatus
3477 5166 3655 5240 ofﬁcium
3677 5168 3742 5248 ³³οέ

2261 5268 2424 5322 solum
2463 5247 2571 5321 sine
2610 5268 2792 5337 culpa,
2837 5282 3008 5320 verum
3045 5247 3193 5320 etiam
3227 5283 3339 5320 cum
3377 5260 3513 5317 laude
3543 5247 3741 5326 ροεικηίπί

2263 5357 2476 5429 (Contra
2493 5358 2837 5423 Cresconium,
2857 5357 2944 5411 lib.
2970 5356 3024 5422 2,
3043 5375 3096 5410 n.
3122 5356 3228 5429 i3).
3253 5355 3420 5411 Visuri
3440 5361 3598 5407 sumus
3613 5338 3664 5395 ad
3679 5347 3740 5430 αξι-

2261 5465 2385 5504 num
2428 5447 3002 5520 quadringentesimum
3051 5458 3290 5518 quartum
3337 5440 3670 5500 Donatistarum
3701 5435 3737 5472 ιη

2258 5541 2632 5596 Maximianum
2659 5540 3006 5609 Bagaiensem
3027 5553 3121 5594 seu
3147 5538 3480 5608 Vaginensem
3504 5523 3735 5621 cpi“???

2257 5629 2546 5703 stupendas
2591 5607 2950 5688 crudelitates.
3006 5631 3184 5686 Primo
3225 5607 3427 5700 quidem
3477 5621 3597 5676 hunc
3633 5607 3734 5703 in“?

2258 5694 2419 5779 fuisse
2448 5723 2818 5778 Maximianum
2839 5765 2853 5787 ,
2882 5723 2949 5777 de
2989 5738 3092 5793 quo
3118 5720 3200 5775 hic
3225 5694 3405 5790 agitur,
3431 5710 3638 5781 Opinatus
3656 5694 3734 5793 eritI

2259 5815 2512 5870 Baronius
2537 5835 2549 5870 :
2577 5816 2768 5870 deinde
2808 5829 2936 5870 vero
2972 5790 3209 5870 diversos
3241 5824 3380 5876 esse,
3395 5819 3450 5858 ac
3478 5790 3731 5855 diversarum
