3868 6402
521 319 633 374 3‘55

445 431 802 502 ﬁprovocari
848 424 1159 497 oportebat,
1207 425 1668 481 redeamus:cum
1713 439 1831 478 eam
1876 427 2115 478 curaSSet

487 501 504 529 δ
528 501 800 578 Possidius
843 518 1169 573 Calameusis
1213 517 1496 588 episcopus
1537 513 1782 587 Crispino
1829 514 2114 585 significari

526 617 917 671 Donatistarum
945 612 1183 682 ejusdem
1213 610 1358 665 urbis
1377 611 1649 679 episcopo,
1679 609 1767 677 qui
1793 615 1845 661 et
1869 606 2116 676 antiquus

525 718 639 762 erat
660 749 675 770 ,
717 717 768 762 et
810 705 949 776 apud
980 719 1107 759 suos
1133 718 1327 774 magno
1354 703 1403 755 in
1433 717 1654 755 numero
1676 699 1998 762 habebatur;
2029 697 2115 751 hic

523 799 912 871 ctitttpellationi
934 798 1169 868 reposuit
1189 811 1269 862 se,
1290 794 1413 864 quid
1438 793 1676 863 responsi
1699 791 1930 846 dandum
1951 799 2111 854 esset,

523 892 762 945 visurum
793 905 913 943 t-um
942 889 1178 959 collegis.
1203 887 1344 942 Satis
1371 886 1528 956 longo
1556 893 1674 954 post
1695 893 1953 954 tempore.
1973 897 2112 936 anno

516 983 626 1052 jam
666 983 861 1037 Christi
893 980 1414 1052 quadringentesimo
1451 989 1674 1049 quarto,
1717 977 1854 1032 idem
1891 976 2112 1044 repetita

521 1075 877 1130 conventione
908 1073 1291 1142 interpellatus,
1318 1072 1456 1125 istud
1481 1069 1618 1140 apud
1639 1071 1769 1124 Acta
1797 1081 2110 1137 responsum

520 1169 702 1224 dedit:
733 1188 751 1220 ι
789 1165 950 1221 Verba
975 1167 1068 1220 viri
1100 1165 1374 1236 peccatoris
1398 1180 1460 1218 ne
1493 1163 1719 1216 timueris
1748 1181 1766 1214 ι
1791 1160 1848 1234 (ι
1871 1159 2109 1213 Machab.

518 1276 578 1325 tt,
616 1260 740 1332 62).
786 1260 848 1314 Et
879 1260 1068 1314 iterum
1103 1277 1117 1314 :
1150 1276 1168 1309 ι
1197 1256 1263 1312 1η
1285 1273 1429 1310 aures
1455 1255 1788 1326 imprudentis
1817 1271 1935 1310 cave
1963 1254 2112 1326 quid-

519 1371 672 1423 quam
714 1353 936 1418 dixeris;
975 1369 1067 1416 ne,
1099 1369 1210 1406 cum
1238 1351 1489 1414 audierit,
1517 1349 1726 1403 irrideat
1751 1358 1976 1403 sensatos
2005 1363 2111 1404 ser-

518 1463 692 1502 mones
718 1457 829 1500 tuos
858 1465 876 1497 ι
909 1443 1102 1519 (Prov.
1132 1459 1295 1510 xxnt,
1326 1441 1404 1515 9).
1429 1441 1716 1508 Postremo,
1741 1442 1871 1495 Itane
1902 1456 2110 1511 respon-

462 1601 466 1604 η
518 1541 712 1594 sionem
737 1556 897 1593 meam
923 1537 1256 1609 patriarcltali
1284 1552 1511 1591 sermone
1533 1536 1720 1604 de/inio
1747 1550 1765 1589 :
1792 1533 2048 1588 chedant
2078 1549 2110 1586 a

517 1647 599 1685 me
635 1632 806 1700 impii,
838 1631 942 1684 vias
972 1646 1144 1684 eorum
1173 1645 1318 1684 nosse
1361 1628 1479 1682 nolo
1516 1626 1724 1700 (Contra
1753 1624 2106 1691 Cresconium,

517 1723 608 1776 lib.
631 1723 684 1783 5.
710 1740 762 1776 η.
786 1720 908 1794 50).
937 1722 1010 1776 Ea
1037 1721 1270 1791 Crispini
1299 1719 1578 1788 reSponsio
1600 1717 1770 1771 doctis
1797 1727 1851 1771 et
1880 1715 2107 1771 indoctis

514 1815 680 1870 risum
713 1815 915 1870 movit:
942 1815 1138 1885 quippe
1174 1814 1265 1884 qui
1303 1828 1364 1868 se
1401 1812 1562 1867 verba
1606 1811 1899 1881 peccatoris
1937 1811 2109 1865 neuti-

514 1922 671 1978 quam
702 1908 889 1964 timcre
911 1907 1171 1977 jactaret;
1199 1922 1318 1960 cum
1348 1914 1523 1959 tamen
1564 1905 1611 1959 ei
1641 1905 1969 1974 respondere
1999 1919 2105 1958 non

515 1999 756 2054 auderet.
779 2000 921 2054 Satis
947 1999 1161 2068 quidem
1193 2010 1306 2052 erat
1337 1996 1696 2062 manifestum,
1724 1997 1846 2067 quid
1872 1997 1969 2052 sibi
1996 1995 2107 2050 vel-

513 2091 626 2147 let:
658 2106 756 2146 nec
795 2090 1017 2146 deerant
1058 2090 1146 2162 qui
1184 2089 1648 2154 demonstrarent,
1695 2103 1853 2158 quam
1904 2087 2107 2142 inutilis

512 2191 658 2236 esset
683 2181 778 2236 ista
809 2182 1106 2252 responsio,
1134 2196 1402 2252 quamque
1425 2189 1640 2250 propter
1659 2179 1940 2234 verborum
1964 2193 2107 2233 acer-

511 2270 754 2340 bitatem,
780 2273 879 2342 ipsi
902 2273 1245 2343 respondenti
1269 2273 1455 2335 noxia;
1482 2282 1640 2342 atque
1667 2271 1790 2324 hinc
1812 2269 1969 2324 simul
1991 2268 2104 2323 uni-

511 2366 685 2421 versis
700 2364 932 2435 Crispini
955 2366 1190 2436 episcopi
1209 2365 1540 2426 doctissima,
1563 2372 1621 2418 ut
1639 2363 1777 2432 apud
1805 2362 2104 2417 Donatistas

510 2456 832 2522 habebatur,
861 2458 1134 2511 aunositas
1159 2464 1345 2510 contra
1382 2463 1556 2508 stante
1591 2453 1770 2523 juveni
1807 2468 1870 2508 ac
1899 2453 2098 2521 tirone,

511 2549 686 2617 qualis
717 2547 988 2602 Possidius
1013 2557 1148 2612 erat,
1172 2547 1305 2601 nihil
1335 2546 1618 2602 adversum
1647 2547 1922 2601 veritatem
1945 2561 2102 2616 posse

511 2641 856 2709 probabatur.

581 2730 636 2784 ἓ.
677 2731 1008 2802 Quapropter
1034 2732 1248 2804 quando
1276 2731 1376 2788 hac
1415 2747 1520 2785 non
1553 2732 1845 2796 successit,
1877 2730 1978 2786 alia
2011 2730 2097 2784 via

509 2822 925 2893 aggrediendum
957 2823 1053 2878 fuit
1084 2843 1095 2878 :
1131 2823 1245 2879 haec
1270 2839 1398 2879 vero
1426 2824 1533 2877 visa
1557 2831 1640 2877 est
1665 2823 1900 2877 omnium
1935 2821 2100 2890 potis-

447 2981 450 2984 ,
505 2915 904 2985 sitna.Contigit
933 2916 1116 2988 paucis
1139 2926 1254 2986 post
1279 2914 1488 2978 diebus,
1512 2924 1567 2968 ut
1587 2914 1861 2971 Possidius
1881 2912 2096 2968 Calama

503 3004 568 3060 ad
601 3006 934 3062 invisendum
965 3007 1017 3061 in
1048 3021 1142 3060 sua
1173 3006 1391 3061 dimcesi
1438 3005 1829 3075 Figulinensem
1877 3003 2094 3058 fundum

501 3099 930 3165 proﬁcisceretur
957 3114 1021 3152 eo
1051 3098 1274 3152 consilio
1295 3139 1310 3163 ,
1356 3106 1415 3151 ut
1451 3097 1749 3151 Catholicos
1770 3138 1783 3158 ,
1815 3096 1903 3166 qui
1943 3094 2096 3164 pauci

498 3189 610 3244 illic
633 3197 805 3254 erant,
829 3189 1200 3252 conﬁrmaret,
1226 3188 1357 3241 alios
1377 3195 1554 3241 autem
1578 3187 1641 3241 ad
1663 3186 2092 3256 amplexandam,

499 3279 545 3334 si
577 3279 808 3344 vellent,
855 3279 1110 3332 unitatem
1149 3277 1540 3338 cohortaretur,
1581 3292 1645 3332 ac
1676 3276 1905 3343 denique
1950 3277 2094 3346 pacis

498 3369 795 3423 doctrinam
816 3409 830 3428 ,
863 3383 1021 3437 quam
1053 3369 1106 3422 in
1137 3367 1415 3437 Augustini
1447 3368 1769 3422 monasterio
1813 3376 1868 3423 et
1905 3369 2088 3434 clero,

495 3457 640 3512 unde
689 3457 858 3512 fuerat
908 3457 972 3510 ad
1017 3459 1380 3527 episcopatum
1424 3469 1754 3528 assumptus,
1798 3459 2087 3527 didicerat,

501 3551 747 3603 omnibus
780 3549 1014 3605 traderet
1042 3549 1340 3623 (Possidius
1361 3593 1374 3616 ,
1404 3552 1456 3605 in
1493 3550 1609 3605 Vita
1637 3554 1871 3623 Angust..
1906 3570 1951 3606 c.
1980 3553 2044 3608 l2
2071 3571 2085 3618 ;

498 3637 690 3692 Contra
717 3637 1041 3694 Cresconinnt
1066 3683 1079 3702 ,
1109 3641 1195 3694 lib.
1235 3642 1289 3705 5,
1331 3658 1382 3695 n.
1416 3641 1515 3708 50;
1547 3640 1711 3712 Epist.
1747 3644 1880 3710 105,
1911 3661 1963 3697 n.
1992 3644 2085 3716 4).

493 3731 630 3786 Tutu
660 3747 786 3786 vero
816 3733 1099 3786 Donatistae
1137 3735 1242 3788 alio
1266 3732 1512 3802 Crispino
1540 3735 1774 3804 episcopi
1801 3735 2086 3791 Calamen-

494 3823 571 3878 sis
599 3825 942 3892 presbytero,
971 3834 1129 3894 atque
1157 3825 1293 3894 ejus,
1338 3833 1391 3878 ttt
1435 3824 1723 3889 ferebatur,
1760 3826 2083 3896 propinquo,

492 3912 715 3976 ducrere
759 3915 870 3969 vias
915 3915 1102 3970 armati
1143 3917 1405 3970 latronum
1438 3931 1588 3970 more
1613 3915 1896 3982 obsidere,
1928 3925 2087 3987 atque

491 4003 711 4060 insidias
743 4021 958 4076 ponere.
988 4005 1042 4060 In
1071 4023 1161 4061 eas
1187 4008 1296 4076 jam
1328 4023 1464 4076 pene
1496 4007 1751 4062 inciderat
1781 4007 2079 4072 PoSsitlius,

490 4112 611 4150 cum
641 4099 795 4166 hujus
825 4098 898 4152 rei
930 4100 1124 4152 certior
1151 4099 1319 4153 factus
1343 4099 1449 4154 alio
1476 4099 1710 4165 divertit,
1741 4114 1903 4170 seque
1933 4100 1984 4154 in
2007 4100 2086 4155 lo-

493 4202 615 4241 cum
649 4190 862 4243 nomine
890 4190 1135 4244 Livetutn
1177 4190 1382 4259 recepit
1408 4209 1421 4245 :
1452 4192 1538 4245 ubi
1569 4194 1814 4247 nimirum
1857 4193 1942 4248 ille
1969 4192 2087 4247 Cri-

496 4279 684 4348 spinus
709 4280 840 4333 nihil
869 4280 1111 4344 auderet,
1136 4283 1220 4336 vel
1254 4297 1356 4336 non
1387 4284 1705 4352 pra~valeret
1725 4325 1738 4348 ,
1769 4284 1851 4338 vel
1883 4284 1928 4337 si
1957 4283 2083 4353 quid

494 4370 656 4424 etiam
705 4369 951 4435 fecisset,
997 4386 1191 4440 negare
1233 4387 1338 4425 non
1373 4383 1570 4441 posset.
1603 4372 1730 4427 Tum
1761 4374 1966 4427 dontum
1987 4415 2000 4436 ,
2028 4375 2084 4428 in

492 4477 591 4528 qua
635 4478 747 4514 cum
779 4463 885 4516 suis
925 4477 978 4516 se
1008 4460 1272 4516 Possidius
1313 4462 1614 4527 incluserat,
1654 4465 1818 4535 sepire
1842 4466 2079 4530 armatis,

492 4549 746 4621 lapidibus
789 4554 1228 4618 circnmtundere,
1271 4554 1460 4608 ambire
1497 4556 1746 4625 ﬂammis,
1791 4557 1984 4610 aditum
2019 4572 2084 4611 ea:

489 4645 628 4696 omni
657 4657 797 4715 parte
819 4648 1002 4701 ntaliri.
1034 4650 1160 4712 Quae
1185 4663 1300 4702 vero
1334 4649 1511 4708 aderat
1547 4649 1873 4705 incolentium
1911 4651 2085 4705 multi-

487 4734 634 4794 tudo,
667 4751 858 4789 memor
887 4738 1099 4806 periculi
1137 4739 1246 4802 sui,
1275 4741 1317 4792 si
1344 4741 1395 4793 in
1424 4757 1480 4794 eo
1511 4742 1620 4796 loco
1659 4759 1952 4815 aggressum
1977 4752 2084 4797 tan-

487 4837 598 4880 tum
641 4827 838 4896 facinus
879 4829 1191 4898 impleretur,
1230 4833 1411 4900 partim
1455 4834 1597 4888 illum
1635 4835 1998 4904 deprecabatur
2025 4845 2081 4890 ut

487 4925 735 4986 parceret,
762 4933 906 4985 quem
933 4919 1210 4973 resistendo
1230 4937 1328 4974 non
1356 4923 1570 4977 audebat
1596 4925 1870 4992 offendere,
1894 4927 2081 4996 partim

491 5023 608 5062 vero
637 5010 778 5077 ignes
805 5010 1096 5080 suppositos
1128 5015 1489 5085 exstinguebat.
1522 5016 1750 5072 Eosdem
1780 5035 1947 5089 usque
1977 5031 2080 5072 ter-

491 5100 567 5154 tio
596 5104 945 5171 compressit;
975 5103 1115 5173 qttod
1147 5106 1198 5160 ni
1235 5105 1474 5173 fecisset,
1517 5109 1789 5164 Possidius
1819 5127 1920 5164 uua
1957 5126 2077 5166 cum

489 5193 653 5248 domo
673 5205 725 5248 et
753 5197 969 5266 reliquis
998 5198 1049 5252 in
1081 5214 1141 5254 ea
1167 5199 1382 5256 inclusis
1404 5204 1553 5257 vivus
1577 5205 1883 5259 combustus
1913 5215 2072 5260 esset.

486 5283 616 5340 Cum
643 5299 810 5344 autent
849 5292 936 5346 ille
962 5291 1285 5365 (Crispinus)
1315 5297 1472 5350 niltilo
1499 5299 1699 5366 segnius
1727 5300 1900 5366 coeptis
1929 5301 2079 5367 ferui-

491 5378 589 5432 dus
627 5391 773 5453 atqne
815 5383 1104 5438 inexoratus
1147 5387 1384 5448 instaret,
1414 5389 1560 5440 cessit
1597 5389 1871 5455 aliquando
1901 5389 2077 5445 ictibus

478 5470 676 5539 janua;
711 5473 922 5544 ingressi
951 5485 1098 5541 sunt,
1132 5477 1470 5546 sauciatisque
1493 5478 1630 5531 ccede
1656 5481 1902 5549 juntentis
1921 5523 1936 5548 ,
1963 5497 2077 5551 qua:

484 5561 541 5614 in
569 5563 808 5635 inferiore
834 5566 1015 5620 domus
1053 5579 1196 5635 parte
1222 5580 1597 5637 compererant,
1630 5571 1693 5626 de
1733 5577 2074 5643 superioribus

483 5651 774 5725 episcopum
799 5656 1162 5726 deposuerunt,
1189 5658 1458 5728 aﬂicientes
1479 5662 1642 5734 plagis
1663 5674 1708 5717 et
1737 5668 2068 5724 contumeliis.

491 5738 589 5806 Ubi
609 5759 674 5800 ne
695 5747 897 5820 grauius
917 5748 1165 5809 uenirent.
1197 5750 1470 5806 intercessit
1490 5753 1597 5811 ipse
1616 5754 1879 5816 Crisninus
1893 5801 1907 5828 ,
1939 5762 2072 5828 velut

1623 301 1780 361 Vl'l‘A
1819 301 1877 360 S.
1917 296 2283 360 AUGUSTIN!
2322 293 2624 363 EPISCOPI
3631 322 3708 394 3“

2221 419 2335 473 aliis
2355 421 2645 492 rogantibus
2665 425 2846 493 flexus,
2869 442 3079 496 quorum
3106 444 3202 484 non
3233 438 3330 488 tam
3351 436 3574 496 ridebatur
3593 445 3634 501 in
3653 451 3710 505 ira

2221 529 2312 568 sua
2337 532 2515 571 curare
2533 517 2951 587 deprecationem,
2979 537 3128 589 quam
3147 523 3197 577 in
3216 526 3425 596 facinore
3443 534 3706 596 testimonium

2220 608 2500 678 formidare
2527 607 2735 677 (Contra
2762 609 3102 680 Cresc-ouium,
3124 613 3208 666 lib.
3232 615 3283 674 3.
3307 634 3356 669 ιι.
3382 619 3482 689 50).
3502 621 3709 685 Possidius

2222 699 2335 769 ipse
2360 701 2609 756 euntdem
2640 718 2820 758 casum
2848 703 3101 772 perinde,
3138 707 3283 775 quasi
3313 709 3449 764 alteri
3476 716 3707 787 evenisset,

2219 792 2476 859 referens,
2507 793 2636 849 satis
2660 793 2819 848 habet
2846 794 3060 860 dicere,
3089 794 3378 854 Donatistas
3399 842 3414 866 ,
3443 801 3520 856 ubi
3544 805 3655 861 illum
3673 809 3708 862 in

2220 882 2412 939 itinere
2437 884 2607 939 adorti
2631 895 2831 949 essent,
2856 886 3094 954 jumenta
3117 895 3168 941 et
3191 901 3278 942 res
3303 889 3455 959 ipsius
3473 893 3708 964 diripuisse,

2219 992 2425 1030 necnon
2474 977 2644 1046 ipsum
2691 977 2896 1048 injuriis
2935 987 2988 1034 et
3024 978 3169 1034 caede
3208 982 3499 1050 gravissima
3537 986 3712 1045 aﬂ'ccissc

2219 1067 2540 1142 (Possidius,
2564 1071 2616 1125 in
2657 1069 2768 1124 Vita
2791 1072 3030 1143 Angust.,
3056 1088 3103 1126 c.
3133 1073 3198 1126 1‘2
3217 1075 3255 1141 ).

2286 1161 2342 1215 ‘5.
2386 1159 2513 1215 Ha’c
2535 1172 2861 1233 posteaquam
2880 1205 2895 1230 ,
2925 1173 3093 1232 pergit
3123 1167 3466 1235 Augustinus,
3493 1178 3592 1222 nota
3615 1173 3709 1241 facta

2215 1263 2330 1306 sunt
2358 1253 2411 1308 in
2441 1253 2630 1324 oppido
2664 1253 2950 1308 Calamensi
2969 1298 2982 1316 ,
3007 1257 3382 1323 exspectabatur
3402 1255 3622 1328 Crispinus
3640 1264 3711 1332 epi-

2215 1361 2400 1415 scopus
2426 1355 2584 1400 rester
2609 1346 2936 1416 (Donatistas
2972 1347 3282 1420 alloquitur)
3302 1352 3661 1417 quemadmodum
3675 1354 3710 1407 in

2213 1454 2360 1492 suum
2393 1438 2735 1508 presbyterum
2771 1439 3066 1494 vindicaret.
3091 1439 3306 1495 Accessit
3327 1442 3467 1495 etiam
3495 1445 3712 1514 protestatio

2215 1528 2602 1597 municipalibus
2630 1531 2780 1598 gestis
2807 1546 3079 1597 expressa;
3105 1533 3252 1604 cujus
3275 1533 3348 1586 vel
3375 1533 3548 1595 timere,
3570 1535 3628 1588 uel
3647 1551 3713 1602 pu-

2213 1621 2354 1686 dore,
2381 1633 2639 1690 cogeretur
2663 1637 2894 1676 exercere
2921 1621 3308 1677 ecclesiasticam
3330 1623 3590 1677 vindictam.
3611 1622 3714 1688 Quod

2215 1730 2330 1768 cum
2370 1716 2574 1769 omnino
2617 1726 2988 1783 contemneret,
3033 1703 3295 1790 tantusque
3336 1717 3469 1787 ﬁeret
3513 1728 3713 1772 vestrorum

2213 1807 2458 1862 tumultus
2477 1848 2493 1871 ,
2540 1817 2594 1862 ut
2636 1809 2833 1862 veritati
2860 1811 3236 1880 pra'dicandat.
3265 1811 3344 1864 cui
3369 1811 3630 1880 respondere
3645 1827 3713 1864 non

2211 1909 2458 1969 poterant,
2479 1900 2662 1954 itinera
2683 1901 2911 1956 clausuri
2930 1912 3247 1973 putarentur,
3268 1903 3367 1956 imo
3385 1917 3490 1956 vero
3501 1903 3595 1974 jam
3609 1902 3712 1955 etiam

2209 2001 2529 2045 cernerentur
2550 1989 2761 2065 (Contra
2787 1990 3128 2058 Cresconium,
3164 1993 3252 2048 lib.
3279 1994 3332 2058 ὅ,
3357 2011 3406 2047 n.
3430 1994 3485 2047 51
3497 2003 3514 2064 )
3530 2012 3541 2045 :
3560 1992 3712 2046 demunt

2210 2098 2278 2138 ne
2321 2082 2616 2157 istiusmodi
2653 2083 2920 2138 violentia:
2969 2085 3114 2154 pacis
3163 2084 3523 2140 ecclesiastica:
3557 2098 3711 2137 cursum

2208 2175 2584 2246 prohiberent,
2615 2175 2869 2231 Ecclesia:
2893 2175 3147 2233 defensor
3172 2193 3235 2233 ea
3259 2177 3325 2231 de
3354 2192 3408 2232 re
3434 2174 3712 2245 querimonias

2208 2266 2274 2320 ad
2304 2266 2666 2336 magistratum
2694 2278 2906 2323 servato
2926 2268 3063 2337 juris
3088 2283 3237 2324 more
3261 2267 3438 2322 detulit
3465 2263 3711 2336 (Possidius,

2207 2359 2261 2412 in
2303 2357 2416 2411 Vita
2443 2358 2680 2430 August.,
2715 2376 2761 2413 c.
2793 2361 2861 2414 12
2881 2364 2921 2430 ),
2949 2363 3390 2431 impetratumque
3415 2368 3489 2412 est
3524 2356 3675 2426 (forsan
3693 2368 3713 2406 a

2207 2451 2582 2508 Proconsulari
2618 2450 2912 2526 Numidiat)
2944 2463 3000 2508 ut
3037 2454 3320 2524 episcopus
3346 2449 3592 2520 CriSpinus
3617 2445 3712 2500 mul-

2205 2555 2346 2602 ctam
2370 2546 2576 2617 legibus
2593 2546 2644 2600 iu
2665 2545 2943 2601 haereticos
2957 2548 3322 2610 constitutam,
3340 2545 3564 2600 nimirum
3581 2538 3712 2595 decem

2203 2638 2316 2693 auri
2345 2638 2540 2708 pondo,
2576 2637 2807 2693 solveret
2833 2637 3023 2710 (Epist.
3049 2639 3184 2704 105,
3213 2656 3266 2693 n.
3293 2639 3358 2699 4;
3387 2635 3554 2692 Contra
3569 2629 3716 2686 Cresco-

2203 2729 2364 2796 niunt,
2389 2747 2441 2784 n.
2472 2728 2584 2802 51).
2610 2730 2802 2800 Legem
2835 2729 3332 2785 hauc’Theodosius
3350 2728 3455 2798 jam
3483 2724 3586 2780 inde
3603 2737 3627 2776 a
3648 2718 3713 2774 de-

2202 2824 2343 2877 cimo
2371 2824 2599 2893 septimo
2627 2821 2884 2878 kalendas
2922 2823 3037 2893 julii
3069 2824 3198 2878 anni
3239 2817 3571 2878 trecentesimi
3595 2827 3713 2869 nona-

2199 2915 2388 2986 gesimi
2419 2917 2637 2972 secundi
2673 2915 3096 2986 promulgaverat
3123 2917 3177 2970 itt
3207 2915 3474 2970 luereticos
3498 2911 3715 2966 omnesut

2201 3008 2291 3076 qui
2318 3007 2457 3076 apud
2488 3024 2582 3064 eos
2606 3009 2690 3062 vel
2721 3007 3024 3062 conferrent
3050 3008 3132 3063 vel
3162 3008 3459 3077 acciperent
3481 2997 3713 3057 clericalem

2199 3098 2531 3164 dignitatem,
2562 3099 2714 3154 denis
2744 3101 2856 3153 auri
2890 3098 3042 3154 libris
3069 3099 3480 3160 ntulctareutur;
3504 3101 3549 3146 et
3569 3085 3714 3160 ῳιπνίε

2199 3189 2350 3257 loca,
2384 3190 2435 3244 in
2467 3207 2585 3260 qua:
2624 3190 2842 3245 dotuino
2869 3189 3082 3260 quidem
3121 3188 3486 3245 consentiente
3523 3177 3713 3237 conveni-

2199 3292 2354 3350 rent,
2398 3281 2527 3337 ﬁsco
2569 3283 2972 3348 addicerentur;
3002 3283 3086 3337 sin
3115 3293 3294 3338 autem
3319 3279 3406 3334 illo
3431 3273 3578 3332 inscio
3598 3270 3661 3326 vel
3677 3268 3713 3322 in

2198 3375 2329 3429 locis
2353 3374 2466 3443 jam
2495 3373 2621 3429 ﬁsco
2651 3374 2875 3429 addictis
2917 3375 2968 3430 id
3001 3376 3185 3442 fieret,
3217 3375 3383 3428 denas
3425 3380 3607 3440 qucque
3634 3359 3713 3416 auri

2197 3466 2360 3521 libras
2388 3464 2536 3520 fundi
2563 3465 2875 3521 conductori
2921 3466 3216 3537 imperabat
3247 3463 3462 3537 (Codice
3495 3455 3650 3513 Tlteod.
3672 3450 3714 3504 dt

2198 3555 2415 3620 Horren,
2449 3555 2556 3628 lege
2572 3557 2634 3611 2|
2661 3557 2701 3628 ).
2732 3557 2982 3626 Ejusdem
3014 3557 3145 3627 legis
3180 3555 3417 3612 meminit
3438 3547 3608 3621 paSsitn
3636 3545 3713 3597 Au-

2193 3653 2437 3721 gustinus
2483 3651 2708 3725 (Contra
2752 3651 2919 3724 Epist.
2958 3649 3316 3715 Parnteniani,
3353 3649 3435 3704 lib.
3471 3645 3514 3710 l,
3541 3657 3585 3695 ιι.
3608 3633 3709 3704 l9):

2195 3753 2388 3812 praeter
2410 3758 2565 3812 quam
2596 3743 2713 3797 alia:
2739 3759 2842 3797 non
2869 3759 3051 3814 paucae
3081 3742 3433 3815 suppetebant
3453 3779 3465 3798 ,
3493 3749 3552 3790 ex
3573 3726 3712 3800 quibus

2196 3833 2451 3890 Ecclesia:
2477 3851 2596 3890 cum
2638 3835 2904 3890 ltart‘cticis
2939 3851 3099 3905 agere
3139 3836 3354 3892 licebat.
3389 3831 3561 3883 Verum
3587 3833 3710 3891 (Ι¹¹²⁸¹¹⁶

2195 3928 2392 3983 tumvis
2418 3929 2652 4000 aequitati
2681 3931 3043 3986 Consentirent
3075 3931 3202 3996 illm,
3235 3937 3376 3984 tanta
3402 3911 3714 4008 itteratCalbO:

2194 4019 2312 4074 licis
2348 4020 2698 4075 mansuetudo
2719 4061 2736 4087 ,
2765 4031 2820 4074 ιιι
2847 4036 2940 4076 eas
2969 4022 3328 4092 negligerent.
3356 4033 3415 4072 ac
3439 4007 3662 4070 dormire.
3680 4007 3713 4053 ⁵³

2193 4110 2271 4165 fas
2290 4123 2371 4166 est
2392 4113 2459 4166 ita
2485 4112 2646 4182 loqui,
2665 4113 2923 4175 sinentes,
2946 4127 3128 4168 earnm
3153 4115 3406 4182 imperata
3429 4103 3532 4160 ﬁcti
3549 4094 3714 4182 minitas

2195 4204 2524 4272 postularent
2556 4203 2741 4277 (Epist.
2763 4204 2854 4272 88,
2892 4221 2946 4258 η.
2967 4181 3566 4269 Ἱςσοηιναίσνεεεοηίιιιιι,
3587 4187 3660 4245 lib.
3673 4181 3712 4247 5,

2192 4309 2245 4347 η.
2280 4294 2402 4365 51).
2427 4295 2533 4351 Nec
2557 4311 2685 4349 sane
2708 4296 2806 4350 alia
2839 4310 2925 4351 res
2947 4295 3014 4351 ad
3038 4311 3223 4352 earum
3254 4296 3423 4365 legum
3448 4277 3712 4345 recordatio—

2142 4454 2149 4460 ε
2195 4399 2318 4439 nem
2343 4386 2592 4440 excitavit
2611 4385 3007 4442 Catholicorum
3031 4387 3245 4442 animos
3262 4429 3277 4447 .
3306 4397 3457 4457 quam
3482 4370 3714 4434 necessitas

2195 4477 2540 4546 Ρτορυιεειιιάἰ
2609 4493 2743 4548 quas
2797 4478 3266 4535 Circumcelliones
3320 4477 3445 4546 ipsis
3494 4464 3714 4557 violentias

2192 4568 2504 4622 afferebant.
2535 4568 2654 4623 Istis
2684 4569 2910 4640 primum
2937 4571 3146 4642 legibus
3173 4570 3250 4625 usi
3283 4571 3484 4622 luerunt
3510 4551 3712 4615 Catholici

2189 4659 2254 4712 ad
2284 4659 2654 4722 coercendam.
2751 4677 2851 4731 qua
2881 4633 3128 4733 possent,
3154 4661 3332 4732 Optati
3359 4648 3627 4714 Gildoniani
3651 4633 3731 4720 Ilii

2187 4754 2464 4810 rannidem
2488 4752 2701 4824 (Contra
2726 4753 2908 4810 Litter.
2937 4753 3203 4820 Petiliani,
3228 4753 3316 4807 lib.
3338 4753 3391 4813 3,
3413 4767 3463 4804 n.
3488 4743 3622 4812 lSU-

2187 4845 2348 4900 etiam
2393 4845 2616 4901 subinde
2653 4846 2909 4902 adversus
2936 4845 3239 4918 Crispinum
3279 4843 3567 4914 episcopum
3597 4825 3731 4886 aditis

2187 4939 2418 4995 buerunt
2445 4956 2458 4993 :
2489 4948 2545 4995 at
2583 4940 2753 4996 multo
2793 4939 2970 4995 minus
2998 4949 3056 4994 ut
3089 4939 3158 4994 de
3201 4931 3416 5010 patratis
3452 4920 3714 4984 facinoribus

2186 5040 2492 5102 repeterent
2531 5047 2750 5101 poenas,
2779 5048 2938 5104 quam
2967 5042 3025 5087 ut
3059 5032 3375 5087 documenta
3404 5019 3611 5082 leuitatis
3631 5022 3711 5067 sua?

2187 5117 2518 5194 praeberent;
2568 5126 2883 5195 planumque
2929 5127 3156 5180 facerent
3203 5120 3518 5180 Ecclesiatn,
3562 5104 3711 5163 nedum

2185 5215 2286 5271 sibi
2316 5216 2505 5290 ullam,
2537 5216 3034 5272 Circumcellionum
3067 5217 3253 5281 instar,
3283 5215 3576 5284 potestatem
3597 5208 3713 5290 usur-

2186 5319 2336 5376 paret
2366 5285 2661 5378 tjirannice,
2691 5323 2753 5362 ea
2782 5308 2943 5364 etiam
2975 5307 3114 5363 nolle
3137 5308 3208 5361 uti
3237 5306 3493 5364 facultate,
3514 5305 3648 5366 quant
3664 5281 3714 5337 alt

2186 5397 2420 5469 legitima
2461 5400 2774 5454 auctoritate
2799 5401 2899 5455 sibi
2930 5400 3077 5468 juxta
3107 5396 3459 5470 pmphvlical"
3486 5385 3712 5470 νοτίωίῗφ

2182 5465 2471 5545 famulante
2491 5490 2780 5560 accepisset
2807 5465 3015 5563 (Contra
3035 5465 3373 5551 Cresconium,
3392 5483 3474 5538 lib.
3496 5480 3543 5538 5.
3559 5491 3604 5528 tt.
3624 5465 3711 5533 5i).

2182 5579 2392 5636 Judicio
2432 5582 2484 5636 in
2513 5596 2572 5637 sc
2602 5581 2709 5636 lato
2739 5598 2924 5653 parere
2954 5583 3120 5638 noluit
3152 5578 3424 5650 Crispinus
3451 5589 3463 5625 :
3489 5564 3620 5624 stetit
3645 5569 3714 5612 c0-

2180 5688 2293 5727 ram
2324 5674 2668 5743 proconsule,
2698 5675 2902 5745 sibique
2930 5675 3132 5731 crimen
3165 5672 3428 5726 haereseos
3457 5657 3711 5745 acutum“:m

2184 5735 2390 5826 limere
2416 5735 2695 5824 contendit
2725 5735 3048 5843 (Possidius,
3071 5766 3125 5823 in
3159 5762 3277 5818 Vita
3312 5759 3538 5834 Augusto.
3564 5762 3605 5806 σο
3630 5735 3708 5804 1θῦ

3435 5907 3462 5916 ι·-
