3868 6432
534 350 565 373 κλ
588 343 631 368 δ’.-
735 352 769 377 ,Δ

138 467 236 529 87

137 585 312 644 Contra
332 578 677 637 Ommatium.
696 578 788 635 lib.
818 579 876 645 3,
905 594 958 635 ιι.
985 577 1045 636 51
1064 578 1106 650 ).
1133 575 1287 635 Haud
1311 582 1429 634 erat
1449 575 1705 633 Ecclesiae

137 674 448 741 defensoris,
474 689 641 746 quem
668 689 766 731 nos
788 674 1000 745 quidem
1033 673 1197 727 virum
1226 687 1292 729 ex
1320 671 1506 727 ordine
1544 672 1706 726 laico-

136 788 241 827 rum
264 769 422 825 fuisse
432 767 735 838 opinamur,
759 766 811 821 id
837 766 1077 837 probare.
1104 765 1193 818 lllu
1214 766 1375 836 igitur
1398 765 1701 832 recedente,

135 865 183 918 in
206 879 317 920 eam
346 860 716 918 necessitatem
756 859 1017 916 adductus
1055 869 1140 916 cst
1172 859 1474 926 Possidius,
1503 871 1560 914 ut
1588 859 1705 915 Cri-

132 956 273 1027 spino
299 954 600 1020 resisteret,
624 967 855 1024 euntque
875 967 1059 1009 revera
1086 951 1273 1007 haeresi
1297 952 1559 1007 irretitum
1584 966 1706 1008 esse

137 1047 413 1102 ostenderet
441 1063 456 1101 :
480 1046 680 1116 quippe
718 1059 840 1099 cum
876 1042 1106 1115 alioquin
1146 1042 1520 1099 oll'endicnlum
1562 1058 1704 1113 prte-

137 1141 331 1198 beretnr
352 1138 603 1203 inﬁrmis.
628 1153 693 1194 ac
720 1137 1010 1210 periculum
1037 1146 1213 1203 esset,
1240 1152 1306 1195 ne
1331 1137 1444 1209 ipse
1470 1135 1537 1192 ab
1562 1137 1703 1209 igno-

136 1236 357 1292 reuulsus
407 1234 695 1292 haereticus
751 1233 1084 1290 crederetur.
1134 1233 1252 1289 Non
1310 1234 1468 1305 longe
1518 1232 1703 1289 aberat

133 1327 461 1398 Augustinus;
492 1326 589 1398 qui
610 1341 707 1398 pro
730 1340 826 1382 sua
854 1326 993 1382 virili
1025 1327 1280 1398 urgebat,
1327 1337 1386 1382 ut
1419 1335 1701 1382 concerta-

131 1418 307 1473 tionem
349 1419 486 1473 inter
521 1433 585 1474 se
625 1416 887 1475 haberent
926 1418 1034 1475 duo
1057 1418 1403 1474 Calamenses
1439 1416 1696 1488 episcopi.

130 1508 304 1565 Tribus
326 1524 452 1580 ergo
481 1509 557 1563 illi
591 1509 795 1565 vicibus
838 1510 891 1565 in
920 1519 1195 1565 certamen
1239 1508 1592 1565 devenientes
1630 1506 1699 1563 de

128 1597 225 1669 ipsa
246 1600 448 1655 diversa
472 1599 869 1664 communione,
894 1615 997 1669 qua
1027 1600 1231 1654 scilicet
1254 1615 1284 1653 a
1306 1614 1430 1654 vera
1458 1597 1698 1654 Ecclesia

128 1691 272 1746 avulsi
306 1699 454 1745 erant
497 1689 823 1754 Donatistae,
873 1689 1243 1762 disceptarunt
1277 1709 1290 1744 :
1319 1706 1442 1745 eum
1496 1690 1697 1745 interea

130 1796 385 1836 numerosa
425 1780 702 1836 hominum
732 1782 1020 1838 multitudo
1050 1793 1160 1838 tum
1199 1781 1543 1853 Carthagine,
1573 1798 1697 1838 cum

130 1872 174 1925 in
200 1873 385 1944 reliqua
411 1873 588 1929 Africa
620 1874 698 1929 rei
726 1875 926 1931 exitum
955 1875 1155 1931 intenta
1182 1884 1534 1945 exspectaret.
1558 1875 1698 1931 Tan-

129 1962 237 2019 dem
268 1962 400 2019 haud
440 1978 583 2035 aegre
620 1967 898 2021 convictus
942 1964 1037 2020 fuit
1078 1965 1345 2020 haereseos
1386 1964 1692 2035 Crispinus,

136 2063 281 2124 atque
305 2069 332 2108 a
353 2055 660 2124 proconsule
684 2059 955 2113 sententia
976 2057 1175 2128 scripto
1200 2056 1422 2112 libellari
1448 2057 1552 2112 lata
1576 2057 1696 2112 talis

134 2144 406 2201 declaratus
432 2146 450 2218 (
475 2145 758 2215 Possidius,
790 2149 844 2203 in
885 2147 1001 2202 Vita
1021 2148 1261 2219 August.,
1283 2166 1330 2203 ε.
1357 2148 1478 2219 η).

194 2241 246 2295 4.
278 2242 507 2297 Attamen
532 2258 598 2300 ea
630 2244 733 2299 fuit
771 2244 995 2302 Possidii
1034 2245 1388 2302 mansuetudo
1410 2287 1426 2312 ,
1458 2255 1517 2300 ut
1542 2260 1692 2302 suam

125 2330 250 2400 apud
286 2335 646 2402 pﬂmnsulcm
692 2335 1070 2407 interposuerit
1108 2338 1368 2409 gratiam,
1408 2337 1694 2408 quominus

124 2422 285 2479 decem
307 2426 415 2481 auri
441 2427 627 2497 pondo
651 2427 935 2499 Crispinus
959 2430 1322 2495 mulctaretnr,
1352 2429 1595 2501 hancque
1616 2424 1692 2485 illi

126 2513 469 2574 immunitatem
491 2521 674 2590 reipsa
701 2520 993 2576 obtinuerit
1017 2521 1209 2592 (Epist.
1234 2522 1357 2583 105,
1381 2538 1434 2576 n.
1454 2523 1524 2586 4;
1554 2521 1691 2576 Con-

124 2616 189 2662 tra
203 2606 524 2678 Cresconium,
544 2611 644 2667 lib.
667 2612 721 2677 5,
744 2612 908 2677 13.52;
933 2611 1221 2678 Possidius,
1242 2614 1296 2668 in
1320 2612 1436 2667 Vita
1449 2613 1687 2685 August.,

124 2714 161 2753 ο.
189 2698 289 2771 12).
343 2700 534 2758 Verum
575 2705 923 2774 quantumvis
961 2705 1297 2760 mitissimum
1341 2714 1485 2761 esset
1525 2704 1690 2761 hocce

119 2789 372 2859 judidmn,
411 2796 460 2850 ei
505 2808 695 2852 tamen
734 2812 936 2852 morem
974 2812 1164 2868 gerere
1199 2797 1367 2851 noluit
1410 2798 1689 2869 Crispinus

124 2880 299 2953 (Contra
318 2886 649 2943 Cresconium
670 2930 685 2947 .
714 2890 801 2944 lib.
829 2892 897 2955 5,
929 2908 978 2944 n.
1015 2889 1151 2964 5|);
1202 2891 1297 2946 sed
1336 2892 1593 2962 majorem
1631 2891 1686 2947 in
1712 2952 1716 2956 _

126 2975 302 3031 modum
325 2994 441 3035 sese
467 2981 746 3051 ingratum
777 2981 1022 3054 praebens
1041 3025 1056 3043 .
1086 2982 1467 3054 Imperatorem
1494 2983 1681 3054 appel-

125 3063 222 3122 lavit
252 3068 438 3142 (Epist.
461 3072 570 3135 88,
602 3090 659 3127 η.
684 3073 737 3140 7,
759 3085 806 3127 et
835 3072 1003 3144 Epist.
1033 3075 1160 3140 I05,
1190 3092 1245 3130 η.
1266 3075 1301 3130 4
1324 3076 1363 3147 ).
1393 3075 1683 3131 Ferebatur

127 3157 169 3212 id
186 3162 366 3217 ceteris
392 3162 746 3235 displicuisse
768 3165 1161 3221 Donatistarum
1184 3167 1449 3237 episcopis
1471 3166 1682 3238 (Contra

125 3246 415 3319 Cresa-ouium,
438 3256 526 3311 lib.
558 3257 625 3323 3,
644 3274 697 3310 η.
714 3256 827 3328 51),
852 3272 951 3313 nec
970 3272 1100 3314 sane
1125 3258 1418 3325 immerito;
1441 3258 1681 3329 quando-

126 3343 297 3411 quidem
325 3349 525 3405 nonnisi
554 3363 870 3404 snccessum
890 3348 1171 3405 adversum
1201 3350 1324 3405 inde
1348 3364 1565 3420 Sperarc
1587 3364 1681 3420 po-

125 3439 281 3490 terant.
304 3437 595 3509 thuidem
620 3440 858 3496 admissa
876 3440 972 3495 fuit
995 3441 1308 3511 appellatio;
1330 3455 1676 3512 reSponsum-

124 3526 691 3603 qnetleditbnperator,
725 3531 1026 3587 Donatistas
1045 3573 1060 3594 .
1090 3533 1412 3603 ubicumque
1435 3532 1675 3588 locorum

128 3610 310 3683 degant.
335 3617 381 3672 in
404 3622 611 3677 muleta
631 3621 818 3678 decem
845 3624 958 3677 auri
987 3623 1243 3678 librarum
1269 3623 1672 3693 comprehendi,

124 3718 214 3758 non
237 3721 370 3764 sc-cus
391 3726 450 3768 ac
477 3714 533 3769 in
566 3712 897 3781 quibuslibet
923 3712 1041 3768 aliis
1070 3713 1304 3784 legibus,
1334 3726 1453 3784 quae
1487 3724 1673 3769 contra

124 3793 356 3855 haereticos
386 3804 743 3875 promulgatae
768 3803 1012 3870 fuerant;
1044 3821 1134 3859 eas
1161 3804 1382 3876 proinde
1417 3803 1673 3860 adversus

120 3885 215 3941 illos
246 3896 565 3950 exsecutinni
623 3894 954 3952 mandandus
991 3914 1004 3952 :
1043 3912 1146 3952 non
1199 3897 1370 3951 solum
1419 3905 1594 3952 autem
1639 3912 1671 3951 a

118 3974 320 4049 Crispino
338 3986 630 4042 Solvendas
656 4001 780 4043 esse
804 3986 989 4043 decem
1019 3988 1135 4042 auri
1163 3988 1356 4052 libras,
1385 3987 1479 4043 sed
1509 3988 1668 4043 etiam

118 4070 288 4143 abipso
313 4077 523 4146 judice,
555 4079 654 4150 qui
682 4079 754 4134 illi
780 4079 1006 4151 gratiam
1035 4083 1151 4150 ejus
1181 4080 1390 4134 inuicta:
1424 4078 1665 4144 fecisset,

119 4177 287 4223 necnon
308 4170 604 4236 abOflicio,
634 4170 736 4226 hoc
756 4181 840 4226 est
875 4185 906 4225 a
945 4171 1155 4226 caeteris
1179 4169 1476 4224 forensibus
1498 4170 1550 4224 in
1577 4169 1667 4223 illo

112 4252 275 4322 iudicio
295 4261 647 4328 administris,
666 4261 956 4334 exigendas
977 4260 1186 4334 (Codice
1211 4260 1429 4326 Tlieod.,
1453 4260 1515 4315 de
1544 4259 1667 4316 litu-

115 4349 265 4417 t‘dicis,
289 4352 385 4426 lege
409 4354 515 4423 39;
562 4364 613 4411 et
643 4353 929 4421 Possidius,
961 4356 1014 4409 in
1061 4351 1172 4408 Vita
1191 4353 1428 4425 August.,
1459 4370 1506 4408 ο.
1543 4354 1662 4427 12).

116 4438 258 4510 Atque
287 4444 353 4501 ita
377 4449 573 4505 maluit
598 4447 877 4520 CriSpiuus
900 4447 1226 4519 periculum,
1266 4446 1409 4517 quod
1434 4447 1535 4502 sibi
1564 4448 1665 4503 soli

116 4528 438 4607 impendebat,
468 4549 528 4595 et
571 4540 718 4611 quod
757 4540 930 4611 ipsum
959 4555 987 4593 a
1013 4555 1072 4594 se
1102 4539 1250 4594 nullo
1279 4540 1492 4610 negotio
1538 4555 1664 4610 pro-

119 4616 295 4687 palm
323 4630 616 4697 potuisset,
658 4629 713 4684 in
751 4646 964 4685 omnem
995 4629 1342 4687 Donatianam
1380 4630 1662 4687 motionem

116 4723 399 4787 000mm,
423 4738 594 4797 quam
625 4722 679 4776 in
706 4721 1071 4794 presbyterum
1091 4736 1246 4777 suum
1271 4723 1467 4778 atrocis
1485 4722 1665 4779 delicti

115 4812 237 4859 re“!
250 4804 622 4881 dl'gndatiune
648 4812 837 4870 Saltem
869 4815 1292 4870 animadvertere
1312 4814 1525 4885 (Contra
1544 4812 1665 4870 Cre-

117 4892 335 4962 σηιξη.
359 4900 447 4956 lib.
479 4903 517 4958 5
534 4944 553 4970 ,
578 4919 633 4958 tt.
675 4903 745 4960 εἰ
767 4904 809 4974 ).
829 4902 1182 4960 Nihilominus
1213 4913 1387 4960 tamen
1415 4906 1664 4962 catholici

119 4985 359 5061 mutiles,
386 5009 452 5051 ac
479 4996 534 5050 in
563 4995 755 5066 primis
777 4997 1123 5067 Augustinus,
1157 4998 1424 5069 praedicta:
1450 4999 1663 5055 mulctte

120 5069 462 5141 ill-tilitatem
491 5087 597 5141 illis
622 5085 693 5141 ab
716 5086 1056 5158 Imperatoris
1094 5087 1374 5163 clementia
1414 5088 1663 5159 impetra-

119 5176 245 5225 runt:
258 5168 326 5229 its
345 5186 404 5232 ut
423 5191 614 5234 eorum
637 5178 911 5250 praesidio,
931 5196 1000 5236 ne
1015 5179 1294 5251 Crispinus
1308 5180 1523 5252 quidem
1542 5195 1662 5237 eam

123 5267 315 5331 Pendan
345 5284 564 5333 coactus
608 5275 770 5333 fuerit
795 5275 1148 5351 (Possidius,
1176 5278 1229 5332 in
1274 5275 1387 5331 Vita
1422 5278 1658 5348 August,

118 5354 288 5434 uti).
318 5362 442 5423 Haec
467 5383 627 5439 porro
672 5368 1047 5440 episcoporum
1084 5366 1409 5439 indulgentia
1446 5383 1664 5440 magnas

122 5443 339 5512 Ecclesia
356 5462 691 5518 accessiones
710 5460 985 5518 aﬂ‘erebat.
1000 5460 1074 5517 At
1087 5461 1408 5532 Augustinus
1431 5461 1664 5532 palmam

123 5549 301 5625 ΨΒ
316 5545 439 5606 hinc
457 5551 766 5623 reportabat
785 5592 800 5617 ,
827 5552 882 5608 in
909 5552 1155 5609 omnibus
1174 5569 1292 5625 qua:
1317 5553 1462 5623 pacis
1484 5552 1665 5610 conci-

127 5623 477 5703 l'lldcﬁausa
502 5643 844 5713 gerebantur,
876 5644 1077 5714 primas
1104 5623 1406 5699 concedens
1433 5643 1659 5709 nemini;

127 5720 485 5805 ‘ﬁinstiua:
505 5719 755 5788 coronam
776 5774 793 5802 ,
821 5749 940 5805 quae
966 5734 1069 5804 ipsi
1095 5734 1149 5789 in
1176 5733 1326 5790 cmlis
1349 5749 1379 5787 a
1408 5734 1518 5789 Deo
1546 5747 1662 5788 ser-

130 5804 333 5882 Mi
352 5821 513 5890 mgis
539 5822 810 5896 magisque
836 5804 888 5880 in
916 5824 1033 5881 dies
1056 5825 1435 5896 amplificabat.

184 5895 235 5974 ἐς
265 5902 384 5965 Post
405 5911 544 5971 illam
568 5916 800 5988 Crispini
821 5917 1094 5982 historiam
1122 5895 1387 5984 subnectit
1411 5916 1653 5991 Αυευειὶν
1714 5986 1725 5991 -

1458 457 1664 517 LIBER
1699 458 2016 529 QUINTUS.

1812 591 1914 632 nus
1934 578 2256 637 mentionem
2276 581 2576 654 legationis,
2593 601 2751 658 quam
2770 589 3053 649 concilium
3072 592 3394 669 Carthagine

1810 679 1962 726 sexto
1994 670 2249 730 kalendas
2268 675 2429 747 julias
2471 677 2692 745 lmjuscc
2728 684 2850 738 anni
2881 686 3391 759 quadringentesimi

1809 767 1980 834 quarti
2008 766 2057 820 in
2092 767 2305 825 basilica
2333 773 2584 827 secundae
2612 776 2843 845 regimis
2864 778 3098 835 habitum
3128 782 3194 837 ad
3218 783 3393 855 Impe-

1809 868 2040 914 ratorem
2066 862 2211 916 misit
2234 862 2423 933 (Epist.
2452 865 2541 928 88.
2570 883 2623 921 n.
2658 868 2731 933 7).
2776 867 2922 925 Tune
2948 876 3201 942 temporis
3226 893 3391 933 vexa—

1808 947 1965 1004 batur
1982 948 2157 1006 dirum
2195 953 2248 1008 in
2273 953 2489 1010 modum
2518 955 2776 1013 Ecclesia.
2810 960 3095 1018 Donatistae
3121 967 3387 1034 siquidem

1808 1040 2022 1112 indigne
2039 1041 2290 1113 ferentes,
2313 1047 2453 1116 quod
2476 1047 2631 1103 toties
2653 1050 2721 1104 ad
2746 1051 3066 1125 colloquium
3095 1060 3385 1127 provocati,

1806 1132 1931 1201 quid
1980 1136 2395 1205 responderent,
2443 1155 2777 1211 nequaquam
2827 1144 3160 1214 invenirent,
3218 1150 3393 1207 vicem

1805 1241 1954 1283 suam
1981 1230 2130 1284 novis
2155 1247 2220 1287 ac
2246 1248 2463 1302 prorsus
2488 1237 2736 1294 inauditis
2762 1239 3183 1301 immanitatibus
3208 1248 3393 1305 ulcisci

1804 1321 1981 1374 conati
2007 1332 2130 1377 sunt
2159 1322 2347 1396 (Epist.
2382 1326 2505 1393 I85,
2533 1346 2584 1382 η.
2630 1332 2739 1401 I8).
2783 1331 2898 1388 Non
2930 1338 3081 1404 pauci
3112 1346 3294 1394 tamen
3326 1356 3394 1397 ex

1803 1425 1987 1465 eorum
2009 1418 2385 1474 communione
2410 1420 2566 1476 talem
2587 1423 2777 1493 agendi
2800 1428 3057 1483 rationem
3080 1429 3393 1502 horrebant,

1802 1505 2051 1577 quodque
2073 1524 2190 1563 eam
2220 1526 2434 1567 exesam
2467 1513 2745 1582 ltabercut,
2774 1506 3087 1591 sese‘culpa
3113 1526 3258 1579 oumi
3295 1540 3391 1582 so-

1804 1595 1944 1653 lutus
1981 1599 2352 1658 existimabant
2381 1603 2567 1675 (lbid.,
2595 1624 2649 1661 n.
2680 1606 2770 1682 I6)
2824 1610 2994 1676 Quam
3025 1616 3075 1667 in
3111 1628 3222 1668 rem
3254 1616 3393 1686 obji-
3430 1618 3435 1625 ’

1802 1687 2014 1743 ciebant
2041 1692 2119 1745 eis
2147 1691 2427 1762 Catholici,
2475 1697 2518 1751 si
2562 1712 2622 1753 se
2658 1714 2690 1754 a
2720 1700 3035 1758 criminibus
3061 1703 3112 1758 in
3140 1719 3387 1762 commu-

1801 1781 1960 1839 nione
2003 1800 2098 1839 sua
2149 1792 2368 1855 patratis
2407 1789 2672 1848 immunes
2715 1808 2838 1849 esse
2878 1810 3035 1865 posse
3062 1796 3388 1868 judicareut,

1801 1886 1907 1925 non
1938 1873 2100 1930 licere
2148 1876 2279 1946 ipsis
2320 1878 2615 1946 afﬁrmare.
2658 1885 2962 1941 universum
2993 1887 3179 1943 orbem
3225 1890 3393 1946 fuisse

1800 1961 2065 2019 Caeciliani
2088 1968 2417 2038 criminibus,
2450 1974 2531 2028 vel
2562 1973 2707 2029 falsis
2735 1977 2818 2032 vel
2843 1989 2987 2034 certe
3012 1980 3224 2051 ignotis,
3256 1997 3392 2038 con-

1800 2055 2132 2113 taminatum.
2148 2058 2222 2114 Ea
2238 2063 2371 2116 ratio
2392 2067 2678 2122 nonnullos
2691 2068 2761 2122 ita
2775 2072 3140 2139 permovebant,
3168 2083 3223 2129 ut
3238 2074 3387 2129 schi-

1798 2158 1911 2198 sma
1939 2145 2206 2215 deserere,
2231 2165 2522 2223 omnesque
2549 2155 2786 2225 injurias,
2820 2175 2953 2230 quas
2991 2178 3019 2214 a
3051 2161 3235 2220 furore
3260 2163 3383 2220 Cir-

1798 2237 2204 2295 cumcellionum
2231 2242 2416 2298 timere
2441 2254 2705 2314 poterant,
2738 2250 2973 2319 perferre
2996 2253 3137 2323 apud
3163 2269 3223 2309 se
3265 2264 3382 2309 sta-

1799 2337 2027 2384 tuerent.
2070 2333 2140 2386 At
2176 2348 2383 2402 eorum,
2414 2337 2603 2407 quibus
2648 2339 2905 2395 redeundi
2948 2343 3014 2399 ad
3059 2345 3381 2402 catholicam

1797 2420 2051 2475 unitatem
2091 2423 2414 2481 desiderium
2453 2438 2588 2495 crat,
2620 2446 2741 2500 pars
2772 2432 2924 2503 longe
2971 2438 3199 2492 maxima
3240 2439 3380 2494 iram

1797 2510 2072 2569 hominum
2100 2517 2424 2586 perditormn
2456 2521 2711 2577 adversus
2752 2540 2811 2579 se
2849 2527 3116 2583 concitare
3149 2544 3252 2584 non
3280 2545 3381 2585 au-

1794 2601 2011 2670 debant,
2044 2610 2395 2676 quorumdam
2426 2614 2672 2683 exemplo
2697 2614 2955 2683 deterriti,
2999 2619 3088 2690 qui
3120 2619 3189 2674 ob
3219 2636 3381 2691 repu-

1794 2695 1995 2751 diattun
2023 2697 2301 2755 discidium
2330 2704 2530 2759 atrocia
2558 2708 2795 2776 perpessi
2827 2707 3056 2764 fuerant.
3084 2711 3141 2765 In
3169 2710 3253 2766 his
3278 2727 3381 2767 au—
3409 2715 3416 2721 ’

1791 2787 1980 2855 gustiis
2008 2804 2112 2843 non
2145 2790 2422 2848 laudandae
2452 2795 2739 2864 patientiae,
2779 2799 2873 2854 sed
2902 2800 3179 2870 culpandac
3209 2803 3379 2873 negli-
3412 2798 3415 2801 ’

1790 2880 1980 2948 gentiae
2010 2890 2189 2936 notam
2218 2883 2565 2940 incurrissent
2598 2887 2847 2943 catholici
2883 2893 3160 2959 praesules,
3194 2893 3237 2947 si
3266 2894 3378 2962 pati

1791 2972 2191 3041 Oppressionem
2218 2976 2373 3042 hanc,
2397 2992 2555 3046 quam
2576 2978 2640 3033 ad
2668 2980 2973 3050 praesidium
3001 2983 3100 3037 sibi
3121 2983 3378 3041 divinitus

1790 3061 1841 3116 in
1887 3062 2145 3133 imperiali
2183 3067 2497 3121 auctoritate
2526 3068 2760 3124 oblatum
2804 3072 3091 3142 confugere
3131 3075 3374 3141 mallent,

1788 3170 1962 3225 neque
1985 3156 2396 3213 Christianorum
2424 3161 2720 3231 principum
2740 3161 3106 3220 defensionem
3134 3165 3233 3237 ipsi
3263 3164 3375 3221 Ec-

1787 3249 1983 3316 clesiae,
2015 3249 2166 3320 cujus
2190 3259 2243 3305 et
2272 3251 2346 3305 illi
2374 3252 2465 3305 lilii
2488 3262 2656 3317 erant,
2688 3246 3054 3323 implorairent,
3093 3263 3149 3310 ut
3174 3271 3241 3311 ne
3269 3256 3372 3311 sub

1785 3356 1968 3396 eorum
2002 3341 2224 3411 imperio
2250 3342 2431 3398 liceret
2459 3344 2714 3413 improbis
2740 3344 3027 3401 debiliores
3050 3355 3370 3416 perterrere,
3403 3342 3408 3351 ’

1785 3449 1983 3504 eosque
2011 3433 2077 3488 ad
2104 3435 2155 3489 id
2181 3444 2325 3490 metu
2352 3438 2693 3506 compellere,
2722 3437 2864 3508 quod
2889 3439 2990 3494 illis
3018 3444 3223 3495 ratione
3251 3454 3373 3510 per-

1783 3526 1991 3581 suaderi
2018 3530 2177 3596 posse
2199 3528 2553 3600 desperabant
2574 3529 2760 3598 (lbid.,
2784 3547 2835 3584 η.
2862 3530 2970 3605 18).
3003 3532 3256 3589 Pcrmulti
3276 3549 3375 3589 an-

1784 3617 1995 3683 tistites,
2025 3626 2080 3672 et
2123 3617 2157 3672 ii
2184 3618 2399 3689 quidem
2440 3629 2595 3676 aetate
2632 3621 2926 3692 graviores,
2958 3625 3212 3693 petendas
3249 3639 3372 3681 csso

1781 3707 1926 3778 leges
1966 3713 2276 3777 censebant,
2331 3712 2522 3781 quibus
2570 3728 2757 3767 omnes
2805 3718 3024 3767 omnino
3080 3715 3369 3769 Donatistae

1773 3798 2090 3868 juberentur
2111 3801 2541 3857 communionem
2568 3802 2882 3859 catholicam
2906 3805 3151 3875 amplecti
3175 3803 3361 3875 (Ibid.,

1777 3904 1830 3941 n.
1861 3888 1955 3960 25)
1982 3907 1994 3941 ε
2024 3893 2264 3960 exempla
2294 3893 2659 3964 proponebant
2687 3894 2970 3949 multarum
3012 3897 3282 3949 civitatum
3308 3886 3395 3950 et;

1776 3981 2034 4045 locorum,
2076 3998 2193 4053 quae
2225 3999 2330 4053 prae
2363 3987 2551 4039 timore
2577 3985 2752 4054 legum
2782 3985 3112 4039 Constantini
3142 4002 3205 4040 ac
3230 3968 3395 4042 sub?

1776 4074 2108 4143 sequentium
2148 4074 2526 4143 imperatorum
2568 4088 2869 4145 susceptam
2897 4077 2979 4129 vel
3010 4076 3171 4129 invite
3204 4091 3356 4132 com—

1775 4168 2081 4222 munionem
2094 4166 2403 4221 catholicam
2421 4182 2626 4222 summa
2643 4169 2693 4222 in
2708 4178 2977 4238 posterum
2991 4168 3296 4223 sinceritate
3308 4177 3365 4224 et
3386 4166 3391 4173 ’

1772 4259 2066 4314 constantia
2096 4260 2426 4314 retinuerunt
2458 4258 2647 4330 (Epist.
2701 4259 2821 4325 185,
2853 4277 2907 4313 n.
2937 4259 3042 4325 25;
3075 4259 3239 4329 Epist.
3270 4259 3361 4327 93,

1772 4370 1825 4408 τι.
1846 4352 1955 4426 16).
1978 4353 2445 4424 Memorabautquc
2463 4352 2772 4407 nominatim
2791 4350 3088 4422 'l'agastam,
3105 4368 3221 4422 qua:
3238 4365 3363 4406 cum

1771 4444 1898 4500 olint
1941 4456 2045 4499 tota
2072 4460 2102 4497 a
2133 4445 2335 4498 Donato
2372 4443 2625 4508 stetisset,
2653 4442 2720 4497 ab
2753 4454 2819 4496 co
2844 4449 3027 4511 postea
3055 4442 3226 4510 legum
3254 4440 3359 4495 int-

1771 4538 2045 4609 perialium
2073 4547 2278 4593 terrore
2306 4536 2597 4600 deiecerat;
2623 4542 2679 4590 et
2705 4536 2961 4591 unitatem
2997 4533 3205 4587 sincere
3241 4548 3361 4586 am-

1770 4632 1944 4701 plexa,
1967 4631 2017 4685 in
2037 4630 2423 4685 Donatistarum
2445 4638 2643 4681 sectam
2665 4628 2845 4683 odium
2871 4637 3070 4682 tantum
3093 4640 3380 4702 concepe-_

1770 4729 1868 4785 rat,
1913 4721 2050 4774 utin
2087 4718 2188 4773 hac
2233 4732 2499 4788 nunquam
2532 4715 2694 4771 fuisse
2722 4716 3050 4773 crederetur.
3092 4714 3170 4769 Eo
3208 4706 3377 4786 pacto.

1769 4826 1863 4867 sua
1894 4811 2187 4882 Augustino
2222 4824 2330 4880 pra:
2359 4808 2566 4863 Canteris
2586 4810 2984 4880 progroncbatur
3009 4808 3215 4874 civitas,
3248 4824 3361 4879 quo

1769 4902 1976 4958 facilius
2002 4902 2069 4956 ad
2106 4902 2333 4956 aliorum
2362 4900 2612 4971 placitmn
2639 4892 2993 4956 adduceretur
3029 4898 3220 4975 (Epist.
3252 4900 3361 4969 95,

1769 5012 1823 5050 η.
1860 4994 1973 5065 17).
2026 4992 2157 5047 Nam
2207 4991 2348 5047 illius
2400 4992 2642 5062 primitus
2683 4994 2943 5047 sententia
2988 5002 3123 5057 erat,
3184 4992 3360 5047 nemi-

1771 5101 1895 5142 nem
1925 5083 1994 5140 ad
2021 5085 2272 5139 unitatem
2315 5083 2513 5140 Christi
2537 5099 2660 5139 esse
2687 5084 2984 5155 cogendum
3011 5101 3023 5137 :
3050 5084 3213 5139 verbo
3240 5098 3365 5138 esse

1769 5176 2054 5248 agendum,
2084 5175 2442 5247 disputatione
2485 5174 2846 5247 pugnandum,
2893 5177 3102 5231 ratione
3141 5176 3363 5230 vincen~

1769 5268 1925 5334 dum;
1959 5283 2028 5323 ne
2058 5267 2163 5322 licti
2192 5266 2449 5322 Catholici
2480 5265 2533 5320 iu
2571 5265 3036 5331 Ecclesia'esscnt,
3066 5268 3155 5337 qui
3189 5264 3357 5335 aperti

1767 5361 1915 5433 prius
1959 5360 2176 5432 notique
2218 5368 2371 5415 erant
2412 5358 2683 5429 haeretici.
2708 5359 2868 5428 Atqui
2913 5373 3101 5414 manus
3143 5357 3358 5411 tandem

1769 5452 1937 5518 dedit,
1965 5453 2289 5523 collegarum
2315 5466 2533 5505 suorum
2562 5459 2673 5504 tum
2697 5449 3010 5512 rationibus,
3043 5458 3151 5501 tum
3177 5460 3361 5501 exem-

1770 5546 1869 5616 plis
1890 5545 2060 5600 victus
2085 5562 2098 5597 a
2125 5543 2220 5600 sed
2263 5543 2529 5599 mitiorem
2570 5542 2707 5597 viam
2734 5541 2907 5596 adhuc
2932 5539 3147 5610 aggredi
3190 5536 3358 5589 satius

1770 5651 1891 5693 esse
1944 5635 2271 5692 existimavit
2338 5633 2523 5704 (Ibid.,
2569 5650 2623 5687 η.
2679 5632 2785 5703 19).
2845 5628 3122 5684 Nonnullis
3189 5626 3360 5694 fratri-

1770 5730 1882 5797 bus,
1913 5729 2103 5799 inquit,
2131 5728 2404 5791 videbatur,
2447 5725 2699 5795 inquibus
2735 5731 2781 5776 et
2819 5737 2910 5791 ego
2942 5733 3099 5781 erant,
3127 5716 3357 5787 quamvis

1772 5812 2156 5878 Donatistarum
2193 5820 2353 5874 rabies
2390 5831 2741 5889 usquequaque
2765 5814 2972 5874 swviret,
3005 5824 3107 5862 non
3131 5824 3238 5863 esse
3264 5822 3358 5880 pc-

1774 5918 1978 5990 tendum
2006 5916 2067 5973 ab
2101 5913 2525 5993 Imperator-ibus,
2569 5918 2624 5962 ut
2660 5909 2819 5978 ipsum
2860 5901 3091 5958 haeresim
3120 5902 3361 5987 juberent
