3868 6450
113 447 212 507 841

110 932 384 988 lucernam
415 929 706 984 ferentem.
739 928 890 984 Tunc
914 943 1031 982 eum
1057 927 1215 982 ambo
1242 932 1592 997 pervexerunt
1610 925 1703 981 do-

115 1042 256 1081 mum
278 1066 294 1091 ,
335 1024 421 1078 vel
472 1022 811 1088 miserando,
846 1023 934 1077 vel
973 1021 1168 1094 aliquid
1194 1023 1354 1078 etiam
1383 1013 1558 1076 lucelli
1587 1035 1706 1090 spe-

110 1119 311 1182 rando;
341 1133 465 1173 cum
507 1117 619 1173 sive
645 1119 824 1182 vivus,
874 1117 985 1172 sive
1030 1125 1268 1172 mortuus
1293 1159 1306 1182 ,
1338 1116 1592 1172 col!ectus
1623 1103 1701 1170 ta-

114 1228 235 1266 men
256 1212 449 1266 nostris
466 1209 860 1266 ostenderetur.
883 1208 1019 1277 Quid
1041 1210 1227 1278 plura?
1247 1210 1492 1265 Adhibita
1510 1219 1700 1280 magna

108 1318 266 1370 cura,
298 1303 529 1358 mirabili
556 1303 831 1358 curatione
858 1311 982 1372 post
1014 1303 1209 1358 multos
1248 1304 1362 1360 dies
1391 1305 1457 1360 ab
1488 1304 1575 1358 illa
1599 1304 1700 1359 de-

112 1397 404 1466 speratione
449 1407 727 1452 recreatus
767 1405 850 1451 est
875 1404 929 1452 et
952 1403 1186 1452 sanatus.
1239 1397 1389 1452 Hunc
1415 1398 1481 1453 ad
1525 1408 1698 1452 trans-

110 1489 329 1542 marinas
377 1496 562 1544 terras
597 1489 837 1543 occisum
889 1487 1029 1543 fama
1076 1489 1444 1555 nuntiaverat,
1490 1496 1547 1544 et
1581 1489 1695 1559 ejus

111 1580 345 1638 facinoris
370 1581 682 1636 immanitas
707 1582 992 1652 gravisque
1021 1581 1332 1651 indignitas,
1366 1597 1697 1652 quaquaver-

108 1687 214 1726 sum
240 1672 411 1727 audiri
456 1674 662 1742 potuit,
713 1673 899 1727 dolore
928 1673 1196 1727 horrendo
1234 1682 1420 1727 cuncta
1452 1689 1690 1728 commo-

112 1773 264 1821 verat.
291 1765 408 1830 Quo
438 1775 629 1834 postea
651 1781 810 1836 quam
842 1765 958 1835 ipse
994 1775 1206 1820 secutus
1230 1775 1338 1830 est,
1373 1776 1425 1822 et
1444 1767 1548 1821 vita
1574 1768 1689 1838 ejus

112 1857 517 1926 inopinatissima
546 1858 827 1926 apparuit,
860 1857 1194 1912 cicatricibus
1221 1858 1332 1911 suis
1359 1867 1464 1912 tam
1505 1857 1689 1928 ingen-

111 1948 264 2014 tibus,
285 1956 390 2003 tam
414 1949 619 2013 multis,
648 1957 755 2003 tam
787 1950 1111 2012 recentibus,
1135 1964 1240 2003 non
1270 1949 1462 2004 frustra
1492 1949 1684 2004 famam

115 2051 371 2102 mortuum
397 2057 453 2098 se
480 2043 754 2097 nuntiasse
799 2043 1137 2098 monstravit.
1177 2043 1308 2097 Nam
1356 2058 1516 2114 quem
1564 2053 1687 2098 tunc

119 2136 443 2206 inspicientes
482 2138 564 2192 vix
601 2137 886 2192 crederent
932 2137 1140 2203 vivum,
1190 2153 1296 2192 non
1344 2147 1543 2192 temere
1595 2137 1684 2191 illa

109 2227 328 2297 iactasse
354 2228 619 2282 videbatur
653 2229 912 2283 occisum.
950 2229 1217 2284 Auxilium
1249 2244 1377 2299 ergo
1408 2228 1591 2298 petivit
1618 2229 1684 2282 ab

117 2318 418 2390 lmperatore
441 2319 749 2375 Christiano
769 2362 784 2386 ,
809 2335 912 2374 non
944 2330 1048 2374 tam
1072 2321 1151 2374 sui
1180 2319 1468 2375 ulciscendi
1499 2335 1678 2386 causa,

112 2425 250 2479 quam
279 2411 476 2466 tuendm
509 2411 769 2468 Ecclesia:
796 2411 894 2466 sibi
920 2411 1155 2465 creditae.
1186 2410 1337 2478 Quod
1375 2411 1420 2465 si
1446 2421 1672 2480 prmter-

111 2501 332 2567 misisset,
358 2519 460 2557 non
488 2502 612 2571 ejus
639 2501 826 2558 fuisset
848 2502 1109 2556 laudanda
1141 2503 1390 2571 patientia
1410 2544 1426 2571 ,
1461 2502 1554 2556 sed
1585 2519 1678 2558 ne-

110 2592 322 2663 gligentia
347 2594 543 2648 merito
577 2593 842 2664 culpanda
874 2592 1089 2664 (Contra
1115 2590 1456 2660 Cresconium,
1484 2593 1572 2646 tib.
1606 2594 1638 2648 5
1662 2637 1674 2658 ,

112 2701 157 2738 tt.
185 2683 272 2749 εἰς
307 2684 470 2755 Epist.
507 2686 655 2753 185,
702 2703 754 2738 n.
785 2685 1000 2758 26-28).
1042 2685 1122 2740 Ex
1160 2686 1437 2755 Augustini
1466 2686 1677 2756 quidem

116 2775 259 2831 verbis
282 2777 450 2847 colligi
489 2793 659 2848 posse
699 2777 940 2842 videtur,
982 2777 1132 2831 illum
1163 2777 1386 2831 Romam
1413 2777 1479 2831 ad
1511 2777 1680 2846 Impe-

111 2878 304 2923 ratorem
338 2869 538 2926 adiisse
591 2868 610 2941 (
644 2867 813 2936 Epist.
847 2870 914 2923 88
935 2911 951 2936 ,
980 2887 1034 2922 η.
1094 2869 1124 2922 7
1153 2870 1171 2939 )
1203 2886 1216 2923 :
1250 2877 1480 2923 attamen
1535 2868 1679 2938 leges

119 2975 266 3014 tuense
288 2959 558 3016 februario
591 2977 734 3016 anno
765 2959 1292 3032 quadringentesimo
1313 2959 1679 3030 quintoipsius

117 3055 366 3109 uusalatze
385 3055 827 3127 Ravennqdatze
847 3063 970 3110 sunt
997 3054 1206 3122 (Codice
1226 3053 1446 3122 Theod.,
1475 3054 1537 3108 de
1556 3053 1678 3108 Ha:-

121 3145 269 3212 rcticis,
294 3146 393 3216 lege
411 3146 525 3215 58).
564 3147 725 3200 Anno
754 3146 998 3214 proximo
1021 3145 1104 3199 vel
1135 3145 1376 3215 sequenti
1397 3186 1413 3212 ,
1444 3159 1550 3214 quo
1577 3144 1678 3199 sci-

121 3233 218 3288 licet
251 3246 448 3291 sanctus
477 3235 687 3290 Doctor
705 3235 964 3291 adversus
991 3235 1336 3290 Cresconium
1370 3234 1672 3300 scribebat,

124 3323 260 3379 adhuc
293 3326 373 3381 ille
411 3328 461 3381 in
492 3328 636 3381 vivis
661 3325 876 3396 agebat,
911 3341 975 3380 ac
1012 3325 1193 3395 plures
1220 3325 1272 3379 in
1313 3325 1428 3396 ejus
1454 3339 1678 3394 corpore

124 3415 348 3473 cicatrices
365 3460 378 3484 ,
405 3436 574 3491 quam
602 3418 848 3473 membra
871 3418 1289 3472 numerabantur
1319 3415 1531 3485 (Contra
1558 3417 1676 3471 Cre-

129 3507 329 3576 meum,
346 3510 424 3564 lib.
443 3510 498 3578 ὅ,
529 3528 592 3564 n.
619 3507 735 3582 47).
764 3510 824 3564 ln
846 3509 1130 3564 collatione
1151 3505 1551 3578 Carthaginensi
1571 3526 1675 3563 non

131 3598 345 3666 reperitur
367 3601 471 3672 ejus
517 3617 764 3656 nomen:
813 3609 869 3655 at
919 3602 970 3655 in
1018 3599 1263 3655 Romano
1304 3599 1676 3671 Martyrologio

129 3689 291 3743 sanctis
309 3692 702 3748 confessoribus
723 3692 907 3764 quinto
923 3707 1091 3748 nonas
1105 3692 1337 3746 octobris
1353 3692 1672 3762 adjungitur.

179 3777 224 3832 8.
259 3779 300 3836 Is
316 3781 360 3835 in
379 3785 557 3839 aulam
571 3784 881 3846 adveniens,
909 3782 982 3837 ibi
1006 3800 1109 3837 non
1131 3798 1326 3853 paucos
1344 3783 1562 3848 invenit,
1585 3783 1674 3854 qui

129 3868 226 3926 illuc
237 3873 574 3948 perfugerant,
597 3877 786 3932 eadem
808 3892 910 3947 qua
929 3876 1065 3948 ipse,
1081 3886 1170 3931 aut
1185 3885 1329 3932 certe
1355 3876 1490 3930 haud
1510 3877 1675 3931 multo

128 3961 374 4023 humaniori
393 3973 601 4026 ratione
618 3986 649 4024 a
671 3970 958 4024 Donatistis
973 3970 1177 4040 excepti
1198 3968 1403 4042 (Ibid)
1424 3970 1569 4038 Quos
1594 3970 1675 4024 in-

129 4058 1008 4134 tenderatepiscopus'l‘hubursicm,
1024 4079 1183 4133 quam
1199 4062 1391 4116 Buram
1404 4062 1669 4127 dicebant,

130 4155 170 4199 et
181 4149 306 4206 unico
316 4157 565 4211 vocabulo
581 4155 1100 4211 Thubursicaburam
1123 4173 1135 4209 :
1156 4171 1274 4226 quze
1291 4153 1672 4210 videturfuisse

131 4235 509 4302 iuProconsulari
545 4248 740 4319 posita.
775 4247 909 4301 Huic
931 4255 1109 4301 autem
1134 4247 1346 4315 praesuli
1369 4245 1556 4313 Servo,
1575 4262 1671 4301 seu

133 4325 393 4426 ξθποοῡθί,
423 4355 621 4396 nomen
664 4348 799 4395 erat.
829 4341 985 4393 Anno
1015 4339 1538 4426 qqadringentesimo
1569 4356 1669 4394 un-

134 4414 297 4480 decimo
317 4425 710 4500 Carthaginiensi
737 4430 1005 4485 collationi
1047 4414 1284 4484 interfuit
1313 4427 1518 4502 (Collat.
1543 4427 1670 4485 Car-

137 4507 242 4582 thag.
263 4515 306 4582 l,
325 4535 426 4591 cap.
457 4519 606 4594 121).
637 4520 735 4575 Hic
770 4521 947 4574 locum
985 4521 1258 4590 repetebat
1297 4529 1610 4592 occupatum
1635 4536 1668 4576 a

141 4595 364 4664 “ttulistis
386 4609 592 4684 (Contra
620 4611 964 4679 Cresconium,
993 4610 1079 4666 lib.
1110 4611 1164 4679 3,
1196 4629 1248 4666 η.
1278 4612 1392 4684 47),
1420 4629 1514 4682 pro
1550 4613 1665 4683 qui-

145 4684 221 4745 δας
239 4701 333 4760 tunc
346 4703 616 4774 temporis,
639 4701 775 4758 forte
789 4713 908 4775 post
928 4703 1248 4776 Cyprianum
1270 4706 1338 4759 ob
1353 4705 1548 4760 scelera
1569 4722 1664 4762 sua

137 4782 476 4850 condemnatum
497 4792 712 4868 (Contra
736 4793 952 4849 Litteras
979 4794 1239 4862 Petiliani,
1272 4796 1360 4850 lib.
1386 4798 1439 4864 ’5,
1468 4815 1520 4851 η.
1544 4799 1658 4871 '58),

139 4872 320 4936 Donatus
335 4886 532 4956 quidam
554 4890 836 4959 episcopus
852 4898 967 4944 erat
991 4886 1195 4962 (Collat.
1216 4889 1454 4963 Carthag.
1474 4894 1524 4959 1,
1543 4911 1657 4963 cap.

140 4963 373 5038 121).οω
391 4977 541 5049 igitur
567 4980 634 5036 de
651 4980 768 5036 loco
783 4981 872 5035 illo
895 4979 946 5034 bi
973 4980 1079 5035 duo
1097 4984 1351 5052 praesules
1370 4983 1654 5055 litigarem,

143 5059 407 5136 limumque
423 5081 791 5142 procuratores
818 5072 1194 5142 proconsulare
1227 5075 1659 5144 praestolarentur

153 5157 354 5223 etamen,
378 5161 560 5216 armati
585 5161 870 5216 Donatista:
901 5163 952 5217 in
978 5173 1272 5219 memorato
1298 5164 1657 5222 Thubursicu-

149 5230 246 5335 bim
266 5246 437 5324 oppido
458 5260 678 5322 repente
704 5253 755 5306 in
783 5253 1003 5310 Servum
1032 5255 1299 5310 irruerunt
1318 5298 1332 5322 ,
1382 5258 1454 5312 ita
1484 5266 1539 5312 ut
1566 5259 1655 5314 vix

150 5337 260 5394 'st
278 5336 532 5410 aufugerit.
563 5344 722 5399 Pater
739 5353 912 5400 autem
943 5347 1058 5417 ejus
1079 5346 1359 5418 presbyter
1375 5389 1389 5414 ,
1411 5357 1565 5404 aetate
1592 5365 1653 5405 ac

151 5420 333 5508 mus
349 5435 546 5502 gravis,
584 5451 650 5490 ea
673 5435 813 5492 caede
836 5478 852 5504 ,
883 5453 984 5508 qua
1012 5440 1076 5496 ab
1099 5439 1284 5493 iisdem
1312 5440 1653 5498 vehementer

151 5505 439 5603 immiscet,
467 5536 585 5595 post
621 5526 737 5581 dies
764 5505 956 5598 paucos
987 5530 1216 5586 excessit
1241 5549 1270 5585 e
1298 5534 1402 5586 vita
1433 5532 1652 5603 (Contra

155 5590 437 5680 οτοοοιιίυω,
465 5590 552 5669 in.
582 5616 660 5682 5,
689 5633 733 5670 ο.
764 5590 874 5690 Its).
923 5621 1122 5690 Quibus
1152 5638 1311 5694 porro
1361 5590 1564 5695 legibus
1596 5627 1648 5683 in

155 5694 498 5797 mittendis
517 5721 731 5762 causam
753 5717 831 5764 tot
856 5712 963 5767 suis
985 5712 1306 5771 facinoribus
1328 5694 1651 5787 praebuerint

157 5768 410 5858 Mla,
435 5810 572 5853 anno
597 5799 833 5868 proximo
850 5802 1255 5863 declarabimus.

269 5995 320 6006 Ν
339 6001 346 6003 -

1449 435 1652 502 LIBER
1688 436 1998 506 QUINTUS.

115 568 364 641 spiritum
392 571 616 619 tenens.
640 560 715 617 lbi
742 572 864 615 eum
891 553 1146 613 transiens
1167 554 1380 626 quidam
1409 568 1610 625 pauper
1633 553 1714 610 in-

116 658 292 722 venit,
344 670 478 710 cum
510 654 717 710 ventris
743 648 1061 707 exonerandi
1099 655 1258 704 causa
1291 646 1357 701 ad
1385 661 1506 702 eum
1533 646 1710 702 diver-

111 752 262 808 tisset
285 748 500 803 locum.
536 746 762 818 Agnovit
786 752 982 809 autem,
1014 756 1132 796 cum
1165 739 1385 811 pavidus
1411 755 1560 794 suam
1583 755 1712 795 con-

107 844 284 913 jugem
315 838 612 903 accersiit,
645 852 802 906 quam
833 833 1016 905 procul
1035 833 1353 890 verecundia
1378 832 1704 900 dimoverat,

3300 457 3408 516 δη

2380 563 2611 628 (MPUE
2641 566 2751 626 ΧΗ.
3016 619 3018 622 ,

1817 648 1844 702 1
1879 648 2191 706 Scandatum
2215 651 2456 725 Hippone
2477 669 2680 728 propter
2704 659 3026 734 Βοηίίαώαι
3050 669 3396 738 presbyterum

1886 753 1932 797 et
1959 742 2115 815 Spem
2140 755 2388 802 exortum.
2417 749 2456 803 Ξ
2493 750 2760 822 Augustim'
2793 755 2886 810 hac
2909 756 2973 812 de
2994 763 3052 814 ‘re
3091 759 3158 813 ad
3197 762 3393 831 conﬁr-

1884 837 2096 892 mandos
2126 837 2478 909 Hippomanes
2509 844 2708 900 littera.
2736 847 2772 902 5
2796 845 3018 902 Felicem
3046 849 3390 911 Manicheum

1881 930 2128 988 convincit
2151 935 2286 994 etab,
2321 951 2490 990 errore
2515 947 2733 994 revocat.
2763 938 2800 994 4
2837 938 3045 996 Librum
3081 943 3144 999 de
3188 944 3392 1004 Natura

1882 1020 1998 1074 boni
2033 1023 2203 1076 scribit
2245 1036 2421 1080 contra
2464 1026 2863 1088 Manichaeorum
2891 1031 3140 1088 heresim.
3176 1035 3210 1091 5
3241 1036 3392 1104 Batti:

1880 1111 2007 1168 libro
2033 1118 2309 1185 praesrtim
2346 1120 2583 1177 adversus
2617 1122 2966 1178 Secundinum
2993 1126 3124 1181 edito
3163 1127 3392 1197 funditus

1877 1208 2066 1261 evertit.
2091 1208 2126 1263 6
2144 1209 2515 1267 Ennaea-butum
2539 1213 2838 1286 Hieronymi
2858 1217 3085 1271 animum
3109 1219 3392 1278 [inutilius

1875 1315 1971 1354 sua
1997 1301 2208 1374 mitigat.
2232 1304 2264 1357 7
2290 1303 2484 1359 Eorum
2510 1307 2733 1378 epistolae
2755 1309 2887 1363 ultro
2911 1309 3132 1382 citroque
3159 1313 3348 1369 missa.

1876 1390 1929 1446 1.
1960 1391 2063 1447 Per
2091 1401 2298 1466 tempus
2319 1397 2458 1452 illius
2485 1396 2734 1464 forsitan,
2767 1399 2835 1456 de
2854 1417 2959 1471 quo
2997 1402 3385 1472 loquebamur,

1803 1481 2232 1554 Carthaginensis
2251 1489 2483 1555 concilii,
2507 1489 2627 1546 data
2645 1489 2745 1545 fuit
2768 1492 2834 1547 ab
2853 1492 3149 1565 Augustino
3166 1495 3234 1551 ad
3255 1511 3386 1553 suos

1801 1574 2169 1646 Hipponenses
2195 1597 2356 1652 super
2386 1582 2641 1640 Bonifacii
2670 1596 2726 1640 ct
2751 1586 2874 1656 Spei
2916 1590 3127 1659 negotio
3155 1591 3386 1660 epistola

1801 1666 1990 1738 (Epist.
2015 1670 2106 1743 78)
2138 1691 2151 1726 :
2183 1690 2300 1743 quae
2321 1685 2465 1731 certe
2484 1675 2698 1746 quidem
2720 1678 2916 1748 scripta
2944 1688 3027 1734 est
3048 1688 3172 1750 past
3197 1681 3386 1738 decre-

1799 1761 1912 1820 tum
1933 1763 2002 1820 de
2023 1765 2340 1835 recipiendis
2379 1767 2430 1821 in
2460 1783 2556 1822 suo
2591 1768 2794 1824 honore
2823 1771 3111 1826 Donatistis
3135 1772 3378 1838 clericis,

1798 1858 1854 1912 in
1881 1857 2284 1927 Carthaginensi
2311 1860 2539 1914 concilio
2567 1875 2708 1915 anno
2729 1861 3256 1934 quadringentesimo
3279 1865 3388 1935 pri-

1795 1965 1884 2005 mo
1911 1949 2148 2012 editum;
2181 1951 2274 2005 sed
2326 1959 2502 2006 tamen
2531 1967 2652 2007 cum
2696 1952 2869 2008 adhuc
2911 1954 3289 2016 Proculeianus
3325 1957 3385 2011 in

1793 2043 1926 2096 vivis
1952 2052 2151 2112 ageret.
2183 2045 2312 2098 Erat
2347 2045 2401 2098 in
2436 2046 2712 2116 Augustini
2749 2047 2946 2102 familia
2977 2050 3257 2120 presbyter
3286 2064 3384 2104 no-

1792 2132 1933 2187 mine
1961 2133 2263 2187 Bonifacius
2283 2174 2297 2200 ,
2329 2150 2433 2190 una
2463 2151 2585 2190 cmn
2617 2137 2749 2191 laico
2775 2139 3008 2208 quodam
3036 2157 3195 2210 quem
3217 2142 3380 2211 Spem

1790 2225 2050 2280 vocabant
2076 2224 2266 2294 (Epist.
2297 2225 2386 2291 77,
2411 2242 2462 2278 η.
2495 2224 2573 2298 2).
2606 2227 2772 2296 Hujus
2795 2229 2862 2283 ad
2892 2231 3248 2299 Augustinum
3278 2231 3377 2286 de-

1793 2317 1910 2372 tulit
1934 2317 2232 2372 Bonifacius
2256 2333 2316 2372 se
2351 2328 2552 2372 motum
2581 2320 2813 2376 sensisse
2843 2322 3167 2391 impudicum
3191 2340 3255 2379 ac
3275 2325 3377 2380 im-

1790 2408 2046 2462 mundum
2069 2450 2082 2473 ,
2114 2409 2197 2462 cui
2220 2423 2320 2464 nec
2343 2421 2618 2464 assensum
2648 2419 2898 2480 prsestare
2928 2412 3043 2481 ipse
3069 2413 3245 2476 vellet,
3273 2429 3375 2470 nec

1789 2499 2079 2553 silentium.
2110 2499 2245 2569 Spes
2281 2510 2466 2555 contra
2510 2501 2866 2560 contendebat
2915 2517 2973 2556 se
3022 2517 3053 2556 a
3105 2502 3378 2560 Bonifacio

1787 2591 2128 2646 sollicitatum
2157 2591 2223 2646 ad
2270 2591 2652 2662 impudicitiam
2673 2633 2687 2656 ,
2719 2603 2880 2663 atque
2923 2593 3072 2647 illum
3101 2595 3375 2664 proprium

1787 2683 1988 2738 crimen
2017 2683 2068 2737 in
2098 2697 2177 2746 se,
2211 2697 2370 2753 quem
2400 2683 2465 2737 ad
2490 2683 2742 2753 ﬂagitium
2767 2683 3017 2753 pellicere
3045 2684 3376 2754 nequiverat,

1786 2773 2032 2830 conferre
2060 2777 2328 2831 statuisse.
2374 2776 2617 2832 Graviter
2645 2776 2930 2830 admodum
2963 2776 3165 2832 ferebat
3191 2778 3379 2848 Augu-

1785 2867 1992 2932 stinus,
2019 2865 2247 2920 duorum
2288 2880 2320 2919 e
2348 2866 2458 2919 suis
2501 2865 2808 2920 domesticis
2849 2875 2904 2921 et
2946 2868 3376 2936 convictoribus,

1784 2959 2009 3013 alterum
2036 2960 2341 3014 necessario
2367 2959 2584 3028 perditae
2609 2959 2730 3014 vitae
2747 2959 3038 3016 existimari
3058 2961 3276 3025 debere,
3298 2961 3380 3015 al-

1787 3058 1957 3104 terum
1985 3050 2075 3120 qui
2101 3058 2242 3103 esset
2281 3048 2348 3102 ab
2372 3049 2575 3104 scelere
2601 3050 2807 3104 alienus
2827 3092 2840 3115 ,
2870 3058 3047 3104 tamen
3075 3050 3214 3119 apud
3244 3050 3378 3106 alio-

1785 3156 1902 3195 rum
1930 3141 2136 3195 animos
2164 3141 2482 3196 sceleratum
2503 3182 2518 3205 ,
2545 3141 2685 3210 apud
2723 3142 2946 3198 aliorum
2976 3145 3162 3198 saltem
3189 3158 3377 3214 suspe-

1783 3243 1926 3288 ctum
1949 3233 2153 3288 haberi.
2179 3233 2299 3302 ipse
2321 3232 2534 3302 quidem
2561 3233 2892 3288 Bonifacium
2907 3235 3130 3294 crimine
3149 3251 3377 3292 vacuum

1785 3326 2096 3396 reputabat,
2133 3341 2252 3380 cum
2276 3325 2343 3380 de
2386 3325 2494 3395 Spe
2533 3324 2666 3380 nihil
2716 3326 2842 3380 boni
2887 3329 3247 3397 suspicaretur
3281 3345 3293 3381 :
3322 3337 3378 3384 et

1783 3429 1926 3474 certe
1957 3419 2356 3489 prmjudicatam
2382 3418 2520 3474 hanc
2549 3419 2857 3489 opinionem
2885 3421 3159 3492 utriusque
3185 3421 3378 3492 agendi

1784 3511 1920 3564 ratio
1941 3511 2312 3566 confirmabat.
2343 3509 2608 3565 Czeterum
2641 3513 2889 3581 quoniam
2917 3513 3158 3577 deerant,
3181 3515 3376 3585 quibus

1783 3616 1907 3655 reus
1927 3601 2171 3654 convinci
2199 3611 2398 3670 posset,
2429 3601 2807 3670 probationes;
2843 3619 2901 3658 re
2922 3603 3012 3658 diu
3043 3605 3375 3675 multumque

1784 3704 2046 3761 perpensa
2067 3731 2082 3756 ,
2114 3690 2392 3744 constituit
2419 3691 2562 3744 illam
2589 3691 2794 3762 judicio
2820 3692 2999 3748 divino
3030 3695 3369 3763 permittere,

1782 3780 1908 3834 dum
1930 3797 2086 3851 quem
2109 3789 2413 3850 suspectum
2438 3781 2687 3846 habebat,
2714 3782 2783 3836 de
2813 3797 2906 3838 sua
2936 3784 3098 3839 domo
3123 3783 3375 3855 ejiciendi

1780 3871 1919 3942 justa
1946 3874 2122 3943 aliqua
2153 3871 2540 3942 manifestaque
2566 3874 2667 3928 sibi
2705 3889 2865 3930 causa
2909 3877 3256 3945 prteberctur.
3287 3877 3376 3932 ln-

1780 3973 1926 4020 terea
1965 3965 2102 4018 haud
2131 3979 2394 4035 quaquam
2440 3965 2620 4018 animo
2665 3975 2777 4020 erat
2802 3967 2873 4021 ita
2905 3978 3273 4038 comparatus,
3311 3979 3374 4026 ut

1780 4074 1902 4114 eum
1924 4103 1937 4126 ,
1967 4061 2056 4129 qui
2099 4063 2238 4130 apud
2268 4077 2326 4116 se
2358 4063 2487 4116 tanti
2513 4061 2693 4132 ﬂagitii
2725 4064 3030 4132 suSpicione
3059 4066 3364 4133 laborabat,

1779 4150 1832 4204 in
1860 4150 2061 4204 clerum
2083 4152 2417 4222 allegentlum
2445 4162 2654 4220 putaret
2679 4171 2694 4206 :
2727 4162 2781 4206 at
2801 4154 2906 4219 ille,
2941 4154 3058 4210 sive
3086 4157 3367 4226 Augustini

1778 4239 1832 4294 in
1860 4255 1918 4295 se
1946 4241 2181 4296 animum
2211 4242 2439 4310 experiri
2456 4243 2637 4310 vellet,
2658 4245 2771 4299 sive
2797 4245 2975 4298 innata
3006 4246 3233 4315 quadam
3253 4263 3371 4301 am-

1776 4330 1977 4387 bitione
2001 4333 2305 4399 duceretur,
2336 4347 2549 4388 omnem
2582 4337 2881 4391 machinam
2911 4336 3173 4404 adhibuit,
3206 4341 3368 4394 utvel

1778 4437 1879 4493 per
1902 4431 2141 4479 sanctum
2166 4424 2471 4480 Antistitem
2501 4425 2790 4482 referretur
2816 4428 2868 4481 in
2887 4427 3000 4496 ejus
3022 4427 3248 4494 clerum,
3279 4429 3366 4482 vel

1775 4514 2009 4585 acceptis
2058 4515 2126 4569 ab
2153 4516 2269 4585 ipso
2297 4517 2746 4572 commendatitiis
2789 4518 2980 4572 litteris
3028 4519 3128 4572 sibi
3174 4519 3362 4576 liceret

1773 4607 1900 4662 alibi
1929 4608 2318 4663 ordinationem
2361 4610 2652 4680 suscipere.
2692 4612 2762 4664 At
2807 4610 3132 4680 Augustinus
3168 4611 3363 4668 adduci

1773 4703 1918 4758 nullo
1964 4703 2124 4760 modo
2159 4708 2358 4774 potuit,
2414 4713 2473 4758 ut
2502 4713 2590 4759 aut
2614 4705 2666 4760 ei
2693 4718 2881 4758 manus
2914 4703 3238 4773 imponeret,
3267 4712 3363 4760 aut

1770 4793 1862 4848 ulli
1883 4808 1913 4848 e
1932 4795 2259 4864 coepisc0pis
2282 4796 2391 4850 suis
2409 4809 2506 4865 per
2523 4795 3038 4851 commendationem
3060 4812 3208 4852 suam
3235 4812 3360 4852 eum

1770 4887 2250 4944 subintroduceret.
2281 4888 2450 4956 Quam
2477 4890 2546 4944 ob
2573 4889 2839 4959 repulsam
2883 4889 2976 4944 ille
3001 4890 3356 4945 turbulentius

1768 4995 1955 5051 agere,
1988 4979 2367 5050 dictitarequc,
2392 4981 2435 5034 si
2467 4981 2568 5058 sibi
2613 4981 2680 5035 ad
2706 4981 2906 5035 clerum
2939 4982 3356 5050 prmcluderetur

1765 5069 2297 5137 aditus,Bonifacium
2327 5071 2523 5141 pariter
2541 5072 2609 5126 de
2634 5073 2800 5142 gradu
2825 5073 3178 5143 dejiciendum
3210 5089 3352 5131 esse.

1765 5161 1876 5218 Hoc
1899 5162 2171 5235 proposito
2187 5163 2318 5217 nihil
2346 5171 2460 5219 erat
2486 5162 2734 5233 iniquius.
2755 5163 3134 5220 Verumtamen
3162 5166 3210 5219 ei
3231 5180 3355 5220 con-

1764 5255 1962 5310 sentire
1992 5264 2233 5324 paratum
2266 5269 2323 5308 se
2353 5252 2702 5324 profitebatur
2732 5253 3063 5321 Bonifacius,
3113 5270 3177 5310 eo
3207 5257 3350 5325 quod

1762 5349 1949 5403 mallet
1965 5347 2168 5403 honore
2185 5347 2502 5418 presbyterii
2522 5347 2659 5417 apud
2685 5345 2930 5401 homines
2952 5348 3168 5417 privari,
3187 5362 3348 5415 quam

1761 5439 1925 5494 ullam
1971 5435 2095 5508 Spei
2141 5451 2326 5491 ansam
2367 5437 2605 5506 praebere
2643 5436 2937 5491 Ecclesium
2984 5433 3342 5507 perturbandi.

1760 5530 1836 5584 Ea
1875 5530 1925 5583 in
1953 5545 2011 5584 re
2036 5528 2265 5584 mediam
2295 5528 2578 5599 quamdam
2606 5528 2744 5582 viam
2786 5529 2883 5583 sibi
2912 5525 3192 5581 iucundam
3224 5539 3343 5578 esse

1759 5620 2080 5676 existimavit
2107 5620 2462 5690 Augustinus,
2505 5618 2752 5674 videlicet
2797 5627 2854 5672 ut
2891 5625 3110 5683 uterque
3141 5611 3342 5681 scripto

1756 5712 1952 5784 placito
1974 5711 2355 5782 pollicerentur
2374 5753 2388 5777 ,
2421 5726 2480 5766 se
2505 5711 2679 5765 locum
2706 5710 2934 5778 aliquem
2956 5702 3223 5761 miraculis
3250 5719 3344 5759 ce-

1756 5801 1960 5856 lebrem
2007 5800 2266 5870 petituros
2285 5842 2301 5866 ,
2333 5801 2422 5855 ubi
2451 5815 2601 5855 reum
2627 5800 2738 5853 sive
2777 5805 2948 5850 metus
2967 5836 2981 5862 ,
3023 5793 3135 5846 sive
3159 5791 3340 5851 divina

1760 5892 1900 5950 ultio
1926 5893 1993 5949 ad
2023 5888 2377 5950 cbnlitendam
2406 5892 2614 5961 culpam
2639 5889 2893 5960 adigeret.
2941 5885 3199 5955 Quocirca
3243 5902 3341 5946 eos
