1919 3135
234 98 288 127 ΜΞ

234 143 330 184 Nolam
341 156 374 184 ad
385 156 468 184 sancti
481 157 578 185 Felicis
588 159 718 186 tumulum
731 159 770 187 ire
781 159 872 195 iussit:
888 166 1029 197 prapterea

236 202 308 237 quod
326 203 359 230 ibi
374 203 490 236 certius,
504 212 583 240 quam
599 212 721 241 usquam,
735 214 783 241 per
795 206 933 235 Paulintuu
946 209 1030 236 resci-

236 251 322 280 retur,
332 248 395 283 quid
408 249 538 277 ambobus
548 251 711 286 contigisset.
723 251 755 278 Et
764 260 795 279 ca
803 253 909 286 quidem
922 253 969 281 fttit
977 253 1029 281 Bo-

233 293 324 321 nifacii
339 294 484 328 modestia;
501 301 529 323 ut
543 297 659 327 litteras.
675 305 735 333 qute
749 305 823 326 suam
841 299 867 327 in
882 299 1029 329 Ecelesiam

234 337 390 373 dignitatem
411 340 632 377 testiﬁcarentur,
658 343 744 370 nullas
768 345 930 379 postularet;
955 346 1029 375 Nolae

232 392 293 413 cum
309 387 362 413 alio
373 386 447 422 juxta
470 388 561 415 haberi
584 396 636 416 non
659 396 800 422 recusans,
823 398 876 426 quo
898 392 987 427 utique
1000 392 1028 421 in

231 428 292 458 loco
303 431 379 466 juxta
393 437 468 460 erant
482 433 618 469 incogniti.
938 448 966 454 λλ

271 476 299 503 2.
314 477 367 504 Res
377 478 420 505 illa
437 479 583 515 usquedum
599 484 666 508 tecta
680 486 859 516 remanserat,
874 482 897 510 ei
909 483 1026 511 remedia

232 521 321 549 omnia
337 522 376 550 sic
383 523 509 551 adhibere
523 525 685 560 Augustinus
698 527 814 561 studuit,
829 532 857 555 ut
870 532 957 556 tamen
967 537 1027 564 gra-

229 566 357 594 vissimus
369 569 458 595 cordis
471 569 529 604 ejus
542 570 619 597 dolor
634 571 659 598 in
674 571 759 606 plebis
774 573 894 600 notitiam
910 581 962 601 non
978 582 1024 602 ve—

231 611 318 644 niret;
345 613 405 648 quia
428 615 523 641 merito
539 616 699 648 verebatur.
724 625 758 644 ne
781 617 841 645 hinc
854 619 932 646 simul
945 624 972 647 et
985 620 1025 647 in.

228 655 366 685 fruetuose
377 660 560 687 cruciarentur
569 661 647 694 lirmi,
659 667 686 689 et
697 663 844 697 periculose
855 664 1025 692 turbarentur

229 701 344 735 inﬁrmi;
358 711 390 731 ac
412 705 475 739 ipsis
500 713 604 741 quoque
630 707 805 736 schismaticis
829 717 892 737 ausa
915 711 1024 739 daretur

229 748 362 776 catholico
376 752 475 786 popqu
497 751 632 780 illudendi.
659 753 768 782 Factum
794 755 965 784 nihilominus
980 758 1022 785 itt-

229 792 285 820 vito
303 794 348 821 illo
361 795 494 831 vulgatum
509 802 565 830 est,
578 807 710 834 quamque
725 800 815 827 animo
832 808 1021 837 prospexerat,

226 838 400 868 oll'ensiouem
414 844 532 877 peperit;
546 849 572 871 et
585 852 618 872 eo
631 845 736 880 quidem
751 848 915 876 acerbiorem
927 870 934 882 ,
951 850 1021 884 quod

225 891 303 914 antea
313 887 441 923 jactatum
465 890 564 924 fuerat,
589 892 727 926 Augustini
745 894 856 921 clericos
871 895 895 922 iu
910 896 1021 924 erimina

225 940 392 969 nequaquam
416 936 467 963 labi
489 938 599 971 solitos,
626 939 849 973 quemadmodum
866 942 903 975 ii,
925 943 1020 978 quibus

223 987 321 1009 manus
330 982 493 1016 imposuerat
505 984 702 1013 Proculeianus.
718 987 804 1015 Fuere
821 989 901 1015 etiam
914 990 958 1024 qui
975 998 1020 1024 pe-

223 1028 323 1058 terent,
334 1032 363 1054 ut
371 1028 496 1057 Bonifacii
506 1038 601 1059 nomen
610 1039 642 1058 ex
650 1032 711 1059 albo
718 1034 1019 1071 presbyterorum,quos

222 1071 308 1099 moris
321 1078 379 1100 erat
392 1074 424 1101 ad
439 1075 522 1103 altare
543 1077 667 1110 recitari,
683 1085 879 1114 ettpungeretur
893 1090 899 1108 :
915 1090 948 1108 ne
965 1083 1018 1110 sci-

220 1115 284 1143 licet
295 1117 347 1145 ulla
360 1119 504 1148 Donatistis
517 1122 715 1157 relinqueretur
726 1126 833 1152 occasio
845 1126 1016 1160 prtcdieandi.

220 1161 323 1190 scelera
341 1164 410 1198 apud
424 1165 577 1194 Catholicos
593 1168 722 1202 impunita
738 1177 886 1198 remanere.
912 1172 939 1198 Id
955 1181 1018 1200 vero

219 1207 342 1236 noluerat
355 1210 537 1244 Augustinus:
554 1220 588 1239 ne
604 1213 653 1240 hoc
669 1219 747 1248 pacto
761 1216 823 1248 Dei,
835 1217 910 1250 cujus
923 1218 955 1245 ad
972 1219 1017 1246 tri-

218 1251 299 1280 bunal
312 1262 391 1282 causa
404 1256 532 1284 Bonifacii
548 1259 674 1286 translata
691 1260 777 1288 fuerat
788 1263 933 1296 .judieium
949 1273 1017 1299 pra:-

217 1304 382 1334 verteretur;
395 1310 461 1330 neve
470 1303 614 1332 violaretur
622 1306 726 1334 concilii
741 1312 878 1339 statutum,
892 1318 938 1345 per
945 1312 1015 1347 quod

217 1351 270 1372 non
287 1346 384 1374 licebat
395 1348 540 1389 clericum,
563 1351 608 1385 qui
633 1353 750 1380 nomium
771 1355 908 1383 convictus
922 1358 975 1390 sit,
999 1365 1015 1385 a

217 1393 405 1420 communione
418 1387 563 1428 suspendi,
580 1396 630 1423 nisi
650 1397 753 1432 judicio
767 1408 796 1427 se
817 1401 910 1430 sistere
934 1411 1013 1431 recu-

217 1441 304 1464 sasset
316 1437 425 1471 (Concil.
439 1438 559 1475 Carthag.
572 1442 659 1469 δαηηὶ
673 1443 736 1477 597,
749 1453 824 1472 conn.
840 1448 867 1479 7,
888 1448 927 1482 8).
943 1448 1013 1476 Cleri

217 1484 305 1508 tamen
321 1482 461 1517 populique
472 1484 571 1519 judicio
584 1486 633 1514 hoc
646 1489 725 1516 etiam
741 1492 875 1525 permisit,
887 1493 909 1519 si
925 1494 959 1520 ita
974 1495 1014 1522 eis

215 1527 302 1554 visum
319 1527 411 1556 fuisset
432 1531 573 1565 expedire,
591 1541 625 1560 ne
638 1534 670 1561 iis
683 1535 728 1569 qui
741 1543 803 1563 eutn
819 1537 851 1564 ad
867 1538 1013 1567 Ecclesiam

215 1571 464 1609 nolleutaccedere,
477 1578 630 1611 quaerebant
641 1579 735 1606 saltem
746 1582 815 1615 quod
824 1588 1011 1619 pnetexerenl,

216 1616 340 1651 quaedam
367 1619 429 1647 inde
445 1622 608 1655 pra-beretur
619 1624 761 1658 probabilis
774 1616 909 1656 excusatio
929 1639 936 1657 :
950 1616 1013 1659 tunc

216 1668 282 1689 vero
296 1670 350 1690 non
364 1663 481 1698 ipsorum
505 1666 619 1695 futurum
634 1676 693 1696 esse
707 1670 757 1698 ltoc
775 1670 887 1706 factum,
901 1675 947 1702 sed
962 1684 1010 1703 eo-

212 1714 273 1733 rum
289 1716 401 1742 quorutn
423 1718 502 1739 causa
518 1712 596 1739 ftterit
611 1713 724 1747 factum;
740 1725 826 1753 neque
839 1719 918 1747 etiam
939 1721 1011 1750 illine

213 1750 315 1779 homini
325 1773 332 1785 ,
348 1762 427 1789 quem
441 1764 493 1783 non
520 1758 607 1793 iniqua
630 1761 791 1789 conscientia
804 1764 837 1790 de
850 1764 918 1792 libro
933 1766 1008 1793 vivo-

212 1805 272 1825 rum
291 1799 437 1833 deleveril,
459 1802 547 1831 damni
572 1805 714 1840 quidquam
737 1816 918 1838 accessurum.
942 1813 1009 1841 Dum

211 1843 271 1870 htec
285 1843 318 1870 ita
331 1853 498 1880 gererentur,
514 1849 635 1885 llippone
649 1853 740 1880 aberat
755 1854 884 1890 Augustin
897 1865 928 1884 is.
943 1858 1009 1891 Qua-

212 1894 322 1923 propter
334 1891 407 1919 clero
421 1900 486 1927 suo,
502 1897 651 1925 senioribus
661 1918 668 1931 ,
682 1903 710 1926 et
726 1901 856 1930 universa:
871 1904 939 1938 plebi
956 1905 1007 1933 Ec-

210 1934 298 1962 clesia:
314 1937 491 1972 Hipponensis
506 1942 644 1976 epistolam
660 1945 747 1977 misit,
763 1954 814 1981 qua
838 1956 884 1975 eos
903 1950 947 1985 qui
962 1959 1006 1979 se-

208 1987 268 2008 cum
282 1983 414 2012 infelicem
429 1986 501 2014 illum
524 1996 614 2016 casum
631 1991 743 2019 moleste
756 1992 890 2027 ferebant,
911 2004 1005 2031 quam-

209 2026 250 2053 vis
264 2027 324 2055 inde
348 2030 432 2057 multo
459 2033 546 2060 minus
570 2043 649 2069 quato
666 2035 722 2070 ipse
744 2037 844 2066 doloris
859 2037 1002 2077 caperent,

209 2071 289 2099 solari
313 2075 416 2107 studet;
441 2076 571 2112 docetque
582 2079 636 2113 jam
663 2081 764 2115 pridem
779 2091 794 2111 a
808 2071 913 2112 Christo
935 2071 1003 2121 ιιι-ξεί

207 2117 276 2145 dicta
292 2118 374 2148 fuisse
397 2122 526 2156 ejusmodi
543 2126 667 2153 scandala
685 2137 692 2155 :
709 2129 772 2163 ipsis
791 2131 870 2158 etiam
885 2139 1003 2161 summo-

207 2171 270 2197 pere
283 2167 430 2195 cavendum
444 2176 504 2196 esse
514 2190 522 2203 ,
539 2179 571 2197 ne
587 2171 695 2200 fratrem
711 2181 743 2201 ex
760 2174 832 2202 falsis
847 2179 1003 2213 suspicioni-

206 2209 256 2237 bus
270 2211 419 2246 judicaules
438 2216 463 2242 in
479 2216 578 2245 diaboli
602 2218 710 2254 laqueos
735 2221 872 2256 incidant;
888 2209 958 2260 quod
974 2227 1000 2255 in

205 2253 332 2284 Bonifaeii
354 2259 465 2293 gratiam
493 2262 566 2290 dicit.
592 2253 644 2291 Eos
659 2265 820 2300 obtestatur,
840 2276 874 2296 ne
892 2253 1000 2299 vulnera

207 2300 262 2327 suis
274 2302 354 2336 ipsius
365 2306 519 2335 vulneribus
532 2317 600 2338 nova
615 2313 808 2346 superaddaut.
826 2323 858 2343 ne
868 2318 998 2346 cruciatus

203 2351 316 2379 augeant
329 2368 337 2379 ,
350 2356 382 2375 ne
394 2349 509 2385 denique
522 2353 641 2382 dolorem
655 2357 747 2385 dolore
765 2360 900 2388 cumuleut
909 2383 917 2395 ,
933 2363 999 2391 deli-

204 2390 302 2418 cieudo
317 2393 357 2419 vel
373 2394 398 2420 in
412 2397 607 2430 suspicionibus
621 2400 702 2435 falsis,
718 2404 756 2431 vel
768 2404 793 2431 in
804 2408 921 2440 peccatis
932 2409 998 2437 alie-

202 2435 260 2468 nis;
272 2437 321 2472 ipsi
335 2438 467 2472 videlicet.
482 2443 525 2476 qui
539 2451 613 2479 spem
624 2446 738 2482 aliquam
750 2435 846 2479 habent
856 2453 890 2480 ad
902 2435 994 2489 Deum,

201 2486 250 2512 pro
262 2482 358 2515 quibus
368 2484 424 2518 ipse
438 2488 571 2516 continuis
581 2492 704 2524 periculis
716 2497 910 2532 caputobjieit:
924 2482 995 2536 quod

201 2526 272 2552 enim
287 2528 319 2554 ad
332 2529 516 2561 schismatioos
528 2535 637 2571 attinet,
653 2540 698 2574 qui
713 2526 829 2577 nequitia
836 2526 993 2578 'planejdia-

201 2569 286 2600 bolica
300 2573 424 2608 gaudium
437 2586 452 2605 e
468 2583 520 2607 tam
535 2569 781 2614 luctuosis-casibus
795 2569 991 2626 percipiebant;

199 2621 279 2651 atque
295 2619 321 2646 in
345 2620 472 2652 Ecclesia:
494 2628 621 2655 membris
637 2630 699 2657 vitia
711 2633 834 2666 qumdam
850 2635 991 2672 investiga-

199 2661 226 2672 ls
236 2671 239 2672 ν
254 2669 259 2672 ι
341 2665 348 2672 ⁸
420 2669 424 2672 ‘
452 2670 457 2672 ‘

199 2661 262 2690 baut
274 2685 282 2697 ,
296 2665 365 2693 unde
380 2669 425 2695 ιοιί
443 2670 512 2699 illius
525 2674 629 2708 corpori
644 2661 802 2711 inviderent,
819 2680 869 2714 ipsi
883 2661 990 2715 quidzm

198 2710 346 2742 expeditius
360 2714 514 2749 videbatur,
538 2726 584 2745 eos
598 2725 784 2755 contemnere,
800 2730 826 2752 et
847 2733 941 2755 catuun
952 2750 959 2763 ,
974 2737 989 2757 a

200 2753 252 2763 -..ΕΙ
340 2759 344 2763 ¹
427 2760 433 2763 ·
512 2762 516 2763 ⁷

198 2753 292 2787 quibus
304 2759 411 2786 vttlucra
427 2760 516 2788 Lazari
533 2763 716 2799 liugebantur,
733 2768 791 2795 loco
809 2769 916 2800 habere.
935 2753 990 2803 illo-

196 2803 241 2827 net
264 2800 464 2838 Hipponienses,
480 2806 561 2835 De-un
587 2807 708 2840 fortassis
723 2812 783 2842 ideo
798 2815 915 2845 uoluisse
936 2800 987 2848 hoc

171 2886 196 2908 ’τι

802 101 882 131 VI'I'A
901 103 940 133 S.‘
950 103 1134 134 AUGUSTlNl
1154 107 1314 139 EPISCOPI.
1803 127 1845 160 δη

1086 171 1132 192 eos
1145 167 1298 196 scandalum
1313 169 1410 203 latere.
1426 175 1455 199 ut
1468 180 1557 201 secum
1572 174 1843 216 instantinsincumlnnt
1863 197 1866 200 λ

1085 212 1248 240 orationibus
1262 235 1267 246 ,
1283 220 1312 242 ut
1327 215 1387 244 facti
1402 218 1499 246 veritas
1513 219 1600 248 divina
1617 225 1768 255 revelationc
1786 237 1844 260 eam.

1084 257 1209 292 periatur.
1227 259 1341 288 Eosdem
1358 262 1530 292 vehementer
1549 266 1623 301 juxta
1645 276 1676 296 ae
1687 270 1791 301 demisse
1810 284 1843 305 re.

1083 303 1240 338 prehendit,
1264 307 1334 342 quod
1352 308 1480 338 adversus
1496 311 1692 342 Proculeianum
1714 317 1739 344 in
1758 326 1783 347 se
1801 303 1843 356 ipso
1863 352 1866 356 ι
1890 318 1893 356 λ

1083 351 1187 383 potius,
1204 359 1284 386 quam
1297 353 1323 380 in
1351 354 1407 382 Deo
1429 356 1534 391 gloriati
1560 358 1683 388 fuerant:
1701 370 1762 392 neve
1782 351 1842 397 etiam

1082 398 1244 425 monasteria
1257 406 1290 426 eo
1305 401 1412 430 nomine
1425 403 1617 438 criminentur,
1631 408 1701 442 quod
1716 409 1739 437 in
1750 411 1795 440 illis
1806 414 1842 442 im-

1081 442 1181 476 probos
1194 443 1298 480 aliquos
1320 448 1440 481 reperire
1459 449 1511 481 sit.
1525 451 1692 480 adhortatur.
1717 455 1775 484 Cum
1788 458 1843 490 Felix
1864 449 1869 450 ⁷

1081 486 1187 521 quidam
1202 494 1281 524 atque
1293 491 1426 520 llilarinus
1433 494 1466 522 de
1477 494 1526 523 hac
1541 504 1571 524 re
1581 497 1614 524 ad
1627 507 1686 526 eum
1695 502 1842 539 scripsissent,

1080 534 1218 569 respondit
1232 536 1265 563 ad
1278 542 1370 565 eorum
1386 539 1505 569 litteras.
1524 542 1635 572 minime
1649 545 1741 573 mirum
1757 552 1842 583 mea

1080 580 1140 606 talia
1154 587 1297 610 nascantur
1310 584 1466 613 oﬂ'endtcula
1479 608 1485 618 ,
1497 593 1542 615 aut
1554 594 1646 617 cotttra
1662 591 1705 618 Dei
1723 600 1803 622 sertos
1816 598 1841 623 si.

1079 625 1155 653 nislri
1163 634 1283 655 rumores
1299 629 1325 656 in
1337 631 1429 666 vulgus
1439 639 1616 667 spargantur:
1632 643 1710 670 porro
1726 646 1798 667 senee
1809 641 1841 669 lla-

1078 671 1165 706 gitiosi
1179 674 1323 710 quidquam
1338 676 1548 712 deprehendisse
1561 681 1586 708 in
1603 681 1743 718 Bonifacio,
1757 694 1796 714 nec
1804 695 1842 716 crs

1077 716 1192 751 didisse;
1214 719 1303 755 itaque
1317 730 1370 749 non
1389 723 1501 758 jussisse
1525 730 1553 753 ut
1567 727 1626 761 ejtts
1641 716 1741 757 nomen
1754 731 1783 759 de
1794 740 1841 767 prte-

1077 762 1244 798 sbyterorum
1269 775 1381 796 numero
1405 770 1570 805 auferretur,
1594 775 1656 808 quia
1670 775 1839 813 divinumjudi-

1076 808 1163 841 cium,
1188 810 1221 837 ad
1235 812 1305 846 qttod
1330 815 1480 851 presbyteri
1503 817 1581 852 hujus
1600 827 1682 847 causa
1702 822 1774 850 relata
1787 808 1838 858 erat,

1075 860 1242 884 antevenere
1258 865 1310 885 non
1336 859 1461 888 audebat.
1477 862 1535 896 Quo
1549 868 1671 898 tempore
1693 868 1785 902 scriptze
1794 876 1837 899 sunt

1075 907 1089 926 a
1106 900 1183 927 beato
1198 901 1261 930 Viro
1283 904 1336 931 illa:
1358 906 1477 941 epistol:e
1489 928 1496 940 ,
1516 909 1571 944 jam
1597 911 1651 938 iter
1668 912 1797 942 Bonibtcius
1814 924 1836 944 ac

1075 944 1142 979 Spes
1155 947 1246 975 Nolam
1262 956 1453 985 susceperant,
1465 959 1510 981 aut
1523 956 1618 984 saltem
1633 957 1667 985 ad
1681 958 1739 986 illud
1753 966 1811 988 erant
1820 962 1838 989 in

1074 992 1221 1024 procinctu.
1236 993 1320 1027 Quem
1334 1004 1398 1024 vero
1410 998 1509 1026 exitum
1520 1008 1614 1028 eorum
1632 1010 1712 1030 causa
1727 1005 1837 1040 habuerit,

1074 1036 1236 1071 ignoramus.
1253 1040 1284 1067 Et
1296 1049 1345 1068 nos
1358 1044 1465 1077 quidem
1481 1045 1548 1073 infra
1564 1047 1597 1075 dc
1607 1049 1721 1083 quodam
1735 1036 1837 1080 Botiifacat

1073 1081 1130 1108 viro
1144 1084 1264 1125 optimo‘.
1279 1091 1306 1113 et
1319 1089 1403 1115 sancti
1420 1089 1544 1118 Prtesulis
1559 1081 1737 1126 amicissimo.
1755 1098 1791 1131 qui
1801 1097 1837 1125 Ca-

1073 1128 1210 1160 taquensis
1225 1130 1364 1167 episcopus
1388 1141 1458 1162 anno
1476 1136 1583 1165 circiter
1607 1141 1837 1176 quadringentesimo

1072 1178 1170 1201 octavo
1180 1181 1352 1205 consecratus
1362 1184 1413 1212 est.
1428 1181 1521 1209 dicturi
1535 1191 1638 1211 sumus.
1651 1185 1761 1214 Tamet~i
1772 1194 1836 1217 autem

1071 1226 1103 1245 ex
1118 1219 1265 1249 humilitate
1279 1224 1426 1260 presbyteri
1449 1235 1500 1254 non
1516 1233 1618 1257 temere
1629 1231 1765 1265 eonjicias,
1780 1233 1837 1261 Deum

1070 1268 1097 1290 et
1108 1264 1177 1292 illius
1192 1266 1370 1296 innocentiam
1382 1270 1483 1306 liqttido
1497 1272 1662 1309 declarasse,
1676 1264 1702 1304 et
1716 1277 1780 1304 illum
1791 1283 1838 1312 post,

1070 1318 1148 1345 quant
1170 1314 1232 1342 ﬁdei
1251 1316 1310 1350 ejus
1323 1325 1355 1345 ac
1370 1319 1505 1352 patientia:
1520 1322 1669 1355 perieulum
1692 1323 1797 1357 fecisset,
1815 1326 1837 1352 ad

1070 1357 1247 1393 episcopalem
1263 1362 1418 1397 dignitatem
1440 1366 1561 1394 erexisse
1580 1377 1587 1395 :
1602 1374 1719 1397 attamen
1732 1378 1800 1398 unum
1811 1376 1838 1398 at-

1068 1410 1120 1436 que
1135 1404 1259 1433 eumdetn
1275 1407 1356 1436 fuisse
1368 1410 1439 1437 nulla
1452 1412 1579 1440 evincuttt
1591 1420 1753 1449 argumenta.

1104 1448 1130 1475 5.
1151 1449 1220 1476 Ante
1241 1451 1320 1484 huius
1341 1455 1403 1481 anni
1427 1455 1506 1484 linem
1525 1448 1832 1496 contigitAugnstinicum

1068 1493 1154 1522 Felice
1165 1496 1318 1530 disputatio.
1333 1500 1396 1528 Erat
1408 1502 1430 1529 is
1441 1511 1509 1530 unus
1519 1511 1535 1531 c
1546 1504 1748 1535 Manichtnorutn
1760 1508 1832 1536 Elcclis

1068 1537 1194 1574 (Possid.,
1208 1543 1233 1569 in
1249 1543 1305 1570 Vita
1314 1545 1407 1580 August
1422 1568 1430 1580 ,
1441 1556 1465 1574 c.
1477 1548 1524 1584 l6)
1541 1558 1572 1577 ac
1583 1551 1700 1585 ipsorum
1711 1553 1834 1581 doctoribus

1067 1584 1190 1619 (Retract.
1200 1587 1253 1621 1.2,
1264 1597 1320 1625 cap.
1328 1590 1356 1626 8)
1367 1612 1373 1622 .
1388 1592 1535 1621 liberalium
1546 1584 1654 1630 quidem
1664 1598 1832 1633 disciplinarum

1066 1629 1222 1665 imperitus:
1239 1639 1354 1663 attatueu
1369 1637 1528 1673 Fortunato,
1543 1629 1624 1676 quem
1642 1629 1790 1677 Augustinus
1801 1643 1833 1670 ad-

1066 1676 1118 1705 huc
1131 1679 1268 1714 presbyter
1282 1682 1307 1708 in
1323 1683 1425 1717 publica
1441 1685 1637 1721 disceptatione
1649 1676 1717 1716 anno
1730 1694 1832 1717 trecente-

1065 1723 1133 1750 situo
1148 1727 1321 1759 nonagesimo
1337 1729 1415 1757 tertio
1429 1733 1597 1766 convicerat,
1620 1735 1699 1770 longe
1718 1736 1831 1763 versmior-

1065 1766 1212 1802 Ilippouetn
1234 1778 1343 1800 venerat
1359 1782 1465 1803 errores
1483 1785 1546 1805 sttos
1564 1779 1783 1808 dissetninaturus.
1803 1783 1831 1808 An

1063 1819 1152 1840 autem
1168 1814 1190 1841 is
1205 1816 1274 1844 idem
1289 1818 1363 1846 Felix
1378 1819 1466 1854 fuerit,
1483 1822 1514 1849 ad
1529 1831 1607 1858 quem
1623 1831 1707 1854 exstat
1720 1826 1830 1862 Augustini

1063 1860 1173 1893 epistola
1187 1861 1281 1897 (Epist.
1297 1865 1342 1899 79)
1356 1873 1415 1901 quas
1430 1870 1584 1905 presbytero
1597 1871 1739 1899 Manicba-n
1752 1860 1829 1900 tantum

1062 1903 1232 1940 inscribitur,
1248 1908 1316 1936 haud
1330 1917 1404 1938 certo
1417 1913 1525 1941 scimus.
1540 1916 1576 1942 Ex
1588 1924 1619 1943 ea
1634 1918 1785 1952 intelligitur.
1795 1918 1829 1944 lto-

1060 1950 1158 1978 minem
1170 1952 1244 1979 illum
1255 1954 1341 1988 qualis
1352 1961 1423 1984 esset
1432 1958 1598 1988 dissimulare
1609 1967 1744 1995 eonatum;
1755 1967 1828 1990 atcum

1060 1996 1219 2031 colloquium
1233 2007 1293 2026 cum
1307 2002 1464 2036 quibusdam
1478 2003 1622 2034 Catholicis
1637 2007 1778 2041 habuisset,
1790 2013 1828 2035 sla-

1060 2042 1106 2069 tim
1122 2044 1155 2069 ab
1169 2044 1221 2071 illis
1235 2045 1430 2081 deprehensum
1452 2049 1550 2085 fuisse,
1572 2060 1603 2079 ac
1624 2060 1715 2081 Sancto
1734 2054 1827 2082 Antistiti

1058 2088 1183 2117 delatum.
1198 2091 1309 2120 Mortem
1324 2102 1339 2121 a
1353 2103 1383 2122 se
1397 2095 1496 2131 despici
1513 2099 1689 2132 prmdicabat,
1704 2100 1827 2128 dictitabat-

1057 2141 1109 2168 que
1125 2142 1154 2161 se
1168 2137 1237 2171 apud
1254 2138 1431 2173 Augustinqu
1453 2149 1549 2177 magno
1570 2144 1596 2171 in
1617 2153 1726 2172 numero
1745 2145 1824 2176 haberi,

1056 2181 1269 2216 quandoquidem
1281 2183 1315 2212 de
1328 2185 1383 2212 suis
1396 2189 1604 2222 comprimendis
1621 2191 1756 2218 conatibus
1768 2190 1824 2217 solli-

1055 2224 1122 2252 citus
1136 2231 1217 2254 esset.
1233 2227 1274 2255 Ad
1288 2237 1348 2257 eum
1362 2238 1425 2266 ergo
1438 2233 1576 2266 epistolam
1590 2235 1663 2263 dedit
1677 2236 1823 2272 Augustinus,

1054 2269 1162 2299 brevem
1182 2272 1253 2300 illam
1271 2275 1394 2310 quidem,
1413 2282 1440 2305 at
1458 2278 1643 2308 vehementem
1660 2290 1667 2308 :
1683 2282 1709 2309 in
1718 2269 1767 2317 qua
1780 2281 1821 2315 ejuf

1053 2318 1258 2346 ostentationem
1280 2320 1388 2354 irridet,
1413 2324 1587 2361 eamdemque
1607 2326 1822 2356 ratiocinationem,

1052 2369 1131 2396 quam
1143 2363 1245 2392 diluere
1258 2368 1413 2402 nequiverat
1425 2369 1508 2404 ipsius
1520 2379 1665 2406 prtecessor
1674 2372 1821 2403 Fortunatus,

1051 2407 1087 2434 illi
1102 2411 1244 2444 proponit,
1258 2411 1417 2442 denuntians
1433 2420 1461 2442 ut
1481 2417 1522 2444 vcl
1536 2424 1596 2445 eam
1609 2418 1708 2451 solvat,
1724 2417 1761 2445 vel
1775 2416 1822 2444 inde

1050 2453 1185 2483 abscedat.
1202 2456 1230 2484 Si
1250 2459 1356 2493 quidem
1378 2461 1517 2497 presbyter
1538 2464 1582 2491 ille
1598 2464 1752 2492 Manicluens
1765 2464 1820 2491 idem

1049 2499 1100 2533 sit,
1125 2501 1169 2536 qui
1193 2507 1220 2530 et
1240 2503 1331 2538 Felix;
1356 2506 1413 2535 luce
1432 2508 1470 2535 illi
1489 2511 1630 2545 contigisse
1650 2511 1817 2546 comperimus-

1048 2544 1141 2573 Oblata
1156 2553 1218 2575 sunt
1229 2549 1254 2577 ei
1268 2557 1316 2577 sua
1329 2551 1436 2587 scripta,
1454 2553 1505 2582 hoc
1518 2544 1571 2587 est,
1584 2563 1642 2591 qua:
1654 2544 1740 2584 secum
1754 2555 1818 2582 habe

1047 2590 1093 2618 bat
1113 2591 1265 2621 Mauiehteat
1284 2595 1414 2625 doctrina:
1437 2600 1570 2627 volumina
1593 2590 1702 2629 numero
1724 2601 1816 2629 forsitan

1046 2638 1179 2673 quinque,
1205 2649 1309 2670 necnon
1332 2643 1382 2671 sub
1402 2645 1508 2680 publico
1529 2647 1614 2683 sigillo
1633 2647 1756 2675 custodita
1775 2644 1816 2682 (θα

1046 2684 1114 2712 Actis
1126 2693 1183 2713 cum
1196 2686 1291 2722 Felice,
1302 2689 1347 2716 lib.
1360 2691 1383 2723 l,
1395 2699 1452 2725 cap.
1464 2692 1502 2727 l).
1514 2692 1610 2720 Octavo
1619 2694 1676 2721 idus
1686 2691 1815 2721 decembn's

1044 2732 1108 2759 adiit
1121 2733 1275 2763 Curatorem
1291 2743 1337 2763 seu
1351 2737 1475 2771 Majorem
1492 2740 1564 2767 urbis
1574 2761 1581 2773 ,
1597 2740 1673 2775 eique
1686 2739 1812 2774 supplicet!

1044 2776 1160 2805 libellum
1172 2780 1275 2814 obtulit,
1289 2782 1391 2815 publice
1400 2783 1550 2817 clamitans,
1564 2792 1621 2812 cum
1632 2785 1758 2812 codicibus
1767 2781 1812 2809 sui!

1042 2830 1071 2850 se
1084 2830 1203 2858 paratum
1217 2833 1277 2856 esse
1295 2828 1399 2858 incendi
1410 2851 1417 2864 ,
1433 2831 1455 2859 si
1468 2831 1565 2867 aliquid
1581 2832 1640 2859 mali
1655 2835 1775 2867 repertum
1788 2828 1809 2862 ill
