3868 6428
539 338 613 358 ,ελ-

101 452 189 514 δισ
1352 432 1556 492 LIBER
1591 441 1599 484 ι

1709 429 1910 494 NTUS.

101 565 202 639 ipsis
218 562 370 620 fuisset
396 558 567 634 (ιδιά,
590 572 701 628 cap.
730 555 839 625 12).
860 553 990 610 Cum
1010 566 1078 610 eo
1097 551 1335 608 fortassis
1356 550 1458 606 hoc
1478 551 1594 620 ipso

98 660 166 714 die
179 656 452 726 aliquantum
471 649 752 706 adlocutus
772 657 852 704 est
870 643 1222 717 Augustinus;
1243 643 1454 714 quando
1477 643 1599 697 Pos-

99 749 229 805 sidius
251 748 320 801 his
342 752 423 798 aut
459 753 535 797 ter
559 756 648 797 eos
670 740 968 810 disputasse
995 738 1225 792 al‘tirmat
1253 734 1482 806 (Pouid.
1498 776 1514 796 .
1542 734 1597 789 in

106 840 193 896 Vita
209 841 376 911 August
399 880 413 904 ,
434 853 477 891 c.
508 835 586 904 l6)
602 877 617 900 ,
643 833 848 888 tametsi
876 832 927 887 iu
951 832 1095 888 Actis
1119 845 1180 886 ea
1202 829 1270 885 de
1292 845 1348 884 re
1369 828 1598 898 perscri-

98 936 175 1004 ptis
194 931 354 1002 duplex
382 939 568 985 tantum
596 927 900 983 dissertatio
929 925 1201 980 habeatur.
1231 923 1430 979 Harum
1453 920 1599 992 prior

97 1023 275 1094 septimo
297 1020 401 1076 idus
426 1019 746 1083 decembres,
775 1033 896 1088 quze
919 1024 1102 1087 quarta
1129 1025 1241 1072 erat
1266 1014 1391 1070 feria
1413 1055 1429 1080 ,
1455 1029 1600 1068 anno

98 1111 535 1184 quadringcuttatimo
561 1118 747 1180 quarto
774 1115 892 1164 acta
922 1116 1006 1163 est
1039 1108 1091 1162 iu
1130 1107 1355 1164 ecclesia
1396 1105 1598 1176 llippo-

98 1205 219 1260 Densi
241 1203 323 1270 (De
335 1204 547 1256 Art.cum
568 1200 705 1266 νει,
734 1201 821 1254 lib.
848 1200 900 1262 1.
923 1216 1039 1272 cap.
1065 1200 1144 1270 1),
1172 1198 1369 1269 populo
1387 1197 1452 1251 ad
1472 1211 1600 1253 can-

97 1297 250 1350 cellum
267 1295 464 1349 adstante
491 1292 673 1366 (Ibid,
694 1309 811 1362 cap.
823 1291 916 1362 21))
939 1303 993 1346 et
1010 1306 1133 1346 cum
1151 1304 1366 1346 summo
1385 1288 1600 1344 silentio

96 1398 138 1443 et
154 1386 360 1443 modestia
383 1385 638 1451 audiente,
660 1400 726 1440 ac
752 1385 992 1447 notariis,
1019 1383 1110 1453 qui
1135 1382 1292 1437 verba
1325 1381 1599 1450 utriusque

96 1479 359 1546 exciperent,
374 1475 708 1547 pneseutilms
725 1473 911 1544 (Ibid..
931 1491 1047 1544 cap.
1067 1473 1180 1539 l2).
1209 1472 1364 1528 lsluit
1381 1486 1598 1527 concer~

97 1571 258 1624 talionis
274 1571 440 1630 exitus.
466 1582 538 1632 ut.
565 1583 688 1623 cum
711 1567 786 1622 illi
808 1568 1132 1638 Augustinus
1160 1564 1297 1620 idem
1318 1580 1602 1634 argumen—

97 1673 192 1725 tum,
212 1661 333 1733 quod
355 1673 496 1717 antea
520 1661 836 1725 Fortunato,
864 1658 1184 1728 obiecisset,
1216 1658 1464 1712 nimirum
1496 1673 1599 1727 qua

95 1753 251 1807 ratione
276 1752 395 1818 Deo,
435 1752 475 1806 si
508 1751 720 1821 quidem
757 1759 901 1806 esset
936 1759 1120 1804 natura
1162 1747 1597 1816 incorruptibilis,

92 1860 241 1900 nocere
268 1860 382 1915 gens
415 1845 745 1900 tenebrarum
773 1843 1009 1901 valeret:
1039 1841 1120 1895 sin
1159 1851 1334 1894 auten;
1375 1855 1423 1894 ct
1466 1837 1599 1892 nihil

91 1935 334 1992 detrimenti
371 1936 544 1992 allerre
591 1943 805 2005 posset,
853 1934 980 2005 quid
1020 1941 1137 1989 erat
1173 1932 1312 2001 quod
1342 1931 1601 1986 adversus

87 2027 213 2084 istam
233 2030 293 2082 ita
314 2028 608 2085 dimicasset.
643 2037 702 2082 ut
727 2036 929 2082 natura:
955 2041 1067 2081 sua:
1097 2035 1299 2094 partem
1338 2024 1440 2078 huc
1468 2023 1600 2076 mis-

86 2132 184 2170 sam
205 2117 280 2172 isti
305 2119 605 2174 tenebrarum
630 2120 776 2190 genti
806 2119 1038 2173 misceri.
1070 2131 1268 2186 perque
1293 2130 1410 2170 eam
1441 2113 1600 2182 polluti

85 2219 316 2280 pateretur
338 2211 494 2283 (Ibid,
509 2230 618 2284 cap.
638 2212 760 2273 l9);
790 2221 994 2282 peteret
1013 2209 1161 2266 Felix
1181 2209 1279 2263 sibi
1302 2219 1510 2278 tempus
1531 2208 1598 2262 ad

81 2302 462 2370 respondendum,
485 2321 651 2374 usque
670 2303 738 2359 ad
760 2306 1048 2358 secundam
1073 2303 1254 2357 feriam
1274 2303 1596 2372 proximam,

81 2393 216 2462 pridie
231 2393 332 2451 idus
348 2396 568 2464 ejusdem
592 2396 814 2460 mensis,
833 2395 1073 2464 quintum
1095 2395 1301 2449 scilicet
1323 2402 1442 2464 post
1457 2392 1600 2448 diem

83 2484 296 2554 phimgari
317 2483 480 2555 (Ibid.,
497 2487 589 2541 lib.
611 2487 668 2544 2.
686 2503 801 2555 cap.
826 2483 899 2554 l).
925 2485 1069 2538 Nota:
1091 2484 1194 2538 illa:
1215 2491 1322 2537 tam
1341 2490 1600 2537 accuratm

80 2577 230 2633 erroris
270 2581 392 2634 circa
441 2581 697 2648 colloiuii
738 2591 947 2650 tempus
985 2580 1342 2648 suspicionem
1383 2592 1599 2632 omnem

81 2679 309 2724 tentarent.
346 2670 596 2728 Promisit
631 2671 777 2727 Felix
813 2689 872 2727 se
910 2688 1005 2741 per
1034 2671 1161 2725 ilhul
1188 2672 1448 2741 spatium.
1477 2685 1598 2724 cum

81 2754 306 2814 christiano
330 2762 577 2831 quodam,
608 2779 768 2832 quem
794 2779 859 2818 ex
885 2763 1218 2817 adstantibus
1237 2763 1414 2831 elegit,
1446 2778 1600 2816 mau-

79 2862 214 2904 surum
247 2869 259 2906 :
292 2854 363 2908 sin
401 2870 526 2910 vero
580 2854 823 2926 fugeret,
869 2870 1041 2924 neque
1079 2856 1221 2910 enim
1251 2855 1596 2921 retinebatur,

79 2947 310 3014 Const-usit,
336 2964 435 3004 non
472 2948 701 3021 quidem
731 2958 790 3004 ut
813 2949 1160 3005 Mauichmum
1200 2947 1596 3013 auathemasse,

79 3047 213 3090 rerum
236 3053 281 3093 ut
297 3039 484 3107 judicio
510 3041 740 3112 proprio
765 3040 954 3108 victus,
987 3041 1118 3110 legis
1143 3055 1253 3095 sua:
1280 3041 1599 3110 praivarica-

81 3131 151 3189 tor.
172 3133 364 3196 atquein
385 3132 787 3203 llipponeusem
817 3133 1085 3188 civitatem
1112 3148 1233 3187 reus
1263 3132 1599 3187 existimare-

79 3220 262 3282 lurUbid
283 3264 297 3288 ,
316 3223 391 3277 lib.
419 3226 464 3291 l,
485 3242 614 3293 cap.
633 3223 751 3292 20).
779 3223 967 3292 Beipsa
987 3223 1051 3278 ad
1069 3223 1368 3278 condictum
1386 3223 1526 3278 diem
1547 3223 1598 3276 in

77 3311 290 3370 ecclesiam
309 3316 446 3373 Pacis
465 3319 644 3383 venit,
668 3319 755 3372 tthi
778 3318 972 3389 populo
993 3325 1258 3387 przescnte
1279 3317 1468 3372 iterum
1491 3331 1601 3371 cm-

77 3410 142 3469 pla
157 3415 222 3460 est
238 3407 495 3477 disputatio
523 3408 723 3481 (Μήτι,
762 3408 849 3463 lib.
878 3408 935 3472 2,
962 3427 1077 3480 cap.
1108 3410 1178 3480 1).
1211 3410 1596 3479 Argumentum

73 3504 190 3548 suum
218 3501 468 3570 resumpsit
494 3500 837 3570 Augustinus
866 3517 880 3553 :
905 3515 1026 3554 cum
1058 3514 1186 3554 vero
1207 3498 1355 3553 Felix
1381 3497 1601 3554 eludere

70 3584 552 3648 velletnecessitatem
588 3590 985 3662 respondendi,
1018 3601 1265 3645 causatus
1301 3605 1426 3645 suos
1447 3590 1599 3644 codi-

71 3686 145 3728 ces
168 3677 362 3734 redditos
391 3699 486 3738 non
529 3684 747 3748 fuisse,
787 3683 907 3737 illos
947 3697 1006 3737 se
1045 3690 1318 3752 repetere,
1349 3697 1414 3737 ac
1442 3682 1601 3738 biduo

68 3776 166 3833 post
195 3768 251 3824 ad
280 3773 586 3845 collmjuinm
632 3774 959 3840 rediturum;
1002 3784 1222 3830 testatus
1264 3785 1348 3830 est
1386 3785 1600 3831 Sanctus

73 3857 223 3918 Doctor
243 3866 368 3921 illum
395 3871 619 3927 codices
645 3871 797 3934 istos,
831 3870 877 3924 si
908 3871 1239 3925 necessarios
1263 3870 1362 3924 sibi
1396 3869 1600 3926 futuros

69 3967 270 4026 Ρυῑειεεοι,
291 3972 462 4032 petere
480 3965 744 4021 debuisse
771 3975 905 4027 tum,
934 3980 1056 4020 cum
1082 3964 1387 4019 dilationem
1417 3975 1599 4034 postu-

72 4041 186 4100 laret.
208 4050 364 4124 [atque
380 4056 680 4124 disaiutatio
710 4056 1067 4125 redintegrata
1087 4066 1205 4124 est,
1243 4071 1305 4111 ac
1335 4058 1601 4127 praecipue

68 4137 172 4194 circa
197 4144 396 4202 liberum
418 4150 733 4214 arbitrium,
760 4165 868 4220 quo
893 4149 1087 4204 bonum
1117 4149 1381 4206 malumve
1405 4152 1597 4222 agitur,

69 4239 348 4295 versatazde
380 4244 546 4310 gratia
596 4250 803 4306 tamen,
838 4257 941 4312 qua
979 4245 1030 4297 in
1069 4243 1364 4298 libertatem
1403 4246 1600 4301 asserio

65 4336 170 4389 mur,
188 4332 463 4403 neutiquam
482 4342 770 4389 tractatum
791 4332 907 4394 fuit;
921 4336 1116 4405 quippe
1131 4336 1282 4405 cujus
1297 4336 1519 4406 qumstio
1535 4337 1601 4392 ad

65 4407 407 4477 llanicbxorum
431 4423 688 4479 lucresim
715 4424 846 4478 nihil
867 4421 1408 4496 spcctaretIRetract.
1435 4427 1522 4480 lib.
1541 4427 1598 4492 2,

61 4507 218 4572 ωριδς
239 4508 307 4568 De
321 4513 427 4570 Act.
449 4533 570 4570 cum
583 4514 730 4579 ΓΔ..
750 4517 836 4570 lib.
866 4515 921 4580 2.
938 4533 1086 4587 capp.
1111 4517 1166 4582 2,
1189 4518 1336 4588 5.1.).
1362 4519 1424 4573 Ει
1451 4519 1602 4575 Felix

62 4595 234 4661 quidem
258 4605 415 4670 primo
441 4608 755 4673 concessit,
786 4608 1026 4677 quisquis
1066 4608 1231 4662 Deum
1273 4611 1601 4680 corruptioni

59 4682 304 4748 Obmxittnt
333 4695 564 4762 diceret,
600 4715 724 4752 eum
771 4698 1112 4753 anathemate
1154 4699 1448 4754 feriendum
1481 4714 1601 4756 esse

61 4775 143 4842 (θα
161 4779 258 4835 τία-
280 4801 382 4842 ﬂtn
398 4789 545 4857 Fcl.,
572 4790 662 4844 lib.
680 4789 736 4856 2,
759 4807 873 4861 cap.
899 4790 1009 4860 14).
1035 4791 1101 4845 At
1123 4806 1252 4846 vero
1275 4807 1396 4846 cum
1418 4794 1600 4862 Augu-

59 4867 195 4954 ξιίιιω
220 4873 592 4949 bhspbemiam
635 4881 772 4938 hanc
796 4897 828 4936 a
852 4881 1145 4938 Manichaeo
1177 4883 1357 4938 doceri
1389 4884 1601 4954 planum

61 4953 245 5030 latim.
260 4967 402 5027 illum
419 4988 530 5028 non
549 4975 667 5030 sine
684 4973 995 5030 difficultate
1011 4988 1077 5031 eo
1093 4976 1370 5046 compulit,
1389 4953 1446 5030 ut
1459 4975 1603 5046 quid-

59 5049 158 5138 quid
188 5055 275 5116 libi
303 5060 628 5130 imperatum
655 5073 834 5133 esset,
872 5064 1134 5122 facturum
1169 5082 1229 5123 se
1265 5067 1604 5138 proﬁteretur

61 5137 206 5230 σιω..
225 5166 330 5223 ων.
350 5154 470 5230 22).
505 5157 718 5228 Adjecit
735 5167 951 5214 sanctus
975 5158 1291 5230 Episcopus,
1318 5161 1416 5229 ipsi
1433 5161 1602 5218 Mani-

61 5227 224 5324 ςδξιιω
237 5227 684 5304 anathemandum
704 5265 721 5315 ;
745 5261 803 5305 et
824 5265 891 5307 ex
909 5227 1089 5305 animo
1112 5251 1162 5306 id
1176 5227 1420 5323 quidem,
1442 5269 1542 5324 qua
1550 5269 1604 5309 u-

61 5319 109 5412 [ο
126 5327 182 5381 3d
202 5330 292 5390 hoc
310 5351 344 5392 ι
361 5340 587 5397 nemine
604 5350 906 5412 cogeretur.
941 5342 1105 5397 Deum
1127 5319 1318 5399 tes-tem
1341 5319 1604 5403 invocavit

55 5405 201 5487 Felix,
241 5437 300 5482 se
329 5428 522 5489 animo
561 5431 626 5486 ad
665 5405 769 5488 hoc
810 5433 1165 5501 praestandum
1207 5436 1598 5505 paratissimum

53 5513 176 5596 ξας
200 5513 289 5569 sed
314 5515 424 5575 hoc
449 5533 642 5590 rogare
660 5562 675 5587 ,
705 5531 764 5577 ιιι
789 5521 892 5577 sibi
918 5521 1078 5579 Felici
1098 5564 1115 5588 ,
1141 5541 1247 5595 qtto
1275 5525 1440 5596 magis
1468 5541 1600 5582 con-

55 5587 339 5672 hhretnr,
367 5587 593 5680 puniret
612 5613 962 5683 Augustinus,
990 5629 1054 5670 ac
1073 5587 1442 5684 Manichteuin,
1472 5633 1601 5674 ncc-

55 5695 138 5780 ξω
159 5700 208 5746 α
229 5696 475 5766 spiritum
495 5743 512 5765 ,
543 5704 628 5774 qui
656 5705 708 5760 in
733 5721 800 5761 eo
829 5706 1036 5762 locutus
1063 5707 1265 5777 fuerat,
1297 5710 1446 5780 prior
1469 5725 1600 5766 ana-

57 5771 292 5875 Mm-t.
335 5771 598 5850 Chartam
635 5805 852 5854 sanctus
890 5799 1087 5856 Pnesul
1133 5771 1314 5857 statim
1360 5803 1598 5875 accepit,

51 5871 184 5948 WB.
217 5879 720 5952 numennumen)
759 5892 1038 5954 exaravit:
1077 5891 1218 5955 idem
1261 5871 1507 5972 βιωθιὶιῆ
1546 5871 1602 5956 οι

3184 451 3292 511 316

1706 548 1876 618 Felix,
1909 553 2001 610 sed
2027 553 2090 610 iis
2117 557 2294 613 verbis
2319 571 2465 624 usus,
2497 576 2614 632 qua:
2649 570 2705 620 et
2734 575 3061 637 perspectam
3089 567 3139 626 ei
3169 569 3288 627 bla-

1703 643 2064 728 sphemiarum
2087 647 2380 706 istiusmodi
2402 653 2868 721 aboniuationem,
2885 669 2940 714 et
2956 677 3140 717 revera
3160 661 3288 719 hor-

1705 737 1811 791 rori
1852 752 1973 793 esse
2011 739 2302 798 declarent.
2345 744 2579 814 Uterque
2619 759 2798 818 postea
2833 754 3131 810 collationis
3169 767 3288 814 acta

1705 827 2021 898 obsignavit,
2055 847 2172 903 qua:
2201 834 2324 903 jure
2361 836 2552 892 merito
2582 840 2858 910 Augustini
2897 847 3166 914 opusculis
3204 848 3290 904 itt-

1704 931 1847 976 serta
1894 933 2019 978 sunt
2057 943 2070 980 :
2115 927 2542 999 quandoquidem
2589 932 2865 990 victoriam
2908 938 3288 1009 testilicantur,

1707 1030 1866 1085 quam
1895 1018 1962 1072 de
1991 1017 2201 1087 haeresi,
2235 1035 2340 1075 non
2367 1032 2570 1079 tantum
2590 1039 2774 1082 errore
2797 1026 2962 1095 ipsius
2981 1030 3144 1084 armis
3162 1046 3293 1088 cou-

1708 1107 1850 1163 fosso
1871 1111 2211 1184 confusoque,
2248 1114 2339 1168 sed
2366 1116 2525 1170 etiam
2553 1117 2684 1183 illis,
2716 1134 2744 1171 a
2775 1119 2965 1189 quibus
2990 1137 3294 1194 propugna-

1707 1199 1880 1265 batur.
1911 1203 1976 1257 ad
2002 1219 2181 1259 veram
2220 1206 2375 1260 [idem
2404 1207 2687 1278 traductis,
2721 1214 3008 1281 reportavit
3037 1211 3292 1283 (Possid.,

1707 1295 1760 1352 in
1797 1297 1908 1352 Vita
1935 1299 2170 1367 August.,
2198 1317 2245 1354 c.
2273 1302 2383 1363 16).

1777 1391 1828 1446 4.
1871 1390 1998 1446 Post
2023 1393 2149 1446 illud
2179 1409 2298 1449 cum
2330 1393 2503 1450 Felice
2528 1396 2882 1467 colloquium,
2915 1397 3105 1454 librum
3137 1415 3292 1457 suum

1706 1480 1776 1536 de
1801 1480 1994 1537 Natura
2023 1483 2145 1540 boui
2173 1485 2400 1542 Collucat
2438 1487 2688 1557 (Rctracl.
2718 1489 2807 1543 lib.
2830 1489 2900 1556 2,
2926 1507 3042 1562 cap.
3070 1491 3146 1558 9).
3182 1493 3295 1548 Hoc

1707 1575 1963 1630 adversus
1980 1577 2299 1633 Manichaeos
2320 1579 2570 1647 ostendit,
2600 1580 2763 1635 Deum
2787 1591 3028 1637 naturam
3051 1597 3170 1637 esse
3193 1585 3294 1638 im-

1709 1670 2043 1730 mutabilem,
2073 1685 2135 1724 ac
2158 1687 2424 1726 summum
2453 1673 2678 1738 bunum,
2710 1681 2764 1728 ct
2791 1688 3102 1729 cam-rarum
3139 1684 3297 1730 uatu-

1709 1775 1885 1815 rarutu
1910 1770 2018 1815 tum
2041 1777 2415 1832 Corpori-arum
2441 1773 2548 1818 tum
2571 1765 2942 1834 spiritualium,
2971 1783 3088 1836 quae
3109 1782 3297 1823 omnes

1710 1854 1759 1908 in
1783 1869 1841 1910 se
1861 1855 1989 1924 ipsis
2012 1857 2163 1910 home
2184 1865 2325 1918 sunt,
2349 1868 2642 1912 auctorem.
2666 1857 2739 1912 lbi
2763 1859 2918 1912 simul
2941 1859 3293 1929 demonstrat,

1708 1945 1832 2016 quid
1858 1946 1926 2000 sit
1961 1946 2192 2011 tiialnm,
2224 1947 2364 2001 unde
2393 1960 2661 2014 nascatur,
2703 1959 2829 2019 quot
2860 1949 2992 2003 bona
3027 1950 3077 2003 in
3111 1959 3296 2006 natura

1709 2038 1860 2100 mali,
1889 2054 2048 2107 quam
2078 2048 2300 2106 vocant,
2333 2050 2460 2110 quot
2490 2058 2520 2093 (ι
2557 2043 2825 2094 contrario
2863 2043 2999 2095 mala
3029 2043 3078 2096 iu
3109 2054 3295 2098 natura

1710 2129 1853 2194 boni,
1883 2131 2090 2200 qualem
2119 2146 2234 2184 eam
2263 2131 2361 2184 sibi
2395 2132 2626 2202 tingunt,
2671 2133 2956 2186 involvunt.
2992 2133 3296 2189 llorrcndas

1707 2237 1918 2293 quoque
1946 2223 2297 2294 turpitudines
2328 2233 2621 2288 memorat,
2661 2241 2780 2294 quae
2821 2227 3023 2279 fuerant
3054 2226 3105 2279 in
3140 2226 3295 2294 hujus

1707 2325 1866 2371 secta:
1895 2317 2193 2380 nonnullis,
2226 2329 2334 2371 tum
2370 2318 2420 2370 in
2451 2316 2839 2387 Paphlagonia,
2872 2327 2978 2371 ttun
3023 2318 3072 2370 in
3109 2319 3294 2374 Galliis

1706 2406 2168 2480 deprehensa-(De
2183 2407 2302 2461 Nat.
2315 2409 2448 2473 boni,
2462 2427 2570 2478 cap.
2583 2407 2696 2480 47).
2713 2410 2840 2476 Qum
2855 2419 3030 2464 autem
3050 2410 3101 2464 iu
3119 2408 3294 2465 Africa

1707 2500 1952 2554 similiter
1979 2499 2300 2555 exsecranda
2335 2510 2533 2569 patrata
2563 2509 2706 2565 sunt,
2734 2501 2853 2554 silet
2881 2517 2893 2553 :
2926 2501 3044 2570 quia
3084 2501 3151 2554 ibi
3187 2514 3292 2555 non

1708 2598 1831 2645 ante
1869 2607 2065 2645 annum
2106 2592 2318 2646 circiter
2357 2591 2936 2663 quadringentesinnun
2980 2591 3294 2662 vigesimum

1709 2683 1932 2752 primum
1963 2688 2314 2755 contigerunt.
2350 2685 2414 2738 At
2441 2684 2866 2739 aboutinatioues
2895 2685 3010 2740 illas
3037 2685 3164 2754 ipsis
3190 2685 3298 2739 Ma-

1710 2775 1895 2828 nichmi
1920 2775 2125 2844 placitis
2149 2775 2242 2829 niti
2257 2785 2640 2830 commonstrat
2661 2775 2843 2846 (Ibid.
2862 2792 2976 2844 cap.
2996 2777 3108 2846 46).
3135 2775 3294 2845 Operi

1709 2865 1867 2919 linem
1899 2865 2121 2935 imponit
2151 2867 2474 2936 precatione,
2503 2883 2605 2938 qua
2646 2869 2876 2922 divinam
2916 2868 3294 2935 benignitatem

1707 2958 2020 3023 obtestatur,
2050 2969 2104 3012 ut
2136 2975 2228 3027 per
2255 2975 2408 3013 suum
2442 2959 2818 3025 ministerium,
2848 2958 2984 3012 sicut
3003 2963 3161 3026 carpit
3183 2957 3294 3023 jam

1708 3063 1812 3102 nou
1844 3063 2068 3118 paucos,
2105 3049 2174 3100 ita
2217 3057 2398 3118 pergat
2438 3049 2572 3102 alios
2598 3046 2818 3117 hujusce
2842 3047 3041 3102 erroris
3063 3047 3296 3102 irretitus

1707 3140 1907 3210 laqueis
1932 3141 2206 3194 exsolvere
2237 3140 2396 3211 (Ibid.
2418 3183 2432 3205 ,
2465 3158 2580 3209 cap.
2604 3138 2717 3212 48).

1777 3233 1829 3287 5.
1875 3232 1997 3286 Erat
2034 3233 2170 3287 inter
2201 3231 2618 3286 Manichaeorum
2652 3231 2936 3285 Auditorcs
2962 3230 3296 3286 Secundinus

1707 3321 1727 3392 (
1749 3323 2178 3378 Retractationum
2196 3322 2284 3377 lib.
2311 3323 2366 3388 2,
2391 3339 2504 3393 cap.
2537 3322 2648 3393 10),
2673 3323 2831 3376 homo
2849 3322 3138 3387 Romanus,
3156 3320 3298 3376 unde

1707 3428 2030 3468 marmorum
2059 3414 2330 3469 Aniciana:
2351 3413 2542 3468 domus
2573 3414 2894 3468 mentiouctn
2918 3412 3041 3467 facit
3069 3410 3299 3482 (Secun-

1706 3507 1815 3560 dini
1840 3505 2031 3577 Epist.,
2065 3524 2116 3561 η.
2163 3504 2238 3578 ὅ),
2279 3518 2438 3576 atque
2468 3507 2531 3560 ad
2571 3506 2845 3560 Paulitumt
2888 3505 2956 3558 ab
3006 3504 3298 3573 Augustino

1706 3599 1989 3654 remittitur
2033 3594 2252 3670 (Contra
2283 3596 2542 3659 'Secund.,
2591 3613 2707 3666 cap.
2741 3596 2851 3666 11).
2902 3593 2950 3649 ls
2977 3609 3097 3649 cum
3126 3592 3297 3648 sancti

1707 3687 1949 3743 Doctoris
1975 3687 2138 3741 libros
2156 3686 2412 3758 quosdam
2435 3686 2692 3742 adversus
2715 3685 3033 3740 lllnuichzeos
3059 3684 3298 3740 eviilvis-

1705 3789 1806 3844 set,
1841 3782 1892 3835 in
1923 3780 2062 3847 illis,
2098 3789 2153 3834 ut
2201 3781 2411 3845 fatetur,
2448 3789 2714 3834 oratorem
2764 3778 3004 3832 numeris
3049 3776 3298 3831 omnibus

1705 3873 2025 3934 absolutum,
2058 3887 2120 3926 ac.
2148 3887 2283 3941 pene
2313 3872 2476 3926 totius
2507 3871 2826 3941 eloquentiae
2866 3870 3022 3924 deum
3058 3867 3298 3923 animad-

1706 3967 1862 4019 vertit
1890 3982 1902 4018 :
1935 3973 1990 4018 at
2010 3979 2137 4018 vero
2163 3980 2285 4018 cum
2315 3974 2475 4019 secta:
2501 3978 2610 4018 sum
2633 3977 2846 4017 errores
2874 3976 3033 4032 quam
3071 3974 3293 4030 persua-

1705 4056 1945 4109 sissimos
1988 4055 2227 4118 haberet,
2278 4056 2553 4109 veritatem
2603 4053 2670 4106 ibi
2716 4051 3117 4122 deprehendere
3155 4065 3293 4103 nuu-

1705 4162 1862 4218 quam
1895 4147 2064 4216 potuit
2091 4145 2408 4215 (Secundini
2434 4144 2628 4215 Epist.,
2648 4161 2700 4198 n.
2729 4143 2806 4216 5).
2837 4147 3169 4214 Quapropter
3191 4139 3296 4197 sibi

1708 4237 1984 4308 propasuit
2012 4238 2064 4292 iu
2096 4252 2213 4292 eam
2247 4252 2362 4291 rem
2388 4237 2704 4306 Augustino,
2730 4237 2814 4291 cui
2847 4253 2913 4291 ne
2939 4237 3007 4291 de
3033 4235 3166 4291 facie
3180 4237 3298 4308 qui-

1705 4329 1827 4386 dem
1876 4339 2032 4384 notus
2064 4338 2198 4396 erat,
2228 4337 2476 4400 tanquam
2504 4327 2676 4384 amico
2703 4328 2938 4384 scribere
2967 4347 2982 4384 :
3015 4330 3083 4383 ita
3117 4338 3290 4384 tamen
3369 4342 3381 4352 ’

1707 4432 1765 4474 ιιι
1798 4420 2080 4475 urbanitati
2126 4435 2236 4474 sua:
2266 4435 2330 4474 ac
2371 4420 2546 4476 verbis
2575 4419 2828 4475 olliciusis
2859 4418 3080 4474 subinde
3108 4434 3292 4489 repre-

1709 4512 1997 4568 hensiones
2027 4512 2163 4567 haud
2207 4528 2392 4582 parum
2433 4511 2654 4567 acerbas
2695 4511 2974 4574 insereret,
3009 4511 3295 4580 objurgans

1707 4607 1846 4677 quod
1871 4605 2279 4660 Manichaeorum
2306 4606 2494 4674 placita
2521 4605 2734 4676 scriptis
2770 4604 2878 4659 suis
2917 4605 3286 4659 insectaretur.

1707 4697 1791 4753 Ah
1819 4713 1879 4752 ea
1908 4714 1966 4752 re
2007 4707 2062 4751 ut
2105 4697 2408 4760 desisteret,
2437 4706 2596 4766 atque
2626 4697 2784 4750 etiam
2819 4695 2884 4750 ad
2913 4696 3156 4752 eamdem
3205 4711 3296 4752 se-

1708 4797 1848 4843 ctam
1887 4788 2104 4854 rediret,
2140 4786 2461 4842 admouebat
2493 4787 2757 4858 (Retract.
2808 4786 2896 4842 lib.
2940 4786 2997 4852 2,
3033 4803 3150 4860 cap.
3180 4788 3294 4858 10).

1708 4881 1880 4951 Quam
1905 4879 1976 4936 ob
2000 4894 2214 4935 causam
2256 4889 2311 4935 et
2346 4879 2534 4934 iisdem
2566 4879 2657 4934 ille
2685 4879 2896 4950 placitis
2925 4878 3083 4936 tidem
3118 4879 3300 4936 conci-

1709 4975 1862 5043 liare,
1889 4981 1947 5032 et
1975 4972 2246 5029 catholicae
2269 4972 2526 5028 doctrina:
2546 4975 2941 5038 auctoritatem,
2965 4980 3218 5044 quantum
3245 4973 3298 5028 iu

1707 5083 1768 5123 se
1813 5076 1947 5133 erat,
1993 5067 2273 5122 detrahere
2323 5065 2661 5120 moliebatur.
2715 5065 2966 5136 Epistolas
3007 5062 3297 5120 Secundini
3350 5107 3356 5113 .

1709 5158 1866 5214 aliam
1904 5158 2074 5213 multo
2113 5157 2452 5228 prolixiorem
2494 5154 2724 5212 reddidit
2769 5156 3138 5226 Augustinus:
3178 5170 3300 5225 qua:

1709 5250 1764 5306 in
1801 5250 1918 5319 ejus
1955 5249 2104 5304 libris
2145 5249 2344 5304 idcirco
2375 5255 2652 5303 numerata
2679 5256 2782 5311 est,
2812 5247 2934 5315 quia
2960 5247 3150 5301 usitata
3180 5245 3299 5314 epi-

1708 5343 1965 5399 stolarum
2003 5342 2347 5412 inscriptione
2378 5355 2497 5396 eam
2533 5354 2640 5394 nou
2672 5347 3084 5408 praenotaverat,
3113 5336 3210 5392 sed
3243 5335 3298 5391 ei

1709 5443 1914 5490 tantum
1941 5434 2226 5491 Secundini
2267 5433 2489 5497 litteras,
2521 5445 2655 5502 quas
2678 5429 2871 5484 ibidem
2899 5431 3188 5485 etiamnum
3213 5442 3299 5479 re-

1711 5527 1886 5597 perire
1909 5536 2010 5590 est,
2054 5525 2404 5595 praemiserat.
2447 5522 2503 5577 ln
2537 5522 2636 5577 hac
2664 5521 3014 5592 responsione
3050 5515 3299 5572 crimina-

1711 5621 1882 5675 tiones
1907 5619 2149 5689 privatim
2172 5617 2273 5674 sibi
2297 5633 2326 5670 a
2352 5615 2658 5672 Secundino
2687 5615 2860 5670 illatas
2880 5610 3062 5682 paucis
3080 5604 3296 5675 quidem

1707 5712 1823 5782 ipse
1845 5710 2022 5766 verbis
2065 5717 2278 5765 etcum
2328 5722 2533 5763 summa
2582 5704 2857 5760 modestiae
2908 5694 3298 5770 signiﬁcatione

1707 5803 1910 5880 depulit
1931 5799 2151 5872 (Contra
2174 5799 2422 5864 Secund.,
2445 5813 2595 5866 capp.
2629 5797 2674 5853 1.
2700 5795 2791 5863 2):
2822 5792 2874 5846 iu
2905 5784 3296 5880 Ecclesiavero

1708 5874 2042 5962 delendenda
2064 5892 2269 5975 longior
2296 5900 2352 5947 et
2377 5887 2745 5952 vehementior
2764 5883 2882 5952 fuit,
2893 5896 2959 5939 ac
2973 5874 3300 5941 Manichao.
