3868 6404
94 504 191 564 349

92 619 238 694 plicia
253 613 488 687 capitali,
513 619 739 686 propter
753 607 1054 672 servandam
1075 605 1235 663 etiam
1255 603 1396 664 circa
1411 601 1653 672 indignos

91 708 536 771 matisuettidinem
567 705 924 768 Christianam,
974 699 1068 768 sed
1100 698 1418 770 pecuniariis
1445 695 1653 758 damnis

91 800 380 878 propositis,
413 807 471 855 et
499 799 557 854 in
591 798 866 868 episcopos
886 794 970 849 vel
995 792 1266 862 ministros
1293 805 1480 848 eorum
1511 788 1654 850 exsi-

91 899 154 952 lio
177 895 476 952 constituto.
530 891 803 946 Habemm
841 887 997 959 igitur
1032 885 1263 941 edictum
1307 884 1376 939 ab
1419 883 1652 940 Honorio

89 990 250 1044 datum
273 999 412 1040 aitno
438 981 963 1054 quadringentesimo
985 979 1170 1049 quinto
1197 976 1368 1047 pridie
1402 975 1522 1032 idus
1570 973 1650 1032 fe-

89 1079 291 1145 brtnrii,
338 1089 443 1146 quo
489 1073 710 1144 quidem
767 1071 998 1127 declarat
1044 1068 1360 1140 imperator,
1407 1066 1548 1130 nolle
1592 1081 1651 1122 se

90 1187 260 1230 eorum
285 1168 366 1240 qui
390 1167 725 1236 Baptismum
753 1164 1033 1230 iterabant,
1059 1176 1269 1218 errores
1295 1159 1489 1216 diutius
1511 1159 1648 1214 tole-

89 1280 220 1331 rare,
247 1271 330 1317 aut
350 1274 544 1316 nomen
574 1258 964 1322 Donatistarum
991 1254 1218 1326 amplius
1247 1253 1470 1314 audire:
1496 1252 1649 1323 jubet

89 1371 221 1424 vero,
240 1364 293 1412 ut
306 1367 488 1408 omnes
513 1349 837 1407 catholicam
863 1348 1128 1417 unitatem,
1143 1357 1452 1420 sequantur.
1478 1347 1533 1402 Si
1558 1347 1648 1419 qui

90 1449 250 1505 illicita
289 1454 600 1516 perpetrare
627 1450 870 1513 pergant,
901 1457 965 1496 ex
993 1451 1177 1496 tenore
1211 1440 1546 1510 superiorum
1569 1440 1648 1494 le-

90 1556 215 1612 gum,
232 1553 430 1594 necnon
449 1535 598 1590 illius
621 1550 740 1605 qua:
764 1548 870 1588 non
896 1533 1102 1605 pridem
1127 1531 1370 1603 (forsitan
1392 1531 1647 1588 adversus

89 1628 383 1700 Crispinum)
411 1627 702 1684 constituta
729 1624 916 1690 fuerat,
941 1639 1128 1694 poenas
1154 1623 1300 1682 luant
1323 1623 1444 1694 :qui
1468 1631 1646 1678 autem

90 1723 343 1781 seditiosos
369 1729 674 1776 conventus
700 1719 846 1773 coire
867 1716 1326 1788 prazsumpserint,
1354 1715 1527 1770 aerius
1555 1729 1643 1769 se—

90 1820 342 1886 veriusque
372 1822 743 1872 coerceantur.
770 1811 838 1866 Et
873 1810 986 1864 haec
1012 1809 1230 1864 omnino
1257 1817 1403 1876 sunt,
1433 1822 1553 1878 qua:
1578 1821 1646 1862 ex

91 1910 168 1965 ilio
190 1909 353 1965 edicto
379 1905 546 1961 scisso
573 1919 715 1960 nunc
743 1904 793 1957 in
825 1901 978 1968 duas,
1010 1909 1070 1954 ut
1110 1899 1387 1954 minimum
1407 1941 1422 1964 ,
1465 1905 1645 1967 partes

89 2004 308 2072 reperire
329 2010 405 2058 est
427 2000 477 2054 in
498 1997 698 2067 duplici
719 1997 931 2052 Codicis
956 1994 1094 2049 loco.
1110 1993 1240 2048 Nam
1261 1993 1376 2062 ejus
1393 2007 1494 2047 una
1520 2007 1644 2062 pars

92 2101 173 2148 est
197 2093 336 2157 tituli,
369 2089 446 2145 Ne
465 2098 689 2144 sanctum
732 2086 993 2158 Baptisma
1023 2086 1248 2152 iteratur,
1288 2084 1402 2154 iege
1449 2084 1638 2148 tertia;

89 2185 269 2250 altera,
296 2183 442 2250 tituli,
461 2181 533 2235 De
556 2179 824 2245 haereticis,
842 2178 957 2247 lege
985 2176 1253 2246 trigesima
1282 2187 1484 2229 oetava.
1516 2174 1642 2229 Exi-

86 2275 250 2328 stimat
273 2287 371 2327 non
397 2269 666 2344 nemo(ln
692 2267 819 2322 Cod.
854 2266 1070 2331 Tlteod.,
1101 2275 1221 2319 tom.
1252 2265 1304 2331 6,
1337 2282 1389 2335 p.
1421 2261 1544 2333 196)
1575 2264 1641 2318 ad

87 2365 176 2420 hoc
200 2368 360 2437 ipsum
387 2363 619 2418 edictuin
667 2359 858 2416 referri
900 2359 1130 2425 debere,
1163 2373 1295 2426 quas
1337 2357 1403 2412 ad
1442 2372 1640 2411 annum

87 2457 270 2511 circiter
289 2453 872 2526 quadringentesimum
918 2465 1116 2505 nonum
1158 2451 1288 2506 citat
1315 2449 1641 2520 Augustinus

89 2565 139 2606 ex
163 2550 365 2620 quadarn
394 2549 509 2618 iege
538 2546 933 2618 pulcherrimas
964 2543 1080 2598 illas
1120 2555 1281 2596 voces
1309 2558 1322 2595 :
1360 2540 1494 2594 Nam
1524 2541 1567 2594 si
1588 2540 1640 2592 in

87 2645 158 2708 eis.
187 2645 265 2716 qui
300 2644 458 2715 primo
484 2642 686 2698 initiati
723 2649 862 2704 sunt,
893 2639 1080 2692 idcirco
1105 2637 1282 2707 religio
1311 2633 1641 2705 Baptismatis

87 2737 541 2807 iudtcaturinﬁrma,
577 2733 713 2804 quod
733 2733 771 2786 ii
801 2749 832 2786 a
851 2730 1030 2802 quibus
1061 2729 1328 2800 accipitur,
1359 2735 1641 2799 peccatores

89 2838 300 2899 putentur,
327 2828 467 2882 toties
491 2824 738 2882 renovari
761 2837 956 2878 necesse
975 2821 1067 2874 erit
1089 2818 1328 2874 traditum
1353 2833 1641 2878 sacramen-

91 2927 191 2983 tum,
210 2919 386 2991 quoties
405 2918 660 2989 indignus
686 2916 835 2987 fuerit
864 2913 1088 2967 inventus
1112 2911 1284 2965 collati
1311 2908 1640 2980 Raptis-matis

91 3011 414 3065 odudnistrator
443 3025 462 3064 :
490 3018 540 3064 et
589 3008 716 3078 ﬁdes
746 3016 918 3061 nostra
944 3021 1046 3058 non
1075 3020 1138 3060 ea:
1160 3013 1345 3058 nostris
1371 3001 1641 3057 voluntatis

95 3101 273 3168 arbitrio,
309 3117 462 3174 neque
488 3116 559 3155 ea:
594 3097 751 3154 divini
783 3097 1002 3158 muneris
1030 3094 1216 3166 gratia,
1251 3092 1338 3148 sed
1367 3109 1429 3147 ea:
1452 3092 1641 3145 meritis

94 3195 356 3248 mandatum
381 3202 426 3248 et
451 3193 764 3248 clericorum
783 3187 1026 3260 qualitate
1049 3185 1298 3258 pendebit.
1331 3185 1457 3241 Post
1482 3197 1641 3254 quam

96 3282 381 3355 imperatoris
403 3283 741 3341 sententiam
773 3281 842 3338 ita
871 3288 1086 3335 sanctus
1117 3276 1318 3334 Praesul
1352 3296 1367 3332 :
1399 3275 1640 3343 Faciant,

101 3377 254 3448 inquit,
282 3378 408 3433 inille
433 3375 668 3432 concilia
689 3374 910 3446 episcopi
937 3373 1105 3440 vestri,
1130 3371 1246 3426 huic
1270 3370 1361 3425 uni
1387 3370 1644 3425 sententiae

97 3470 407 3539 respondeant;
451 3481 500 3526 et
549 3469 630 3523 ad
653 3467 792 3538 quod
815 3465 1089 3532 nolueritis,
1135 3463 1470 3518 consentimus
1506 3462 1643 3517 vobis

101 3560 262 3631 (Epist.
280 3565 383 3632 lilii,
403 3581 454 3618 η.
482 3562 614 3633 12).
642 3561 906 3616 Edictum
919 3559 1020 3613 hoc
1042 3557 1282 3613 nonnulli
1305 3556 1527 3611 Unionis
1547 3570 1644 3610 seu

102 3653 368 3712 iienoticum
401 3656 690 3728 appellant
721 3671 733 3707 :
762 3651 904 3723 quod
933 3652 1074 3707 idem
1100 3665 1131 3705 a
1169 3649 1400 3704 concilio
1426 3648 1645 3704 Cartha-

98 3746 268 3817 gioensi
307 3750 420 3804 anni
460 3745 987 3820 quadringentesimi
1026 3741 1237 3813 septimi
1289 3741 1376 3797 lex
1415 3739 1645 3796 Unitatis

100 3835 272 3894 dicitur.
293 3841 455 3912 Atque
483 3840 636 3896 adeo
665 3837 930 3892 Honorius
950 3836 1064 3906 ipse
1084 3833 1313 3889 edictum
1348 3831 1418 3886 de
1447 3831 1645 3886 unitate

100 3936 324 3987 testatura
340 3949 398 3989 se
419 3933 660 3990 missum
683 3933 736 3985 in
756 3928 1013 3995 Africam,
1041 3936 1100 3982 ut
1119 3925 1365 3982 omnibus
1385 3923 1647 3994 significa-

101 4033 166 4078 ret
183 4041 318 4084 onata
341 4037 391 4083 et
411 4042 605 4083 veram
632 4025 792 4080 [idem
815 4021 1134 4079 catholicam
1163 4033 1284 4075 esse
1312 4015 1644 4074 retinendam

103 4111 218 4186 (Cod.
244 4118 442 4188 Theod.,
475 4121 544 4175 de
576 4117 766 4188 Relig.,
795 4115 904 4186 lege
925 4114 1005 4185 2).

154 4205 198 4258 ει
223 4207 403 4265 Eodem
431 4209 543 4275 die,
581 4207 832 4262 videlicet
851 4205 1022 4275 pridie
1050 4202 1168 4259 idus
1194 4200 1507 4266 februarias,
1538 4199 1649 4254 Ho-

104 4297 247 4352 norius
269 4300 491 4356 Adriano
514 4297 762 4371 praetorii
790 4294 1043 4368 praefecto
1065 4293 1235 4364 legem
1257 4292 1422 4359 misit,
1449 4305 1552 4360 qua
1579 4289 1648 4346 de

105 4385 296 4442 tollenda
315 4390 552 4446 funditas
576 4388 972 4444 Donatistarum
993 4385 1186 4440 haeresi
1210 4383 1347 4451 apud
1368 4396 1427 4436 se
1449 4381 1648 4435 consti-

104 4482 368 4537 lltllncsse
391 4483 635 4537 afﬁrmat
669 4496 683 4534 :
721 4478 878 4548 idque
917 4475 1147 4531 maxime
1175 4474 1244 4528 ob
1272 4471 1499 4528 iterandi
1541 4470 1645 4525 Ba-

106 4565 323 4632 Mis
341 4571 709 4641 sacrilegium,
735 4567 802 4622 ad
822 4565 966 4637 quod
990 4563 1249 4635 mancipia
1285 4562 1521 4631 aliosque
1546 4559 1647 4614 sibi

112 4657 306 4716 ωωωι
325 4664 369 4718 vi
391 4659 990 4734 eompellebant(lbid.,
1021 4656 1104 4712 Ne
1119 4667 1350 4712 sanctum
1375 4653 1529 4724 Bapt.
1555 4653 1649 4707 ite-

109 4759 236 4820 retttr,
252 4753 342 4826 (qs
361 4759 395 4812 ι
413 4767 458 4813 et
481 4758 594 4828 lege
619 4756 698 4828 5).
713 4753 865 4823 Quod
881 4753 1090 4824 quidem
1113 4751 1178 4806 ad
1195 4749 1421 4820 Crispini
1444 4749 1648 4805 facinus

107 4845 326 4917 πάνυ
347 4851 581 4920 quodam
608 4848 771 4905 modo
807 4856 1052 4920 spectare
1093 4844 1382 4916 judicatur.
1415 4842 1464 4900 is
1489 4843 1647 4912 igitur

109 4931 301 4996 iuuit
319 4943 458 5011 illos,
485 4944 580 5016 qui
604 4942 676 4998 ab
701 4941 923 5011 hujusce
950 4938 1084 5010 legis
1108 4935 1530 5009 promulgatione
1547 4934 1648 4992 Ba—

109 5029 314 5098 lbi!
337 5040 575 5096 mundo
595 5039 887 5096 contulisse
911 5033 1400 5106 deprehendenda,
1423 5030 1649 5087 fortunis

469 5129 723 5202 spoliari;
750 5144 871 5201 quae
909 5138 1088 5183 tamen
1127 5140 1317 5182 eorum
1351 5123 1568 5188 liberis,
1601 5123 1648 5179 si

109 5209 320 5274 VIBII.
357 5219 426 5276 ad
471 5221 768 5279 Ecclesiam
789 5260 806 5287 ,
860 5219 1268 5276 restituerentur
1296 5233 1311 5271 :
1343 5214 1561 5287 prsidia,
1594 5213 1648 5269 in

109 5303 637 5380 «hu-venerint,
651 5315 699 5369 si
713 5312 910 5368 factum
925 5312 996 5368 sit
1007 5311 1238 5367 consciis
1253 5309 1500 5371 dominis,
1519 5305 1649 5366 fich

109 5389 280 5466 “did;
296 5401 538 5473 sisecus,
558 5419 654 5461 eos
686 5420 719 5460 a
749 5405 942 5476 quibus
965 5400 1265 5458 istiusmodi
1287 5409 1459 5456 cintus
1481 5398 1645 5453 babe-

111 5493 280 5554 ΐωιυ.
307 5493 589 5560 plumbatis
611 5494 888 5565 ﬂagellari,
909 5509 973 5549 ac
989 5501 1304 5566 perpetuum
1331 5490 1383 5545 in
1401 5488 1649 5544 exsilium

110 5579 342 5638 mntiri
367 5601 384 5638 :
413 5600 597 5642 eorum
626 5587 878 5651 clientes,
919 5586 1004 5641 vel
1047 5598 1264 5650 servos,
1304 5595 1441 5652 quos
1473 5579 1650 5634 denuo

111 5661 346 5739 “minus
366 5679 650 5748 voluerint,
679 5680 733 5736 in
762 5678 1019 5736 ecclesias
1046 5658 1439 5733 Catholicorum
1459 5669 1648 5728 confu-

112 5768 216 5826 Μ
241 5779 410 5834 posse,
435 5780 598 5842 atque
633 5771 701 5826 ab
737 5771 859 5826 hinc
896 5770 1153 5826 libertatis
1188 5767 1309 5839 jura
1361 5766 1601 5821 obtinere
1631 5783 1646 5820 :

114 5857 351 5920 πεΜί
376 5860 628 5931 Bsptismi
657 5871 898 5919 auctores
933 5861 1276 5927 consciosve,
1329 5874 1435 5913 non
1479 5857 1649 5913 solum

117 5944 341 6018 Wo
361 5966 542 6037 terum
580 5957 747 6034 etiam,
767 5955 1091 6027 adipiscendi
1117 5953 1320 6040 aliquid
1343 5953 1443 6010 sub
1468 5952 1647 6021 specie

1433 471 1637 551 LIBER
1673 471 1960 546 SEXTUS.

3237 508 3344 568 550

1763 602 2084 676 donationis,
2113 625 2320 678 necnon
2337 622 2638 692 contractus
2665 620 2855 696 agendi
2876 621 3150 696 facultate.
3165 623 3339 696 donec

1763 697 2010 799 haeresim
2035 703 2415 774 abdicaverint,
2443 689 2635 780 privari
2660 728 2674 765 :
2702 689 3016 788 quicumque
3035 689 3150 788 illis,
3166 689 3339 799 opitu-

1761 791 1853 850 lati
1880 793 2093 863 fuerint,
2127 798 2300 855 eidem
2332 815 2502 870 pinnae
2527 802 2755 873 subjici:
2787 807 3172 878 provinciarum
3202 791 3338 881 pra:-

1759 883 1955 954 fectos,
1999 889 2088 959 qui
2117 905 2437 968 consensum
2467 911 2730 968 opemque
2760 898 2838 954 eis
2884 900 3123 969 tulerint,
3153 879 3338 973 viginti

1759 981 1872 1036 auri
1899 983 2075 1053 pondo
2101 987 2336 1053 solvere;
2359 1004 2654 1061 eorumque
2677 990 2864 1058 Officia
2881 1035 2896 1053 .
2921 992 3025 1058 hoc
3047 1006 3132 1061 est
3152 993 3333 1054 foren-

1758 1086 1844 1129 ses
1870 1073 2233 1145 administros,
2269 1079 2485 1134 totidem
2518 1098 2531 1134 :
2565 1059 2771 1136 urbium
2794 1083 3023 1154 denique
3056 1059 3337 1155 magistra-

1757 1173 1842 1221 tus
1863 1181 1926 1222 ac
1943 1167 2270 1237 defensores,
2304 1171 2347 1224 si
2376 1172 2458 1228 vel
2487 1187 2550 1236 ea
2578 1174 2826 1236 mandata
2851 1190 3065 1232 servare
3088 1175 3339 1247 neglexe-

1755 1257 1879 1324 rint,
1908 1257 1992 1314 vel
2017 1258 2281 1315 Ecclesias
2310 1261 2440 1332 ipsis
2467 1263 2816 1332 praesentibus
2839 1265 3016 1322 vexari
3046 1267 3191 1336 passi
3216 1265 3336 1324 fue-

1755 1347 1882 1416 rint,
1909 1349 2097 1406 eadem
2134 1351 2328 1407 mulcta
2370 1353 2628 1409 damnari.
2662 1353 2815 1422 Quod
2841 1355 3080 1412 ultimum
3120 1356 3187 1414 ad
3214 1372 3334 1414 eam

1753 1453 1884 1498 sane
1920 1444 2149 1510 pertinet
2185 1443 2615 1515 Carthaginensis
2653 1447 2862 1504 concilii
2902 1449 3331 1520 postulationem,

1753 1545 1857 1600 qua
1902 1531 2142 1588 civitates
2187 1533 2252 1589 ad
2297 1537 2689 1606 suscipiendam
2718 1537 3075 1601 Ecclesiarum
3117 1537 3334 1593 tutelam

1752 1622 1974 1693 obligari
1996 1627 2232 1695 petierat.
2252 1626 2326 1684 Ea
2343 1629 2429 1684 lex
2451 1629 2646 1688 nullam
2663 1630 2922 1686 universa:
2937 1631 3333 1686 Donatistarum

1753 1723 1911 1770 sectae
1937 1731 2145 1785 poenam
2173 1719 2386 1790 irrogat,
2413 1734 2510 1786 nec
2531 1736 2719 1778 omnes
2746 1736 2930 1778 eorum
2952 1721 3173 1778 clericos
3188 1721 3334 1778 exsi-

1751 1804 1842 1872 lio,
1875 1808 2319 1878 quemadmodum
2345 1812 2412 1867 ab
2446 1813 2681 1870 Honorio
2707 1823 2961 1872 statutum
2994 1815 3155 1872 fuisse
3175 1814 3334 1872 docet

1750 1895 2094 1967 Augustinus,
2123 1899 2301 1955 allicit.
2337 1899 2525 1958 Utrum
2564 1905 2679 1960 huic
2705 1906 2758 1960 in
2786 1905 2961 1963 edicto
2990 1906 3093 1961 alio
3136 1905 3328 1978 praeci-

1750 2003 1876 2057 pere
1906 1999 1985 2043 sat
2016 1990 2278 2060 habuerit,
2311 2011 2379 2050 an
2409 2011 2538 2053 vero
2563 2014 2682 2069 quae
2708 2007 2880 2054 exstat
2905 1998 3233 2065 constitutio,
3262 1997 3330 2052 ad

1751 2091 1983 2137 nostram
2026 2093 2240 2143 aetatem
2279 2103 2387 2146 non
2427 2089 2630 2160 integra
2673 2092 2997 2160 pervenerit,
3039 2090 3193 2147 nobis
3221 2105 3330 2146 non

1748 2181 1969 2230 constat.
1999 2175 2202 2234 Prmter
2224 2180 2372 2250 leges
2396 2180 2565 2250 pridie
2591 2180 2710 2238 idus
2736 2181 2985 2238 februarii
3020 2197 3162 2238 anno
3193 2195 3328 2252 qua-

1747 2267 2161 2337 drittgentesimo
2184 2274 2366 2341 quinto
2395 2273 2564 2340 datas,
2591 2288 2722 2345 quas
2753 2289 2855 2328 non
2879 2274 3104 2332 obscure
3127 2273 3331 2340 indica-

1746 2358 1836 2414 bat
1859 2360 2144 2426 Honorius,
2166 2377 2286 2417 cum
2308 2363 2542 2419 secundo
2565 2374 2681 2432 post
2700 2379 2839 2418 anno
2859 2364 2985 2434 quid
3006 2364 3075 2420 de
3097 2363 3326 2419 factione

1747 2450 1937 2508 Donati
1949 2455 2188 2516 sentiret.
2205 2471 2263 2510 se
2283 2471 2449 2525 nuper
2463 2456 2757 2512 ostendisse
2777 2456 3119 2526 profitebatur
3138 2453 3186 2530 (ι
3194 2455 3324 2523 bid.,

1746 2542 1810 2600 de
1823 2542 2040 2612 eret.,
2058 2545 2165 2617 lege
2176 2547 2294 2618 40);
2315 2548 2470 2602 aliam
2501 2563 2710 2619 quoque
2739 2548 2893 2603 tertio
2921 2563 3086 2603 nonas
3112 2547 3327 2604 martias

1745 2634 1986 2703 ejusdem
2031 2639 2157 2692 anni
2195 2637 2702 2708 quadringentesimi
2731 2638 2898 2708 quinti
2920 2638 2993 2696 ad
3024 2637 3326 2694 Diotimium

1746 2725 1941 2782 Africa:
1969 2729 2343 2798 proconsulem
2379 2730 2543 2793 misit,
2575 2746 2678 2801 qua
2704 2731 2752 2786 ei
2783 2728 3090 2796 mandabat,
3115 2736 3170 2783 ut
3197 2728 3326 2783 mis-

1746 2831 1864 2872 sum
1895 2833 1924 2873 a
1954 2834 2012 2874 se
2036 2819 2088 2874 in
2118 2820 2351 2875 Africam
2379 2820 2610 2875 Unitatis
2636 2821 2896 2887 edictum,
2937 2836 3042 2891 quo
3080 2818 3328 2873 omnibus

1748 2911 2294 2975 innotesceret,variis
2317 2912 2446 2968 locis
2465 2912 2608 2984 afﬁgi
2629 2921 2840 2968 curaret
2861 2911 3046 2984 (lbid.,
3062 2913 3122 2965 de
3134 2911 3324 2981 Relig.,

1747 3003 1852 3074 lege
1878 3002 1914 3056 2
1943 3002 1984 3071 ).
2033 3003 2282 3073 idemque
2337 3004 2627 3074 imperator
2665 3011 2817 3058 sexto
2869 3002 2986 3058 idus
3031 2999 3326 3056 decembris

1749 3096 1988 3165 proxime
2014 3095 2286 3164 sequentis
2316 3095 2562 3152 Diotimio
2590 3095 2820 3161 nuntiat,
2853 3093 2919 3148 ab
2948 3091 3212 3155 omnibus,
3235 3089 3328 3160 qui

1748 3185 1800 3238 in
1846 3184 2036 3240 incresi
2067 3184 2460 3240 Donatistarum
2487 3183 2802 3255 deprehensi
2833 3180 3046 3248 fuerint,
3074 3180 3325 3235 mulctam

1747 3275 1866 3347 lege
1907 3276 2251 3330 constitutam
2293 3277 2410 3333 sine
2451 3277 2562 3332 ulla
2606 3274 3163 3346 comperendinatione
3211 3286 3332 3328 esse

1749 3369 2062 3440 exigendam
2090 3367 2272 3439 (Ibid.,
2301 3369 2361 3423 de
2388 3368 2604 3438 liceret,
2633 3369 2742 3440 lege
2765 3369 2876 3439 59).

1820 3463 1875 3520 5.
1903 3461 2117 3519 Theasii
2141 3472 2298 3532 atque
2323 3461 2530 3529 Evodii,
2557 3477 2691 3534 quos
2721 3470 2910 3516 contra
2936 3459 3331 3516 Donatistarum

1749 3552 2034 3610 factionem
2059 3568 2201 3609 anno
2230 3555 2503 3624 superiore
2527 3553 2594 3608 ad
2624 3551 2919 3608 Honorium
2954 3550 3173 3606 miserat
3196 3547 3329 3604 Car-

1750 3647 2063 3718 thaginense
2076 3647 2382 3713 concilium,
2401 3646 2604 3702 reditus
2618 3645 2671 3701 in
2692 3643 2920 3702 Africam
2931 3643 3043 3714 jam
3063 3640 3336 3714 proximus

1749 3742 2055 3812 putabatur,
2086 3755 2208 3796 cum
2249 3739 2470 3798 Paulino
2508 3754 2605 3809 per
2643 3737 2858 3793 Celsum
2883 3736 3164 3806 epistolam
3190 3733 3338 3788 misit

1751 3833 2075 3904 Augustinus
2100 3830 2288 3905 (Epist.
2311 3831 2426 3902 80).
2460 3831 2510 3886 is
2530 3831 2594 3886 ad
2615 3829 2860 3886 eumdem
2894 3837 3136 3883 sanctum
3164 3840 3335 3896 nuper

1750 3924 2030 3994 epistolam
2057 3924 2212 3978 aliam
2236 3922 2302 3978 de
2321 3921 2548 3993 quadam
2585 3921 2876 3991 quaestione
2904 3918 3147 3984 dederat,
3175 3931 3336 3988 quam

1751 4015 1841 4071 ille
1861 4013 2070 4085 quidem
2085 4015 2242 4070 nimis
2259 4014 2457 4068 cursim
2473 4020 2528 4068 et
2540 4012 2792 4077 breviter,
2807 4010 2900 4067 sed
2918 4011 3073 4079 plane
3088 4007 3336 4066 christia-

1750 4122 1818 4162 na
1845 4115 2025 4161 mente
2039 4121 2101 4160 ac
2117 4107 2308 4175 pietate
2323 4105 2656 4168 dissolveret,
2675 4102 2992 4158 affirmando
3009 4101 3080 4156 ita
3095 4113 3154 4154 se
3165 4098 3331 4163 Nolae,

1752 4198 1841 4254 ubi
1861 4198 2102 4269 degebat,
2121 4212 2335 4253 manere
2349 4201 2619 4262 statuisse,
2633 4195 2750 4250 utsi
2765 4193 2894 4265 quid
2911 4191 3054 4247 aliud
3069 4205 3100 4247 a
3115 4206 3175 4248 se
3194 4189 3336 4246 Deus

1752 4298 2048 4360 expeteret,
2091 4287 2207 4359 ejus
2248 4288 2574 4344 voluntatem
2615 4300 2726 4342 sua:
2765 4294 3088 4355 anteponere
3121 4288 3336 4354 paratus

1753 4392 1914 4439 esset.
1939 4379 2259 4435 Perbrevem
2300 4379 2500 4434 hancce
2538 4376 2942 4448 responsionem
2971 4373 3179 4428 videtur
3201 4371 3336 4425 Pau-

1751 4475 1892 4530 linus
1911 4474 2068 4530 Celso
2088 4473 2297 4530 cuidam
2327 4470 2638 4534 tradidisse;
2683 4483 2786 4540 qua
2826 4466 3050 4522 necdum
3090 4471 3330 4532 accepta,

1753 4567 1821 4621 ad
1873 4566 2118 4622 eumdem
2162 4579 2347 4620 rursus
2391 4561 2714 4631 Augustinus
2753 4573 2850 4629 per
2895 4554 3334 4613 Fortunatianum

1754 4659 2147 4730 Hipponensem
2176 4655 2541 4726 presbyterum
2562 4653 2784 4706 Romam
2805 4649 2857 4706 id
2878 4647 3130 4718 temporis
3151 4654 3336 4716 peten-

1755 4759 1863 4808 tem
1893 4750 2196 4819 scripserat.
2226 4744 2478 4816 Epistola:
2502 4750 2683 4799 autem
2706 4741 2810 4796 illa:
2831 4750 2962 4806 tres,
2998 4739 3202 4796 scilicet
3227 4751 3336 4794 una

1754 4842 1977 4908 Paulini,
1992 4849 2046 4897 et
2065 4837 2344 4909 Augustini
2364 4837 2503 4904 duae,
2521 4833 2851 4892 exciderunt.
2871 4830 3062 4889 .Celsus
3077 4845 3142 4888 ea
3157 4836 3336 4888 mente

1755 4933 2054 5003 Hipponem
2084 4938 2321 4996 venerat,
2353 4935 2409 4983 ut
2435 4927 2489 4982 in
2519 4925 2799 4996 Augustini
2841 4922 3197 4980 familiaritate
3221 4921 3339 4976 dies

1755 5026 1954 5097 aliquot
1978 5022 2299 5079 traduceret.
2334 5019 2531 5074 Verum
2551 5016 2887 5084 occasionem
2908 5014 3102 5086 navigii
3127 5022 3333 5078 nactus,

1756 5128 1996 5174 sanctum
2027 5113 2312 5172 Praesulem
2341 5125 2463 5166 sero
2491 5107 2781 5165 admodum
2806 5105 3033 5176 monuit,
3059 5119 3118 5162 se
3141 5103 3338 5176 postri-

1757 5209 1842 5266 die
1870 5207 2251 5270 discessurum,
2279 5214 2477 5272 rogans
2504 5208 2564 5256 ut
2588 5198 2690 5254 sibi
2718 5196 2786 5252 ad
2811 5195 3089 5252 Paulinum
3117 5209 3337 5264 respon-

1757 5300 1960 5356 sionem
1995 5297 2165 5352 daret.
2196 5291 2490 5364 Epistulam
2531 5303 2658 5360 ergo
2701 5301 2927 5359 propere
2970 5284 3186 5342 dictavit
3229 5285 3340 5339 Au-

1755 5391 1998 5463 gustinus
2028 5388 2117 5444 :in
2144 5402 2246 5458 qua
2273 5384 2557 5440 Paulinum
2577 5388 2716 5446 orat,
2745 5388 2820 5444 ut,
2839 5393 2942 5450 qua
2971 5377 3175 5438 ratione
3200 5373 3336 5429 divi-

1757 5499 1879 5540 nam
1904 5482 2230 5537 voluntatem
2253 5476 2618 5532 internoscere
2640 5471 2904 5544 possimus
2936 5469 2988 5524 in
3018 5468 3106 5523 illa
3127 5465 3336 5520 actione

1758 5577 1897 5633 inter
1915 5576 2095 5646 plures
2116 5573 2284 5628 bonas
2300 5567 2591 5640 seligeuda,
2609 5581 2766 5637 quam
2783 5581 2813 5618 a
2835 5562 2986 5616 nobis
3000 5561 3139 5615 Deus
3159 5565 3337 5625 postu-

1760 5669 1851 5735 let,
1865 5675 2023 5736 atque
2037 5665 2170 5720 adeo
2185 5677 2342 5733 quam
2362 5676 2458 5716 nos
2479 5659 2594 5728 ejus
2607 5653 2860 5712 voluntati
2876 5652 3335 5716 obtemperaturos

1759 5759 1967 5816 caeteris
1993 5756 2243 5827 praeferre
2271 5759 2532 5823 oporteat,
2555 5747 2654 5803 sibi
2681 5741 2938 5815 signiticet
2964 5757 2978 5793 :
2999 5739 3054 5793 in
3069 5737 3171 5793 hoc
3189 5736 3335 5790 enim

1760 5867 1865 5908 non
1891 5849 2023 5915 falli,
2046 5858 2204 5917 atque
2233 5846 2285 5900 in
2316 5849 2553 5914 peccata,
2578 5853 2695 5907 quae
2719 5836 3044 5904 ignoremus,
3066 5843 3173 5883 non
3201 5827 3328 5896 labi,

1761 5948 1953 6004 fatetur
1975 5939 2208 5996 difficile.
2242 5936 2305 5991 Ei
2331 5949 2389 5988 se
2419 5931 2634 5986 uberius
2667 5926 2987 5994 scripturum
3014 5920 3334 6007 pollicetur,
