3868 6406
1212 344 1266 392 γ,

534 415 634 476 Ui
1157 425 1162 430 '

537 529 628 588 ubi
659 527 890 602 primum
926 522 1190 583 Theasius
1223 534 1290 580 ac
1316 520 1587 587 Evodius,
1629 536 1854 594 quorum
1903 521 1956 576 in
2007 519 2123 576 dies

471 651 474 656 -
537 624 779 696 singulos
804 621 1216 693 expectabatur
1239 617 1520 678 adventus.
1552 614 1871 681 rediissem,
1905 613 2122 687 ipseque

537 732 660 774 cum
691 715 744 772 in
776 715 998 770 istorum
1029 714 1400 783 episcoporum
1422 708 1686 764 mentibus
1707 723 1771 764 ac
1789 707 1965 763 verbis
1989 721 2122 760 cun-

535 809 817 879 spexisset.
848 806 1066 863 Reversi
1098 813 1241 870 sum,
1270 811 1326 858 ut
1352 801 1573 857 credere
1604 801 1745 860 licet.
1767 814 1951 854 mense
1977 812 2120 852 mar-

536 901 640 966 tio,
693 899 776 955 vel
815 899 1003 954 saltem
1047 895 1223 966 aprili,
1267 892 1478 966 quando
1535 893 1678 963 leges
1724 891 1776 945 in
1823 889 2122 944 Donatistas

534 989 706 1060 pridie
750 989 868 1045 idus
902 987 1153 1043 februarii
1181 987 1292 1056 jam
1330 996 1598 1039 concessae
1637 991 1794 1052 atque
1831 979 2121 1050 obsignatae

534 1092 707 1139 erant.

604 1176 658 1230 4.
698 1174 973 1241 Jamvero,
1022 1179 1203 1228 narrat
1250 1168 1608 1242 Augustinus,
1665 1182 1780 1222 cum
1818 1164 1941 1237 ipsa:
1991 1165 2121 1236 leges

534 1266 775 1320 venissent
790 1265 840 1319 in
859 1264 1103 1334 Africam,
1128 1262 1382 1333 praecipue
1395 1261 1471 1316 illi
1490 1261 1576 1333 qui
1595 1259 1879 1331 quaerebant
1899 1259 2122 1312 occasio-

537 1375 648 1412 nent
669 1401 683 1424 ,
715 1367 802 1412 aut
826 1357 1070 1412 sweitiam
1097 1354 1371 1426 furentium
1396 1353 1698 1418 metuebant,
1724 1360 1813 1404 aut
1845 1367 1960 1404 suos
1986 1365 2124 1404 vere-

531 1451 883 1504 cundabantur
915 1449 1170 1516 offendere
1191 1489 1206 1514 ,
1246 1447 1315 1501 ad
1366 1445 1649 1501 Ecclesium
1687 1445 1922 1499 continuo
1951 1453 2121 1498 trans-

531 1542 716 1596 ierunt.
753 1541 906 1595 Multi
933 1541 1084 1596 etiam
1105 1583 1120 1602 ,
1159 1540 1245 1608 qui
1277 1538 1387 1594 sola
1412 1536 1520 1592 illic
1551 1553 1584 1589 a
1627 1536 1913 1605 parentibus
1937 1534 2123 1588 tradita

534 1632 894 1688 consuetudine
915 1632 1225 1696 tenebantur,
1266 1630 1464 1701 qualem
1494 1643 1610 1682 vero
1640 1643 1845 1681 causam
1872 1626 1986 1694 ipsa
2014 1615 2122 1680 ha?-

531 1725 655 1780 resis
674 1727 901 1788 haberet,
949 1741 1207 1795 nunquam
1255 1732 1403 1777 antea
1446 1721 1818 1792 cogitaverant,
1869 1735 2122 1788 nunquam

534 1833 756 1885 querere
799 1829 846 1872 et
884 1818 1204 1872 considerare
1238 1814 1534 1878 voluerant;
1579 1829 1696 1867 mox
1739 1812 1824 1866 ubi
1869 1819 2123 1881 coeperunt

532 1909 790 1965 advertere
814 1953 829 1974 ,
858 1918 904 1964 et
929 1910 1058 1964 nihil
1079 1910 1130 1963 in
1171 1925 1230 1963 ea
1255 1908 1464 1978 dignum
1493 1908 1732 1969 invenire,
1763 1915 1967 1975 propter
1989 1902 2124 1972 quod

536 2013 675 2057 tanta
701 2003 887 2056 damna
923 2010 1230 2072 paterentttr,
1259 2002 1368 2054 sine
1411 1997 1519 2052 ulla
1564 1997 1854 2067 diﬁ'icultate
1892 1993 2125 2049 catholici

534 2095 656 2165 facti
681 2105 799 2148 sunt
822 2112 840 2148 :
869 2095 1036 2148 docuit
1061 2096 1193 2148 enint
1217 2110 1301 2148 eos
1327 2091 1614 2146 sollicitudo
1635 2133 1650 2154 ,
1672 2106 1798 2160 quos
1821 2088 2124 2159 negligentes

533 2186 776 2240 securitas
803 2186 1004 2251 fecerat.
1042 2185 1266 2240 Istorum
1291 2193 1457 2238 autem
1482 2183 1706 2238 onmium
1738 2180 2124 2250 praecedentium

534 2281 884 2332 auctoritatem
909 2288 956 2334 et
987 2280 1361 2350 persuasionem
1386 2277 1544 2333 secuti
1568 2289 1682 2331 sunt
1711 2276 1876 2339 multi,
1916 2275 2002 2344 qui
2031 2272 2127 2326 nti-

538 2384 634 2423 nus
675 2369 843 2423 idonei
871 2379 1014 2424 erant
1058 2386 1146 2438 per
1189 2387 1244 2425 se
1286 2371 1424 2440 ipsos
1453 2367 1744 2435 intelligere,
1771 2366 1893 2433 quid
1918 2365 2126 2418 distaret

536 2459 672 2514 inter
719 2459 1102 2515 Donatistarum
1151 2477 1392 2525 errorem,
1433 2469 1477 2512 et
1505 2459 1807 2512 catholicam
1849 2459 2123 2510 veritatem.

539 2548 626 2605 Ita
651 2566 764 2604 cum
788 2568 974 2622 magna
993 2553 1198 2622 agmina
1227 2551 1530 2621 papulorunt
1559 2565 1673 2603 vera
1704 2559 1860 2602 mater
1879 2550 1930 2602 in
1960 2549 2127 2602 sinam

534 2641 763 2711 gaudens
809 2641 1068 2710 reciperet.
1099 2651 1448 2696 remanserunt
1495 2640 1654 2695 turbte
1681 2640 1841 2706 durae,
1871 2650 1918 2694 et
1953 2641 2004 2694 in
2035 2638 2128 2693 illa

535 2743 675 2802 peste
711 2732 902 2803 infelici
925 2734 1242 2788 animositate
1285 2734 1533 2788 sistentes.
1570 2732 1648 2786 Ea:
1675 2733 1752 2785 his
1771 2748 1969 2802 quoque
2008 2731 2125 2800 plu-

535 2823 654 2876 rimi
695 2824 982 2879 simulando
1013 2826 1534 2892 conmumicaverunt,
1571 2824 1661 2878 alii
1688 2825 1938 2896 paucitate
1963 2825 2126 2878 latue-

534 2927 672 2971 runt.
703 2917 808 2972 Sed
829 2917 908 2972 illi
928 2920 1013 2988 qui
1035 2918 1363 2986 simulabant,
1399 2919 1648 2989 paulatim
1697 2919 2048 2981 assuescendo,
2082 2926 2128 2972 et

540 3011 951 3078 praedicationem
998 3013 1218 3066 veritatis
1259 3012 1533 3078 audiendo,
1564 3013 1780 3065 maxime
1816 3020 1926 3081 post
1964 3011 2126 3064 colla-

539 3100 726 3153 tionem
771 3110 818 3154 et
863 3101 1257 3172 disputationem
1297 3118 1410 3170 quae
1451 3103 1583 3154 inter
1634 3117 1725 3154 nos
1774 3110 1820 3154 et
1867 3101 2129 3170 episcOpos

535 3203 710 3241 eorum
734 3189 874 3260 apud
899 3190 1256 3261 Carthaginem
1288 3192 1406 3262 fuit,
1437 3206 1502 3244 ea:
1526 3207 1710 3260 magna
1739 3200 1880 3258 parte
1921 3190 2130 3243 correcti

538 3286 672 3330 sunt.
705 3277 770 3331 In
799 3279 1096 3348 quibusdam
1121 3297 1239 3335 vero
1265 3280 1408 3342 locis,
1437 3280 1523 3333 ubi
1557 3281 1860 3348 pertinacior
1887 3290 1933 3334 et
1960 3281 2127 3351 impa-

539 3368 700 3421 catior
727 3368 988 3438 pramaluit
1034 3370 1330 3436 multitudo,
1369 3371 1452 3423 cui
1486 3374 1715 3424 resistere
1752 3387 1852 3424 non
1902 3380 2130 3440 poterant

543 3461 826 3529 pauciores,
853 3478 1065 3533 quarunt
1085 3473 1189 3516 erat
1206 3461 1384 3516 melior
1407 3463 1470 3517 de
1492 3463 1838 3518 communione
1861 3465 2126 3527 sententia,

539 3558 628 3603 aut
655 3552 814 3605 turba:
831 3553 1120 3606 auctoritati
1147 3569 1424 3624 paucorum
1465 3555 1798 3621 potentiorum
1837 3553 2054 3608 subdin
2077 3553 2131 3607 in

544 3643 729 3696 malum
757 3653 950 3712 portent
970 3645 1392 3715 obtemperarunt,
1422 3645 1678 3715 aliquanto
1704 3645 1893 3699 diutius
1933 3645 2131 3699 labora-

546 3741 656 3786 tunt
684 3743 756 3787 est
786 3733 976 3805 (Epist.
1011 3735 1132 3800 185,
1161 3753 1248 3789 nn.
1276 3735 1369 3800 29,
1400 3735 1512 3806 50).
1561 3735 1615 3789 In
1659 3736 1880 3805 epistola
1917 3751 2130 3805 quoque

541 3824 609 3879 ad
637 3823 972 3881 Vincentium
1013 3839 1136 3883 ante
1155 3828 1507 3883 Collatiunem
1527 3868 1540 3889 ,
1574 3837 1628 3881 ut
1657 3826 1870 3898 quidem
1897 3827 2124 3892 videtur,

541 3916 737 3988 scripta
764 3959 780 3985 ,
831 3927 1047 3974 sanctus
1103 3920 1340 3974 Antistes
1383 3919 1558 3973 adhuc
1603 3920 1817 3973 uberius
1866 3919 2126 3988 explicat,

538 4022 796 4080 quantum
842 4013 1085 4067 utilitatis
1129 4012 1382 4068 Ecclesia:
1429 4015 1690 4068 severitas
1737 4027 1922 4066 carum
1954 4011 2130 4081 legum

541 4104 774 4160 attulerit
821 4122 837 4160 :
889 4107 1134 4177 qua-dam
1182 4107 1304 4162 inde
1347 4107 1508 4162 verba
1559 4107 1852 4176 subjecisse
1879 4109 2127 4162 sufﬁciet.

541 4191 621 4246 De
647 4195 921 4249 multorum
941 4237 956 4260 ,
989 4198 1097 4262 ait,
1129 4200 1232 4260 iam
1262 4199 1569 4252 correctione
1594 4198 1892 4268 gaudemus,
1914 4199 2001 4268 qui
2028 4209 2130 4252 tant

543 4287 786 4340 veraciter
806 4287 1048 4342 unitatent
1071 4290 1370 4344 catholicam
1397 4299 1561 4343 tenent
1587 4300 1733 4360 atque
1760 4291 2032 4361 defendunt
2048 4332 2062 4355 ,
2083 4301 2132 4346 et

544 4392 577 4430 a
601 4377 814 4450 pristino
846 4396 1014 4435 errore
1038 4397 1093 4435 se
1119 4381 1354 4435 liberatos
1390 4397 1496 4435 esse
1520 4381 1786 4448 (tutantur,
1823 4392 1878 4434 ut
1903 4399 1985 4436 eos
2017 4399 2131 4437 cum

541 4487 728 4543 magna
755 4473 1094 4544 gratulatione
1119 4474 1376 4527 miremur.
1401 4473 1468 4527 Et
1497 4473 1654 4542 paulo
1677 4472 1812 4527 infra
1837 4492 1848 4526 :
1884 4473 1927 4527 0
1947 4475 1992 4527 si
2011 4491 2131 4546 ροεο

541 4577 646 4616 sem
696 4563 784 4617 tibi
822 4564 1102 4631 ostendere,
1155 4581 1220 4620 ea:
1263 4565 1389 4634 ipsis
1445 4563 1942 4618 Circumcellionibus
1979 4582 2130 4636 quant

545 4653 730 4704 multos
743 4655 856 4723 jam
881 4655 1153 4710 catholicos
1174 4657 1467 4727 manifestos
1506 4655 1807 4718 habeamus,
1835 4654 2132 4710 damnantes

545 4755 693 4794 suam
735 4742 998 4809 pristinam
1039 4746 1194 4798 vitam
1235 4755 1280 4798 et
1311 4745 1643 4800 miserabilem
1685 4761 1922 4809 errarent,
1954 4762 2052 4814 quo
2079 4761 2134 4799 se

544 4828 919 4885 arbitrabantur
948 4849 1039 4900 pro
1066 4832 1298 4888 Ecclesia
1326 4833 1422 4889 Dei
1441 4839 1624 4906 facere,
1646 4835 1888 4906 quidquid
1913 4836 2133 4906 inquieta

551 4919 830 4973 temeritate
858 4921 1150 4989 faciebant!
1177 4923 1367 4996 (Epist.
1399 4925 1488 4989 93,
1523 4944 1611 4980 nn.
1646 4928 1698 4988 l,
1726 4925 1800 4997 2)
1830 4937 1934 4982 etc.
1980 4926 2134 4982 Multi

554 5027 749 5074 eorum,
772 5028 986 5082 quorum
1001 5016 1115 5085 jam
1141 5015 1192 5069 in
1221 5017 1410 5070 unitate
1436 5015 1639 5082 Christi,
1671 5020 1809 5088 piunt
1829 5021 1950 5090 fidei
1978 5024 2133 5092 [ervo-

547 5119 656 5157 rem
678 5103 1072 5176 charitatemque
1098 5108 1362 5172 miramur,
1408 5125 1522 5161 cum
1568 5126 1752 5178 ntagua
1801 5112 1974 5164 lcetitia
2021 5111 2132 5167 Deo

546 5195 743 5264 gratias
763 5205 940 5265 agunt,
971 5196 1106 5267 quod
1130 5196 1221 5250 illo
1246 5213 1413 5250 errore
1450 5208 1741 5262 caruerunt,
1771 5199 1855 5252 ubi
1879 5201 2014 5254 mala
2037 5203 2134 5255 ista

547 5286 677 5340 bona
700 5295 999 5354 putaverunt
1022 5302 1041 5340 :
1062 5304 1186 5358 quas
1212 5288 1403 5360 gratias
1425 5288 1574 5343 modo
1601 5291 1820 5343 volentes
1867 5308 1965 5344 non
2011 5308 2132 5361 age-

543 5387 672 5438 rent,
716 5377 814 5430 nisi
842 5377 982 5447 prius
1024 5378 1176 5432 etiam
1206 5378 1429 5433 nolentes
1466 5378 1528 5432 ab
1557 5379 1648 5433 illa
1682 5381 1874 5451 nefaria
1898 5382 2136 5437 societate

539 5470 872 5525 discederent.
907 5470 1043 5538 Quid
1085 5471 1147 5526 de
1185 5471 1287 5526 illis
1335 5471 1593 5534 dicantus,
1623 5472 1709 5542 qui
1747 5472 1886 5526 nobis
1913 5469 2135 5545 quotidie

541 5564 862 5631 confitentur,
892 5563 1028 5635 quod
1048 5563 1162 5634 jam
1193 5561 1337 5616 olint'
1363 5562 1591 5616 volebant
1619 5578 1723 5617 esse
1747 5564 2019 5629 catholici;
2042 5565 2133 5619 sed

542 5653 672 5708 inter
691 5671 772 5709 eos
803 5653 1116 5719 habitabant,
1148 5655 1277 5707 inter
1320 5670 1443 5723 quos
1476 5653 1533 5706 id
1573 5656 1708 5725 quod
1750 5653 1981 5709 volebant
2023 5672 2134 5712 esse

547 5761 647 5799 non
669 5756 898 5816 poterant
921 5763 1005 5816 per
1037 5746 1383 5816 inﬁrmitatem
1413 5747 1630 5814 timoris,
1656 5746 1743 5801 ubi
1767 5749 1810 5802 si
1839 5766 1993 5802 unum
2017 5765 2129 5803 ver-

545 5831 661 5895 bum
702 5852 792 5918 pro
837 5838 1098 5893 Catholica
1126 5837 1370 5910 dicerent,
1401 5848 1446 5894 et
1497 5840 1595 5910 ipsi
1636 5849 1684 5892 et
1733 5837 1914 5894 domus
1958 5855 2132 5894 eorum

3165 378 3234 392 ιιι.
3256 371 3278 382 ’⁴

1635 403 1796 462 rm
1829 402 1891 460 s.
1929 399 2300 464 mansum
2337 402 2666 466 EPISCOPI.
3165 378 3234 392 *η
3651 421 3731 482 ω

2229 521 2460 594 funditus
2501 523 2873 580 euerterentur?
2910 522 3098 596 (Epist.
3125 526 3250 594 £85,
3273 543 3325 582 tt.
3349 526 3453 601 l3).
3481 525 3531 587 In
3557 531 3728 594 Cresco.

2229 612 2372 668 nium
2399 614 2560 670 etiam
2596 615 2836 671 scribens
2863 616 2990 672 dicit
3017 617 3306 674 Ecclesium
3333 621 3614 678 catltalie-un
3636 643 3729 698 qua.

2228 719 2543 776 quavcrsum
2569 705 2791 762 diﬂ‘undi
2814 724 2877 762 ac
2897 708 3126 773 dilatari,
3149 725 3268 764 cum
3293 712 3341 765 in
3365 713 3467 782 ipsa
3483 716 3629 771 Africa
3647 735 3730 787 pars

2229 797 2415 854 Donati
2444 799 2494 854 in
2523 799 2638 855 dies
2663 801 2831 871 magis
2857 803 3128 874 magisque
3169 803 3430 860 minuatur
3448 804 3626 876 (Contra
3644 808 3728 866 Cre-

2228 893 2478 956 sconium,
2509 891 2596 947 lib.
2626 893 2682 960 5,
2716 909 2770 947 n.
2801 894 2912 964 7|).
2951 893 3088 948 Nam
3113 895 3157 949 si
3200 911 3368 964 posses
3394 897 3560 960 uidere,
3584 900 3732 968 inquit,

2226 996 2378 1052 quam
2428 982 2577 1054 longe
2617 984 2814 1055 lateque
2849 984 3082 1056 Africam
3123 1001 3265 1040 error
3311 986 3402 1041 iste
3437 1002 3686 1056 ρει-ναίοντα,
3703 1004 3734 1046 et

2226 1089 2377 1144 quam
2417 1091 2580 1144 pauca
2622 1076 2732 1144 ejus
2773 1078 3135 1144 remanserint,
3161 1094 3275 1149 quis
3315 1079 3524 1133 nondum
3545 1081 3588 1134 in
3609 1099 3731 1150 pacta

2227 1166 2531 1221 catholicam
2563 1177 2782 1222 correcta
2808 1169 3146 1233 transierunt;
3169 1169 3313 1224 nullo
3337 1171 3477 1224 modo
3497 1186 3731 1228 asserton

2227 1258 2517 1314 christiana:
2545 1261 2686 1332 pacis
2709 1270 2756 1316 et
2783 1262 2996 1318 unitatis
3023 1263 3386 1334 infructuosam
3409 1272 3453 1317 et
3489 1265 3654 1320 inanem
3671 1283 3730 1318 ar-

2229 1351 2485 1406 bitrareris
2509 1353 2800 1407 instantiam
2824 1350 3013 1422 (Ibid.,
3033 1354 3122 1408 lib.
3147 1355 3201 1422 1,
3227 1371 3283 1410 n.
3315 1355 3389 1426 7).
3415 1355 3488 1410 Ad
3520 1346 3730 1428 anniqua-

2227 1441 2628 1514 dringcntesimi
2673 1445 2845 1499 octavi
2903 1445 3060 1500 linem
3108 1446 3161 1500 in
3207 1446 3320 1502 haec
3348 1447 3494 1500 verba
3535 1447 3729 1516 linuntur:

2230 1533 2450 1589 Multum
2469 1551 2590 1590 sane
2609 1535 2670 1588 de
2685 1536 3045 1608 quorumdam,
3069 1553 3229 1609 neque
3245 1553 3526 1606 paucorum.
3539 1539 3620 1608 ﬁde
3631 1540 3733 1608 ﬁant

2229 1637 2276 1681 et
2315 1627 2480 1682 stabili
2508 1629 2847 1698 gratulamur,
2874 1629 2961 1699 qui
2998 1646 3062 1684 ex
3085 1632 3350 1686 occasione
3375 1631 3531 1704 legum
3569 1634 3732 1701 ipsum

2227 1719 2298 1772 ad
2317 1717 2654 1773 Christianam
2675 1719 2967 1790 religionem
2992 1719 3068 1774 vel
3083 1719 3385 1774 catholicam
3401 1738 3557 1791 pacem
3573 1725 3732 1777 conrasi

2228 1820 2383 1874 sunt;
2425 1826 2516 1880 pro
2541 1826 2756 1880 quorum
2791 1812 2956 1866 salute
2995 1813 3302 1882 sempiterna
3341 1830 3430 1868 nos
3468 1814 3518 1867 in
3553 1814 3625 1867 hac
3641 1825 3733 1866 tem-

2232 1900 2397 1972 porali
2420 1902 2567 1956 etiam
2593 1903 2870 1973 periclitari
2899 1902 3133 1958 delectat.
3159 1903 3434 1976 Propterea
3453 1904 3567 1958 enim
3581 1905 3734 1959 maxime

2230 1997 2292 2050 ab
2319 1996 2602 2051 hominibus
2631 1998 2843 2051 nimium
2873 1997 3094 2068 duroque
3123 1999 3385 2069 perversis,
3427 2014 3547 2052 nunc
3577 1998 3734 2051 ininici-

2233 2091 2417 2143 tiarum
2462 2091 2718 2161 graviores
2760 2091 2978 2162 impetus
3023 2093 3330 2147 sustinemus
3354 2134 3369 2160 ,
3419 2109 3532 2161 quos
3569 2092 3734 2146 nonnulli

2232 2199 2404 2237 eorum
2425 2183 2680 2238 nobiscum
2707 2185 3069 2249 patientissime
3085 2187 3337 2241 sustinent
3354 2186 3530 2258 (Epist.
3546 2187 3618 2250 97,
3632 2187 3730 2256 ml).

2233 2273 2556 2330 Fatebantur
2584 2293 2741 2347 quant
2771 2278 3002 2347 plurimi,
3027 2278 3129 2334 hoc
3155 2279 3256 2333 sibi
3285 2279 3615 2350 gratissimum
3637 2279 3732 2332 acti-

2232 2365 2398 2432 disse,
2418 2365 2556 2420 utad
2581 2367 2907 2423 redeundum
2935 2369 2985 2422 in
3010 2369 3188 2424 sinum
3218 2369 3465 2424 Ecclesia:
3477 2378 3731 2440 cogerentur.

2233 2471 2297 2512 ac
2325 2458 2403 2512 sic
2423 2459 2596 2512 reditu
2624 2473 2721 2513 suo
2759 2460 3259 2515 Circumcelliunttm
3292 2458 3624 2514 vexationibus
3647 2472 3734 2511 etu-

2234 2564 2346 2605 sam
2378 2551 2573 2604 nullam
2605 2551 2908 2623 przeberent
2929 2551 3121 2624 (Epist.
3157 2554 3279 2616 105,
3305 2571 3359 2607 n.
3389 2551 3596 2620 5).Quin
3625 2551 3732 2604 etiam

2234 2658 2418 2698 eorum
2437 2645 2525 2714 qui
2550 2659 2652 2698 non
2675 2660 2741 2699 ex
2768 2645 2966 2708 animo,
2996 2645 3091 2701 sed
3121 2661 3189 2701 ex
3218 2661 3367 2702 mero
3393 2646 3567 2700 timore
3589 2654 3732 2714 partem

2235 2736 2424 2810 Qunati
2455 2735 2703 2791 abdicare
2730 2735 3068 2802 videbantur,
3095 2753 3204 2792 non
3228 2737 3376 2808 pauci
3403 2738 3452 2791 in
3480 2733 3734 2806 sequentium

2237 2837 2533 2900 temporum
2583 2829 2892 2885 difﬁcultate
2945 2829 3204 2900 majorem
3250 2829 3736 2894 constantiaurpnesc
3808 2827 3809 2866 1

2237 2921 2492 2985 tulerunt,
2523 2936 2680 2990 quam
2721 2919 2809 2990 qui
2840 2935 3106 2988 nunquam
3139 2936 3170 2972 a
3199 2918 3450 2975 catholica
3478 2917 3657 2971 veritate
3673 2911 3736 2966 de-

2236 3011 2497 3065 sciverant
2524 3009 2714 3081 (Epist.
2747 3009 2816 3065 89
2836 3052 2851 3072 ,
2882 3027 2935 3063 n.
2966 3008 3044 3082 7).
3068 3011 3159 3065 Sic
3198 3009 3374 3073 multi,
3424 3008 3575 3077 inquit
3611 3005 3736 3071 Διιὸυ¹

2238 3103 2435 3166 stinus,
2459 3119 2547 3174 per
2573 3102 2688 3156 illas
2709 3102 2842 3172 leges
2865 3103 3076 3157 correcti
3103 3115 3244 3169 sunt,
3268 3114 3313 3157 et
3332 3101 3540 3173 quotidie
3550 3097 3739 3163 corrigun-

2238 3200 2355 3255 tur;
2382 3201 2429 3245 et
2454 3207 2507 3246 se
2531 3207 2636 3246 esse
2662 3201 2928 3255 correctos,
2957 3202 3108 3263 atque
3151 3192 3216 3246 ab
3249 3190 3341 3246 illa
3366 3191 3546 3262 furiosa
3583 3182 3739 3257 pernicie
3810 3203 3811 3252 δ

2238 3282 2489 3343 liberatos,
2517 3283 2709 3353 gratias
2733 3291 2909 3353 agunt.
2935 3281 3004 3336 Et
3031 3282 3117 3351 qui
3136 3283 3366 3347 oderant,
3395 3280 3610 3349 diligunt,
3632 3272 3738 3328 nole-

2237 3385 2437 3444 stasque
2457 3375 2553 3427 sibi
2569 3375 2724 3445 fuisse
2741 3375 3101 3430 saluberrimas
3121 3375 3276 3447 leges.
3301 3385 3529 3445 quantum
3543 3371 3586 3422 in
3603 3363 3741 3420 insutis

2238 3465 2628 3533 detestabantur,
2675 3474 2870 3520 tantunt
2915 3477 3114 3537 recepta
3167 3467 3380 3521 sanitate
3403 3459 3742 3536 gratulantum“!l

2237 3555 2290 3609 in
2319 3554 2564 3618 residuos,
2593 3571 2711 3608 cum
2736 3555 2914 3626 quibus
2939 3560 3142 3628 fuerant
3169 3556 3397 3626 perituri,
3416 3555 3520 3624 jam
3545 3545 3666 3604 simili
3686 3543 3741 3595 άὶο

2239 3647 2448 3700 lectione
2495 3645 2750 3701 nobiscum
2772 3688 2787 3712 ,
2819 3657 2874 3701 ut
2901 3647 3090 3717 pariter
3115 3648 3359 3702 instemus
3387 3662 3447 3700 ne
3472 3643 3540 3698 illi
3563 3642 3739 3712 peremi.

2238 3740 2518 3792 excitantur
2545 3739 2734 3811 (Epist.
2761 3739 2884 3796 185.
2906 3756 2958 3792 n.
2983 3740 3060 3808 7).
3088 3738 3273 3794 Multis
3288 3740 3432 3794 etiam
3452 3733 3615 3806 profuit
3629 3721 3742 3797 (quod

2238 3830 2618 3897 experimentis
2638 3829 2976 3900 probavimus
2992 3838 3046 3884 et
3063 3828 3390 3900 probamus).
3408 3827 3536 3900 prius
3549 3822 3687 3876 timore
3697 3811 3744 3867 rel

2241 3919 2417 3974 dolore
2440 3920 2571 3991 cogi,
2595 3931 2650 3973 ut
2672 3931 2845 3991 postea
2874 3929 3075 3990 possent
3100 3919 3294 3985 doceri,
3315 3928 3400 3972 aut
3421 3914 3544 3986 ᾳκοά
3567 3913 3744 3999 iam?

2239 4008 2314 4063 bis
2343 4010 2642 4076 didicerant,
2669 4026 2819 4080 opere
2862 4011 3045 4065 sectari
3083 4009 3271 4082 (lbid.,
3301 4027 3353 4064 η.
3395 4007 3501 4076 il).
3526 4008 3666 4070 Atque
3697 3991 3742 4045 ίίίί

2241 4110 2366 4154 sunt
2390 4100 2594 4155 fructus
2613 4143 2628 4167 ,
2657 4117 2791 4171 quos
2822 4101 3025 4171 peperit
3063 4111 3282 4171 paterna
3321 4101 3405 4155 illa
3426 4093 3646 4152 severitas
3659 4095 3741 4139 cum

2239 4207 2302 4247 ea
2353 4191 2684 4246 institutione
2731 4191 3018 4262 conjuncta
3043 4233 3058 4258 ,
3104 4207 3210 4261 qua
3241 4189 3471 4246 Ecclesia
3499 4181 3744 4268 redeuntes“:

2239 4285 2537 4356 praesertim
2582 4260 2858 4354 Augustini
2902 4284 3081 4354 lingua
3112 4260 3169 4338 et
3206 4283 3410 4338 calamo
3443 4272 3684 4333 imbuebat.
3704 4260 3744 4314 δε

2239 4376 2370 4430 enim
2391 4416 2406 4440 ,
2437 4375 2510 4429 ait
2536 4373 2675 4428 idem
2699 4387 2936 4441 sanctus,
2959 4384 3282 4438 terrerentur,
3309 4383 3352 4428 et
3376 4386 3471 4425 non
3492 4364 3746 4420 docerentin

2240 4467 2468 4538 improba
2490 4466 2636 4537 quasi
2663 4465 2942 4521 dominatio
2987 4467 3260 4520 videretur.
3295 4464 3484 4518 Rursus
3513 4457 3552 4512 si
3572 4454 3747 4538 docetur

2241 4536 2342 4625 tur,
2373 4568 2418 4612 et
2462 4536 2562 4611 non
2591 4566 2930 4621 terrerentur;
2975 4567 3220 4612 vetustate
3263 4547 3612 4610 consuetudinis
3638 4536 3747 4594 οὺάιο

2240 4651 2340 4703 rati
2365 4651 2434 4702 ad
2478 4649 2845 4720 capessendam
2892 4650 3025 4703 viam
3070 4649 3249 4704 salutis
3292 4647 3477 4718 pigrius
3510 4638 3748 4694 meum”

2243 4741 2432 4814 (Epist.
2457 4739 2546 4806 95,
2571 4757 2625 4794 n.
2657 4741 2734 4811 3).

2310 4833 2364 4888 5.
2404 4831 2522 4886 Non
2551 4831 2710 4902 igitur
2734 4831 2852 4887 sine
2878 4846 3035 4887 causa
3057 4830 3216 4886 ldacii
3243 4830 3364 4887 fasti
3405 4825 3632 4882 unitatem
3653 4812 3750 4866 ἱιιια

2241 4922 2548 4979 Catholicos
2569 4937 2632 4976 ac
2663 4923 2965 4977 Donatistas
2995 4922 3097 4978 ltoc
3119 4937 3262 4978 anno
3289 4922 3470 4976 lat-tam
3497 4905 3748 4969 memoraui-

2241 5015 2424 5085 εωριτί
2447 5013 2779 5086 estprimum
2800 5011 3118 5085 Carthagine
3141 5021 3267 5068 ante
3293 5010 3541 5068 decimum
3559 4987 3750 5086 kale

2240 5107 2558 5178 septembris
2584 5105 2788 5176 (Codice
2805 5104 3071 5162 Canonum
3097 5106 3282 5176 Afric.,
3304 5119 3415 5158 can.
3438 5095 3542 5170 9i),
3563 5094 3747 5178 nonqui-

2240 5173 2364 5253 de-m
2404 5173 2644 5253 omnium
2676 5196 3105 5263 Donatistarum,
3144 5173 3277 5251 cum
3304 5204 3505 5261 semper
3541 5173 3748 5275 Caflllail:

2243 5287 2424 5342 uensis
2445 5286 2679 5357 episcopi
2704 5286 2911 5341 titulum
2949 5285 3052 5342 sibi
3079 5285 3373 5342 Primianus
3395 5265 3691 5346 arrogaw'ilv
3711 5261 3748 5356 ξι

2241 5385 2388 5433 certe
2415 5393 2522 5433 non
2548 5377 2725 5448 exigui
2751 5391 2936 5432 eorum
2963 5377 3170 5433 numeri
3202 5371 3537 5431 conversione
3565 5379 3578 5414 :
3604 5358 3749 5448 θτιιριιξ

2244 5477 2494 5540 Ρΐωιεΐθδ
2519 5509 2536 5535 ν
2577 5438 2710 5540 (ιυῖιδ
2746 5469 3080 5537 obtinebant,
3109 5469 3274 5524 sacris
3319 5464 3526 5524 aedibus,
3560 5463 3659 5524 qua:
3690 5438 3746 5540 te!

2240 5525 2525 5615 hatbolicis
2557 5525 2914 5625 traderentur,
2944 5560 3029 5616 vel
3047 5561 3230 5616 saltem
3249 5553 3634 5613 occludcreutur,
3646 5525 3748 5606 ί1⁰⁰⁴¹

2237 5655 2347 5725 jam
2391 5664 2515 5709 ante
2543 5655 2596 5709 in
2639 5653 2966 5724 llipponcusi
2991 5654 3209 5710 dioecesi
3254 5650 3439 5705 factum
3467 5641 3610 5696 fuisse
3643 5634 3748 5725 rep?

2242 5724 2410 5803 rimus
2435 5746 2632 5819 (Epist.
2667 5745 2786 5810 l59,
2821 5763 2875 5798 n.
2907 5745 2986 5818 ‘2).
3032 5746 3156 5801 Post
3206 5743 3386 5797 factam
3431 5734 3533 5790 sive
3572 5724 3744 5819 etsunt")

2242 5812 2766 5911 unitatetubabitum
2799 5836 2897 5895 fuit
2921 5812 3127 5901 decimo
3152 5831 3395 5897 kalendas
3422 5812 3688 5893 scptctubris
3706 5812 3745 5868 tt)
