3868 6402
123 461 316 517 basiﬁca
343 461 588 534 Regionis
629 465 878 521 secundae
901 467 1315 542 Carthaginense
1343 480 1625 535 concilium
1651 499 1666 544 ;

110 553 242 624 quod
263 555 439 610 Africa:
459 559 618 611 totius
635 556 802 615 fuisse
826 561 907 616 vel
925 577 987 617 ex
1017 562 1104 617 die
1126 565 1240 622 solo
1257 570 1387 624 satis
1402 585 1668 643 superque

111 647 426 700 declaratur:
456 663 614 717 quam
648 666 761 705 rem
808 653 965 708 etiam
1011 655 1198 726 probat
1238 659 1557 731 legationum
1601 681 1667 723 ex

106 739 332 792 omnibus
358 741 637 808 provinciis
675 743 742 797 ad
791 747 1048 817 synodum
1102 751 1480 810 mittendarum
1526 755 1664 814 facta

103 829 306 883 mentio.
335 828 533 885 Placuit
555 847 651 902 per
677 834 883 892 litteras
907 853 1091 909 rogare
1118 845 1506 911 provinciarum
1528 864 1666 920 prte-

97 919 277 986 frctus,
299 933 349 976 ut
383 924 445 978 ad
474 929 899 996 componendam
932 947 1027 1002 per
1056 942 1220 990 totam
1247 919 1662 1014 Africampqute

97 1012 293 1065 nonnisi
326 1012 636 1084 Carthagine
677 1026 804 1074 tunc
849 1024 1101 1091 temporis
1129 1027 1486 1101 redintegrata
1508 1012 1656 1102 erat,

95 1117 209 1155 cont
226 1103 726 1163 O'diamlalmrarent
748 1125 763 1174 ;
789 1111 914 1167 item
935 1113 1000 1168 ad
1020 1114 1364 1187 Comitatum,
1392 1121 1441 1176 id
1465 1133 1563 1188 est,
1590 1125 1658 1180 ad

97 1191 448 1262 imperatorem
473 1197 705 1268 ejusque
731 1201 1023 1273 ministros,
1063 1209 1299 1266 scribere
1321 1254 1335 1278 ,
1369 1221 1427 1268 ut
1453 1215 1502 1268 ei
1532 1231 1657 1285 gra-

93 1285 202 1350 tim,
229 1289 291 1339 ob
307 1291 538 1357 expulsos
561 1290 885 1360 Donatistas,
907 1298 1067 1354 totius
1088 1300 1278 1356 Alricce
1301 1305 1514 1361 nomine
1533 1323 1657 1378 age-

94 1385 265 1432 rentur
289 1377 481 1450 (Codice
507 1379 772 1439 Canonum
793 1387 979 1457 Afric.,
1003 1407 1117 1446 can.
1147 1393 1258 1465 94).
1291 1396 1393 1462 Qui
1422 1413 1549 1453 vero
1570 1377 1656 1454 iit-

91 1474 227 1522 teras
259 1469 372 1524 illas
410 1471 717 1540 deferrent,
763 1477 918 1533 electi
964 1493 1089 1537 sunt
1135 1483 1260 1549 dtto,
1290 1501 1395 1542 non
1437 1489 1652 1560 quidem

85 1560 318 1630 episcopi,
346 1563 437 1618 sed
465 1574 670 1621 tantum
696 1569 877 1624 clerici
908 1587 922 1625 :
951 1587 1017 1628 eo
1061 1576 1199 1644 quod
1229 1577 1450 1647 cpistola
1488 1577 1650 1635 Inno-

84 1653 225 1704 centii
254 1669 414 1724 papa;
440 1671 600 1726 quam
644 1660 828 1728 procul
857 1661 1018 1718 dubio
1061 1681 1092 1719 a
1135 1666 1320 1735 legatis
1356 1673 1650 1740 superioris

82 1745 267 1797 obticuit
295 1746 505 1801 allatam
537 1749 589 1802 in
615 1750 718 1805 hoc
745 1753 1054 1822 recitarunt,
1103 1756 1339 1814 Africani
1383 1762 1648 1820 antistites

79 1835 426 1902 mouebantur,
460 1853 524 1892 ne
553 1839 708 1896 facile
737 1842 1019 1914 episcopos
1056 1846 1108 1901 in
1142 1847 1342 1904 Italiam
1376 1853 1643 1922 proﬁcisci

74 1935 380 1992 niterentur.
413 1929 523 1998 Qua
567 1931 636 1985 de
681 1949 737 1986 re
765 1938 1025 2005 pra-sules
1048 1939 1257 1996 concilii
1288 1942 1401 1998 sive
1447 1945 1639 2016 legati,

73 2012 214 2067 idem
245 2015 391 2084 plane
424 2034 538 2074 cum
576 2020 886 2078 Innocentio
922 2039 1226 2085 senserunt.
1267 2032 1346 2087 Ex
1378 2049 1486 2104 quo
1517 2035 1644 2092 licet

73 2107 372 2176 conjicere,
393 2112 746 2182 episcoporum
780 2122 1189 2176 transmarinam
1221 2124 1638 2197 profectionem,

69 2200 279 2253 tametsi
309 2201 380 2255 illi
422 2203 800 2262 Donatistarum
833 2212 1205 2269 vexationibus
1229 2217 1396 2272 coacti
1425 2219 1491 2273 ad
1531 2219 1640 2275 lm-

62 2298 356 2357 pemtorem
378 2293 741 2365 perfugissent,
770 2302 1186 2371 reprehensione
1213 2317 1386 2363 tamen
1419 2325 1523 2366 non
1544 2327 1638 2366 ca-

64 2379 242 2435 ruisse.
278 2380 455 2438 Nulius
481 2397 659 2444 autem
701 2399 785 2446 est
822 2393 1124 2464 ambigendi
1157 2397 1326 2460 locus.
1355 2401 1484 2471 quin
1513 2403 1638 2460 huic

63 2473 278 2539 generali
304 2477 529 2534 concilio
574 2482 922 2552 Augustinus,
953 2502 1058 2542 non
1088 2503 1241 2546 secus
1270 2507 1332 2547 ac
1359 2494 1626 2563 prioribus

63 2560 187 2629 aliis,
209 2562 528 2624 interfuerit.

663 2662 892 2723 CAPUT
930 2668 994 2723 ll.

62 2750 81 2804 l
111 2749 499 2822 Hipponensium
538 2759 926 2820 Donatistarum
967 2768 1256 2826 immanitas
1292 2775 1327 2828 2
1373 2775 1633 2833 Ca’ciliani

119 2847 395 2912 prmidium
421 2852 665 2921 implorat
686 2854 1018 2926 Augustinus.
1046 2861 1080 2915 5
1105 2861 1553 2921 Schismaticorum
1577 2871 1630 2926 in

115 2939 296 3008 reliqua
327 2942 502 3012 Africa
541 2950 706 3017 furor.
755 2950 791 3005 4
839 2952 1101 3025 Sanguine
1139 2959 1343 3016 illorum
1391 2967 1626 3021 manibus

123 3033 224 3099 fuso
249 3032 392 3102 ﬂoret
418 3033 672 3094 Ecclesia.
702 3041 736 3097 5
763 3040 980 3114 Legatos
1017 3049 1085 3102 ad
1111 3049 1140 3103 1
1148 3065 1478 3122 ntperatorem
1509 3057 1628 3111 mit-

127 3127 224 3173 tunt
256 3120 554 3182 Donatisa.
595 3130 630 3185 6
675 3131 751 3186 De
786 3133 991 3190 illorum
1014 3120 1214 3209 injuriis
1251 3147 1389 3216 apud
1423 3145 1628 3202 Janua-

116 3211 232 3266 εὔια
255 3228 528 3285 queruntur
555 3219 910 3293 Hipponenses
933 3231 1121 3286 clerici.

127 3304 175 3359 1.
209 3305 266 3361 Si
290 3309 410 3378 quid
430 3311 639 3368 iiducia:
665 3315 718 3370 in
747 3332 905 3374 causa
933 3338 1025 3376 sua
1048 3328 1414 3394 reposuissent
1435 3330 1628 3388 Donati

64 3405 354 3466 sectattnes;
399 3419 523 3458 cum
565 3421 625 3461 se
651 3415 926 3481 tantOpcre
950 3413 1000 3468 vi
1051 3414 1223 3486 legum
1270 3421 1624 3490 imperialium

56 3490 212 3558 urgeri
251 3493 528 3562 viderunt,
587 3501 1016 3571 amplectettdum
1065 3509 1168 3565 illis
1220 3511 1624 3573 Catholicorum

54 3583 331 3650 exemplum
361 3585 529 3643 fuerat
563 3609 578 3646 :
610 3591 679 3646 ita
719 3605 778 3648 ut
827 3595 972 3665 ipsos
1000 3599 1064 3653 ad
1091 3601 1436 3673 colloquium,
1483 3611 1626 3663 γετί-ο

57 3670 168 3724 tatis
190 3672 500 3734 tllustranda:
524 3684 717 3752 gratia,
749 3700 1099 3755 provocarent
1125 3670 1315 3765 (Epist.
1339 3670 1430 3762 88,
1457 3717 1512 3753 n.
1545 3700 1622 3771 7).

55 3757 225 3818 Verum
254 3767 349 3822 Lac
379 3772 589 3828 ratione
617 3777 806 3844 agendi
835 3780 1071 3850 neglecta
1095 3824 1110 3849 ,
1143 3786 1281 3840 viam
1311 3789 1465 3857 plane
1491 3807 1622 3846 cou-

59 3854 238 3909 lnriam
266 3860 521 3930 inierunt,
555 3876 960 3942 statueruntque
983 3874 1221 3944 pluribus
1245 3854 1436 3944 adhuc,
1464 3899 1620 3954 quam

57 3957 202 4017 anna,
224 3949 551 4010 facinortbus
575 3957 926 4027 debaccltari,
956 3974 1010 4019 et
1037 3964 1183 4036 leges
1209 3969 1396 4025 eodem
1423 3973 1512 4027 illo
1541 3974 1624 4030 fu-

58 4049 155 4092 rore
177 4045 520 4112 conettlcare,
549 4065 657 4120 quo
684 4051 750 4106 iis
774 4051 1007 4109 ferendis
1035 4071 1248 4114 Causam
1289 4061 1624 4130 praebuerant

59 4126 216 4199 (Epist.
243 4137 365 4201 108,
397 4155 452 4193 n.
491 4139 600 4211 l8).
631 4141 866 4208 Quotidie
901 4156 1210 4216 vestrorum,
1257 4126 1425 4221 inquit
1451 4157 1622 4228 Augu-

57 4223 209 4292 stinus,
235 4227 553 4285 incredibilia
580 4236 803 4304 patimur
830 4236 968 4306 facta
999 4239 1296 4296 clericorum
1320 4255 1367 4298 et
1393 4223 1621 4302 Circum-

57 4312 314 4388 ultimum,
341 4322 503 4376 multa
531 4323 708 4394 pejora
737 4342 888 4396 quam
911 4332 1242 4400 quorumlibet
1268 4335 1517 4391 latronum
1543 4349 1622 4394 at-

57 4419 132 4473 au
149 4412 452 4480 praedonum.
487 4414 729 4490 Namque
756 4421 1023 4480 horrendis
1058 4429 1243 4482 armati
1267 4431 1511 4502 cujusque
1528 4451 1618 4505 ge-

58 4499 168 4554 neris
189 4506 310 4572 telis,
342 4508 627 4566 terribiliter
658 4515 908 4584 vagando,
941 4534 1043 4571 non
1069 4518 1181 4572 dico
1208 4523 1614 4594 ecclesiasticam,

56 4589 134 4641 δαί
149 4591 292 4660 ἧμαι
315 4596 595 4655 Ιηιηωηιηη
629 4603 842 4674 quietem
863 4622 1134 4678 pacemque
1157 4612 1468 4680 perturbant.
1502 4613 1554 4668 Ν
1556 4589 1615 4669 ολ

57 4683 224 4738 dumis
255 4693 654 4760 egressionibus
688 4696 985 4752 clericorum
1017 4704 1377 4759 catholicorum
1415 4709 1616 4763 invasas

58 4768 206 4829 domes
241 4783 396 4836 udas
439 4794 593 4857 atque
640 4785 817 4843 inanes
865 4789 1233 4864 derelinquunt.
1275 4795 1427 4867 Ipsos
1466 4800 1616 4854 etiam

59 4874 212 4934 ηριω,
238 4881 281 4925 et
308 4875 529 4944 fustibus
571 4887 776 4945 tunsos,
804 4884 1038 4951 ferroque
1075 4888 1322 4954 concisos,
1356 4891 1614 4946 semirivos

61 4956 276 5024 “ﬁdunt.
305 4961 535 5038 Insuper
562 4984 692 5023 novo
720 4979 767 5024 et
793 4973 1005 5027 ante/iac
1043 4977 1271 5032 inaudito
1297 4979 1497 5035 sceleris
1522 4999 1612 5053 ge-

62 5058 164 5114 ’σει
188 5057 338 5111 oculis
361 5073 536 5113 eorum
566 5062 758 5114 calcem
786 5073 926 5117 aceto
952 5067 1198 5135 permixto
1228 5070 1546 5138 infundentes
1565 5083 1613 5128 et

60 5133 346 5216 illatis-tes,
363 5166 489 5218 quos
507 5151 720 5206 evellere
734 5133 1031 5226 compendio
1053 5169 1300 5227 poterant,
1324 5164 1614 5218 excruciare

60 5228 236 5298 melius
257 5239 467 5311 eligunt,
491 5260 646 5313 quam
670 5245 820 5299 citius
841 5262 1110 5303 exca'care.
1143 5249 1282 5305 Nam
1312 5256 1473 5323 primo
1498 5266 1611 5311 tan-

61 5328 142 5374 tum
175 5329 402 5387 calce’ad
440 5335 536 5390 hoc
570 5337 774 5408 [acinus
813 5340 1109 5408 utebantur;
1159 5345 1248 5398 sed
1284 5358 1610 5418 posteaquam

59 5407 150 5467 ίίιυι
172 5419 335 5488 quibus
361 5427 456 5482 ltoc
490 5407 738 5500 fecerant,
767 5434 864 5484 cito
889 5407 1099 5489 salutent
1129 5407 1392 5507 reparasse
1418 5407 1610 5496 didice-

60 5513 170 5605 [ων
188 5525 368 5573 “dum
385 5520 695 5576 addiderunt
714 5521 928 5592 (Contra
949 5525 1206 5594 Crescon.,
1233 5529 1319 5584 lib.
1342 5533 1395 5598 3,
1415 5549 1468 5586 η.
1491 5533 1603 5605 16).

63 5591 290 5676 Ρηθίυιιε
309 5629 433 5670 vero
460 5616 513 5670 in
547 5591 874 5686 llipponensi
913 5621 1130 5678 dimcesi
1162 5624 1421 5682 feritatem
1461 5627 1605 5685 illam

62 5697 384 5792 exelicuerunt,
427 5706 676 5764 barbaris
720 5713 848 5779 ipsis
889 5713 1207 5787 incognitam
1248 5718 1440 5792 (Epist.
1480 5723 1603 5791 111,

62 5786 108 5836 ³·
128 5779 200 5860 il-
215 5787 543 5884 Quspropter
580 5797 947 5876 Hipponenses
974 5779 1152 5866 clerici
1181 5779 1341 5871 ea‘de
1368 5827 1428 5874 re
1463 5779 1606 5875 anno

1437 357 1640 422 LIBER
1675 357 1962 428 SEXTUS.

1785 573 1969 632 Vivunt
1998 590 2051 634 ut
2082 580 2320 656 latrones,
2347 593 2496 650 aiunt
2524 598 2632 668 illi,
2665 608 2947 666 moriuntur
2973 573 3036 667 utr
3053 613 3359 678 Circumcel-

1773 668 1932 722 liones
1949 710 1964 734 ,
2015 672 2329 735 honorantur
2361 695 2416 738 ut
2451 700 2716 761 martyres,
2754 707 2802 752 et
2835 710 2999 757 tamen
3023 721 3112 761 nec
3147 707 3366 769 latrones

1769 759 2046 832 aliquando
2069 769 2374 843 audivimus,
2403 795 2486 834 eos
2509 759 2635 852 quos
2661 787 2938 857 deprtedati
2964 808 3098 863 sunt,
3125 818 3366 861 cumcas-

1768 868 1840 907 sc.
1865 853 2070 913 Occisos
2088 867 2325 932 auferunt
2347 869 2470 936 luci,
2485 890 2586 929 non
2603 877 2723 932 vivis
2737 882 2971 951 auferunt
2986 888 3146 944 lucem
3169 893 3358 966 (Ερὶει,

1771 939 1838 966 00
1882 961 1910 966 --
1959 944 2012 966 οἱ
2057 948 2134 966 In-
2201 953 2214 965 ο
2284 955 2318 966 η
2359 959 2391 966 .-
2454 963 2464 966 -

1769 939 1860 1009 88,
1880 961 1932 998 n.
1959 944 2036 1021 8).
2057 948 2167 1006 Illis
2201 953 2252 1008 in
2278 955 2574 1019 Collatione
2599 939 2924 1038 exprobrata
3151 939 3357 1050 diritas:

1769 1038 2018 1131 tanquam
2049 1055 2168 1111 quae
2193 1047 2421 1116 quodam
2453 1055 2614 1111 modo
2660 1058 2825 1129 ipsius
2868 1063 3128 1125 darmonis
3166 1071 3220 1127 in

1766 1125 2134 1231 crudelitatem
2178 1149 2453 1208 superaret
2499 1125 2728 1213 (Brevis.
2765 1151 2948 1211 Collat.
2999 1159 3053 1224 5,
3086 1177 3140 1214 n.
3298 1125 3364 1220 Ii

1765 1212 1952 1311 Gollat.
1998 1219 2240 1297 Carthag.
2275 1230 2329 1297 5,
2361 1250 2477 1302 cap.
2519 1236 2668 1309 298).
2718 1241 2946 1301 Membra
2989 1212 3139 1306 etiam

1763 1307 1928 1379 plagis
1949 1311 2215 1373 horrendis
2240 1307 2632 1398 vulneribusque
2647 1335 2958 1392 sauciarunt.
2990 1307 3361 1414 Deprtedantur

1761 1401 1913 1455 etiam
1941 1403 2118 1461 domos
2146 1411 2360 1482 aliquas,
2389 1427 2436 1470 et
2464 1419 2737 1478 incendunt
2768 1441 2789 1481 :
2811 1431 3008 1495 fructus
3034 1401 3204 1491 aridos
3225 1439 3355 1493 diri-

1760 1492 1925 1562 piunt,
1971 1497 2204 1556 [tumidos
2247 1505 2469 1572 fundunt
2497 1510 2688 1583 (Epist.
2719 1492 2842 1586 111⁷,
2874 1538 2926 1574 n.
2970 1523 3047 1594 1).
3078 1526 3234 1581 Arma

1757 1584 1982 1656 ingentia
2011 1599 2058 1644 et
2088 1595 2328 1652 terribilia
2367 1601 2698 1677 fabricarum,
2730 1584 2909 1680 quibus
2938 1584 3123 1674 armati
3157 1638 3248 1692 per
3275 1624 3355 1679 di-

1757 1691 1897 1732 versa
1930 1681 2254 1754 discurrunt,
2282 1697 2640 1755 comminantes
2669 1712 2815 1773 atque
2847 1708 3142 1767 anhelantes
3165 1714 3346 1782 credes,

1753 1770 1982 1838 rapinas,
2015 1774 2266 1847 incendia,
2291 1785 2536 1842 cwcitates
2561 1770 2752 1861 (Epist.
2781 1795 2871 1860 88,
2899 1815 2952 1854 n.
2975 1800 3051 1869 8).
3084 1804 3200 1870 Quo
3237 1770 3350 1862 ter:

1752 1873 1876 1916 rore
1923 1863 1976 1919 in
2023 1867 2233 1926 animos
2281 1873 2556 1935 hominum
2599 1883 2828 1954 injecto,
2867 1893 3172 1963 complures
3213 1897 3350 1954 adeo

1750 1955 2147 2029 percellebant,
2179 1973 2234 2018 ttt
2260 1980 2320 2022 se
2351 1980 2659 2038 paterentur
2690 1978 2878 2036 iterato
2915 1955 3237 2055 Baptismate
3263 1989 3347 2046 fu-

1749 2047 1951 2152 nestari
1966 2049 2156 2119 (Epist.
2180 2057 2302 2125 111,
2334 2077 2386 2114 n.
2419 2061 2497 2136 8).
2528 2064 2601 2121 Ita
2633 2069 2814 2140 ﬁebat,
2848 2084 2906 2131 ut
2930 2047 3070 2134 inier
3095 2083 3345 2152 gravissi-

1747 2134 1910 2191 simas
1937 2137 2118 2212 leges,
2149 2163 2268 2217 qtae
2299 2134 2509 2210 fuerant
2553 2157 2604 2212 in
2647 2176 2743 2216 eos
2782 2134 3149 2240 promulgatdi,
3181 2189 3244 2230 ac
3273 2175 3341 2232 de

1745 2229 1937 2298 quibus
1957 2237 2174 2301 perinde
2188 2257 2250 2296 ac
2268 2242 2335 2299 de
2357 2249 2635 2306 vexatione
2652 2253 2916 2312 dit-iSsima
2939 2265 3299 2330 querebantur
3314 2309 3332 2336 ,

1745 2336 1850 2377 non
1893 2327 2051 2381 modo
2090 2330 2140 2384 in
2174 2338 2602 2401 possessionibus
2626 2354 2679 2398 et
2705 2348 2816 2402 suis
2843 2359 2898 2404 et
2937 2351 3125 2409 alienis
3161 2359 3336 2414 securi

1743 2413 2013 2480 sederent,
2039 2434 2221 2477 verum
2244 2435 2298 2480 et
2316 2428 2662 2502 orthodoxos,
2689 2450 2845 2507 supra
2867 2457 3023 2510 quam
3045 2447 3187 2500 credi
3213 2464 3336 2517 pos-

1741 2505 1845 2575 sit,
1873 2525 1902 2564 a
1931 2510 2234 2572 mictarent.
2265 2517 2480 2593 Insuper
2509 2525 2658 2580 etiam
2678 2569 2691 2593 ,
2725 2505 2940 2588 narrant
2968 2535 3334 2606 Hipponenscs

1740 2600 1940 2669 clerici,
1973 2607 2017 2660 si
2043 2625 2170 2678 quas
2200 2623 2388 2668 mortes
2417 2615 2513 2671 sibi
2539 2619 2671 2674 ultro
2693 2622 2945 2692 ingerunt,
2987 2629 3127 2683 nobis
3164 2633 3335 2688 volunt

1739 2709 1845 2747 esse
1867 2695 2161 2765 invidiosus,
2195 2704 2335 2758 vobis
2362 2706 2631 2776 gloriosas.
2664 2711 2815 2778 Quod
2838 2717 2981 2771 nobis
3005 2720 3220 2788 faciunt,
3238 2724 3335 2779 sibi

1738 2803 1838 2840 non
1886 2787 2173 2860 imputant;
2219 2807 2266 2850 et
2312 2800 2448 2868 quod
2496 2801 2593 2856 sibi
2639 2805 2863 2873 faciunt,
2899 2787 3041 2866 nobis
3083 2814 3334 2884 imputant

1739 2875 1930 2947 (Epist.
1977 2882 2068 2948 88,
2115 2901 2167 2939 n.
2217 2886 2298 2958 8).
2333 2889 2516 2946 Tantae
2559 2903 2772 2966 tamque
2803 2898 3051 2956 inaudita:
3081 2875 3326 2976 feritatis,

1736 2983 1840 3038 qua
1868 2973 1949 3027 vel
1974 2975 2112 3043 apud
2144 2977 2288 3048 ipsos
2308 2982 2535 3050 partium
2562 2999 2777 3043 suarum
2807 3000 3097 3049 sectatores
3118 2994 3171 3050 in
3197 2998 3331 3054 invi-

1735 3058 1876 3116 diam
1906 3067 2252 3139 vocabantur,
2295 3071 2466 3143 legum
2504 3077 2662 3133 timor
2703 3096 2808 3136 non
2854 3092 2958 3138 tam
2989 3101 3147 3144 causa
3175 3100 3324 3160 erat,

1734 3168 1893 3222 quam
1941 3157 2095 3214 dolor
2135 3177 2203 3217 ex
2247 3166 2487 3235 proiectu
2534 3171 2808 3227 εειιΙιοΙίρςιι
2856 3175 3128 3246 Εοςιρείειι,
3167 3198 3326 3252 quam

1734 3243 2010 3313 Augustini
2033 3254 2331 3320 praesertim
2358 3257 2644 3314 conciones
2672 3262 2897 3319 assidua:
2924 3268 3118 3323 mirum
3145 3271 3197 3324 in
3219 3287 3326 3327 mo-

1735 3335 1860 3391 dum
1920 3343 2332 3412 att‘tplilicabant.
2389 3347 2524 3403 Dum
2561 3353 2733 3420 enim,
2777 3357 2962 3412 set-ibit
3014 3359 3324 3432 Possidius,

1733 3431 1933 3487 verbum
1974 3434 2070 3489 Dei
2106 3438 2280 3492 sedulo
2319 3442 2710 3512 praedicaretur,
2756 3456 2940 3503 etcum
2975 3452 3054 3506 Itis
3087 3454 3175 3523 qui
3199 3431 3323 3510 ode?

1732 3535 1846 3578 rant
1871 3543 2074 3595 pacem,
2103 3530 2242 3598 pacis
2267 3532 2396 3585 ratio
2426 3533 2722 3604 haberetur;
2747 3537 2824 3593 illi
2849 3540 3127 3612 loquentem
3152 3545 3324 3600 debel-

1733 3615 1903 3670 labant
1941 3626 2116 3690 gratis.
2163 3620 2227 3675 Et
2266 3639 2381 3678 cum
2429 3628 2667 3681 adversus
2704 3645 2878 3685 eorum
2918 3633 3102 3704 dagtna
3143 3637 3325 3692 veritas

1729 3707 2076 3779 innotesceret,
2100 3715 2188 3784 qui
2207 3714 2452 3783 volebant,
2488 3730 2534 3772 et
2563 3730 2814 3791 poterant,
2845 3740 2952 3778 sese
2979 3726 3096 3780 inde
3119 3727 3196 3782 vel
3221 3728 3324 3782 eri.

1731 3799 1950 3869 piebant,
1973 3805 2049 3857 vel
2072 3804 2434 3872 subducebant,
2457 3820 2503 3863 et
2532 3811 2646 3879 paci
2669 3823 2818 3882 atque
2845 3816 3028 3870 unitati
3053 3817 3318 3885 Ecclesitz,

1730 3906 1842 3944 cum
1872 3893 1976 3946 suis
1995 3896 2174 3966 quibus
2203 3906 2453 3968 poterant,
2482 3902 2816 3956 conterebant.
2851 3904 2997 3960 Unde
3036 3908 3112 3962 illi
3136 3910 3216 3964 sui
3235 3927 3320 3964 er-

1729 3983 1859 4036 roris
1877 3987 2286 4056 congregationes
2305 3990 2464 4042 minui
2484 3991 2724 4058 videntes,
2747 4005 2896 4064 atque
2912 3999 3191 4068 augmentis
3218 3999 3321 4054 Ec-

1728 4073 1891 4127 clesia:
1918 4075 2212 4144 invidentes,
2243 4081 2438 4134 accensi
2464 4083 2848 4139 exardescebant
2885 4088 2963 4140 ira
2999 4090 3316 4159 gravissima,

1728 4173 1774 4216 et
1813 4166 2150 4222 intolerabiles
2189 4172 2554 4240 persecutiones
2591 4175 2771 4240 unitati
2795 4175 3041 4233 Ecclesia:
3066 4183 3316 4252 compacti

1726 4254 1977 4324 faciebant
2000 4257 2312 4330 (Possidius,
2332 4262 2386 4316 in
2409 4261 2524 4317 Vita
2543 4264 2755 4336 August.
2773 4283 2821 4321 ο.
2845 4268 2957 4340 10).

1796 4345 1850 4398 2.
1893 4346 2042 4403 Tunc
2081 4352 2334 4420 temporis
2377 4368 2498 4408 cum
2535 4370 2630 4425 per
2665 4371 2821 4428 agros
2858 4359 3086 4428 llipponi
3111 4361 3314 4416 vicinos

1727 4440 1989 4494 acerrima
2013 4443 2208 4500 fureret
2240 4443 2609 4502 haereticorum
2635 4449 2873 4516 audacia,
2899 4451 3036 4505 datze
3061 4462 3184 4506 sunt
3205 4452 3310 4509 tllte

1725 4527 1791 4582 ad
1822 4527 2160 4587 Cmcilianum
2207 4533 2400 4590 litterae
2430 4535 2619 4607 (Epist.
2650 4538 2763 4608 86),
2795 4540 2985 4607 quibus
3010 4556 3132 4596 eum
3160 4553 3312 4614 rogat

1726 4621 2074 4692 Augustinus,
2105 4635 2159 4679 ut
2185 4641 2325 4692 eam,
2349 4643 2449 4697 qua
2479 4628 2531 4682 in
2555 4627 2728 4684 Ait-ica
2753 4629 3000 4700 pollebat,
3023 4635 3311 4690 auctorita-

1725 4723 1862 4782 tem,
1894 4731 1999 4771 non
2026 4717 2239 4788 quidem
2268 4719 2335 4774 ad
2364 4720 2695 4776 ulciscendas
2727 4723 2870 4793 justa
2903 4725 3190 4783 sexeritate
3225 4728 3310 4784 in-

1719 4803 1915 4875 jurias,
1945 4823 2127 4863 verum
2163 4808 2230 4864 ad
2267 4811 2532 4866 sanandos
2569 4828 2753 4868 earum
2791 4827 3035 4873 auctores
3072 4818 3311 4876 adhibito

1725 4907 1927 4954 terrore
1956 4901 2240 4956 conferret.
2280 4902 2376 4957 Hic
2409 4903 2496 4959 ille
2523 4905 2837 4962 Catcilianus
2875 4923 3016 4965 anno
3052 4910 3307 4982 quadrin-

1721 4980 2188 5060 gentesimo'nono
2216 4997 2468 5066 praetorio
2494 4997 2778 5068 praefectus
2804 4999 2919 5056 fuit.
2947 5002 3027 5058 Ad
3057 5004 3305 5062 eumdem

1720 5083 2045 5152 Augustinus
2072 5087 2169 5141 sub
2199 5088 2356 5144 linem
2399 5091 2523 5144 anni
2563 5091 3071 5163 quadringentesimi
3111 5095 3305 5153 decimi

1722 5175 1858 5228 tertii
1898 5177 2141 5247 scripsit,
2177 5187 2424 5250 tanquam
2455 5180 2522 5236 ad
2562 5183 2733 5238 virum
2762 5184 2901 5254 apud
2939 5201 2998 5242 se
3032 5202 3223 5258 magno
3254 5189 3305 5244 in

1720 5267 1924 5324 honore
1942 5268 2200 5340 habitum,
2219 5272 2423 5343 sibique
2443 5273 2812 5332 benevolentia
2833 5277 3132 5335 devinctum
3152 5281 3307 5350 plane

1716 5359 1973 5430 singulari
2005 5360 2196 5433 (Epist.
2233 5362 2376 5436 151).
2409 5364 2768 5423 Christianam
2815 5371 3123 5440 religionem
3168 5371 3306 5425 inter

1717 5451 2131 5508 catechumenos
2175 5456 2551 5523 prolitebatur,
2591 5473 2653 5513 ac
2699 5459 2801 5513 sibi
2837 5461 3208 5516 demandatum
3248 5462 3302 5515 in

1717 5540 1895 5596 Africa
1927 5558 2119 5599 munus
2145 5560 2266 5599 cum
2293 5561 2396 5601 non
2423 5548 2676 5603 mediocri
2696 5550 2984 5621 diligentia:
3007 5568 3068 5604 ac
3093 5551 3303 5620 pietatis

1716 5630 1854 5685 fama
1875 5633 2110 5702 gerebat.
2137 5635 2376 5690 Edictum
2395 5637 2504 5707 jam
2530 5638 2721 5693 tulerat
2739 5655 2986 5694 severum
3011 5640 3299 5696 admodum

1714 5723 1768 5780 in
1797 5724 2095 5780 Donatistas
2113 5767 2128 5792 ,
2151 5743 2259 5799 quo
2281 5731 2440 5785 variis
2470 5731 2519 5784 itt
2549 5731 2740 5785 Africa:
2767 5733 2898 5784 locis
2925 5732 3296 5788 schisntatico—

1713 5831 1834 5880 tum
1860 5831 1984 5880 cum
2005 5817 2246 5883 Ecclesia
2267 5822 2755 5883 reconciliationem
2781 5824 2993 5898 egregie
3012 5827 3301 5906 promovit,

2831 5959 2887 5968 ην-
2939 5961 2988 5974 σφι
