3868 6402
170 291 267 352 557

164 419 439 464 externarum
451 407 684 478 sauguine
707 409 1049 476 congregarent
1067 399 1087 471 (
1105 398 1271 468 Epist.
1313 398 1438 466 185,
1465 415 1518 452 n.
1553 399 1614 454 51
1641 395 1683 470 ).

157 497 215 554 Id
237 507 365 553 certe
389 497 666 568 przesertim
690 493 946 550 laboribus
969 491 1268 563 Augustini,
1301 489 1523 546 membri
1551 488 1689 544 inter

162 591 254 644 alia
294 589 467 653 omnia,
500 584 684 659 quibus
712 586 984 659 mysticum
1025 585 1232 639 Domini
1253 597 1445 655 corpus
1471 592 1686 637 consta-

159 681 257 742 bat.
283 679 503 750 praecipui
527 677 762 750 contigit.
793 677 840 733 ls
870 675 1134 734 indefessa
1160 691 1288 732 cura
1315 674 1687 746 promovendis

157 773 374 830 Ecclesia
399 773 547 826 rebus
583 772 903 842 invigilabat,
955 785 1178 840 eamque
1226 768 1462 824 laetitiam
1505 765 1686 822 divina

156 865 435 936 benignitate
473 863 690 933 adeptus
717 874 816 929 est,
837 872 894 919 ut
916 872 1186 933 superstes
1213 861 1386 915 adhuc
1432 860 1684 915 sudorum

155 955 339 1012 suorum
372 954 557 1010 fructus
587 955 902 1024 perciperet,
942 969 1006 1008 ac
1039 968 1226 1024 pacem
1267 961 1424 1021 atque
1457 965 1684 1006 concor-

155 1049 277 1106 diam
307 1048 510 1120 primum
554 1047 816 1117 Hippone,
849 1047 1002 1117 cujus
1046 1047 1193 1101 urbis
1222 1061 1284 1100 ac
1312 1046 1606 1100 dioeceseos
1637 1045 1684 1097 ei

155 1140 377 1211 pracipue
396 1137 699 1193 demandata
727 1146 843 1193 erat
870 1153 1018 1205 cura,
1039 1138 1377 1193 constitutam
1399 1145 1644 1191 cerneret
1668 1153 1681 1200 ;

157 1231 324 1287 deinde
337 1245 414 1301 per
429 1237 582 1284 totam
607 1228 868 1298 Africam,
892 1230 980 1284 ubi
1004 1245 1124 1286 cum
1153 1216 1248 1300 per
1269 1245 1328 1284 se
1349 1230 1542 1300 ipsum,
1575 1238 1682 1282 tum

149 1341 243 1396 per
275 1325 533 1394 episcopos,
570 1338 708 1394 quos
733 1339 800 1379 ex
825 1338 919 1379 sua
951 1323 1281 1378 institutione
1317 1337 1379 1377 ac
1407 1322 1683 1390 disciplina

149 1417 193 1470 ei
226 1415 430 1482 dederat,
483 1414 732 1470 Ecclesia:
782 1429 1033 1486 magnum
1079 1415 1467 1470 incrementum
1503 1412 1683 1467 attulit

151 1505 378 1580 (Possm,
393 1505 446 1561 iit
469 1503 582 1560 Vita
597 1506 837 1578 August,
854 1523 898 1560 c.
924 1504 1150 1579 l8).Hoc
1168 1515 1346 1561 tamen
1365 1520 1499 1575 opus
1517 1505 1568 1558 in
1589 1519 1682 1558 sua

147 1595 450 1653 ditecesinOn
474 1595 573 1652 nisi
617 1597 800 1651 multis
856 1607 974 1666 post
1027 1597 1181 1650 annis
1229 1595 1460 1650 absolvit
1490 1613 1501 1647 :
1529 1609 1591 1648 ac
1615 1593 1682 1648 de

147 1689 357 1759 praesenti
394 1689 443 1743 id
483 1687 844 1743 tantummodo
886 1702 1210 1758 cognoscere
1251 1696 1352 1751 est,
1406 1684 1682 1740 basilicam

149 1797 250 1852 quae
269 1781 357 1836 illic
381 1780 761 1836 DonatiStarum
791 1779 986 1845 fuerat,
1011 1779 1114 1834 illis
1138 1787 1263 1834 tunc
1289 1787 1376 1831 aut
1404 1787 1526 1848 post
1556 1792 1685 1846 pau-

149 1870 243 1925 lum
266 1873 469 1942 eréptam
492 1885 604 1927 esse
630 1871 648 1942 (
671 1870 893 1924 Retract.
919 1870 1045 1924 libro
1088 1869 1145 1936 2,
1173 1886 1285 1939 cap.
1315 1868 1384 1922 27
1409 1869 1448 1938 ).
1478 1868 1684 1924 Cirten-

148 1957 217 2015 sis
238 1961 464 2030 Ecclesia,
490 1972 590 2016 tam
616 1962 791 2018 dirum
818 1961 873 2017 in
897 1962 1112 2018 modum
1135 1962 1201 2017 ab
1229 1961 1491 2016 hmreticis
1518 1975 1680 2014 vexa-

155 2058 225 2115 ta,
261 2051 428 2121 pariter
466 2063 769 2124 argumento
793 2053 892 2108 fuit
934 2055 1216 2124 plurimum
1244 2052 1382 2122 apud
1406 2053 1570 2106 Deum
1595 2067 1684 2105 va-

155 2141 304 2196 luisse
336 2156 572 2199 servorum
599 2159 815 2199 suorum
841 2160 1051 2216 poenas,
1099 2159 1321 2214 quarum
1354 2143 1492 2196 haud
1522 2143 1682 2198 dubie

147 2230 326 2288 intuitu
360 2247 415 2288 ac
437 2234 606 2290 merito
644 2235 950 2290 Donatistas
975 2236 1119 2290 illius
1145 2234 1246 2290 loci
1271 2233 1337 2289 ad
1366 2233 1679 2289 catholicam

145 2324 373 2380 unitatem
401 2324 593 2380 demum
617 2326 1050 2396 reduxit(Epist.
1086 2323 1248 2397 144).
1285 2325 1351 2378 At
1381 2323 1510 2379 illud
1555 2333 1681 2380 ante

144 2429 314 2470 annum
360 2417 923 2489 quadringentesimum
975 2417 1348 2472 duodecimum
1395 2417 1682 2486 eontiglsse

148 2521 238 2564 non
263 2508 466 2565 videtur.
490 2511 563 2565 Ex
595 2511 888 2566 Collatione
913 2525 1120 2580 quoque
1145 2508 1418 2574 discimus,
1447 2508 1679 2564 Liberti-

143 2617 210 2658 na:
251 2605 594 2661 schismaticos
637 2621 847 2672 omnes,
875 2606 1090 2660 nemine
1129 2616 1374 2674 excepto,
1399 2603 1462 2658 ad
1495 2603 1680 2658 Eccle-

143 2693 251 2750 siam
268 2695 472 2751 rediisse
493 2697 708 2769 (Callet.
732 2696 970 2767 Carthag.
998 2697 1048 2763 1,
1074 2712 1185 2768 cap.
1218 2693 1377 2767 116
1401 2694 1546 2749 Idem
1567 2693 1681 2748 fue-

144 2795 250 2841 rata
276 2786 416 2857 plebe
442 2788 743 2843 Bazaritana
775 2787 974 2843 factum
1003 2804 1017 2853 ;
1074 2788 1147 2842 ita
1184 2797 1241 2841 ut
1271 2785 1563 2856 Calipotius
1590 2801 1680 2840 eo-

143 2891 235 2933 rum
260 2883 523 2950 episcopus
548 2896 665 2935 cum
687 2895 874 2935 omnes
901 2895 930 2933 a
957 2895 1014 2935 se
1033 2880 1295 2934 defecisse
1316 2879 1674 2947 conspiceret,
1719 2923 1730 2930 .

146 2969 222 3025 alio
239 2973 568 3044 commigrare
597 2973 754 3028 fuerit
781 2982 994 3027 coaetus
1013 2973 1030 3042 (
1050 2971 1212 3038 lbid.,
1235 2989 1345 3041 cap.
1374 2970 1474 3025 129
1496 2970 1535 3042 ).

197 3063 349 3119 5.Νοῐι
370 3064 464 3119 alia
486 3080 610 3120 sane
626 3065 691 3119 de
705 3080 862 3119 causa
890 3079 1034 3117 mare
1052 3063 1395 3132 trajecerunt,
1417 3071 1468 3117 et
1487 3077 1669 3116 coram

148 3155 346 3224 puniet-to
371 3157 597 3228 prietorii
619 3157 871 3212 sisterunt
887 3171 1006 3212 sese
1027 3155 1264 3210 nonnulli
1286 3169 1350 3208 ex
1385 3153 1680 3207 Donatista-

149 3257 238 3300 rum
251 3247 515 3319 episcopis,
539 3264 694 3319 quam
708 3256 767 3302 ut
782 3249 957 3317 legum
977 3248 1199 3301 latarum
1225 3247 1276 3300 in
1296 3247 1439 3316 ipsos
1453 3245 1679 3315 mitigari

150 3338 429 3395 severitatem
457 3347 704 3410 rogarent
724 3336 744 3413 (
767 3337 932 3411 Epist.
961 3338 1049 3402 88,
1069 3355 1120 3390 η.
1138 3339 1204 3392 10
1227 3335 1268 3410 ).
1292 3337 1490 3391 Horum
1521 3352 1552 3391 e
1577 3351 1679 3390 nu-

150 3442 268 3486 mero
290 3431 610 3487 laximinum
630 3431 953 3486 Sinitensem
982 3428 1144 3483 fuisse
1179 3428 1478 3498 opinamur.
1511 3427 1679 3481 Ante-

154 3531 450 3587 quamautem
479 3522 523 3577 is
546 3538 614 3578 ex
638 3520 992 3576 transmarina
1020 3519 1444 3589 peregrinatione
1479 3517 1672 3572 rediis-

159 3618 240 3677 set,
256 3613 541 3684 Augustinus
566 3613 934 3686 presbyterum
961 3611 1187 3668 Sinitum
1215 3611 1380 3676 misit,
1405 3618 1463 3664 ut
1485 3610 1682 3664 Catho-

154 3695 330 3757 lioorum
367 3707 481 3775 ejus
514 3705 619 3759 loci
661 3718 842 3758 curam
891 3709 1121 3773 gereret,
1149 3711 1306 3771 atque
1350 3700 1457 3754 illic
1497 3701 1548 3754 in
1599 3701 1679 3755 sui

148 3787 256 3859 juris
275 3793 412 3851 domo
430 3799 635 3867 positus
651 3795 840 3867 injuria
857 3793 1054 3849 nemini
1074 3792 1214 3846 illata
1237 3791 1553 3846 catholicam
1584 3806 1678 3860 pa-

152 3895 243 3940 cem
266 3889 582 3944 annuntiaret
607 3889 692 3954 iis,
733 3903 865 3958 quos
894 3901 1010 3942 eam
1039 3885 1222 3940 audire
1244 3885 1530 3939 delectaret
1555 3903 1568 3938 :
1590 3901 1681 3941 ve-

152 3987 243 4030 rum
279 3977 497 4035 heretici
529 3981 904 4052 presbyterum
937 3976 1223 4032 crudeliter
1270 3977 1506 4031 habitum
1561 3977 1683 4032 hinc

153 4067 319 4125 tandem
355 4071 842 4145 ejecerunt(Epist.
874 4070 998 4134 105,
1023 4087 1074 4123 n.
1105 4071 1138 4125 4
1161 4068 1202 4143 ).
1236 4069 1481 4139 Episcopi
1509 4070 1683 4124 Dona-

154 4154 276 4226 tisui,
301 4162 378 4232 qui
401 4163 470 4216 ad
504 4163 820 4218 Comitatum
850 4171 1124 4226 venerant,
1155 4161 1218 4215 ad
1243 4162 1468 4216 tribunal
1492 4172 1681 4232 przeto-

155 4248 212 4305 ris
227 4247 464 4320 adierunt,
483 4265 642 4325 utque
668 4256 996 4319 audirentur,
1015 4264 1069 4309 et
1096 4255 1307 4325 quidem
1333 4254 1386 4309 in
1418 4255 1681 4327 colloquio

156 4357 247 4400 cum
283 4345 551 4406 Valentino
600 4351 861 4409 catholico
896 4352 1150 4422 episcopo
1180 4352 1250 4405 ibi
1278 4359 1406 4406 tunc
1446 4360 1678 4420 reperto,

157 4451 416 4513 magnopere
461 4444 781 4514 ﬂagitarunt,
816 4460 874 4500 se
903 4460 1006 4500 non
1033 4445 1192 4500 aliam
1219 4445 1288 4499 ob
1316 4461 1430 4498 rem
1473 4444 1682 4500 venisse

158 4527 420 4593 afﬁrmantes
442 4536 666 4610 (Collat.
716 4536 961 4609 Carthag.
1014 4538 1066 4601 5,
1096 4553 1209 4606 cap.
1240 4535 1342 4590 124
1361 4533 1402 4610 ).
1431 4535 1588 4592 Gesta
1616 4535 1684 4592 de

165 4617 437 4698 hocnegotio
464 4630 709 4685 confecta
747 4638 870 4683 sunt
913 4630 1178 4682 Ravennae
1227 4627 1380 4681 tertio
1429 4626 1683 4682 kalendas

163 4706 387 4774 iebrnrias
427 4737 570 4776 anno
603 4719 1126 4790 quadringentesimo
1167 4727 1317 4772 sexto
1343 4716 1363 4790 (
1391 4716 1544 4783 lbid.,
1565 4735 1678 4790 cap.

160 4799 230 4857 Ml
251 4801 287 4876 ).
306 4803 484 4865 Eorum
505 4811 809 4880 exemplum
857 4825 924 4865 ex
967 4809 1197 4863 archivis
1228 4807 1683 4863 transcribendum

155 4903 353 4954 curarunt
371 4899 652 4967 Catholici,
679 4901 820 4972 quod
851 4900 902 4954 in
933 4899 1341 4969 Carthaginensi
1371 4898 1680 4964 collatione,

157 4989 199 5038 ut
217 4981 330 5044 hanc
353 4991 611 5063 utrimque
641 4993 861 5063 petitam
890 4989 1054 5046 fuisse
1079 4988 1444 5057 ostenderent,
1471 4989 1684 5044 recitari

156 5081 450 5160 Postulamnt.
500 5084 833 5154 Quapropter
885 5083 1008 5137 huic
1059 5082 1284 5152 tempori
1337 5081 1684 5138 adscribenda

156 5171 251 5221 sunt
267 5169 342 5225 illa
360 5174 634 5246 Augustini
654 5174 792 5244 apud
826 5173 1179 5229 Collationcm
1209 5172 1371 5227 verba
1397 5191 1408 5225 :
1430 5172 1555 5227 Cum
1584 5189 1683 5226 nu-

160 5257 590 5320 Nithomitatum
633 5267 879 5321 venissent
909 5267 1117 5338 quidam
1157 5265 1383 5332 illorum,
1409 5266 1548 5338 apud
1574 5275 1686 5320 acta

157 5345 276 5403 θεία
293 5360 591 5429 prtcfectoria
616 5359 876 5425 direrunt,
901 5358 1073 5412 audiri
1099 5375 1152 5412 se
1190 5357 1335 5424 velle,
1365 5358 1544 5411 discuti
1565 5358 1689 5413 velle

161 5435 321 5515 (ηὲἀι,
345 5466 456 5523 cap.
484 5453 580 5510 110
603 5452 645 5526 ).
672 5452 823 5508 Tunc
839 5452 996 5523 igitur
1022 5451 1290 5506 instabant
1309 5449 1404 5514 illi,
1424 5460 1482 5505 ut
1501 5450 1688 5505 Valen-

161 5529 276 5594 ΰιιω
305 5541 576 5602 catholicus
603 5546 846 5613 antistes,
875 5547 963 5618 qui
1003 5552 1114 5600 tum
1143 5543 1282 5616 apud
1311 5542 1689 5612 imperatorem

162 5621 324 5698 κιαιι,
346 5648 518 5693 secum
539 5639 868 5711 disceptaret
887 5637 1096 5714 (Epist.
1147 5637 1236 5706 88,
1268 5655 1322 5693 η.
1348 5637 1469 5710 10).
1493 5639 1562 5693 At
1580 5638 1691 5710 epi-

166 5725 324 5792 Icoput
343 5721 428 5784 ille
445 5743 623 5789 noneo
637 5731 860 5788 consilio
881 5729 986 5788 huc
1008 5740 1250 5799 venerat,
1265 5737 1323 5788 ut
1345 5745 1467 5788 cum
1493 5730 1558 5787 iis
1571 5743 1689 5788 ser-

1415 273 1618 333 LlBER
1653 274 1939 336 SEXTUS.

3280 287 3388 348 358

1797 412 2010 454 monem
2033 398 2316 467 conterret,
2347 415 2518 473 neque
2541 416 2570 457 a
2592 401 2922 475 coepiscOpis
2949 403 3062 460 suls
3089 403 3255 461 ullum
3281 406 3386 466 hac

1797 489 1866 546 de
1891 506 1950 546 re
1983 491 2286 545 mandatum
2313 502 2590 562 acceperat
2619 513 2632 550 :
2656 495 2877 568 ipseque
2904 497 3044 554 adeo
3073 499 3378 569 praefectus,

1802 597 1908 652 quo
1926 581 2104 651 judice
2142 585 2254 637 hinc
2280 584 2588 654 agebantur,
2615 588 2756 642 nulla
2778 589 3093 646 auctoritate
3115 590 3183 646 ad
3211 592 3382 648 collo-

1794 674 1976 742 quium
2001 674 2128 729 illud
2156 676 2550 732 concedendum
2583 677 2850 747 pollebat;
2876 682 3048 753 eique,
3073 692 3132 739 ut
3158 699 3224 740 ex
3251 683 3382 757 legi-

1793 767 1894 824 bus
1932 768 2190 824 adversus
2222 771 2523 826 Donatistas
2569 771 2688 826 latis
2743 776 3126 843 pronuntiaret,
3157 792 3379 835 necesse

1793 872 1928 917 erat.
1975 862 2184 918 Interea
2217 877 2468 918 assensus
2496 864 2588 919 ille
2616 863 2871 921 habendae
2900 869 3166 925 collationi
3211 871 3288 928 sic
3310 871 3380 927 ab

1792 953 1920 1023 ipsis
1965 954 2236 1024 prmbilus,
2282 955 2333 1008 in
2365 971 2476 1010 rem
2505 956 2898 1013 Catholieorum
2924 961 3122 1028 cessit;
3151 963 3240 1034 qui
3272 963 3373 1020 hoc

1792 1048 1946 1102 titulo
1969 1048 2035 1102 ad
2063 1049 2203 1102 illam
2235 1049 2302 1104 ab
2326 1047 2649 1119 lmperatore
2679 1051 3040 1118 obtinendam,
3087 1053 3211 1111 licet
3235 1072 3371 1112 non-

1789 1138 1891 1192 nisi
1914 1148 2140 1208 quatuor
2159 1138 2350 1195 abbinc
2378 1141 2552 1206 annis,
2585 1149 2886 1212 Opportune
2905 1143 2986 1197 usi
3016 1142 3377 1215 sunt(Couat.

1789 1220 2111 1293 Cari/109.5,
2159 1240 2273 1294 cap.
2327 1225 2451 1291 110,
2505 1235 2551 1279 et
2574 1224 2768 1280 Brevic.
2793 1225 3004 1294 Collat.,
3033 1244 3186 1300 capp.
3209 1229 3262 1294 4,
3290 1229 3376 1303 5).

1788 1312 1921 1368 Nam
1943 1323 1996 1369 et
2020 1315 2356 1371 Marcellinus
2387 1317 2438 1370 in
2470 1316 2668 1383 edicto,
2688 1318 2829 1388 quod
2851 1319 3066 1374 ineunte
3084 1334 3227 1375 anno
3245 1337 3376 1392 qua-

1789 1403 2205 1476 dringentesimo
2232 1407 2512 1462 undecimo
2539 1408 2896 1464 convocanda:
2923 1408 3233 1467 Collationis
3255 1427 3374 1467 cau-

1789 1509 1848 1550 sa
1897 1498 2272 1568 promulgavit,
2328 1499 2628 1555 Donatistas
2669 1515 2786 1556 eam
2835 1511 2959 1558 ante
3006 1502 3375 1558 brevissimum

1789 1594 2000 1657 tempus
2029 1588 2167 1658 apud
2196 1587 2573 1645 Prtefectorum
2602 1591 2830 1647 tribunal
2855 1593 3072 1662 petiisse
3099 1602 3326 1649 testatur
3358 1611 3370 1647 :

1789 1687 1845 1734 et
1873 1689 2057 1734 narrat
2085 1682 2429 1752 Augustinus,
2463 1683 2582 1738 illos
2605 1697 2782 1740 causae
2810 1687 3038 1756 propriae
3065 1685 3206 1757 apud
3229 1693 3378 1756 gesta

1788 1771 2122 1844 praefectoria
2152 1775 2463 1832 inconsultis
2491 1791 2554 1831 ac
2603 1778 2897 1834 temerariis
2947 1779 3266 1850 quibusdam
3287 1793 3375 1836 re—

1791 1865 2001 1932 sponsis
2027 1866 2293 1933 nocuisse,
2324 1882 2548 1938 eamque
2576 1867 2645 1922 ob
2667 1884 2782 1923 rem
2823 1885 3030 1925 summa
3057 1885 3203 1937 cura,
3227 1886 3296 1926 ne
3321 1870 3377 1926 in

1785 1955 2082 2013 Collatione
2109 1959 2483 2024 recitarentur,
2507 1961 2748 2033 cavisse(
2771 1961 2963 2016 Brevia.
2995 1962 3182 2020 Cottat.
3230 1964 3286 2029 5,
3318 1980 3372 2017 η.

1787 2047 1873 2120 5).
1897 2049 1953 2104 In
1981 2050 2168 2106 iisdem
2194 2054 2360 2122 gestis
2411 2055 2803 2110 Donatistarum
2848 2057 3184 2126 vocabulum,
3235 2057 3375 2128 quod

1786 2140 1859 2193 illi
1903 2150 2082 2210 postea
2113 2144 2480 2213 repudiarunt,
2530 2146 2744 2202 sibimet
2783 2148 3362 2221 imponebant(Cotlat.

1785 2228 2025 2304 Cartltag.
2056 2234 2108 2300 5,
2131 2251 2244 2303 cap.
2269 2233 2329 2289 51

1857 2326 1908 2380 6.
1957 2326 2124 2380 Porro
2155 2326 2470 2381 Maximinus
2499 2327 2781 2384 Sinitensis
2826 2338 2946 2398 post
2974 2329 3077 2386 hoc
3104 2330 3208 2386 iter
3248 2331 3368 2387 uni-

1785 2426 1946 2473 tatem
1977 2418 2288 2472 catholicam
2315 2420 2588 2488 amplexus
2617 2429 2718 2484 est,
2742 2420 2881 2490 quod
2910 2435 3067 2490 supra
3109 2421 3364 2476 observa-

1785 2510 1957 2564 vimus
1991 2509 2144 2581 (Lib.
2175 2512 2226 2575 5,
2257 2527 2371 2582 cup.
2413 2510 2468 2576 9,
2515 2527 2566 2566 tt.
2591 2512 2681 2582 6).
2710 2513 2839 2568 Post
2863 2514 3006 2568 illam
3033 2529 3244 2584 quoque
3269 2515 3374 2570 D0-

1785 2601 2100 2656 natistarum
2129 2602 2446 2673 legationem
2471 2602 2666 2658 factum
2698 2612 2802 2670 est,
2828 2613 2888 2659 ut
2915 2605 2983 2660 de
3007 2605 3376 2660 vexationibus

1784 2691 2285 2748 Circumcellionum
2315 2704 2667 2764 quererentur
2715 2695 2853 2766 apud
2900 2695 3204 2750 Donatistas
3234 2695 3377 2765 ipsos

1785 2783 1961 2838 clerici
1991 2784 2381 2853 Hipponenses,
2410 2786 2636 2854 epistola
2667 2786 2805 2840 hanc
2832 2787 2883 2839 in
2928 2801 3043 2840 rem
3074 2785 3142 2846 ad
3177 2785 3376 2840 Janua-

1783 2875 1921 2930 rium
1949 2877 2158 2932 illorum
2185 2879 2237 2932 in
2264 2877 2509 2933 Numidia
2541 2879 2831 2948 primatem
2859 2877 2980 2931 data
3007 2878 3026 2950 (
3049 2877 3215 2949 Epist.
3238 2877 3336 2948 88)
3361 2894 3374 2930 :

1786 2968 1936 3038 cujus
1956 2980 2226 3024 auctorem
2258 2970 2610 3040 Augustinum
2635 2970 2791 3024 stilus
2817 2970 3031 3024 indicat.
3058 2968 3114 3023 In
3143 2969 3241 3024 hac
3267 2969 3376 3038 pri-

1783 3077 1874 3116 mo
1903 3062 2198 3117 ostenditur
2228 3079 2290 3118 ex
2344 3062 2563 3117 historia
2615 3062 2883 3116 Caeciliani
2922 3061 2976 3115 in
3003 3061 3378 3132 compendium

1785 3154 2018 3218 redacta,
2052 3155 2470 3210 controversiam
2499 3155 2645 3210 illam
2675 3153 2742 3208 ad
2774 3155 3124 3224 imperatores
3171 3155 3318 3223 prius
3347 3169 3378 3208 a

1785 3247 2098 3314 Donatistis,
2131 3264 2288 3320 quam
2319 3264 2348 3302 a
2377 3228 2669 3303 Catholicis
2696 3248 2924 3302 delatam
2950 3265 2965 3313 ;
2993 3255 3151 3317 atque
3172 3245 3370 3302 idcirco

1785 3337 1919 3392 nihil
1944 3353 2063 3392 esse
2093 3354 2192 3392 cur
2216 3337 2404 3393 iisdem
2451 3337 2762 3402 Catholicis,
2793 3337 2932 3407 quod
2966 3337 3184 3391 llonorii
3220 3350 3377 3405 opem

1786 3429 2138 3499 implorarint,
2169 3430 2296 3484 vitio
2347 3437 2596 3484 vertant:
2623 3427 2875 3493 secundo,
2919 3426 3153 3482 ferendis
3181 3425 3374 3482 adver-

1787 3533 1878 3574 sus
1920 3535 2015 3575 eos
2067 3520 2278 3591 legibus
2319 3535 2532 3574 causam
2560 3520 2850 3590 prtebuisse
2878 3518 3377 3574 Circumcellionum

1786 3613 2143 3669 immanitates
2168 3632 2180 3667 :
2209 3615 2388 3681 tertio,
2419 3613 2514 3669 has
2562 3614 2777 3670 easdem
2817 3614 2961 3683 leges
2995 3612 3376 3682 impedimento

1786 3719 1892 3758 non
1919 3721 2058 3768 esse,
2091 3705 2374 3775 quominus
2405 3704 2696 3760 Donatista:
2719 3703 3119 3775 perhumaniter
3137 3702 3376 3757 habean-

1783 3801 1922 3850 tura
1942 3793 2252 3862 Catholieis,
2303 3810 2424 3850 cum
2455 3795 2554 3848 hos
2579 3804 2763 3850 contra
2791 3793 2864 3847 illi
2908 3793 3227 3864 quibuslibet
3282 3792 3377 3847 da-

1786 3887 1928 3939 mnis
1953 3886 2202 3948 afticiant,
2231 3885 2427 3940 malum
2455 3899 2550 3954 pro
2577 3885 2718 3941 bono
2737 3885 3110 3954 rependentes.
3139 3883 3211 3937 lbi
3240 3897 3373 3953 quo-

1786 3993 1892 4048 que
1939 3977 2098 4032 calcis
2145 3985 2303 4046 atque
2344 3975 2500 4041 aceti,
2537 3987 2958 4044 ceterarumque
2997 3973 3373 4028 erudelitatum

1789 4068 1987 4121 mentio
2017 4067 2091 4120 tit.
2124 4067 2324 4134 Quibus
2355 4066 2699 4136 subjungunt,
2752 4066 2853 4120 hoc
2891 4065 2990 4119 sibi
3020 4065 3075 4119 ln
3105 4064 3374 4119 desiderio

1787 4174 1928 4226 esse,
1971 4167 2031 4214 ut
2069 4174 2188 4214 eum
2224 4158 2487 4228 episcopis
2533 4159 2807 4212 catholicis
2851 4158 3070 4229 paciﬁce
3098 4157 3376 4213 conferant

1788 4251 2098 4320 Donatistae,
2137 4266 2242 4322 quo
2267 4250 2544 4306 discidium
2576 4249 2807 4314 tollatur,
2834 4264 2938 4304 non
2969 4250 3246 4317 homines;
3275 4264 3372 4305 seu

1786 4365 1894 4422 quo
1941 4349 2183 4405 homines
2227 4365 2330 4403 non
2378 4347 2678 4418 puniantur,
2729 4345 2824 4401 sed
2848 4343 3364 4416 eorrigantur:illos

1787 4444 2003 4516 quidem
2047 4459 2196 4498 suam
2233 4443 2298 4497 de
2324 4441 2591 4511 colloquio
2616 4440 2937 4493 voluntatem
2981 4437 3120 4506 apud
3172 4433 3372 4505 praefe-

1789 4547 1904 4594 ctos
1931 4537 2286 4606 nequidquam
2319 4534 2588 4605 professos
2613 4546 2749 4593 esse,
2780 4530 2899 4600 quia
2925 4531 3027 4584 hoc
3043 4529 3121 4585 eis
3160 4535 3378 4599 propter

1788 4627 1932 4698 leges
1949 4627 2058 4696 jam
2079 4626 2210 4679 latas
2231 4625 2393 4695 judcx
2414 4622 2707 4677 concedere
2728 4634 2832 4674 non
2853 4629 3090 4690 poterat;
3121 4619 3214 4674 sed
3235 4616 3376 4688 apud

1788 4717 2164 4786 Imperatorem
2194 4731 2299 4769 non
2328 4713 2521 4768 frustra
2550 4711 2603 4766 id
2630 4719 2944 4778 tentaturus,
2974 4710 3062 4782 qui
3113 4724 3220 4765 non
3279 4708 3378 4764 ob-

1792 4809 2009 4864 strictus
2037 4805 2242 4862 eisdem
2269 4805 2493 4876 legibus,
2512 4803 2644 4858 alias
2672 4801 2814 4857 ferre
2834 4803 2884 4857 in
2917 4810 3182 4872 potestate
3214 4799 3381 4856 habe-

1791 4908 1873 4954 ret
1905 4916 1918 4952 :
1949 4907 2200 4953 ueterum
2226 4896 2566 4952 collationem
2583 4893 2721 4947 hanc
2737 4907 2796 4948 se
2817 4901 3096 4963 tant0pere
3114 4891 3376 4960 ﬂagitare,
3421 4915 3434 4926 ε

1790 5006 1897 5045 non
1928 4998 1985 5044 ut
2010 5003 2167 5044 causa
2193 4988 2303 5059 jam
2331 4987 2456 5042 olim
2501 4986 2779 5042 terminata
2803 4985 2995 5039 iterum
3027 4984 3257 5049 finiatur,
3283 4981 3380 5038 sed

1794 5093 1851 5138 ut
1872 5083 1950 5139 eis
1978 5083 2068 5154 qui
2098 5083 2362 5147 nesciunt,
2400 5081 2508 5151 jam
2537 5079 2683 5134 finita
2711 5084 3054 5132 monstretur.
3086 5075 3180 5130 Sin
3217 5073 3380 5129 talem

1793 5175 2120 5246 disceptandi
2140 5175 2400 5230 rationem
2426 5173 2601 5226 minus
2624 5170 2876 5243 probent,
2898 5175 3087 5238 rogant
3112 5174 3170 5221 ut
3188 5165 3380 5221 saltem

1793 5267 2163 5339 Hipponenses
2211 5265 2435 5320 clericos
2463 5277 2642 5317 coram
2670 5276 2730 5317 se
2766 5275 2888 5316 cum
2921 5257 3212 5314 Donatistis
3235 5260 3382 5324 ejus-

1793 5358 1914 5414 dem
1946 5359 2046 5414 loci
2089 5357 2421 5428 disputantes
2449 5354 2683 5419 audiant,
2717 5367 2802 5420 ac,
2847 5351 2892 5406 si
2930 5350 3057 5421 quid
3097 5365 3126 5401 a
3154 5347 3379 5402 veritate

1794 5453 2086 5509 abhorrere
2115 5451 2414 5518 videantur,
2468 5466 2561 5504 eos
2587 5447 2852 5512 doceant;
2880 5452 2971 5498 aut
3012 5441 3242 5509 denique
3265 5439 3380 5494 sive

1795 5561 1894 5616 per
1918 5560 1975 5600 se
1999 5545 2165 5616 ipsos,
2199 5543 2312 5598 sive
2335 5556 2432 5612 per
2454 5542 2586 5596 alios
2617 5540 2669 5594 in
2692 5536 2888 5594 nefaria
2917 5534 3172 5596 facinora,
3203 5543 3326 5598 quas
3350 5544 3383 5584 a

1797 5653 2016 5694 suorum
2060 5635 2557 5693 Circumcellionum
2603 5631 2839 5688 exercitu
2866 5630 3253 5697 perpetrantur,
3298 5621 3384 5678 ln-

1799 5729 2012 5803 quirant
2042 5745 2055 5785 :
2088 5743 2152 5784 ac
2177 5728 2320 5800 ipsos
2343 5726 2411 5782 ab
2433 5724 2689 5790 aedibus,
2717 5723 2784 5777 ab
2809 5719 3027 5788 rapinis,
3057 5714 3124 5770 ab
3147 5727 3388 5774 excreu-
