3868 6374
606 432 768 495 tione,
798 429 842 484 si
872 429 1081 501 quidem
1112 429 1178 485 ab
1218 428 1425 485 illorum
1454 428 1792 485 damnatione
1836 430 1937 485 sibi
1977 439 2179 500 tempe-

603 524 824 578 randum
854 533 1057 594 putent,
1088 525 1274 580 saltem
1309 525 1643 595 prohibeant.
1678 524 1770 578 His
1820 540 1981 595 porro
2008 525 2182 579 verbis

598 617 876 687 epistolam
898 618 1151 674 claudunt
1174 637 1186 672 :
1218 620 1277 675 Si
1301 629 1465 673 autem
1488 620 1716 689 querelas
1738 630 1933 673 nostras
1958 630 2184 673 contem-

599 710 818 778 pseritis,
847 728 937 765 nos
965 712 1167 765 mininte
1187 712 1436 780 paruitebit
1475 712 1650 764 ordine
1690 711 1901 780 paci/ica
1930 726 2077 779 agere
2098 725 2181 763 vo-

597 801 769 855 luisse.
806 802 979 856 Aderit
1005 802 1252 858 Dominus
1278 803 1515 857 Ecclesia:
1540 819 1664 861 sum.
1698 816 1752 856 ut
1779 821 1863 857 vos
1890 804 2053 875 potius
2081 804 2178 856 Iut-

596 898 857 952 tnilitatem
878 908 1101 952 nostrain
1121 900 1470 968 contempsisse
1498 898 1751 965 paeniteat.
1769 895 1954 968 (lbid.,
1985 914 2039 952 n.
2063 894 2174 968 12).

1228 988 1451 1044 CAPUT
1492 988 1577 1043 Ill.

597 1082 620 1136 1
677 1080 742 1136 In
771 1081 1089 1136 Cresconinm
1112 1080 1277 1136 scribit
1310 1081 1637 1151 Augustinus.
1685 1080 1723 1134 2
1767 1079 1990 1135 Paulum
2020 1078 2175 1135 Cata-

667 1189 899 1243 quensem
921 1172 987 1224 ad
1015 1171 1207 1225 vivendi
1236 1172 1485 1225 rationem
1506 1173 1740 1240 episcoyto
1774 1171 1981 1241 dignam
2020 1171 2172 1224 redu-

664 1281 776 1318 cere
797 1268 987 1335 frustra
1014 1265 1215 1335 satagit.
1264 1264 1298 1318 ὅ
1334 1262 1518 1316 Scribit
1548 1265 1615 1316 ad
1650 1261 1949 1325 Emeritam,
2002 1262 2174 1319 dolent

665 1372 776 1408 eum
797 1356 1064 1409 schismate
1088 1354 1403 1425 implicitum.
1435 1356 1468 1408 4
1491 1353 1747 1423 Opuscnla
1766 1365 1881 1406 tunc
1900 1354 2028 1421 forte
2042 1355 2173 1407 edita

661 1457 837 1501 contra
861 1446 1150 1501 Donatista:
1189 1447 1304 1499 tria.
1341 1446 1375 1501 5
1420 1444 1568 1499 Liber
1608 1444 1671 1499 de
1721 1443 2038 1499 Divinatione
2064 1444 2170 1498 dte-

667 1555 873 1592 rnommt
916 1538 949 1593 6
997 1538 1101 1593 Sex
1129 1538 1425 1607 quwstiones
1450 1538 1688 1605 exposite
1710 1547 1884 1591 contra
1912 1535 2169 1606 Paganos,

670 1631 739 1683 ad
769 1633 1109 1701 prrsbyterunt
1136 1628 1451 1699 Deogratias.
1472 1628 1502 1681 7
1530 1627 1792 1696 Expositio
1818 1626 2058 1696 Epistula:
2078 1625 2172 1679 Ja-

663 1722 771 1775 cobi
793 1722 859 1774 nd
876 1721 1138 1775 duodecim
1164 1721 1337 1773 tribus.
1361 1719 1394 1774 8
1440 1716 1587 1779 Liber
1613 1719 1675 1771 de
1705 1716 1864 1772 Unico
1888 1717 2167 1786 Baptisnto,

658 1814 724 1867 ad
744 1812 1143 1869 Constantinum.

657 1908 706 1961 l.
742 1907 988 1960 Testatur
1024 1921 1232 1975 quoque
1277 1904 1603 1973 Augustinus
1661 1902 1712 1957 in
1755 1902 1867 1956 suis
1912 1901 2169 1957 adversus

581 1996 922 2053 Cresconiunt
972 1998 1119 2052 lbris
1159 1995 1201 2050 C
1239 1994 1786 2063 tltolicosexpetiiss‘e,
1818 2003 1869 2046 Ill
1902 1994 1952 2047 in
1997 1994 2167 2046 collo-

582 2090 763 2155 (ιιιὶιιιιι
788 2089 1027 2144 venirent
1042 2103 1223 2141 secum
1248 2089 1529 2139 Donatista:
1554 2084 1572 2158 (
1594 2084 1778 2139 Contra
1796 2082 2057 2148 Cretatam,
2077 2082 2164 2135 lib.

582 2178 639 2243 4,
666 2197 716 2232 rt.
748 2181 817 2234 85
838 2179 878 2253 ).
910 2180 1102 2249 quilms
1123 2179 1232 2247 jam
1280 2178 1477 2230 linitant
1524 2190 1641 2229 esse
1688 2191 1900 2229 causam
1948 2174 2168 2227 demou-

579 2279 812 2325 strarent
838 2272 854 2339 (
888 2270 1017 2324 Ibid.
1041 2270 1130 2323 lib.
1179 2273 1226 2333 l,
1252 2287 1303 2322 η.
1329 2268 1420 2337 6).
1472 2267 1640 2336 Leges
1669 2267 1925 2320 atlvexsus
1953 2263 2165 2317 lucreti-

583 2376 676 2417 eos
702 2363 818 2417 illos
837 2363 903 2415 ab
931 2361 1162 2415 Honorio
1181 2360 1288 2427 jam
1315 2359 1527 2428 quidem
1554 2355 1940 2425 lact-(Retract.
1979 2354 2067 2408 lib.
2106 2353 2160 2419 2,

581 2469 697 2521 cap.
728 2452 859 2521 9.6;,
906 2462 1271 2505 verumtamen
1329 2449 1503 2503 adhuc
1550 2456 1790 2502 recentes
1847 2458 2163 2510 erant,cum

584 2559 721 2613 Opus
752 2545 849 2596 ltoc
872 2542 1199 2597 elucubravit
1220 2541 1238 2613 (
1261 2539 1445 2596 Contra
1472 2540 1727 2603 Crescon.,
1755 2540 1841 2594 lib.
1876 2542 1994 2595 3.11.
2014 2540 2072 2595 51
2106 2539 2161 2613 );

575 2634 790 2705 jamque
821 2634 894 2687 illi
921 2633 1225 2688 Catbolicos
1255 2633 1323 2687 ob
1358 2648 1450 2687 eas
1481 2633 1625 2701 leges
1658 2647 1761 2684 non
1812 2631 1986 2685 minus
2018 2632 2163 2687 calce

581 2735 635 2782 et
663 2739 835 2791 aceto,
855 2741 1013 2795 quam
1044 2726 1184 2779 ferro
1211 2734 1261 2779 et
1284 2726 1401 2794 igne
1417 2722 1942 2791 divcxabont(lbid.,
1968 2739 1999 2775 ιι
2035 2721 2163 2794 46).

574 2816 890 2874 Cresconius
922 2818 1009 2871 illo
1037 2817 1104 2871 de
1131 2828 1273 2871 secta
1308 2817 1695 2870 Danatistarum
1738 2826 1871 2881 erat,
1902 2832 1969 2870 ex
2001 2816 2164 2870 laico-

574 2927 691 2966 rum
718 2912 902 2966 ordine
924 2914 941 2982 (
965 2910 988 2964 l
1000 2912 1081 2965 bid
1092 2951 1125 2971 .,
1154 2910 1242 2965 lib.
1277 2911 1328 2970 1.
1359 2927 1413 2963 n.
1439 2910 1461 2963 1
1484 2910 1521 2971 ),
1556 2909 1881 2978 professione
1901 2926 2161 2977 gramma-

575 3003 713 3058 ticus
740 3003 758 3075 (
784 3003 999 3057 Retracl.
1027 3002 1114 3056 lib.
1161 3003 1216 3065 Ξ,
1248 3019 1361 3071 cap.
1405 2999 1474 3053 26
1500 3001 1538 3071 ).
1564 3000 1611 3054 Is
1634 3016 1753 3054 cum
1788 3001 2063 3064 Augustini
2093 3001 2158 3054 li-

572 3094 727 3150 brum
757 3099 806 3146 in
840 3093 1078 3148 Petiliam
1127 3092 1329 3146 litteras
1357 3093 1587 3162 primum
1627 3092 1941 3153 evolvisset,
1970 3108 2029 3145 ea
2057 3107 2159 3161 qua

576 3182 915 3237 mediocriter
944 3184 1231 3235 instructus
1250 3188 1385 3242 erat.
1410 3180 1672 3233 scﬂbentli
1698 3181 1942 3235 facultate
1964 3180 2155 3248 fretus,

575 3284 753 3345 partes
782 3290 904 3328 suas
940 3274 1195 3328 adversus
1220 3273 1567 3342 Augustinum
1608 3272 1970 3328 defemleudas
1998 3272 2156 3343 (Con-

576 3374 654 3419 tra
673 3363 934 3425 Crescon.,
952 3365 1038 3417 lib.
1054 3366 1068 3417 l
1085 3407 1100 3430 ,
1120 3365 1210 3418 n3
1225 3366 1263 3433 ),
1281 3380 1484 3418 necnon
1505 3364 1932 3434 propugnandam
1949 3364 2156 3420 Petilia-

580 3458 636 3512 ni
681 3457 960 3526 epistolam
1012 3458 1283 3525 susceptt(
1308 3455 1466 3521 Ibid.,
1498 3456 1583 3509 lib.
1622 3458 1675 3521 tl,
1708 3474 1758 3510 n.
1786 3457 1809 3510 1
1838 3457 1875 3527 ).
1905 3457 2155 3522 Quamvis

572 3559 751 3603 autem
771 3549 1087 3602 Cresconius
1108 3547 1421 3613 opusculum
1462 3563 1614 3601 suum
1640 3549 1934 3617 Augustino
1967 3548 2155 3603 inscri-

568 3638 779 3709 psisset.
808 3636 880 3691 ad
907 3638 1076 3706 ipsum
1105 3646 1277 3691 tamen
1304 3638 1509 3691 nonnisi
1540 3639 1706 3692 multo
1733 3647 2007 3708 postquam
2042 3637 2155 3692 fue-

568 3739 651 3784 rat
699 3729 965 3799 vulgatum
1025 3730 1263 3798 pervenit
1310 3726 1506 3798 (Ibiil.,
1546 3729 1633 3783 lib.
1678 3730 1729 3792 1,
1788 3745 1839 3781 n.
1891 3726 1985 3800 1).
2016 3728 2151 3783 Tum

571 3822 775 3891 putavit
846 3820 1166 3891 Augustinus
1242 3836 1360 3874 esse
1432 3830 1485 3873 et
1554 3820 1891 3884 urbanitatis,
1948 3818 2150 3873 auctori

566 3912 859 3967 rescribere
885 3928 900 3977 ;
929 3923 982 3966 et
1007 3912 1167 3966 officii
1197 3910 1514 3965 acmuneris
1531 3911 1634 3975 sui,
1664 3910 2027 3965 defensionem
2056 3927 2150 3965 ve-

564 4003 734 4058 ritatis
752 4020 856 4058 non
886 4004 1205 4059 detrectare.
1236 4004 1373 4070 Ergo
1395 4001 1740 4057 Cresconium
1761 4013 1984 4071 quatuor
2001 4002 2148 4057 libris

560 4094 845 4148 confutavit
878 4112 891 4147 :
920 4111 1143 4164 quorum
1168 4096 1219 4148 itt
1245 4096 1414 4163 prituo
1446 4094 1662 4148 minimc
1685 4094 2005 4163 probandam
2026 4108 2147 4149 esse

562 4183 717 4238 docet
744 4186 1042 4240 simulatam
1074 4186 1215 4238 illam
1246 4186 1632 4239 Donatistarum
1678 4185 2011 4247 modestiam,
2041 4201 2143 4253 qua

558 4287 677 4327 cum
708 4275 998 4329 Catholicis
1022 4275 1319 4344 disceptare
1356 4276 1423 4329 de
1438 4275 1641 4329 discidii
1672 4291 1830 4329 causa
1860 4276 2141 4342 uolebant;

562 4372 673 4420 tum
721 4367 934 4432 deinde,
990 4366 1183 4421 nullius
1229 4367 1309 4420 vel
1339 4366 1625 4420 adversarii
1672 4367 2027 4436 eloquentiam
2060 4367 2142 4423 vel

557 4456 890 4515 dtalecticam
941 4460 1297 4515 assertoribus
1345 4461 1583 4514 veritatis
1635 4475 1753 4515 esse
1782 4460 2137 4516 metuendam.

557 4549 803 4607 OSIendit
848 4562 1122 4622 pra-terea,
1171 4554 1378 4608 tametsi
1436 4553 1827 4608 DOnaIislaruni
1870 4553 2139 4625 Baptisma

556 4656 738 4696 verum
772 4658 894 4699 esse
921 4646 1181 4700 Catholici
1226 4645 1540 4709 concedant,
1607 4646 1732 4701 hinc
1762 4655 1936 4701 tamen
1962 4644 2139 4715 colligi

556 4746 664 4787 non
696 4748 872 4802 posse,
903 4736 1030 4791 illud
1057 4747 1201 4792 recte
1236 4737 1403 4807 accipi
1436 4739 1504 4791 ab
1532 4737 1716 4793 iisdem
1763 4738 2133 4793 scltismaticis.

555 4821 612 4877 ln
642 4824 877 4879 st-cundo
900 4826 1249 4891 demonstrat,
1275 4828 1401 4881 nihil
1424 4846 1451 4879 ιι
1473 4828 1759 4882 Cresconio
1784 4830 2002 4891 dictum,
2030 4843 2136 4898 quo

553 4929 680 4969 suus
722 4916 981 4970 adversus
1023 4917 1335 4972 Petilianum
1373 4918 1505 4972 liber
1548 4920 1851 4985 refellatur,
1894 4920 2135 4990 quamvis

552 5007 689 5062 forte
717 5009 784 5062 ab
812 5008 904 5061 illo
930 5008 1173 5064 didicerit
1195 5025 1299 5063 non
1331 5010 1626 5065 Donatistas
1652 5028 1717 5065 cx
1741 5012 1942 5066 Donato
1991 5021 2134 5067 recte

549 5100 674 5166 dici,
708 5101 801 5157 sed
825 5102 1175 5169 Donalianos;
1203 5112 1256 5155 ct
1284 5103 1414 5156 alias
1437 5102 1689 5171 quasdam
1713 5108 2132 5173 grammaticales

548 5209 736 5264 nugas,
770 5195 957 5264 quibus
1003 5195 1090 5249 ille
1134 5192 1734 5266 imtuorabatur(lbid.,
1760 5196 1845 5249 lib.
1876 5196 1930 5259 2,
1954 5215 2005 5251 ιι.
2032 5197 2127 5268 2).

550 5282 648 5341 Ubi
675 5285 738 5340 iis
763 5285 1036 5341 Cresconii
1080 5286 1258 5352 dictis,
1289 5302 1406 5355 qua:
1448 5285 1663 5355 majoris
1702 5289 1952 5341 momenti
1985 5289 2131 5341 Vidi-.-

546 5374 759 5438 bantur,
793 5377 1079 5441 satisfecit;
1111 5393 1179 5431 ne
1211 5377 1568 5444 imperitiores
1592 5377 1790 5448 aliquid
1836 5378 1902 5432 ab
1928 5394 1992 5432 eo
2015 5380 2131 5435 sine

546 5471 896 5541 responsione
924 5470 1340 5541 prtetermissum
1374 5480 1656 5539 putarent;
1693 5472 1902 5526 tertium
1939 5472 2133 5535 ad,’ccit

544 5560 735 5617 librum
766 5563 820 5617 in
862 5564 1059 5635 reliqua
1102 5564 1275 5632 Capita
1315 5565 1551 5630 opusculi
1597 5566 1664 5619 ab
1708 5564 1797 5618 illo
1822 5567 2126 5635 Conscripti.

544 5652 599 5709 lu
626 5664 813 5723 quarto
838 5656 1049 5712 dcntmn
1079 5657 1217 5712 libro
1243 5657 1369 5711 illud
1397 5657 1463 5711 de
1496 5661 1702 5728 integro
1731 5674 1793 5713 ex
1825 5660 1933 5714 sola
1967 5660 2123 5716 Maxi-

541 5752 902 5810 mianistarum
933 5753 1149 5811 itistoria
1164 5767 1196 5808 a
1216 5752 1389 5827 capite
1415 5753 1482 5808 ad
1504 5753 1705 5810 calcem
1728 5751 1987 5813 dissolvit.

1766 308 1925 369 ma
1966 310 2025 369 s.
2061 297 2428 372 AUGUSTINI
2465 316 2783 377 EPlSCOPl.
3698 335 3766 407 ωδ

2364 431 2417 485 Ξ.
2450 434 2739 503 Epistulam
2791 436 2855 490 ad
2900 436 3117 493 Paulum
3144 436 3438 513 episcopum
3466 461 3560 504 non
3581 460 3679 509 ante
3699 457 3764 517 hoc

2291 532 2502 595 tempus
2528 528 2776 599 scriptam
2804 531 2964 587 fuisse
3006 533 3088 587 vel
3120 534 3237 587 inde
3259 535 3481 609 colligas.
3507 545 3625 613 quod
3657 547 3690 601 is
3708 553 3761 609 cui

2291 617 2615 681 inscribitur.
2652 622 2845 676 multos
2874 622 2938 677 ad
2968 624 3253 680 Ecclesiam
3280 629 3567 686 Catholicam
3590 637 3760 696 reduxis-

2286 725 2345 765 se
2367 710 2609 767 laudatur
2631 713 2651 783 (
2670 713 2833 785 Epist.
2856 716 2943 776 85.
2964 733 3015 771 n.
3044 718 3062 771 1
3089 724 3123 788 ).
3148 717 3279 784 Quia
3297 734 3446 788 porro
3468 722 3650 782 Paulum
3664 730 3761 787 Chri-

2284 810 2369 856 sto
2388 817 2643 871 genuerat
2692 806 3034 877 Augustinus,
3071 808 3265 864 idcirco
3302 811 3435 869 illius
3478 816 3635 884 agendi
3676 826 3760 876 ratio

2283 894 2552 962 prrceipuu
2571 896 2796 967 quodam
2814 899 2933 967 jure
2952 899 3016 952 ad
3040 914 3186 954 suam
3214 900 3632 977 llippouensisque
3646 909 3761 967 Bede

2284 986 2379 1040 size
2418 1002 2600 1041 curam
2649 1002 2891 1059 spectare
2944 992 3179 1062 putabat.
3228 995 3275 1049 ls
3318 996 3381 1063 si,
3412 1000 3758 1068 quemadmodum

2280 1088 2467 1133 censet
2514 1078 2834 1146 llolstenius,
2885 1098 2947 1137 ac
2992 1098 3079 1138 res
3119 1084 3229 1154 ipsa
3271 1084 3468 1141 videtur
3510 1094 3758 1161 persuadere,

2289 1168 2427 1223 idem
2481 1172 2573 1237 sit,
2604 1182 2763 1242 atque
2799 1174 2887 1229 ille
2914 1174 3111 1230 Paulus
3139 1176 3205 1230 de.
3236 1192 3340 1248 quo
3370 1180 3649 1235 mentionem
3680 1186 3759 1241 facit

2281 1259 2333 1313 in
2378 1260 2600 1331 epistola
2634 1264 2698 1317 ad
2726 1264 3024 1336 Olympium
3047 1266 3064 1336 (
3089 1266 3251 1335 Epist.
3288 1267 3373 1329 96.
3404 1286 3451 1322 η.
3472 1269 3551 1339 2),
3585 1272 3757 1345 Cataqttze

2282 1350 2331 1403 in
2386 1351 2626 1407 Numidia
2683 1358 3036 1425 episcopilem
3092 1359 3398 1429 dignitatem
3447 1363 3747 1435 gessit(l£pist.

2282 1441 2371 1507 97,
2394 1460 2447 1497 η.
2478 1446 2511 1500 5
2532 1447 2573 1515 ).
2632 1446 2777 1501 Hanc
2803 1459 2983 1504 autent
3016 1460 3292 1521 postquam
3317 1468 3360 1509 e;
3377 1464 3397 1507 t
3416 1455 3625 1525 adeptus,
3643 1460 3759 1528 Augu-

2278 1535 2418 1590 stino
2444 1539 2609 1593 multo
2633 1539 2749 1608 plus
2773 1540 2973 1597 doloris
2997 1544 3193 1610 attulit,
3223 1561 3378 1616 quam
3403 1548 3576 1604 solatii.
3614 1549 3755 1607 Etenim

2276 1627 2319 1680 si
2352 1644 2455 1682 non
2479 1645 2677 1700 paucos
2702 1648 2732 1687 e
2762 1632 3050 1689 Donatistis
3071 1636 3122 1689 iu
3157 1638 3407 1693 Ecclesia:
3431 1641 3583 1695 sinum
3596 1642 3753 1712 Collegit,

2274 1718 2448 1772 adhuc.
2496 1722 2651 1791 longe
2688 1725 2867 1791 plures
2896 1725 3017 1782 inde
3046 1732 3385 1797 corruptione
3413 1748 3592 1785 montm
3611 1732 3755 1801 disper-

2273 1812 2361 1866 sit.
2413 1812 2485 1867 Ita
2529 1814 2735 1869 vivebat
2765 1818 3047 1874 mundanis
3071 1824 3295 1891 negotiis
3324 1822 3605 1891 implicatus.
3631 1835 3669 1877 ut
3704 1825 3750 1879 ab

2274 1904 2364 1958 illo
2394 1906 2758 1975 episcopatum
2788 1923 3105 1978 qumstuosa-
3132 1915 3267 1967 artis
3286 1915 3400 1968 loco
3425 1914 3753 1970 liaberitlitlsses
3814 1940 3815 1978 ξ

2278 1998 2482 2068 (Epist.
2522 2000 2611 2065 85,
2657 2018 2746 2056 nn.
2796 2004 2844 2067 1,
2874 2006 2908 2057 2
2929 2004 2968 2073 ).
2999 2005 3078 2058 Ac
3112 2006 3251 2060 Deus
3279 2009 3481 2077 quidem
3508 2024 3555 2060 ιιι
3581 2005 3751 2069 l’aulo,si

2273 2101 2448 2146 tamen
2473 2094 2574 2147 ttlla
2604 2094 2657 2148 in
2689 2110 2755 2150 eo
2780 2095 3126 2168 intelligentia
3158 2099 3365 2165 fuisset,
3393 2107 3749 2160 commousuaret,

2272 2192 2464 2251 praeter
2488 2186 2648 2239 animi
2675 2186 2899 2249 divitias,
2926 2205 3151 2257 quarunt
3179 2207 3338 2246 causa
3368 2191 3521 2245 fuerat
3539 2192 3593 2245 ad
3614 2193 3752 2260 episeo-

2272 2283 2449 2341 patum
2494 2277 2793 2346 adoptatus,
2826 2280 2998 2335 nullas
3029 2282 3166 2336 alias
3207 2284 3507 2353 qna-rendus
3545 2298 3653 2347 esse,
3674 2282 3751 2337 fecit

2271 2374 2327 2417 ut
2372 2380 2439 2418 ne
2469 2381 2627 2435 quem
2675 2386 2707 2423 e
2736 2370 3024 2439 quatstibus
3069 2372 3274 2428 odiosis
3321 2375 3529 2429 fructum
3569 2380 3749 2443 mpera:

2271 2454 2407 2509 adeo
2435 2465 2491 2509 ut
2520 2458 2840 2523 nominibus,
2874 2478 2992 2532 qua:
3022 2461 3152 2518 fisco
3176 2464 3417 2527 debebat,
3452 2463 3669 2519 εοΙιϊιιιΙίε
3690 2463 3750 2515 ἱιιι·

2270 2562 2387 2617 par.
2422 2550 2581 2605 rebus
2605 2553 2851 2608 onmibus
2870 2556 2982 2609 suis
3009 2556 3205 2611 cedere
3220 2568 3431 2611 coactus
3446 2560 3509 2612 sit
3526 2562 3541 2627 (
3559 2553 3747 2627 Epistlli.

2267 2656 2320 2694 n.
2348 2641 2436 2713 2).
2488 2644 2644 2714 Atqui
2690 2646 2856 2701 nihilo
2887 2648 3061 2702 secius
3087 2649 3381 2704 institutum
3408 2660 3547 2703 antea
3569 2659 3750 2701 commer-

2265 2732 2428 2800 cium,
2469 2744 2652 2789 Contra
2708 2736 3054 2805 ipSarummct
3107 2741 3453 2795 humanarum
3496 2739 3638 2809 legum
3656 2736 3747 2790 ordi-

2269 2838 2413 2887 nem,
2471 2825 2702 2894 repetiit,
2743 2826 2881 2881 baud
2911 2828 3071 2883 dubie
3100 2830 3378 2900 cujusdam
3422 2840 3534 2885 tunc
3572 2825 3748 2896 temporis

2267 2915 2642 2982 potentissimi,
2691 2917 2867 2971 forsan
2910 2919 3241 2987 Batltanarii,
3271 2922 3505 2992 pra-sidio
3530 2918 3747 2974 uetusti-

2264 3023 2366 3076 que
2396 3009 2465 3062 ita
2496 3011 2662 3079 magis
2687 3011 2957 3081 magisque
2991 3015 3220 3084 negotiis
3248 3030 3365 3070 sese
3394 3015 3633 3079 immersit,
3653 3024 3746 3065 eam-

2264 3114 2369 3170 que
2391 3102 2615 3169 arripuit
2634 3102 2753 3156 vitm
2777 3104 3058 3171 rationem,
3084 3123 3245 3176 qttam
3273 3107 3507 3162 Ecclesia!
3526 3122 3618 3161 sua:
3635 3101 3746 3157 tenui-

2264 3198 2348 3245 tas
2376 3192 2637 3246 sustiuere
2667 3193 2815 3248 nullo
2843 3195 3001 3250 modo
3045 3207 3271 3266 poterat.
3305 3199 3579 3253 Arbitratus
3598 3204 3662 3250 est
3678 3194 3747 3246 Atl-

2258 3281 2498 3350 gustinus
2525 3297 2645 3336 sese
2673 3283 2745 3350 ei,
2798 3301 2952 3355 quem
3004 3287 3055 3341 in
3100 3287 3230 3342 Cltri
3263 3301 3314 3344 to
3361 3306 3449 3360 per
3492 3284 3746 3355 Evangeliutn

2263 3385 2562 3443 pepererat,
2595 3377 2762 3446 magis
2800 3394 2959 3449 quam
2993 3380 3082 3434 alii
3111 3381 3312 3437 debere
3339 3383 3580 3437 salubrem
3604 3375 3746 3432 monia-

2260 3466 2474 3518 citatem
2505 3465 2794 3531 cltaritatis,
2848 3470 3109 3525 veraciter
3154 3465 3740 3544 objttrg.utdo(Epitt-35t

2258 3574 2311 3610 η.
2337 3558 2358 3611 1
2386 3559 2422 3627 ).
2472 3558 2727 3625 Quocirca
2779 3576 2900 3615 eum
2930 3565 3146 3618 monitis
3177 3566 3437 3628 munibus,
3462 3581 3566 3634 qua:
3586 3576 3638 3617 eo
3660 3572 3743 3611 00"-

2255 3649 2450 3703 ducere
2468 3652 2686 3717 putavit.
2707 3668 2897 3707 Sanare
2913 3664 3133 3710 conatus
3150 3669 3253 3711 est.
3294 3657 3474 3711 Verum
3496 3654 3652 3708 frustra
3668 3645 3741 3701 fuit.

2254 3736 2435 3809 Itaque
2460 3740 2528 3794 ab
2554 3742 2689 3811 ejus,
2737 3744 2858 3798 licet
2887 3762 2915 3797 ει
2943 3746 3091 3800 nullo
3140 3747 3492 3804 ecclesiastico
3535 3738 3744 3813 judiccda-

2255 3831 2440 3896 mnati,
2461 3834 2838 3889 cmumunione
2848 3844 3017 3891 semet
3035 3848 3253 3893 sanctus
3271 3834 3641 3907 Virsegrcgavil.
3658 3839 3744 3884 LW“

2252 3922 2350 3977 etsi
2390 3924 2437 3976 ei
2474 3921 2672 3986 fratris.
2702 3925 2941 3996 collegae,
2995 3937 3155 3998 atque
3202 3930 3429 4000 episcopi
3473 3925 3644 3982 titulum
3681 3917 3745 3973 mi-

2252 4012 2393 4066 nime
2443 4014 2659 4069 ademit.
2690 4018 2966 4087 Augustini
3015 4023 3438 4078 communionem
3486 4036 3567 4091 per
3606 4016 3743 4071 litteras

2252 4107 2492 4176 poposcit
2515 4107 2727 4168 Paulus,
2746 4120 2905 4178 atque
2921 4110 3075 4163 simul
3096 4121 3317 4181 questus
3338 4120 3435 4177 est,
3459 4111 3621 4180 ipsum-
3635 4111 3741 4172 quem

2250 4199 2407 4252 etiam
2436 4201 2815 4255 incitoraltilem
2846 4212 3019 4264 vocat,
3053 4204 3117 4257 iis
3148 4206 3267 4274 plus
3292 4219 3439 4272 aequo
3464 4198 3661 4255 credere.
3683 4188 3741 4260 qui

2247 4302 2429 4345 secum
2459 4302 2671 4358 apertas
2698 4291 3001 4347 inimicitias
3026 4308 3240 4363 semper
3261 4303 3537 4365 gesserant.
3562 4288 3647 4344 HdC
3668 4283 3739 4350 illsa

2244 4379 2312 4434 dc
2337 4396 2492 4435 causa
2522 4382 2821 4450 epistolam,
2844 4400 2943 4455 qua
2974 4384 3039 4439 de
3068 4387 3260 4455 agitur,
3291 4381 3565 4440 severitatis
3581 4378 3692 4447 juxta
3706 4377 3739 4423 ει

2244 4468 2519 4524 cltaritatis
2547 4471 2755 4540 plenam
2776 4473 2842 4526 ad
2868 4489 2988 4528 eum
3010 4477 3330 4544 Augustinus
3349 4470 3560 4542 scripsit.
3583 4465 3682 4521 Cum
3698 4472 3740 4513 α)

2243 4575 2303 4616 se
2346 4560 2546 4615 idcirco
2590 4566 2987 4622 communicare
3017 4568 3158 4622 nolle
3208 4570 3486 4637 profitetur,
3512 4561 3611 4634 quia
3638 4564 3677 4609 ut
3706 4549 3738 4603 ei

2242 4653 2506 4715 adnletur.
2539 4655 2725 4710 adduci
2758 4674 2862 4712 non
2894 4666 3103 4728 potest:
3132 4675 3251 4715 cum
3283 4672 3492 4714 necesse
3516 4654 3574 4707 sit
3593 4652 3733 4717 il’5"mt

2240 4747 2283 4800 si
2309 4747 2521 4813 quidem
2556 4748 2878 4814 vulneribus,
2902 4766 3019 4820 quae
3043 4750 3361 4822 liipponensi
3392 4745 3615 4804 Ecvlesia‘.
3640 4734 3739 4792 inlli-

2238 4840 2331 4899 xit,
2365 4839 2562 4892 mederi
2596 4841 2740 4905 velit,
2770 4858 2797 4893 a
2831 4842 3054 4897 Domino
3080 4845 3220 4898 curis
3248 4855 3299 4898 et
3327 4840 3532 4897 sarcinis
3566 4829 3735 4890 sarcula-

2236 4930 2384 4984 ribus
2411 4930 2669 5000 expediri,
2723 4943 2881 5002 atque
2930 4933 2995 4988 ad
3026 4935 3184 4988 vitam
3234 4935 3522 5002 victmuque
3560 4914 3734 4981 revocari

2236 5023 2521 5093 cpisc0pali
2568 5025 2743 5078 ordini
2792 5028 3215 5083 convenientem.
3266 5026 3445 5082 Procul
3488 5019 3625 5076 dubio
3660 5021 3731 5066 ηοη

2237 5114 2457 5168 multum
2486 5113 2687 5170 fructus
2716 5116 2882 5171 edidit
2908 5117 3024 5174 inec
3052 5120 3301 5189 epistola;
3327 5114 3522 5188 quando
3541 5100 3731 5175 Αιιειιςιὶ·

2237 5220 2337 5261 nus
2368 5204 2434 5259 de
2483 5204 2582 5260 hoc
2610 5208 2850 5274 prtesule,
2882 5208 3041 5263 etiam
3076 5210 3181 5263 vita
3209 5208 3403 5265 functo,
3433 5215 3591 5274 parum
3612 5194 3731 5248 Itono-

2236 5296 2383 5351 rilice
2412 5297 2662 5367 loquitur.
2696 5296 2885 5352 Narrat
2913 5314 3054 5363 eum,
3106 5318 3209 5369 quo
3237 5308 3463 5367 tempore
3484 5290 3647 5348 cedere
3669 5281 3733 5334 b0'

2236 5389 2317 5442 nis
2341 5400 2558 5445 Coactus
2577 5400 2677 5451 est,
2706 5392 2969 5461 aliquanta
3000 5395 3236 5463 pecunia,
3261 5409 3374 5463 qua:
3392 5390 3459 5444 illi
3483 5380 3730 5441 debebatur,

2235 5494 2472 5552 recepta,
2508 5500 2572 5537 ex
2603 5484 2789 5552 agellis
2815 5486 3079 5555 praeconis
3102 5502 3230 5541 voce
3250 5480 3489 5552 subjectis
3511 5466 3730 5531 nonnullus

2237 5582 2485 5645 tanquam
2518 5574 2771 5631 Ecclesia:
2808 5592 2918 5631 sna:
2949 5577 3048 5631 sub
3075 5579 3263 5633 donius
3294 5584 3395 5631 tum
3424 5559 3729 5643 potentisim‘c

2233 5670 2447 5721 nomine
2476 5683 2845 5737 comparasse;
2881 5680 2937 5725 ut
2956 5674 3112 5727 ctiam
3142 5688 3201 5727 t-x
3229 5671 3369 5740 ipsis,
3397 5679 3504 5720 cum
3521 5666 3641 5713 more
3660 5656 3728 5699 suo

2233 5758 2308 5815 nil
2338 5757 2467 5817 [ἱεεο
2490 5760 2742 5830 solveret,
2765 5761 2935 5819 nullas
2960 5771 3261 5820 exactorem
3299 5752 3545 5815 molestias
3566 5746 3727 5820 palm‘
