3868 6386
129 470 237 542 tur(
454 466 543 534 96,
572 483 626 520 η.
654 464 746 538 9).
774 464 894 521 Haec
932 463 1121 521 deinde
1149 465 1342 536 prmdia
1371 469 1666 524 successori

130 564 256 619 illius
277 561 533 618 Bonifacio
562 559 766 615 relicta.
794 560 917 627 Quae
940 557 1149 629 quidem
1178 559 1268 615 ille
1294 561 1409 615 sine
1437 560 1543 615 ulla
1568 560 1670 615 for-

133 656 252 709 sitan
277 652 619 709 Controversia
672 651 900 713 retinere
940 659 1150 722 poterat
1180 669 1194 704 :
1222 651 1315 706 sed
1340 663 1400 708 ut
1425 662 1539 708 erat
1566 653 1666 708 sin-

125 746 321 801 cerioris
347 744 497 799 homo
525 743 668 807 fidei.
723 743 891 799 timuit
918 759 984 799 ne
1014 760 1193 800 coram
1223 746 1333 801 Deo
1383 745 1586 801 fraudis
1612 755 1665 802 et

124 838 366 908 iniustitia:
393 836 649 909 particeps
673 835 975 892 haberetur.
1019 837 1351 909 Quapropter
1381 839 1569 893 maluit
1592 839 1664 893 in.

121 943 272 999 genus
295 939 347 982 et
369 935 543 997 aperte
562 927 739 993 fateri,
773 926 984 984 relictos
1008 926 1108 983 sibi
1138 943 1169 984 a
1197 945 1520 1000 prmcessore
1545 930 1664 987 fun-

122 1021 208 1078 dos
228 1021 427 1091 pecunia
449 1021 636 1077 :erario
662 1019 841 1077 debita
872 1030 1080 1092 emptos
1125 1020 1311 1079 fuisse.
1356 1024 1661 1081 Bonifacius

121 1122 276 1167 autem
295 1112 394 1180 jam
418 1111 535 1167 inde
565 1127 596 1165 a
627 1127 815 1168 mense
840 1121 1061 1185 augusto
1108 1114 1233 1169 anni
1259 1114 1662 1187 quadringente-

123 1204 232 1260 simi
272 1206 425 1260 octavi
467 1203 533 1259 ad
589 1204 974 1281 episcopatum,
1003 1214 1061 1261 ut
1100 1221 1199 1262 suo
1237 1206 1355 1263 loco
1397 1207 1655 1277 dicemus,

123 1296 302 1351 ascitus
320 1295 488 1350 fuerat.

177 1387 223 1441 3.
252 1385 374 1441 Nihil
399 1396 476 1444 est
500 1386 665 1452 dubii,
694 1388 823 1459 quin
869 1389 1165 1445 severiores
1218 1389 1334 1445 illas
1375 1391 1497 1446 anni
1526 1406 1657 1462 qua-

117 1477 472 1548 dringentesimi
495 1479 663 1548 quinti
683 1479 830 1551 leges
874 1481 931 1537 in
968 1480 1270 1537 Donatistas
1289 1482 1397 1552 jam
1425 1491 1530 1538 tum
1558 1482 1657 1538 llo-

114 1569 272 1625 norius
298 1571 509 1639 tulisset,
542 1587 663 1627 cum
692 1571 1024 1644 Augustinus
1051 1575 1331 1644 epistolam
1355 1574 1421 1629 ad
1452 1576 1654 1631 Emeri-

116 1670 205 1715 tam
254 1660 625 1717 Donatistarum
672 1663 1083 1719 Caesareensem
1109 1664 1413 1734 episcopum
1442 1665 1656 1735 scripsit

116 1750 297 1820 (Epist.
321 1751 406 1819 87,
434 1769 486 1808 ιι.
515 1751 607 1826 8).
652 1753 838 1825 Neque
876 1754 1052 1809 minus
1092 1763 1300 1810 constat
1342 1771 1461 1811 eam
1508 1756 1652 1826 prius

116 1843 333 1911 scriptam
358 1858 489 1908 esse,
509 1860 676 1917 quam
706 1844 965 1901 habeatur
992 1844 1237 1913 Collatio,
1271 1846 1358 1901 ubi
1388 1846 1652 1913 Emeritus

113 1934 188 1989 ille
213 1936 362 2004 partis
398 1951 500 1992 sua:
541 1951 756 1992 causam
786 1946 893 1993 tam
921 1938 1137 2005 acriter,
1184 1953 1342 2009 quam
1372 1938 1650 2009 quisquam

116 2028 257 2092 alius,
283 2028 527 2095 defendit;
561 2030 991 2102 quandoquidem
1031 2047 1152 2087 eum
1170 2031 1493 2102 Augustinus
1518 2047 1652 2086 non-

118 2120 213 2175 nisi
237 2137 297 2176 ex
325 2122 447 2176 fama
488 2124 746 2195 cognitum
790 2124 891 2179 sibi
918 2139 1058 2192 esse,
1091 2124 1143 2178 in
1176 2124 1423 2194 przedicta
1453 2124 1651 2194 episto-

118 2211 165 2265 la
194 2212 588 2283 testatur(lbid.,
617 2231 671 2270 η.
705 2214 730 2269 1
762 2214 803 2285 ).
849 2213 1047 2271 Fuerat
1094 2214 1235 2285 apud
1277 2215 1650 2271 schismaticos

108 2301 354 2374 Baptismo
373 2305 611 2373 initiatus,
627 2321 728 2363 nec
757 2323 989 2378 unquam
1010 2307 1061 2361 in
1088 2306 1340 2363 Ecclesia:
1378 2306 1649 2363 catholicae

109 2395 285 2465 gremio
301 2399 599 2454 constitutus
617 2396 899 2473 (Sermone
936 2398 1007 2453 ad
1022 2398 1210 2454 ϐαβαῖ.
1251 2398 1499 2454 Ecclesia:
1537 2399 1646 2470 ple-

109 2486 217 2553 bem,
251 2505 297 2543 ιι.
327 2488 407 2558 2).
458 2490 530 2546 Ea
562 2502 682 2547 erat
709 2491 850 2548 illius
894 2492 1035 2562 apud
1066 2506 1191 2548 suos
1220 2492 1528 2558 auctoritas,
1583 2498 1642 2546 ut

109 2578 238 2633 etiam
275 2581 527 2638 celebrem
573 2584 720 2639 illam
748 2584 1052 2654 Bagaiensis
1094 2585 1305 2640 concilii
1328 2585 1645 2642 sententiam

110 2676 258 2723 contra
291 2670 697 2729 Maximianistas
742 2689 884 2730 anno
913 2690 1069 2746 supra
1097 2676 1523 2730 trecentesimum
1547 2691 1647 2730 llo-

111 2759 334 2828 uagesitno
366 2773 558 2832 quarto
596 2765 961 2836 composuisse
990 2765 1224 2820 creditus
1243 2765 1349 2839 sit(
1380 2765 1457 2820 De
1482 2765 1648 2821 Gesti:

109 2849 439 2920 militia-ito,
495 2871 548 2908 η.
607 2853 736 2929 l0).
778 2856 1091 2913 [labebatur
1115 2855 1257 2913 felici
1286 2858 1541 2928 praeditus
1568 2858 1652 2913 in-

111 2939 252 3008 genio,
273 2941 499 2999 honestis
522 2943 818 3016 disciplinis
848 2947 1110 3013 excultus,
1137 2947 1429 3005 liberaliter
1454 2947 1651 3005 educa-

114 3039 182 3085 tus
203 3030 374 3104 (Epist.
403 3037 497 3102 85,
523 3054 613 3092 nn.
646 3038 695 3101 1,
740 3036 874 3113 10).
894 3037 1156 3094 Violentis
1180 3055 1396 3096 suorum
1442 3041 1650 3096 conati-

115 3119 192 3177 bus
214 3124 421 3182 infensus
439 3137 578 3194 erat,
604 3144 668 3185 ac
697 3138 855 3185 tante
878 3130 1106 3202 denique
1153 3130 1451 3201 probitatis,
1482 3146 1651 3202 quan-

117 3213 218 3267 tain
239 3216 561 3275 schismatico
590 3219 769 3277 inesse
815 3228 1019 3291 posset.
1050 3221 1376 3292 Augustinus
1403 3222 1488 3287 iis,
1531 3237 1652 3293 quae

117 3302 169 3361 de
204 3307 281 3364 illo
302 3325 413 3366 cum
456 3311 615 3367 laude
642 3313 1046 3384 spargebantur,
1081 3312 1239 3369 tidem
1291 3329 1397 3370 non
1443 3314 1643 3370 invitus

117 3391 541 3473 Maiuquinimo
568 3412 625 3459 ut
668 3420 732 3460 ea
768 3406 977 3461 veritati
1000 3415 1375 3477 congruerent,
1427 3407 1647 3476 optavit.

118 3484 287 3547 Etenim
305 3496 563 3567 praecipuo
578 3497 810 3567 quodam
842 3498 1019 3553 studio
1058 3500 1112 3554 in
1141 3512 1236 3555 eos
1263 3499 1643 3570 propendebat,

121 3580 197 3649 qui
218 3584 327 3641 tales
344 3599 539 3655 essent,
570 3589 744 3661 qualis
777 3589 918 3661 apud
944 3605 1004 3647 se
1030 3590 1413 3661 depingebatur
1446 3592 1650 3648 Emeri-

123 3678 191 3729 ιω
213 3688 442 3750 :aunque
466 3681 589 3737 illos
615 3697 801 3738 crasso
828 3684 1077 3754 quopiam
1117 3698 1302 3740 errore
1331 3685 1651 3741 constrictos

120 3769 340 3839 cernebat,
362 3788 471 3845 quo
496 3775 790 3831 mirabatur
814 3776 1002 3847 magis,
1034 3775 1137 3833 hoc
1163 3777 1332 3848 magis
1353 3778 1405 3833 in
1442 3778 1652 3833 illorum

119 3862 416 3931 cognitionem
435 3876 600 3938 atque
622 3868 945 3940 colloquium
974 3869 1158 3925 venire
1183 3870 1449 3941 cupiebat,
1482 3879 1540 3926 ut
1557 3886 1652 3928 eos

119 3948 172 4003 8h
190 3951 468 4012 boocevitio
491 3957 765 4014 liberaret.
791 3958 1126 4030 Quodipsum
1152 3960 1203 4014 in
1226 3975 1386 4015 causa
1413 3960 1529 4029 fuit,
1555 3976 1655 4018 cur

122 4046 251 4103 semel
287 4065 344 4107 ac
389 4052 584 4108 iterum
612 4052 682 4108 ad
730 4053 975 4109 eumdem
1029 4053 1318 4109 Emeritum
1374 4055 1651 4124 scriberet,

121 4137 315 4203 quavis
332 4158 524 4212 magno
556 4144 803 4200 locorum
819 4144 1104 4200 intervallo
1117 4145 1442 4214 disiunctum
1489 4164 1502 4201 :
1529 4160 1653 4202 cum

122 4233 151 4276 a
168 4223 273 4282 viris
292 4228 574 4302 Hedignis
598 4234 911 4304 accepisset,
938 4233 1052 4291 fore
1073 4244 1131 4290 ut
1158 4235 1251 4291 ille
1271 4235 1369 4291 sibi
1391 4236 1655 4293 rescribe-

123 4312 361 4387 rct(liid.,
384 4338 441 4376 ιι.
463 4321 498 4377 6
525 4327 566 4392 ).
596 4322 871 4379 Possidius
888 4339 1100 4396 quoque
1124 4324 1276 4380 binas
1289 4324 1355 4380 ad
1377 4324 1523 4380 hunc
1543 4327 1650 4397 epi.

121 4411 502 4475 mlitteras
514 4422 670 4470 notat
686 4414 707 4489 (
724 4413 925 4472 Possid.
936 4459 952 4483 ,
980 4417 1036 4471 in
1055 4415 1247 4483 India,
1263 4433 1379 4488 cap.
1398 4416 1463 4491 3)
1490 4436 1502 4473 :
1521 4433 1653 4490 qua-

120 4504 421 4575 ωςιίάωι
463 4508 653 4578 prima:
695 4508 1029 4566 exciderunt.
1058 4509 1194 4566 Cum
1226 4510 1423 4567 nullam
1462 4512 1529 4568 ad
1559 4512 1655 4568 has

126 4596 465 4662 mirationem
487 4601 790 4672 accepisset
817 4602 1165 4674 Augustinus,
1188 4604 1528 4675 incertusque
1565 4619 1654 4660 es-

126 4687 361 4747 εαναο
374 4692 618 4761 epistola,
633 4708 702 4747 an
730 4679 950 4748 Emeriti
967 4695 1245 4764 responsio
1264 4695 1536 4765 periisset;
1565 4709 1654 4750 se-

123 4771 311 4834 m
343 4780 502 4847 illam,
534 4797 658 4854 qua
701 4782 876 4840 adhuc
929 4794 1193 4857 superest,
1220 4785 1434 4856 adjecit.
1469 4785 1523 4840 In
1555 4786 1655 4841 hac

122 4865 498 4944 “diuquam
517 4872 718 4928 nullius
739 4873 949 4929 roboris
988 4883 1191 4943 essent,
1217 4889 1337 4946 quae
1357 4875 1409 4930 in
1430 4875 1653 4946 gratiam

123 4958 388 5020 Ballionis
422 4965 604 5022 afferri
654 4973 901 5036 poterant
930 4985 943 5022 :
972 4976 1027 5024 et
1072 4976 1416 5038 posteaquam
1469 4968 1648 5037 Optati

122 5040 371 5110 Mai
398 5057 648 5129 exentplo
673 5057 883 5127 planum
915 5058 1057 5124 fecit,
1087 5060 1173 5116 vel
1200 5060 1649 5129 manifestissima,

121 5136 281 5225 [diu
299 5146 463 5218 aliqua
483 5151 867 5207 communione
884 5161 1262 5224 perpetrantur
1280 5155 1504 5217 scelera,
1530 5169 1652 5210 cum

122 5226 327 5317 ω
342 5239 601 5298 de‘causis
620 5244 936 5310 tolerantur,
954 5259 1061 5301 non
1081 5245 1224 5313 aliis,
1246 5263 1403 5318 quam
1422 5247 1653 5320 propriis

120 5326 391 5407 δεινὼ,
414 5333 680 5390 maculam
709 5333 921 5392 inurere
942 5351 959 5401 ;
992 5351 1114 5392 cum
1134 5345 1192 5392 ut
1215 5337 1315 5393 sibi
1335 5338 1656 5408 respondeat

121 5410 386 5482 Mur.
402 5427 594 5487 Utrum
624 5430 726 5488 hac
750 5432 804 5489 in
841 5448 900 5489 re
924 5440 1114 5490 sancto
1137 5432 1355 5488 Praesuli
1382 5431 1654 5486 satisfece-

120 5504 209 5595 ἡδ’
231 5524 468 5587 -ιιυω
496 5521 725 5590 ὶεαίωιιε
758 5541 773 5578 :
816 5538 1001 5581 verum
1033 5532 1215 5595 postea
1243 5523 1503 5592 insignem
1532 5535 1655 5591 per-

119 5592 407 5685 ψιι
426 5609 763 5666 obhrmatam
780 5616 837 5666 in
859 5592 1047 5672 errore
1080 5623 1315 5671 mentem
1354 5628 1464 5685 prae
1490 5619 1654 5667 caete-

119 5682 454 5755 libentiae:
477 5700 744 5757 exhibuit.

134 5780 141 5789 ’
178 5774 409 5844 ιυικίι
423 5789 477 5846 in
493 5788 843 5849 Cresoouium
872 5793 975 5850 alia
992 5793 1245 5851 nonnulla
1266 5794 1520 5850 adversus
1552 5794 1652 5847 Do-

327 5878 542 5948 ωηατ.
587 5888 864 5949 Aucusr.
911 5887 953 5948 l.
996 5930 1001 5933 -

1493 351 1686 412 LIBER
1720 348 2005 415 SEXTUS.

3251 378 3359 440 562

1774 472 1995 528 natistas
2037 488 2218 544 opera,
2260 492 2378 548 qua;
2406 486 2584 535 nostra
2622 490 2776 541 relate
2801 484 3194 560 desiderantur,
3224 495 3355 551 suh-

1767 560 1940 633 jungit
1974 565 2314 635 Augustinus.
2367 568 2603 626 Primum
2663 575 2872 644 quidem
2920 577 2987 633 ad
3048 579 3349 640 Donatistas

1769 652 2004 709 libellum
2023 655 2234 723 direxit,
2256 674 2361 729 quo
2374 660 2627 732 quidquid
2646 663 2714 719 ad
2730 665 3074 726 decidendam
3094 676 3349 729 secessio-

1768 743 1854 798 nis
1880 760 2093 802 causam
2111 747 2328 817 faceret,
2349 760 2466 806 acta
2487 752 2691 809 scilicet
2722 758 2919 824 omnia,
2947 768 3057 816 tum
3094 765 3350 821 ecclesia-

1769 835 1921 902 stica,
1963 845 2075 893 tum
2100 839 2295 907 civilia,
2316 857 2525 898 necnon
2549 859 2736 901 omnes
2786 862 3055 906 sacrorum
3101 855 3347 911 codicum

1766 924 1913 981 locos
1959 927 2039 983 eis
2086 943 2146 984 se
2174 930 2491 987 traditurum
2536 935 2908 1004 pollicebatur;
2940 948 2998 993 ut
3028 956 3119 996 eos
3142 944 3206 997 ad
3252 946 3341 1000 illa

1765 1020 2098 1089 exposcenda
2123 1022 2434 1093 impelleret.
2482 1026 2559 1080 Ex
2579 1027 2661 1100 iis,
2685 1045 2909 1099 quorum
2937 1031 2988 1085 in
3012 1047 3200 1089 manus
3221 1052 3346 1105 pro-
3401 1033 3411 1044 ’

1763 1109 1983 1165 missum
2013 1110 2141 1167 illud
2170 1113 2351 1169 incidit
2376 1113 2395 1186 (
2412 1115 2636 1171 Retract.
2670 1118 2797 1174 libro
2824 1121 2879 1187 2,
2917 1139 3032 1191 cap.
3063 1122 3134 1178 27
3157 1124 3198 1196 ),
3229 1126 3350 1196 qui-

1761 1198 1886 1255 dam
1910 1204 2233 1259 contrarium
2258 1205 2536 1275 scriptum,
2564 1207 2617 1262 in
2645 1224 2750 1278 quo
2776 1220 2996 1271 tantum
3033 1228 3092 1269 se
3133 1215 3349 1271 Donati-

1761 1298 1899 1346 stam
1934 1296 2289 1366 nuncupabat,
2323 1297 2507 1353 edidit.
2550 1298 2807 1366 Quocirca
2829 1319 2982 1358 suum
3018 1306 3344 1375 Augustinus

1756 1379 1971 1452 librum,
2000 1400 2106 1455 quo
2132 1385 2304 1443 eidem
2341 1390 2638 1461 respondit,
2665 1392 2855 1447 Contra
2874 1396 3038 1450 nescio
3068 1413 3216 1467 quem
3234 1397 3345 1454 Do-

1756 1474 2013 1541 natistam,
2040 1475 2309 1548 inscripsit
2328 1476 2348 1551 (
2363 1478 2527 1548 Ibid.,
2560 1498 2675 1554 cap.
2697 1483 2768 1539 28
2793 1483 2835 1557 ).
2861 1483 2990 1553 Quae
3014 1497 3190 1544 autem
3215 1506 3342 1558 pro-

1756 1563 1994 1633 miserat,
2022 1583 2127 1623 una
2169 1584 2291 1625 cum
2335 1570 2533 1638 libello,
2593 1589 2699 1644 quo
2725 1576 2950 1646 primum
2990 1594 3054 1635 ea
3082 1582 3343 1650 promissa

1756 1656 1988 1727 fuerant,
2018 1660 2291 1732 evulgans,
2338 1670 2505 1718 totum
2532 1664 2636 1723 hoc
2657 1681 2793 1736 opus
2820 1660 3191 1725 Probationum‘
3209 1682 3346 1728 atte-

1756 1749 2110 1805 stimoniorunt
2142 1762 2318 1808 contra
2355 1754 2650 1812 Donatista:
2689 1758 2840 1813 titulo
2879 1758 3137 1833 donavit(
3156 1760 3295 1818 Ibid.
3317 1806 3335 1832 ,

1756 1841 1944 1910 cap.27
1959 1842 2009 1912 );
2031 1851 2195 1914 utque
2224 1846 2392 1917 magis
2402 1848 2557 1919 vulgo
2574 1849 2948 1913 innotesceret,
2965 1853 3089 1908 illud
3111 1854 3341 1912 basilicae

1754 1928 2042 1988 Donatistis
2072 1949 2175 1989 non
2207 1934 2410 2005 pridem
2447 1937 2636 1994 ablatm
2663 1940 2951 2010 parietibus
2977 1940 3162 1998 afttxit.
3204 1944 3340 2000 Cum

1752 2036 1882 2077 vero
1905 2024 2295 2082 lucubrationes
2321 2029 2477 2099 paulo
2506 2029 2731 2087 fusiores
2756 2048 2787 2086 a
2818 2033 3091 2105 plerisque
3116 2051 3216 2092 nec
3235 2037 3336 2108 legi

1752 2113 1967 2184 quidem
2018 2115 2370 2173 intellexisset
2400 2137 2413 2173 :
2448 2136 2607 2176 unam
2634 2123 2919 2180 admodum
2968 2127 3205 2195 brevem,
3240 2146 3337 2201 pro

1752 2203 1933 2260 innata
1957 2206 2057 2262 sibi
2078 2203 2360 2274 ‘charitate,
2391 2209 2447 2264 in
2476 2209 2649 2267 lucem
2693 2214 2891 2282 emisit,
2924 2231 3030 2286 quo
3076 2218 3217 2273 illius
3245 2234 3339 2276 ex-

1752 2296 2050 2353 scribenda}
2106 2298 2327 2357 facilitas
2376 2318 2491 2358 eam
2549 2319 2647 2375 per
2693 2306 2919 2376 plurium
2983 2325 3172 2367 manus
3221 2321 3331 2367 tra-

1753 2387 2014 2458 duceret,
2071 2388 2410 2463 efficeretque
2475 2402 2534 2449 ut
2582 2398 2852 2453 memoriae
2921 2401 3067 2456 nullo
3120 2404 3332 2473 negotio

1752 2482 2115 2538 mandaretur.
2165 2483 2335 2554 Hujus
2377 2487 2615 2557 opusculi
2656 2489 2842 2546 titulus
2879 2500 3013 2557 erat,
3049 2493 3338 2550 Admonitio

1750 2571 2133 2629 Donatistarum
2184 2574 2249 2629 de
2276 2575 2673 2633 Maximianistis
2698 2580 2877 2650 :quod
2902 2582 3104 2638 scilicet
3131 2600 3195 2638 ex
3222 2585 3337 2641 sola

1750 2661 2254 2719 Maximianistarum
2303 2664 2528 2722 historia
2556 2668 2978 2739 demonstrabat,
3026 2672 3214 2727 Donati
3255 2673 3336 2727 fa-

1751 2757 1980 2811 ctionem
2027 2756 2175 2813 nullo
2202 2756 2564 2826 fundamento,
2588 2762 2731 2816 nulla
2754 2764 2976 2819 veritate
3018 2764 3112 2819 niti
3134 2762 3155 2837 (
3176 2763 3339 2833 Ibid.,

1752 2863 1866 2919 cap.
1888 2846 2013 2920 29).

1824 2939 1877 2995 5.
1909 2938 2109 2995 Eadem
2139 2946 2454 3012 tempestate
2480 2943 2677 3000 librum
2704 2960 2857 3001 suum
2885 2946 2952 3002 de
2999 2946 3335 3005 Divinatione

1753 3045 1847 3087 seu
1877 3030 2218 3099 praedictione
2241 3032 2544 3090 daemonum
2581 3038 2794 3107 scripsit
2820 3036 3019 3108 (lbid.,
3049 3055 3164 3109 cap.
3188 3039 3293 3113 30)
3320 3057 3335 3094 :

1753 3122 1840 3179 cui
1866 3123 2200 3181 occasionem
2221 3125 2367 3182 dedit
2380 3127 2496 3198 ejus
2522 3144 2642 3184 cum
2679 3130 2829 3185 laicis
2856 3131 3170 3201 quihusdam
3190 3132 3339 3187 chri-

1756 3217 1965 3283 stianis,
1997 3218 2247 3289 quiapud
2280 3234 2403 3275 eum
2434 3236 2625 3292 magno
2654 3237 2877 3278 numero
2904 3222 3126 3278 aderant
3146 3223 3201 3278 in
3229 3223 3348 3281 die-

1754 3312 1854 3369 bus
1890 3316 2091 3371 sanctis
2118 3326 2443 3384 octavarum,
2474 3318 2703 3390 quodam
2732 3318 2821 3374 die
2863 3334 3022 3376 mane
3046 3335 3110 3375 ac
3157 3320 3339 3391 prius-

1756 3420 1913 3477 quam
1935 3408 2111 3465 divina
2141 3412 2389 3483 mysteria
2409 3411 2824 3478 celebrarentur,
2846 3412 3026 3468 habita
3050 3414 3337 3471 collocutio

1757 3496 1777 3568 (
1801 3496 1881 3552 De
1898 3497 2214 3557 Divinatione
2233 3501 2538 3570 (tamenaut,
2571 3520 2660 3557 nn.
2689 3503 2742 3571 l,
2775 3503 2809 3557 6
2827 3504 2866 3574 ).
2914 3502 3102 3558 Natum
3124 3512 3216 3560 est
3244 3520 3335 3561 ar-

1757 3601 2066 3660 gumentum
2097 3607 2161 3648 ex
2191 3608 2432 3658 rumore,
2460 3608 2567 3664 quo
2590 3594 2881 3651 destructio
2909 3594 3181 3667 Serapidis
3206 3605 3346 3654 tem-

1756 3680 1851 3751 pli,
1873 3682 2013 3752 quod
2039 3697 2179 3738 anno
2197 3683 2412 3740 circiter
2439 3685 2814 3740 trecentesimo
2846 3686 3170 3756 octogesimo
3198 3703 3342 3744 nono

1760 3772 2059 3829 Theodosio
2091 3775 2405 3846 imperante,
2440 3776 2775 3832 Alexandrina
2794 3792 3043 3834 eversum
3070 3787 3170 3845 est,
3200 3795 3338 3850 pra:-

1758 3864 1898 3920 dicta
1925 3881 1953 3919 a
1983 3881 2136 3936 mago
2157 3866 2385 3937 quodam
2414 3865 2703 3922 ferebatur.
2732 3866 2845 3922 Hoc
2878 3876 3055 3923 autem
3082 3869 3134 3922 in
3167 3870 3340 3925 collo-

1758 3956 1885 4026 quio
1940 3956 2268 4026 Augustinus
2308 3956 2576 4026 praedicta:
2622 3957 2964 4011 divinationis
3008 3958 3344 4029 aliarumque

1759 4047 2030 4113 similium,
2058 4062 2178 4117 qua:
2202 4048 2540 4118 prmnuntiari
2570 4063 2600 4101 a
2631 4046 2961 4102 daemonibus
2977 4056 3217 4117 possunt,
3249 4044 3343 4103 ra-

1760 4138 1959 4194 tionem
1985 4137 2175 4194 afferre
2200 4139 2351 4194 nisus
2378 4147 2478 4194 est.
2505 4139 2638 4194 Cum
2655 4139 2884 4209 primum
2902 4155 3031 4195 vero
3059 4154 3153 4211 per
3172 4141 3338 4196 otium

1759 4230 1925 4300 licuit,
1959 4247 2077 4303 qua;
2103 4240 2228 4288 tunc
2255 4232 2509 4302 temporis
2537 4230 2677 4287 dicta
2697 4229 2929 4301 fuerant,
2957 4233 3160 4289 chartis
3188 4250 3341 4289 man-

1758 4323 1924 4380 davit.
1961 4323 2020 4380 In
2073 4333 2315 4382 extremo
2368 4323 2556 4381 eodem
2606 4323 2743 4378 libro
2790 4324 3070 4394 promittit,
3118 4325 3161 4378 si
3215 4324 3343 4394 quid

1760 4415 1974 4473 Ethnici
2004 4417 2089 4485 iis,
2120 4434 2238 4489 qua:
2261 4416 2457 4472 ibidem
2483 4415 2789 4485 disputavit,
2811 4416 3008 4488 vellent
3046 4429 3338 4485 opponere,

1758 4524 1818 4565 se
1889 4514 2132 4579 pro‘sua
2207 4509 2342 4563 virili
2411 4522 2812 4577 responsurum.
2870 4505 3022 4559 Prius
3070 4505 3338 4574 observat,

1758 4600 2018 4656 idolorum
2054 4601 2253 4655 cultum
2299 4600 2351 4652 in
2388 4599 2502 4653 dies
2551 4597 2789 4667 singulos
2858 4595 3117 4662 imminui,
3165 4611 3341 4667 neque

1758 4692 1927 4747 ullum
1971 4706 2090 4746 esse
2140 4705 2358 4755 annum,
2406 4687 2459 4742 in
2513 4702 2619 4756 quo
2682 4701 2787 4741 non
2834 4685 3009 4740 minor
3046 4686 3342 4743 inﬁdelium

1758 4799 2034 4848 numerus,
2073 4797 2232 4854 quam
2282 4781 2335 4835 in
2381 4780 2655 4850 superiore
2697 4778 3126 4850 deprehendatur
3150 4779 3339 4853 (Μήτι,

1758 4893 1813 4930 n.
1849 4875 1959 4946 14).

1829 4965 1882 5021 6.
1910 4963 2160 5020 Proximo
2181 4971 2362 5034 postea
2396 4962 2515 5017 loco
2553 4962 2606 5016 in
2644 4960 2900 5018 librorum
2947 4976 3164 5017 suorum
3203 4963 3344 5019 serie

1757 5061 1908 5132 ponit
1935 5059 2256 5128 Augustinus
2287 5072 2378 5112 sex
2400 5053 2731 5123 Quaastiones
2766 5062 2952 5110 contra
2978 5054 3217 5125 Paganos
3245 5071 3345 5110 ex.

1758 5153 1958 5225 positas
1986 5154 2001 5220 (
2026 5153 2248 5206 Retract.
2278 5148 2364 5204 lib.
2393 5149 2451 5216 2,
2483 5164 2598 5219 cap.
2630 5148 2690 5203 5i
2722 5147 2774 5219 );
2821 5146 2961 5217 quod
2994 5148 3342 5203 nihilominus

1758 5244 2063 5316 opusculum
2081 5242 2131 5296 in
2152 5240 2362 5297 excusis
2376 5239 2645 5295 codicibus
2666 5239 2888 5293 relatum
2918 5246 3001 5294 est
3028 5239 3164 5293 inter
3183 5240 3352 5309 ipsius

1757 5335 2008 5407 epistolas
2025 5332 2214 5408 (Epist.
2254 5328 2567 5403 l02).-lllud
2595 5328 2859 5384 scribendi
2888 5329 3219 5384 occasionem
3242 5330 3345 5398 ipsi

1758 5426 1983 5497 praebuit
2007 5437 2241 5494 paganus
2272 5420 2508 5491 quidam,
2555 5434 2712 5489 quem
2751 5433 2874 5474 cum
2897 5417 3089 5473 eximie
3119 5418 3342 5471 charum

1756 5516 1997 5582 haberet,
2011 5512 2358 5569 christianum
2376 5509 2487 5565 fieri
2502 5524 2823 5581 magnOpere
2837 5507 3079 5576 cupiebat
3093 5507 3109 5574 (
3117 5505 3339 5557 Retract.

1759 5610 1847 5664 lib.
1864 5609 1920 5670 2,
1938 5623 2054 5672 cap.
2073 5603 2185 5678 51).
2207 5602 2474 5673 Quasdam
2491 5602 2652 5657 etiam
2669 5600 2735 5654 ad
2749 5613 2870 5654 eum
2882 5598 3083 5651 litteras
3098 5592 3343 5661 dederat,

1760 5713 1859 5755 nec
1876 5708 2052 5753 tamen
2076 5697 2144 5751 ab
2167 5712 2233 5752 eo
2255 5694 2542 5765 quidquam
2570 5692 2635 5746 ad
2662 5691 2779 5745 illas
2804 5685 3041 5755 responsi
3061 5693 3344 5752 acceperat

1761 5790 1950 5856 (Epist.
1980 5786 2184 5857 10%,‘n.
2216 5785 2304 5854 l);
2342 5782 2558 5853 perinde
2577 5782 2725 5849 quasi
2760 5775 3023 5830 hominem
3064 5771 3323 5841 Augustin

2689 5868 2983 5949 (Dousa)
