3838 6270
501 339 607 400 387

505 454 698 510 tesimo
722 447 948 519 septimo
990 449 1046 500 ct
1085 441 1300 497 ineunte
1341 434 1863 510 quadringentesimo
1892 439 2080 487 octavo

502 547 703 618 potitus
731 547 831 594 est.

578 637 630 690 5.
672 632 780 688 Sub
808 631 909 685 hoc
929 638 1138 697 tempus
1165 623 1476 679 Vincentius
1503 616 1775 690 Rogatista
1800 615 1867 671 de
1890 614 2084 670 Catho-

503 729 624 787 licis
651 743 772 782 cum
813 724 1105 794 Augustino
1148 735 1242 789 per
1287 718 1489 770 litteras
1527 710 1910 782 expostulavit:
1939 716 2082 763 certe

503 820 719 892 quidem
750 833 854 870 non
885 813 1050 870 multo
1073 811 1272 874 serius;
1296 824 1419 863 nam
1452 807 1502 860 in
1527 803 1875 874 reSpousionc
1905 802 2081 870 Augu-

503 910 653 976 stini,
687 921 984 977 quanquam
1023 903 1226 974 prolixa
1267 915 1329 954 ac
1357 899 1424 953 de
1451 896 1753 952 secessione
1787 893 2085 947 Donatista-

503 1018 623 1058 rum
652 1000 806 1053 unice
830 1004 1041 1067 agente,
1076 993 1275 1047 nullum
1303 998 1476 1046 exstat
1502 988 1586 1042 vel
1612 986 1888 1041 minimum
1922 982 2084 1038 colla-

504 1093 668 1148 tionis
710 1085 1140 1157 Cartltagineusis
1183 1082 1480 1152 vestigium.
1532 1079 1796 1133 Praeterea
1845 1074 1910 1129 de
1951 1073 2085 1126 facta

504 1187 722 1245 cuilibet
747 1183 846 1239 sub
888 1184 1088 1238 exitum
1127 1179 1252 1235 anni
1295 1173 1802 1248 quadringentesimi
1845 1171 1969 1226 noni
2001 1185 2087 1239 po-

505 1286 700 1334 testate
733 1273 1026 1345 deligendae
1065 1270 1336 1341 religionis
1378 1277 1599 1333 tacetur,
1644 1263 1850 1318 tametsi
1893 1263 2086 1317 littera;

505 1369 614 1425 illa:
647 1370 697 1422 in
725 1364 1055 1421 defendenda
1088 1363 1260 1431 legum
1284 1376 1400 1430 qua:
1426 1359 1547 1414 lata:
1574 1357 1780 1410 fuerant
1803 1352 2087 1407 severitate

504 1468 634 1514 tota:
667 1467 965 1512 versentur.
996 1455 1088 1509 llis
1113 1453 1248 1507 adde
1276 1449 1416 1520 quod
1456 1447 1586 1502 nihil
1623 1447 1691 1500 ibi
1727 1445 1793 1499 de
1819 1442 2088 1498 Stiliconis

511 1550 782 1606 occisione
810 1548 1021 1618 legitur,
1054 1543 1185 1599 nihil
1222 1543 1289 1596 de
1336 1541 1398 1594 iis
1424 1555 1542 1609 qua:
1582 1535 1806 1592 subinde
1859 1535 2087 1588 circum-

504 1649 696 1712 agente
711 1655 770 1694 se
790 1653 929 1692 anno
946 1652 1102 1706 supra
1131 1630 1712 1704 quadringentesimum
1742 1634 1930 1680 octavo
1961 1639 2087 1680 eve-

503 1741 719 1787 nerunt.
750 1729 1056 1786 Vincentius
1082 1727 1169 1781 ille
1198 1724 1383 1794 Rogati
1427 1721 1730 1776 Donatianze
1767 1718 1932 1788 partis
1972 1715 2089 1786 epi-

503 1827 675 1892 scopi,
700 1839 728 1876 a
749 1837 852 1891 quo
877 1821 1172 1890 Rogatense
1199 1816 1427 1870 scbisma
1447 1811 1615 1886 (Cont.
1643 1809 1899 1874 Crescon.,
1920 1807 2008 1861 lib.
2031 1809 2086 1874 4,

503 1931 557 1968 η.
593 1912 705 1985 75),
731 1912 1101 1966 brevissimum
1128 1909 1354 1963 frustum
1382 1906 1448 1960 de
1483 1904 1682 1971 majore
1709 1901 1876 1954 frusto
1902 1899 2089 1969 prmci-

501 2019 620 2060 sum
635 2003 915 2075 est(Epist.
935 2003 1023 2067 93,
1046 2019 1098 2055 η.
1114 1999 1230 2062 24),
1253 1998 1529 2068 presbyter
1547 1994 1689 2064 prius
1702 1991 1755 2062 (1
1761 1993 1888 2055 bid.,
1907 2009 1958 2045 η.
1976 1993 2085 2061 47),

501 2103 632 2152 tunc
654 2112 782 2150 vero
807 2093 1059 2162 temporis
1086 2104 1362 2145 successor
1386 2095 1500 2143 erat
1531 2083 1716 2158 (Ibid.,
1736 2101 1789 2138 η.
1813 2085 1886 2148 1),
1910 2083 2090 2137 sedem

499 2203 652 2243 suam
691 2184 970 2241 Cartennis
997 2182 1324 2238 Mauritaniae
1368 2175 1724 2234 Caesareensis
1761 2175 1955 2245 oppido
1995 2174 2090 2228 lta-

498 2276 637 2333 hens
664 2275 846 2348 (Ibid.,
866 2292 918 2327 η.
937 2274 1048 2345 20).
1079 2273 1132 2325 ln
1162 2270 1337 2326 Africa
1361 2269 1472 2339 ipsa
1504 2277 1581 2321 tot
1600 2267 1710 2336 jam
1737 2274 1913 2334 partes
1941 2263 2092 2318 facta:

498 2380 648 2425 erant
681 2367 748 2422 de
792 2375 939 2436 parte
985 2363 1193 2428 Donati,
1225 2370 1284 2414 ut
1325 2375 1416 2416 eas
1443 2374 1549 2411 non
1580 2356 1697 2426 ipsi,
1730 2356 1775 2409 si
1804 2356 2094 2424 interroga-

496 2469 709 2520 rentur,
730 2457 1017 2511 Donatista:
1041 2460 1387 2509 recensercnt
1409 2449 1592 2519 (lbid.,
1611 2465 1663 2500 n.
1692 2445 1808 2518 25).
1831 2446 2093 2516 Rogaten-

499 2562 591 2604 ses
621 2561 803 2617 porro,
835 2562 957 2601 cum
999 2543 1281 2613 imperium
1325 2539 1609 2610 capessivit
1650 2537 1908 2600 Julianus,
1952 2535 2092 2606 quod

500 2642 603 2697 sub
623 2641 779 2695 linem
798 2639 923 2694 anni
947 2635 1300 2692 trecentesimi
1326 2632 1640 2703 scxagesimi
1668 2630 1823 2700 primi
1851 2628 2088 2698 contigit,

499 2733 738 2786 nondum
765 2729 1143 2807 desciveranta
1165 2724 1451 2780 Donatistis
1469 2721 1652 2794 (lbid.,
1679 2737 1733 2773 η.
1760 2718 1871 2790 12).
1901 2718 1983 2772 Ab
2010 2717 2092 2772 his

499 2829 680 2876 autem
699 2822 772 2876 illi
791 2820 858 2876 ob
874 2835 1022 2873 suam
1042 2819 1392 2873 defectionem
1413 2815 1544 2868 dura
1562 2811 1713 2866 valde
1730 2821 1886 2880 atque
1903 2808 2091 2865 acerba

501 2913 789 2983 pertulere.
818 2911 1000 2981 Neque
1016 2911 1158 2965 enim
1181 2907 1511 2977 jussiouibus
1538 2913 1739 2958 tantum
1764 2912 2092 2958 terrenarum

499 3012 823 3075 potestatum
848 3005 898 3056 in
924 3002 1202 3056 bmreticos
1227 3000 1386 3066 datis,
1411 2998 1504 3052 sed
1537 2999 1696 3051 etiam
1727 2997 1890 3050 Firmi
1921 2996 2090 3063 ducis,

501 3097 592 3167 qui
622 3110 762 3149 anno
793 3094 1168 3148 trecentesimo
1192 3089 1584 3160 septuagesimo
1611 3087 1844 3142 secundo
1870 3087 2096 3141 rebella-

500 3186 601 3248 vit,
636 3183 914 3255 tyrannide
961 3183 1028 3236 ad
1071 3180 1382 3235 eormndem
1434 3178 1826 3247 Rogatistarum
1874 3177 2093 3231 exitium

501 3276 656 3332 abusi
699 3283 823 3329 sunt
865 3273 1150 3328 Donatista:
1192 3271 1372 3341 (Cant.
1415 3270 1538 3323 Litt.
1573 3269 1828 3334 Petiliani,
1880 3267 1968 3322 lib.
2022 3267 2090 3334 2,

501 3383 559 3422 η.
608 3367 768 3432 184)ε
804 3380 938 3436 quos
967 3365 1037 3419 ob
1065 3379 1182 3418 eam
1213 3379 1326 3418 rem
1359 3361 1656 3416 Firmianos
1688 3361 1759 3414 illi
1790 3360 2096 3414 vocitabant

505 3458 698 3532 (Epist.
727 3458 816 3522 87,
859 3475 912 3510 η.
945 3456 1058 3528 10).
1103 3456 1336 3510 Mitiorcs
1365 3455 1578 3524 quidem
1622 3453 1787 3507 videri
1820 3452 1918 3521 ipsi
1945 3451 2094 3505 volc-

504 3549 654 3614 bant,
679 3559 835 3619 atque
853 3548 920 3602 ab
935 3558 1252 3602 exterarum
1273 3546 1664 3601 Donatistarum
1684 3545 1885 3599 saevitia
1902 3544 2096 3598 abhor-

503 3649 722 3696 rentes:
748 3648 802 3694 at
831 3639 932 3695 hoc
956 3656 1057 3694 non
1082 3647 1188 3692 tam
1217 3637 1519 3692 christiana:
1547 3635 1965 3691 mansuetudinis
1986 3643 2096 3689 stu-

509 3732 619 3798 dio,
644 3749 798 3804 quam
831 3742 968 3786 nota:
999 3733 1234 3802 ipsorum
1261 3731 1604 3786 imbecillitati
1631 3729 1966 3784 tribuendum
1994 3745 2095 3797 pu-

508 3831 587 3878 tat
621 3826 964 3893 Angnstinus.
1000 3822 1212 3889 Sa’vire,
1254 3823 1347 3887 ait,
1380 3838 1465 3876 vos
1494 3821 1629 3874 nolle
1658 3821 1970 3890 dicitis:ego
1997 3835 2096 3872 non

509 3931 655 3986 posse
681 3914 913 3968 arbitror.
946 3914 1030 3968 Ita
1055 3915 1185 3968 enim
1211 3915 1329 3968 estis
1365 3930 1574 3967 numero
1605 3913 1790 3983 exigui,
1824 3921 1878 3964 ut
1907 3925 2100 3965 movere

508 4023 594 4061 uos
622 4018 795 4060 contra
816 4006 1131 4060 adversarios
1167 4005 1304 4060 vobis
1335 4005 1677 4061 multitudines
1713 4023 1813 4060 non
1843 4007 2092 4077 audeatis,

508 4099 603 4152 etsi
637 4099 851 4162 cupiatis
896 4093 1223 4167 (Epist.‘95,
1271 4114 1326 4150 η.
1374 4098 1484 4165 ll).
1528 4097 1739 4152 Ponens
1791 4107 1967 4155 tamen
2005 4117 2098 4156 eos

509 4189 874 4258 evangelicum
907 4189 1242 4250 sententiam,
1277 4187 1335 4242 Si
1363 4189 1473 4256 quis
1513 4188 1598 4242 tibi
1637 4189 1846 4243 voluerit
1878 4193 2100 4247 tunicam

511 4278 708 4343 tollere,
732 4288 776 4332 et
782 4277 980 4347 judicio
1002 4287 1162 4330 tecum
1178 4276 1491 4342 contendere,
1515 4277 1707 4331 dimitte
1722 4281 1798 4332 illi
1817 4291 1864 4333 et
1887 4283 2100 4351 pallium

511 4367 728 4439 (Matth.
749 4383 802 4428 v.
824 4369 937 4440 40),
961 4369 1037 4422 sic
1055 4368 1368 4437 intelligere,
1388 4375 1446 4421 ut
1466 4371 1900 4438 persequentibus
1920 4389 1976 4427 se
1993 4389 2099 4428 non

514 4462 688 4517 solum
716 4462 856 4516 nulla
887 4461 1096 4531 injuria,
1127 4477 1313 4515 verum
1344 4461 1501 4515 etiam
1533 4463 1675 4516 nullo
1707 4463 1828 4533 jure
1849 4465 2103 4522 resisten-

516 4549 643 4606 dum
671 4562 884 4621 putent;
917 4552 1191 4607 contendit
1220 4553 1475 4623 Rogatum
1495 4569 1678 4608 eormn
1697 4566 1992 4625 auctorem,
2011 4543 2112 4614 aut.

517 4656 626 4696 non
661 4642 727 4695 ita
759 4643 1100 4708 intellexisse,
1122 4652 1212 4697 aut
1232 4653 1378 4698 certe
1403 4645 1542 4713 quod
1574 4645 1839 4702 intellexit
1863 4665 1968 4703 non
1996 4651 2101 4704 im-

517 4733 726 4802 plesse;
753 4733 947 4802 quippe
971 4734 1060 4802 qui
1086 4735 1153 4787 de
1179 4735 1492 4803 quibusdam
1517 4737 1697 4800 rebus,
1721 4755 1852 4808 quas
1879 4755 2002 4794 suas
2024 4741 2102 4796 illi

517 4825 782 4891 dicerent,
825 4826 1080 4879 acerrima
1109 4828 1524 4895 perseverantia,
1565 4830 1725 4884 etiam
1766 4830 1964 4887 forensi
1991 4832 2101 4888 dis-

519 4915 820 4986 ceptatione
877 4915 1192 4969 eontlixerit.
1265 4917 1521 4972 Relictum
1565 4919 1632 4974 ab
1670 4937 1735 4974 eo
1776 4925 2100 4994 gregiculum

522 5003 716 5074 (Epist.
759 5004 848 5070 95,
890 5021 943 5058 n.
974 5003 1065 5076 49)
1104 5007 1243 5074 apud
1287 5008 1578 5064 Cartennas
1607 5019 1659 5064 et
1689 5013 1942 5068 viciniora
1984 5016 2100 5070 loca

521 5098 743 5156 curabat
770 5097 1095 5164 Vincentius,
1139 5115 1258 5155 cum
1290 5116 1480 5156 novem
1508 5103 1620 5157 sive
1659 5103 1844 5160 decem
1885 5107 2102 5179 collegis

518 5199 575 5244 et
601 5192 1138 5262 consortibus(lbid.,
1169 5211 1221 5247 n.
1250 5194 1458 5266 20-22).

594 5282 648 5335 4.
693 5281 740 5336 Is
764 5283 1109 5352 Augustinum
1136 5285 1531 5340 adolescentem
1559 5297 1611 5341 et
1641 5288 1957 5357 Carthagine
1985 5299 2099 5345 stu-

517 5371 622 5426 diis
673 5373 1086 5440 incntnbentetn,
1131 5376 1253 5430 vivo
1291 5376 1465 5430 adhuc
1512 5377 1737 5446 Rogato,
1782 5391 2104 5447 cognoverat

519 5463 706 5536 (Ibid,
723 5482 809 5518 nn.
835 5467 886 5529 l,
900 5467 1007 5536 51).
1025 5466 1138 5520 .lam
1155 5477 1278 5521 tunc
1289 5467 1736 5520 animadverterat
1759 5469 1898 5535 pacis
1913 5469 1966 5523 in
1990 5470 2104 5540 ipso

519 5569 584 5609 ac
614 5556 903 5613 honestatis
933 5575 1203 5624 amorem;
1228 5574 1456 5629 cumque
1475 5558 1624 5610 illum
1646 5570 1886 5628 suscepta
1908 5560 2101 5619 Christi

521 5646 776 5714 religione
819 5649 984 5704 Sacris
1027 5650 1244 5704 Litteris
1290 5664 1490 5704 navare
1531 5664 1745 5718 operam
1779 5654 2095 5720 rescivissct,

523 5734 849 5790 existimavit
875 5741 1039 5795 multo
1069 5755 1230 5810 quam
1268 5747 1424 5796 antea
1470 5739 1637 5810 magis
1673 5741 1866 5810 quietis
1890 5744 2099 5804 avidum

1638 315 1799 375 VlTA
1837 314 1896 372 S.
1938 305 2302 369 ADGUSTINI
2339 304 2658 365 EPlSCOPl.
3616 323 3693 383 ω

2190 433 2244 480 et
2266 433 2627 495 appetentem,
2658 435 2867 478 necnon
2895 422 2965 478 ab
3000 424 3144 480 omni
3166 424 3415 485 violenter
3437 435 3598 502 agendi
3625 456 3690 496 η.

2189 518 2332 572 tione
2347 518 2576 572 alienum
2600 531 2739 572 esse.
2761 515 3018 583 Quocirca
3040 517 3108 574 de
3131 521 3420 586 severitate,
3439 539 3545 594 qua:
3560 530 3602 584 in
3619 531 3695 589 Do-

2189 610 2409 664 natistas
2433 609 2692 679 perleges
2717 609 2960 678 precibus
2989 613 3351 681 episcoporum
3379 617 3692 682 catholicorum

2190 699 2340 754 datas
2361 699 2732 766 exercebatur,
2774 699 2986 769 scripsit
3019 699 3086 754 ad
3124 703 3483 772 Augustinum,
3523 723 3692 770 conten-

2189 791 2323 849 dens
2347 792 2413 847 ad
2439 792 2858 863 amplectendam
2871 794 3128 862 justitiam
3145 804 3197 850 et
3213 797 3452 854 unitatem
3467 807 3694 872 cogendum

2191 899 2309 939 esse
2334 884 2598 938 nemiuem
2625 882 2814 954 (Ibid.,
2854 901 2942 938 nn.
2980 885 3035 950 5,
3077 886 3200 957 l4):
3227 888 3469 946 adversus
3512 893 3694 956 inimicos

2191 977 2579 1032 communionis
2601 986 2818 1040 nostrae,
2842 977 3088 1048 querelas
3111 977 3412 1048 Imperatori
3437 983 3604 1042 deferri
3622 990 3694 1046 illi-

2192 1068 2354 1124 citum
2373 1068 2556 1140 (Ibid.,
2583 1086 2639 1125 n.
2665 1069 2755 1141 15)
2775 1086 2788 1122 :
2811 1083 2983 1140 neque
3011 1069 3062 1123 in
3093 1068 3408 1142 Evangeliis,
3435 1091 3581 1147 neque
3599 1079 3696 1150 apud

2193 1160 2475 1229 Apostolos
2497 1161 2619 1231 legi,
2637 1161 2922 1231 quidquam
2943 1175 2973 1214 a
2997 1162 3222 1217 terrenis
3243 1163 3548 1234 principibus
3561 1181 3694 1227 contra

2193 1252 2448 1308 Ecclesiae
2476 1253 2807 1309 adversarios
2837 1252 2997 1308 fuisse
3023 1255 3340 1324 postulatum
3368 1254 3536 1329 (lbid.,
3563 1279 3606 1315 n.
3633 1265 3693 1334 l);

2193 1363 2299 1402 non
2342 1347 2629 1416 contigisse
2670 1346 2976 1417 aliquando,
3019 1356 3081 1402 ut
3109 1348 3471 1418 Apostolorum
3504 1352 3695 1424 quapiam

2193 1439 2246 1493 in
2275 1439 2476 1493 alienas
2503 1439 2740 1494 fortunas
2767 1437 2868 1492 sub
2894 1438 3114 1494 obtentu
3145 1438 3268 1494 lidei
3295 1441 3544 1498 invaderet
3565 1443 3695 1514 (Ibid,

2193 1546 2247 1582 η.
2275 1529 2362 1599 11)
2384 1546 2398 1582 :
2425 1539 2477 1584 et
2497 1529 2693 1601 alioqui
2719 1529 2997 1585 violentias
3018 1529 3136 1584 illas
3156 1530 3206 1584 in
3233 1547 3469 1601 magnam
3496 1535 3696 1591 hominum

2194 1631 2398 1692 partem
2431 1622 2695 1676 incassum
2717 1621 2955 1675 adhiberi
2978 1619 3164 1694 (Ibid,
3194 1639 3248 1676 η.
3279 1623 3366 1693 3);
3395 1639 3455 1678 ac
3487 1626 3695 1693 veren'sc,

2194 1728 2264 1768 ne
2287 1713 2406 1767 hinc
2429 1714 2602 1782 potius
2624 1728 2814 1768 nomen
2838 1711 2930 1767 Dei
2951 1728 2981 1766 a
3001 1711 3198 1766 Judzeis
3217 1721 3273 1767 et
3293 1712 3504 1784 Paganis
3519 1715 3691 1786 blaspbe

2193 1813 2368 1861 metur
2390 1803 2440 1876 (1
2447 1805 2570 1872 bid.,
2595 1823 2652 1859 η.
2680 1804 2795 1877 26).
2827 1804 3099 1872 Ecclesizr,
3122 1812 3182 1860 ut
3203 1805 3255 1859 in
3273 1805 3450 1862 orbem
3471 1808 3692 1866 universum

2193 1911 2407 1967 semper
2433 1905 2702 1952 cresceret
2725 1912 2787 1951 ac
2811 1896 3138 1960 dilataretur,
3167 1897 3352 1952 datum
3382 1901 3690 1968 negabat;eam
3778 1925 3779 1930 π

2194 1999 2376 2044 contra
2399 2003 2712 2044 asseverans
2737 2003 2892 2059 posse
2919 1989 2973 2043 in
3007 1989 3214 2058 reliquo
3239 1997 3487 2046 terrarum
3511 1993 3612 2050 orbe
3632 2010 3694 2048 et-
3778 1989 3779 2048 ἶ

2193 2079 2462 2146 stiuctam,
2494 2095 2596 2134 una
2627 2079 2678 2134 in
2706 2081 2922 2150 regione
2948 2080 3147 2135 servari
3169 2079 3359 2151 (Ibid.,
3385 2099 3434 2137 n.
3458 2083 3566 2154 2|):
3587 2101 3694 2156 quam
3778 2079 3779 2086 “

2194 2171 2247 2226 in
2280 2187 2391 2227 rem
2425 2172 2589 2227 Hilari
2617 2172 2978 2228 testimonium
3005 2173 3330 2244 proferebat,
3352 2176 3551 2231 Asianas
3568 2176 3696 2233 decem

2195 2263 2494 2333 provincias
2523 2279 2589 2318 ex
2620 2263 2806 2332 majori
2840 2273 2986 2331 parte
3028 2281 3152 2320 vere
3195 2265 3364 2321 Deum
3401 2269 3578 2322 nescire
3607 2269 3695 2322 scri-

2194 2351 2572 2422 hentis(1bid.,
2588 2371 2676 2408 nn.
2701 2354 2790 2420 51,
2810 2352 2922 2428 32).
2941 2355 3235 2425 Pugnabat,
3259 2372 3374 2413 eam
3391 2369 3564 2428 partem
3579 2358 3618 2412 in
3631 2373 3696 2430 qua

2194 2444 2327 2500 ﬁdes
2374 2445 2660 2516 religioque
2689 2446 2976 2501 christiana
3014 2447 3189 2514 ﬂoret,
3220 2449 3266 2503 si
3295 2465 3411 2504 eum
3447 2459 3542 2506 toto
3561 2450 3697 2505 mundo

2194 2546 2554 2606 comparetur,
2585 2537 2846 2591 modicam
2878 2537 3045 2594 videri
3074 2537 3262 2612 (lbitl.,
3293 2557 3344 2596 η.
3381 2540 3496 2612 22);
3529 2540 3697 2609 adeoque

2193 2629 2484 2683 Catholica:
2532 2645 2728 2684 nomen
2770 2645 2874 2684 non
2921 2645 2985 2685 ex
3029 2632 3191 2686 totius
3231 2633 3374 2688 orbis
3413 2634 3698 2689 communione

2198 2722 2685 2790 interpretabatur,
2730 2722 2825 2778 sed
2878 2739 2945 2778 ex
2984 2724 3356 2782 observatione
3401 2734 3697 2796 praceptorum

2196 2813 2431 2867 omnium
2448 2813 2747 2868 divinorum
2765 2823 2920 2884 atque
2932 2815 3165 2869 omnium
3177 2815 3601 2872 Sacrameutorum
3612 2833 3622 2868 :
3633 2830 3699 2885 quo

2195 2904 2275 2958 sic
2299 2905 2544 2961 videlicet
2572 2905 2860 2976 Rogatensi
2886 2908 3155 2977 particulae
3183 2926 3298 2965 suae
3336 2911 3527 2966 titulum
3561 2910 3696 2964 Catho-

2195 2995 2312 3051 licae
2351 3007 2623 3068 arrogaret
2656 2997 2853 3069 (lbid.,
2893 3016 2979 3052 nn.
3009 2999 3100 3068 25,
3136 3000 3252 3073 49).
3291 3001 3583 3072 Baptismum
3599 3011 3696 3056 extra

2195 3087 2489 3145 Ecclesium
2521 3089 2970 3159 administratum,
3003 3094 3208 3148 nullum
3237 3109 3356 3150 esse
3380 3095 3611 3166 arguebat,
3627 3101 3698 3146 tum

2195 3191 2429 3251 martyre
2438 3181 2513 3252 Cy
2520 3181 2702 3250 priano
2715 3190 2868 3248 teste,
2885 3192 2994 3238 tum
3008 3183 3171 3253 ipsius
3183 3183 3459 3241 decessore
3469 3182 3698 3254 Agrippino;

2195 3279 2251 3326 et
2273 3271 2470 3326 debere
2496 3279 2617 3342 post
2641 3272 2920 3328 haereticos
2936 3274 3184 3344 baptizari
3219 3274 3398 3346 (Ibid.,
3421 3293 3500 3331 nn.
3521 3276 3592 3339 35,
3615 3272 3697 3339 56):

2197 3363 2337 3418 Nam
2350 3373 2396 3419 et
2410 3373 2520 3433 post
2534 3364 2804 3430 Joannem,
2819 3366 3014 3432 aiebat,
3028 3367 3302 3438 baptizavit
3323 3367 3504 3422 Paulus
3515 3362 3700 3437 apouollt

2201 3454 2252 3528 (1
2258 3455 2387 3520 bid.,
2410 3473 2461 3508 η.
2490 3456 2603 3526 47).
2620 3457 3016 3524 Sciscitabatnr,
3035 3474 3137 3528 qua
3152 3458 3223 3513 de
3239 3474 3416 3527 causa,
3435 3461 3474 3514 si
3489 3455 3636 3513 Donati
3649 3469 3701 3508 se-

2197 3555 2428 3602 ctatores
2448 3561 2674 3616 nequam
2693 3555 2851 3617 atque
2879 3548 3109 3603 han-elici
3127 3559 3301 3615 erant,
3322 3558 3460 3604 tanto
3476 3559 3616 3603 tamen
3627 3552 3700 3598 stu-

2197 3638 2286 3693 dio
2301 3647 2664 3709 quaererentur
2682 3654 2711 3691 a
2730 3638 3034 3705 Catholicis,
3056 3650 3107 3694 et
3125 3641 3244 3696 sine
3264 3641 3546 3697 difﬁcultate
3559 3636 3701 3691 ullam.

2199 3729 2502 3799 ciperentur
2527 3727 2709 3798 (Ibid.,
2738 3747 2789 3783 n.
2815 3729 2922 3802 46).
2947 3730 3070 3786 Haec
3097 3733 3322 3802 epistola
3346 3732 3409 3787 ad
3436 3727 3700 3800 Augustinum

2199 3839 2296 3894 per
2324 3823 2640 3878 catholicum
2669 3824 2839 3879 virum
2860 3825 2956 3894 ipsi
2977 3825 3138 3894 probe
3154 3828 3420 3898 cognitum
3443 3823 3607 3895 perlata
3621 3827 3699 3874 est:

2201 3925 2522 3986 quapropter
2537 3929 2657 3968 cum
2684 3916 2860 3970 nullus
2879 3924 3020 3971 esset
3039 3916 3313 3971 dubitandi
3342 3917 3497 3981 locus,
3511 3911 3611 3982 quin
3625 3922 3700 3964 eam

2202 4005 2503 4074 scripsisSet
2533 4003 2842 4060 Vincentius
2875 4005 3144 4076 Rogatista
3166 4047 3182 4072 ,
3217 4022 3369 4062 suum
3397 4007 3440 4061 ei
3471 4007 3700 4072 responsum

2202 4095 2346 4151 misit
2367 4094 2549 4168 (lbid.,
2569 4115 2620 4150 n.
2642 4097 2721 4166 1);
2743 4106 2902 4168 atque
2927 4097 2978 4152 id
3006 4098 3218 4168 quidem
3242 4100 3368 4154 satis
3395 4096 3609 4164 amplum,
3633 4102 3701 4142 non

2203 4195 2309 4241 tam
2354 4186 2424 4242 de
2464 4188 2719 4242 Vincentii
2764 4188 2942 4242 animo
2984 4189 3254 4258 cogitans,
3286 4201 3435 4258 quam
3463 4185 3523 4239 de
3547 4180 3703 4237 utilitate

2203 4292 2411 4341 eorum,
2437 4293 2466 4331 a
2483 4278 2672 4348 quibus
2692 4276 2911 4332 forsitan
2929 4293 3048 4333 cum
3073 4279 3165 4333 Dei
3187 4281 3372 4334 timore
3396 4273 3629 4345 legendum
3647 4280 3702 4322 cs-

2204 4376 2313 4434 set;
2331 4382 2394 4422 ac
2411 4367 2639 4422 futurum
2657 4383 2897 4438 sperans,
2920 4378 3053 4424 utex
3075 4369 3184 4434 illo,
3206 4369 3251 4423 si
3273 4368 3439 4423 minus
3455 4359 3700 4418 Vincentius.

2205 4461 2393 4515 saltem
2409 4461 2496 4515 alii
2517 4459 2743 4516 fructum
2766 4461 2996 4530 aliquem
3021 4462 3354 4531 perciperent
3377 4457 3542 4529 (Ibid,
3566 4469 3606 4506 η.
3627 4445 3699 4512 55)-

2842 4555 3016 4611 CAPU
3025 4555 3065 4609 Τ
3097 4554 3160 4609 V.

2209 4648 2234 4701 1
2266 4647 2491 4702 Melania
2514 4648 2680 4702 senior
2703 4647 2756 4701 in
2777 4647 3004 4718 Africam
3031 4647 3179 4701 venit.
3206 4646 3242 4700 2
3277 4643 3560 4716 Augustinus
3588 4629 3703 4690 sail!“

2275 4739 2344 4792 ad
2369 4738 2682 4805 Paulinum,
2708 4756 2741 4792 a
2767 4756 2863 4810 quo
2889 4739 3102 4793 vicissim
3127 4737 3316 4792 litteras
3343 4733 3525 4803 accipit.
3548 4729 3577 4784 3
3598 4723 3704 4780 Cald-

2277 4832 2523 4884 mensium
2550 4829 2937 4884 idololatrarum
2961 4829 3225 4884 insolentia
3253 4839 3300 4882 et
3332 4824 3560 4898 ferocitas.
3584 4817 3610 4871 ι
3628 4812 3702 4866 At"

2275 4921 2534 4992 gustinum
2561 4919 2833 4976 Nectarius
2859 4937 2950 4992 pro
2979 4922 3078 4975 reis
3109 4915 3474 4976 Calamansibus
3505 4910 3591 4967 suis
3624 4898 3704 4956 ἀεί’

2280 5013 2370 5064 bus
2396 5012 2708 5080 deprecatur.
2735 5012 2770 5066 5
2791 5011 2981 5065 Eorum
3010 5009 3072 5064 ob
3094 5009 3254 5064 scelus
3270 5011 3319 5062 in
3339 5007 3497 5060 aulam
3509 5016 3554 5054 se
3564 4993 3701 5062 confert

2277 5102 2564 5158 Possidius.
2592 5102 2626 5158 6
2656 5101 2877 5156 Paulino
2906 5100 3129 5156 rescribit
3157 5099 3473 5169 Augustinus.
3495 5093 3521 5146 7
3546 5087 3698 5142 Νεεποπ

2279 5195 2334 5248 M
2341 5196 2498 5250 emori
2522 5197 2778 5266 episcopo,
2801 5196 2884 5248 cui
2901 5205 3095 5249 sextum
3117 5209 3178 5248 ea:
3201 5190 3335 5245 libris
3359 5187 3456 5242 suis
3481 5183 3534 5235 de
3560 5171 3703 5231 Muri“

2276 5289 2446 5342 mittit.
3597 5357 3605 5361 _
3654 5353 3662 5361 .

2280 5383 2332 5438 l.
2361 5383 2585 5438 Melania
2614 5381 2793 5436 senior
2817 5395 2909 5434 seu
2937 5378 3074 5440 avia,
3103 5387 3334 5432 matrona
3359 5366 3485 5441 apud
3519 5357 3703 5417 ecclesia-
3730 5390 3739 5398 .

2208 5473 2370 5529 sticos
2399 5475 2688 5544 scriptores
2713 5460 3150 5535 celebratissima,
3181 5469 3394 5523 Romam
3429 5467 3537 5512 ante
3557 5447 3702 5515 aliqu“

2209 5580 2400 5632 annos,
2435 5575 2555 5634 post
2585 5565 2880 5619 traductum
2913 5562 2963 5616 in
2993 5561 3205 5616 Oriente
3246 5549 3572 5623 longissimum
3603 5547 3700 5591 tem-

2210 5658 2352 5726 poris
2399 5659 2647 5726 spatium,
2679 5655 2927 5715 redierat,
2958 5666 3076 5704 cum
3122 5649 3217 5702 iter
3256 5646 3305 5700 in
3342 5640 3545 5697 Africam

2210 5722 2285 5817 pit
2308 5765 2320 5802 :
2349 5722 2457 5817 ubi,
2477 5763 2576 5817 qua
2605 5744 2967 5800 moderatione
2994 5740 3131 5794 unici
3157 5736 3248 5794 lilii
3272 5741 3478 5790 mortem
3501 5722 3700 5781 mstiti”
