3858 6396
196 400 286 461 ω
1494 389 1700 448 LIBER
1736 389 2022 459 SEXTUS.

191 517 268 579 rit,
281 509 416 569 testis
428 506 521 565 fuit
541 505 853 578 Augustinus
865 502 1092 576 (Paulin.
1112 504 1253 575 apud
1268 503 1481 578 August.
1491 545 1509 573 ,
1535 502 1701 575 Epist.

190 608 266 676 9i,
285 622 335 662 ιι.
354 603 427 675 2).
454 600 591 658 Haud
613 615 742 659 sane
766 598 1016 666 videmus,
1047 612 1151 670 qua
1182 596 1235 654 id
1278 597 1483 653 ratione
1516 596 1703 653 referri

187 709 324 775 queat
357 698 407 754 in
444 696 571 754 idem
603 696 773 765 ipsum
805 703 1024 765 tempus,
1052 706 1160 764 quo
1181 691 1373 748 Albina
1398 692 1513 763 ejus
1540 705 1703 747 nurus

184 807 243 850 eo
280 803 389 847 cum
432 787 659 844 universa
706 783 901 842 familia
944 783 1168 854 trajecit,
1204 792 1455 854 vergente
1500 785 1702 840 scilicet

182 900 304 941 anno
320 878 809 955 quadringentesimo
828 876 1052 933 decimo.
1073 874 1206 932 Nam
1230 876 1277 931 si
1301 876 1442 932 illius
1462 876 1698 947 ejusdem

182 974 393 1032 Melania
416 970 660 1029 Publicola
688 969 849 1025 etiam
881 977 991 1024 tum
1024 968 1079 1023 in
1107 967 1241 1022 vivis
1267 968 1482 1037 egisset,
1510 968 1698 1024 Albina

179 1069 299 1123 illius
323 1081 440 1121 uxor
456 1080 565 1121 eam
593 1063 789 1134 potius,
816 1076 974 1133 quam
1015 1059 1178 1116 ﬁliam
1216 1059 1490 1116 Melaniam
1520 1060 1699 1133 junio-

180 1174 296 1225 rem,
319 1166 401 1213 aut
416 1156 677 1214 Piniauum
696 1169 952 1227 generum
968 1154 1218 1209 comitata
1242 1164 1402 1211 esset.
1430 1154 1696 1212 Prteterea

184 1250 423 1311 Publicola
451 1249 645 1307 obitum
674 1254 891 1304 secutus
932 1254 1015 1303 est
1046 1244 1378 1303 Calamensis
1415 1247 1690 1315 tumultus,

177 1348 251 1403 cui
274 1358 449 1402 eam
473 1350 588 1414 post
617 1355 816 1395 annum
849 1338 1427 1412 quadringentesimum
1452 1350 1695 1397 octavum

171 1440 323 1495 datam
344 1437 517 1494 nullam
543 1432 1011 1506 deprehendimus.
1041 1435 1214 1504 Atque
1242 1434 1341 1488 ista
1367 1432 1579 1504 quidem
1609 1448 1695 1488 ra-

170 1531 233 1586 tio
271 1529 513 1602 prohﬂiet,
545 1525 827 1599 quominus
873 1534 1102 1581 mortem
1146 1522 1431 1579 Publicolae
1469 1524 1522 1579 in
1569 1524 1693 1579 anni

168 1619 613 1693 quadringentesimi
648 1617 843 1674 decimi
884 1617 1084 1672 exitum
1113 1616 1523 1684 rejiciamuszat
1557 1630 1694 1686 prae-

168 1722 238 1768 ter
262 1711 387 1767 hanc
408 1711 494 1766 alia
520 1719 600 1766 est
626 1709 800 1765 adhuc
828 1708 1075 1775 validior,
1109 1706 1251 1778 quod
1284 1721 1473 1777 nempe
1501 1706 1693 1763 seditio

167 1801 241 1858 illa
264 1800 555 1858 Calamensis
587 1799 828 1856 kalendis
858 1798 1021 1870 juniis
1045 1807 1100 1854 et
1125 1806 1277 1854 sexto
1302 1796 1420 1853 idus
1452 1797 1692 1868 ejusdem

168 1894 344 1951 mensis
383 1894 597 1951 Possidio
636 1901 898 1965 praesente
937 1892 1194 1963 contigit:
1217 1908 1323 1946 non
1355 1892 1513 1962 igitur
1549 1905 1692 1947 anno

169 1985 627 2057 quadringentesimo
653 1985 957 2050 undecimo,
981 2001 1086 2055 quo
1113 1983 1386 2039 Possidius
1411 1983 1689 2055 Carthagi-

177 2077 311 2130 nensi
342 2076 568 2130 collationi
611 2075 800 2131 iisdem
847 2076 1004 2146 plane
1041 2074 1230 2130 diebus
1271 2073 1545 2130 intererat.
1580 2075 1690 2133 Nec

176 2167 319 2221 etiam
340 2168 577 2222 tumultum
597 2167 742 2223 illum
768 2181 912 2222 anno
936 2166 1455 2238 quadringentesimo
1477 2167 1690 2224 decimo

172 2258 410 2314 collocare
431 2259 562 2323 licet;
587 2260 793 2330 quando
820 2276 917 2331 per
949 2259 1005 2316 id
1047 2269 1255 2330 tempus
1298 2259 1385 2315 lex
1426 2261 1565 2315 nulla
1597 2259 1692 2316 ad-

170 2363 333 2406 versus
350 2349 576 2407 Ethnicos
608 2366 803 2408 recens
827 2360 944 2406 erat
980 2352 1337 2422 promulgata;
1363 2367 1481 2407 cum
1510 2359 1689 2408 tamen

160 2443 313 2499 scelus
336 2453 497 2499 contra
524 2444 918 2500 recentissimas
942 2445 1089 2515 leges
1115 2444 1312 2500 factum
1338 2444 1480 2499 dicat
1506 2445 1687 2514 Angu-

161 2535 305 2591 stinus
326 2534 499 2608 (Epist.
526 2538 615 2603 91,
646 2554 700 2592 n.
726 2537 807 2608 8).
825 2538 906 2593 Ac
932 2537 1047 2607 ipse
1074 2538 1284 2608 quidem
1316 2539 1553 2608 proxime
1571 2546 1690 2608 post

158 2626 256 2680 illas
293 2627 457 2684 turbas
492 2628 810 2701 Carthagine
837 2629 1087 2686 hiemavit
1116 2628 1307 2704 (Epist.
1334 2631 1457 2698 12!,
1486 2647 1600 2703 cap.
1631 2631 1684 2700 3,

160 2733 202 2770 ι.
222 2715 320 2790 ll);
339 2734 449 2774 cum
466 2729 643 2775 contra
660 2720 911 2785 hiemem,
927 2736 1046 2792 quae
1064 2736 1204 2776 anno
1223 2721 1681 2792 quadringentesi-

160 2820 231 2862 Μ
247 2808 430 2864 decimo
445 2810 623 2880 ctepit,
648 2810 891 2883 Hippone
913 2811 1202 2867 traduxerit
1227 2811 1416 2884 (Epist.
1443 2813 1564 2876 124,
1589 2831 1680 2869 nn.

159 2897 284 2968 l,2).
297 2899 418 2967 Quid
441 2902 512 2957 sit
529 2917 722 2968 causae,
750 2917 847 2957 cur
870 2902 1173 2973 prmdictam
1200 2903 1514 2959 seditionem
1546 2920 1687 2961 anno

162 2990 625 3065 quadringentesimo
659 3004 852 3050 octavo
893 3009 1173 3065 ponamus,
1218 3010 1324 3049 non
1353 3004 1529 3050 autem
1556 3012 1686 3066 qua-

159 3081 517 3155 dringentesimo
526 3100 692 3151 nono,
710 3101 741 3140 a
759 3085 912 3141 nobis
925 3093 1106 3156 postea
1120 3085 1487 3155 explicabitur.
1510 3085 1683 3157 ipsam

158 3186 267 3227 anno
288 3176 641 3231 trecentesimo
667 3175 1014 3246 nonagesimo
1039 3189 1181 3230 nono
1199 3175 1484 3247 contigisse
1504 3186 1690 3232 auctor

160 3273 221 3319 est
242 3265 472 3322 Baronius
494 3284 508 3321 :
530 3276 583 3322 at
608 3276 807 3339 prseter
828 3277 1139 3337 argumenta
1164 3266 1357 3338 quibus
1385 3282 1447 3322 ea
1473 3276 1690 3323 senten-

160 3355 214 3410 tia
227 3355 559 3427 labefactatur,
583 3372 828 3414 asserere
838 3357 991 3413 nobis
1007 3357 1144 3413 haud
1159 3358 1421 3429 integrum
1433 3366 1531 3424 est,
1547 3372 1689 3413 anno

159 3450 481 3506 trecentesimo
505 3450 853 3522 nonagesimo
876 3461 1084 3515 octavo,
1114 3449 1170 3505 in
1207 3449 1440 3505 Africam
1479 3453 1689 3508 venisse

160 3535 405 3596 Melania.
428 3540 632 3598 Verum
662 3541 747 3598 bis
773 3541 1030 3613 majorem
1058 3542 1229 3598 lucem
1254 3542 1424 3597 series
1453 3540 1689 3599 historiae

164 3624 345 3683 allatura
357 3639 445 3686 est.

216 3718 261 3775 2ο
282 3720 379 3793 ipsa
402 3725 640 3781 fortassis
664 3720 899 3781 Melania
914 3724 971 3781 in
996 3724 1228 3781 Africam
1251 3725 1468 3781 veniens
1507 3727 1687 3798 Augu-

153 3810 269 3869 stino
282 3829 441 3872 secum
471 3816 647 3872 attulit
669 3816 873 3871 Paulini
900 3815 1101 3872 litteras
1125 3820 1330 3886 priores
1357 3817 1472 3871 illas
1496 3816 1688 3888 quibus

152 3913 407 3962 mentem
432 3907 727 3964 Publicolae
764 3908 1016 3963 virtutem
1052 3907 1159 3977 jam
1205 3906 1415 3963 abunde
1442 3907 1689 3964 laudave-

152 4001 521 4069 rat,anteqnam
569 3997 851 4069 epistolam
892 3996 1064 4053 eidem
1111 3997 1327 4053 ineunte
1373 4013 1515 4052 anno
1558 4014 1688 4068 qua-

152 4079 519 4156 dringentesimo
545 4099 739 4144 octavo
764 4089 1053 4154 scriberet,
1080 4104 1198 4157 quae
1226 4088 1429 4154 incipit,
1458 4088 1687 4143 Lucerna

154 4179 624 4247 meupedibus
663 4179 789 4233 nteis
834 4178 1035 4233 verbum
1071 4187 1214 4231 tuum
1249 4176 1437 4251 (Epist.
1468 4178 1578 4250 94).
1619 4179 1687 4234 Et

156 4263 326 4335 una
360 4269 685 4326 Publicolam
709 4270 763 4324 in
790 4269 966 4324 Africa
994 4271 1288 4324 excessisse
1327 4270 1546 4324 minime
1579 4279 1689 4325 tra-

155 4353 291 4413 ditum
323 4357 576 4429 habetur;
604 4368 815 4417 constat
860 4359 1053 4427 solum,
1091 4359 1165 4427 id,
1209 4359 1334 4415 dum
1372 4367 1541 4414 mater
1571 4361 1687 4429 ejus

151 4444 309 4504 ibidem
325 4462 642 4518 versaretur,
663 4451 928 4507 evenisse.
950 4452 1092 4519 Quas
1114 4453 1374 4523 lacrymas
1392 4452 1513 4507 huic
1528 4454 1685 4508 morti

149 4533 318 4594 dederit
354 4541 455 4610 illa,
500 4557 663 4613 quam
703 4542 838 4612 pias,
878 4556 1144 4612 quamque
1193 4543 1510 4606 moderatas.
1556 4544 1687 4599 vidit

156 4624 456 4699 humilius;
495 4649 597 4690 nec
624 4642 926 4705 temperare
951 4634 1049 4689 sibi
1079 4634 1267 4704 potuit.
1290 4636 1416 4705 quin
1442 4651 1502 4691 ea
1528 4636 1596 4692 de
1624 4653 1684 4692 re

152 4720 213 4776 ad
243 4714 487 4785 Paulinum
531 4729 811 4793 scriberet,
855 4728 1013 4798 eique
1059 4728 1401 4799 significaret,
1429 4730 1528 4783 sibi
1577 4745 1684 4785 non

147 4816 405 4876 “Invideri
433 4820 720 4876 Melanium
743 4820 886 4875 unici
921 4818 1011 4874 lilii
1042 4827 1266 4875 mortem
1299 4821 1498 4889 lugere,
1525 4834 1683 4890 quam

143 4903 255 4971 illud
275 4909 497 4965 nondum
522 4911 569 4963 is
590 4909 802 4976 penitus
830 4909 1141 4964 surcularem
1169 4924 1415 4978 pompam
1444 4924 1506 4964 ac
1532 4911 1682 4965 vani-

146 4998 551 5070 mabjecissct
573 5001 759 5073 (Ibid.,
779 5018 867 5056 nn.
884 5001 941 5067 2,
963 5002 1045 5073 5).
1070 5001 1240 5057 Simul
1254 5018 1317 5056 ex
1339 5004 1526 5058 eodem
1544 5004 1682 5058 Pau-

143 5079 230 5142 ho
247 5091 623 5158 sciscitabatur,
651 5108 939 5163 qnamnam
964 5093 1239 5148 beatorum
1267 5104 1386 5163 post
1414 5106 1683 5165 resumpta

143 5177 326 5250 ωτιοτό
341 5180 569 5241 futuram
594 5185 650 5240 in
664 5185 800 5240 calo
814 5186 1079 5240 actio‘nem
1098 5193 1307 5254 putaret
1322 5186 1373 5259 (1
1378 5187 1506 5254 bid.,
1531 5206 1583 5242 η.
1603 5188 1680 5261 4).

143 5260 501 5333 eueneﬁam
528 5276 722 5346 agebat
748 5274 817 5331 de
858 5275 999 5330 felici
1034 5276 1125 5330 illo
1154 5277 1266 5331 otio
1293 5278 1358 5331 ad
1390 5260 1687 5349 percipien-

141 5352 241 5415 (1³·
275 5364 354 5421 vel
386 5366 755 5423 disserendum
784 5366 1128 5423 christianam
1157 5370 1471 5438 sapientiam
1502 5387 1686 5427 neces-

140 5442 402 5524 ..Μ’ῳο
419 5455 723 5523 Paulinum,
761 5458 914 5526 cujus
946 5446 1141 5513 tamen
1162 5458 1497 5515 incredibiles
1521 5476 1683 5517 occu~

140 5535 344 5606 Μ
386 5550 589 5617 ’postea
616 5552 622 5557 ”
653 5548 859 5614 didicit,
910 5558 1023 5604 tum
1072 5551 1302 5621 gaudere
1353 5553 1687 5609 existimabat

144 5624 305 5702 (M.
328 5636 421 5703 95,
445 5654 502 5692 κ.
532 5639 610 5709 9).
643 5637 938 5709 Epistulam
968 5641 1106 5698 hanc
1143 5643 1241 5698 sub
1268 5646 1391 5698 anni
1431 5644 1685 5715 quadrin-

141 5724 391 5789 ωε
415 5730 587 5785 octavi
611 5729 820 5784 initium
843 5730 1038 5798 Quinto
1064 5732 1291 5789 diacono
1319 5735 1683 5804 perferendam

142 5804 483 5891 “(Epit
511 5820 605 5891 9i,
633 5838 689 5876 κ.
717 5820 794 5893 8).
816 5821 1025 5880 Etenim
1044 5824 1227 5882 Romae
1247 5825 1555 5898 jamdudum
1571 5838 1685 5884 erat

3034 297 3117 335 ,ετ-

3284 418 3389 478 570

1813 507 2060 579 Quintus,
2085 526 2207 570 eum
2234 530 2300 573 eo
2335 516 2583 577 Paulinus
2608 522 2677 579 ad
2705 523 2977 583 invisenda
3006 528 3383 599 Apostolorum

1811 612 2209 690 martyrumque
2238 620 2577 666 monumenta
2603 629 2779 672 annuo
2808 633 2955 675 more
2978 629 3097 690 post
3120 620 3251 677 festa
3281 623 3381 680 Pa-

1811 689 2008 747 schalis
2039 694 2342 752 adventavit
2368 698 2551 773 (Ibid.,
2574 719 2626 757 η.
2669 704 2743 777 1).
2775 689 2991 763 Pascha,
3018 720 3196 768 autem
3236 728 3378 772 anno

1808 784 2327 857 quadringentesimo
2353 802 2545 849 octavo
2569 795 2621 851 in
2648 808 2891 866 quartum
2916 799 3169 858 kalendas
3191 806 3379 873 aprilis

1807 878 2092 935 incidebat.
2120 882 2267 939 Hanc
2296 885 2452 956 igitur
2476 888 2751 958 epistolam
2782 890 2975 947 ibidem
3006 895 3256 954 Paulinus
3281 913 3376 954 ac-

1805 973 1969 1042 cepit;
1999 989 2170 1046 neque
2215 985 2390 1033 tamen
2430 980 2579 1051 prius
2624 996 2742 1038 eam
2782 983 2936 1055 legit,
2967 1002 3122 1056 quam
3149 989 3379 1048 Formiis

1805 1076 1979 1132 esset;
2011 1083 2117 1137 quo
2161 1069 2215 1125 in
2258 1071 2374 1125 loco
2403 1072 2617 1128 domum
2662 1084 2911 1146 repetens
2938 1077 3077 1133 diem
3116 1081 3378 1151 integrum

1780 1155 2091 1237 (subsistere
2114 1168 2370 1217 statuerat
2393 1180 2406 1215 :
2428 1177 2494 1218 eo
2517 1164 2656 1238 quod
2681 1180 2774 1236 per
2793 1169 3064 1238 strepitus,
3083 1171 3170 1240 qui
3194 1170 3381 1227 Romae

1801 1248 1957 1304 vitari
1995 1263 2290 1322 nequeunt,
2318 1270 2435 1309 eam
2461 1255 2531 1311 ibi
2554 1272 2660 1312 non
2683 1258 2937 1323 licuisset.
2963 1260 3030 1316 ad
3055 1263 3381 1334 explendum
3414 1306 3418 1311 ρ

1800 1338 2144 1410 desiderium,
2166 1346 2498 1402 continenter
2524 1349 2722 1420 legere.
2744 1351 2894 1417 Quod
2914 1368 3040 1410 sane
3060 1368 3378 1426 argumento

1801 1439 1902 1495 cst,
1931 1431 2133 1488 litteras
2166 1434 2302 1501 illas,
2342 1453 2460 1507 qua:
2490 1454 2633 1495 nunc
2658 1440 3047 1511 desiderantur,
3078 1449 3378 1518 peramplas

1799 1520 1961 1577 fuisse
1980 1534 2136 1593 atque
2163 1540 2193 1580 a
2226 1527 2447 1584 Paulino
2482 1529 2646 1586 libelli
2688 1536 3079 1603 nuncupatione
3118 1537 3238 1607 jure
3273 1538 3373 1594 do—

1799 1625 1951 1671 natas
1971 1615 2177 1691 (Ibid.).
2206 1620 2310 1676 Eas
2348 1637 2454 1678 non
2489 1625 2792 1695 vulgaribus
2827 1628 3012 1699 elogiis
3036 1631 3377 1688 commendat
3434 1639 3441 1647 ’

1798 1705 1851 1761 in
1895 1722 1991 1764 sua
2029 1713 2392 1782 responsione,
2420 1731 2579 1785 quam
2620 1718 2750 1772 satis
2788 1720 3179 1792 praecipitanter
3199 1723 3372 1780 idibus
3422 1773 3440 1791 ,

1797 1800 1950 1855 maiis
1974 1804 2213 1873 scripsit;
2244 1820 2363 1860 cum
2384 1806 2608 1874 Quintus
2633 1824 2756 1865 eum
2784 1812 2955 1881 pridie
2977 1813 3091 1883 ejus
3114 1813 3240 1880 diei,
3267 1831 3373 1887 quo

1795 1892 1969 1963 reipsa
1992 1894 2258 1964 profectus
2272 1906 2374 1963 est,
2392 1898 2658 1957 discessus
2684 1904 2766 1958 sui
2793 1904 3156 1962 admonuisset
3182 1907 3369 1978 (Ibid.,

1796 2000 1853 2039 η.
1878 1984 1935 2056 8)
1961 2001 2072 2041 :ex
2109 2003 2214 2058 quo
2255 1988 2473 2058 factum,
2524 2002 2580 2047 nt
2619 1995 2937 2065 quibusdam
2978 1999 3376 2069 Augustinianm

1794 2077 2030 2146 epistola:
2071 2081 2332 2149 capitibus
2374 2084 2681 2143 satisfacere
2723 2090 2919 2144 oblitus
2959 2089 3239 2165 sit(Epist.
3281 2091 3369 2161 95,

1794 2183 1850 2221 η.
1880 2167 1955 2238 9).
1982 2167 2115 2224 Cum
2142 2184 2349 2227 summo
2371 2174 2715 2232 demissionis
2746 2193 2808 2233 ac
2838 2180 3048 2249 pietatis
3073 2196 3233 2237 sensu
3258 2181 3373 2237 dis-

1793 2258 1924 2312 serit
1947 2258 2013 2313 de
2040 2259 2316 2317 beatorum
2360 2264 2412 2319 in
2459 2263 2637 2320 futuro
2678 2270 2872 2324 scecnlo
2913 2272 3120 2326 actione
3150 2280 3269 2342 post
3286 2287 3376 2327 re-

1792 2350 2195 2420 surrectionem,
2226 2368 2396 2424 eoque
2436 2356 2541 2410 loci
2566 2368 2803 2413 sanctum
2846 2360 3151 2426 Praesulem,
3197 2380 3226 2416 a
3262 2376 3371 2433 quo
3456 2415 3463 2431 ,

1792 2456 1942 2497 suam
1970 2442 2069 2498 hac
2096 2444 2163 2499 de
2192 2461 2250 2500 re
2275 2449 2595 2504 sententiam
2622 2460 2835 2521 rogatus
2856 2461 2990 2522 erat,
3019 2454 3221 2526 magnis
3252 2454 3366 2511 lau-

1792 2530 1947 2587 dibus
1974 2545 2195 2589 exornat
2215 2535 2405 2608 (Epist.
2437 2538 2531 2603 94,
2556 2556 2609 2592 n.
2642 2537 2719 2611 ϐ).

1784 2623 1789 2627 ’
1863 2624 1915 2679 5.
1947 2624 2056 2680 Lex
2095 2634 2282 2682 octavo
2320 2627 2575 2685 kalendas
2605 2628 2903 2687 decembris
2945 2648 3085 2688 anno
3120 2634 3371 2705 quadrin-

1789 2716 2085 2784 gentesimo
2113 2719 2338 2787 septimo
2363 2720 2484 2774 data
2515 2720 2853 2793 Carthagine,
2886 2724 2959 2778 uti
2986 2725 3235 2792 diximus,
3265 2741 3369 2780 non

1790 2813 1914 2860 ante
1957 2821 2123 2861 nonas
2164 2808 2340 2877 junias
2366 2812 2489 2865 anni
2512 2812 3018 2882 quadringentesimi
3050 2817 3222 2870 octavi
3252 2832 3375 2885 pro-

1791 2896 2016 2966 mulgata
2037 2907 2118 2952 est
2138 2895 2841 2971 (Sirmund.,Append.Cod.
2870 2901 3086 2968 Tlteod.,
3116 2920 3229 2975 cap.
3256 2905 3369 2976 12).

1789 2985 2011 3042 Videtur
2037 2996 2212 3043 autem
2243 2990 2387 3059 prius
2416 2991 2468 3045 in
2515 2989 2757 3045 Numidia
2785 2992 2901 3061 ejus
2931 2992 3063 3047 facta
3093 3009 3213 3047 esse
3242 3008 3370 3063 pro-

1790 3080 2062 3150 mulgatio,
2108 3082 2155 3136 si
2200 3081 2341 3152 quod
2392 3082 2624 3137 Calamus
2669 3081 2911 3137 kalendis
2950 3083 3114 3152 jnniis
3151 3085 3372 3154 contigit

1792 3170 1979 3242 (Epist.
2002 3172 2090 3238 9|,
2120 3189 2174 3227 η.
2202 3172 2283 3244 8),
2300 3173 2366 3228 ad
2386 3173 2525 3228 hunc
2547 3188 2746 3228 annum
2770 3174 2945 3244 potius
2967 3174 3165 3230 referre
3188 3176 3370 3242 libeat,

1790 3280 1949 3336 quam
1976 3264 2042 3320 ad
2072 3266 2481 3336 subsequentem
2507 3284 2520 3318 :
2545 3281 2705 3337 quam
2736 3267 2789 3320 in
2810 3267 3114 3336 opinionem
3136 3267 3251 3322 haec
3277 3283 3375 3323 nos

1792 3354 2003 3411 adducit
2026 3357 2346 3425 observatio,
2375 3357 2498 3427 quia
2530 3356 2782 3413 videlicet
2805 3365 3045 3411 exortum
3074 3356 3139 3412 de
3168 3357 3255 3413 illa
3282 3370 3375 3414 3e-

1791 3446 1991 3501 ditione
2036 3449 2305 3517 negotium
2347 3447 2580 3503 nondum
2626 3446 2928 3504 confectum
2973 3456 3088 3503 erat
3135 3456 3374 3503 extremo

1791 3537 1981 3591 martio
2020 3536 2142 3591 anni
2176 3538 2244 3591 ab
2283 3537 2469 3593 eadem
2506 3538 2731 3609 proximi
2774 3536 2979 3612 (Epist.
3016 3537 3153 3603 104,
3192 3555 3245 3592 n.
3295 3537 3369 3613 1).

1791 3642 1909 3683 eam
1946 3643 2094 3699 ergo,
2135 3630 2180 3684 si
2223 3630 2436 3700 quidem
2481 3646 2622 3686 anno
2657 3631 3178 3701 quadringentesimo
3231 3646 3374 3686 nono

1793 3729 2038 3789 ponatur,
2081 3720 2355 3776 Possidius
2407 3721 2545 3791 apud
2600 3721 2923 3777 Comitatutu
2972 3722 3147 3777 adhuc
3189 3736 3374 3779 mense

1790 3811 1942 3881 aprili
1972 3812 2093 3866 anni
2111 3812 2614 3883 quadringentesimi
2632 3814 2822 3868 decimi
2844 3814 3187 3878 versabatur;
3215 3823 3373 3880 atque

1792 3900 1863 3955 ita
1894 3902 1977 3956 vix
2016 3901 2106 3957 ille
2142 3902 2375 3958 redierat
2416 3904 2467 3957 in
2504 3902 2734 3958 Africam
2761 3904 2924 3974 (quod
2951 3907 3188 3977 profecto
3214 3922 3371 3963 nemo

1790 3990 1943 4047 facile
1979 3992 2307 4061 crediderit),
2339 4008 2458 4048 cum
2499 3994 2563 4048 ad
2608 3993 2983 4065 Imperatorem
3023 4014 3053 4052 a
3093 3998 3371 4068 Carthagi-

1791 4084 1940 4139 nensi
1964 4085 2189 4141 concilio
2216 4086 2301 4140 die
2326 4086 2532 4141 decimo
2570 4095 2757 4142 octavo
2784 4086 3037 4144 kalendas
3061 4089 3220 4159 jnlias
3244 4090 3368 4145 anni

1790 4172 2026 4245 ejusdem
2057 4175 2554 4247 qnadringentesimi
2580 4178 2770 4233 decimi
2802 4181 3007 4252 legatus
3027 4191 3126 4236 est.
3147 4184 3234 4248 At,
3259 4183 3371 4239 sive

1790 4275 1998 4333 octavo,
2028 4267 2139 4322 sive
2169 4282 2308 4322 nono
2324 4283 2482 4334 supra
2502 4269 3079 4343 quadringentesimum
3097 4288 3257 4338 anno,
3278 4288 3369 4329 res

1789 4355 1862 4410 ita
1891 4355 2121 4412 Calama:
2164 4373 2221 4413 se
2261 4358 2462 4412 habuit.
2495 4359 2681 4413 Contra
2716 4364 3080 4417 recentissimas
3106 4365 3256 4435 leges,
3288 4366 3371 4417 in-

1789 4446 1902 4517 quit
1933 4447 2272 4516 Augustinus,
2303 4448 2530 4503 kalendis
2561 4452 2743 4520 juttiis,
2775 4460 2902 4523 (esto
2928 4452 3252 4524 Paganornm
3278 4470 3365 4506 sa-

1789 4538 1974 4608 crilega
2000 4540 2287 4594 solemnitas
2314 4542 2504 4611 agitata
2544 4553 2637 4610 est,
2686 4545 2883 4599 nemine
2924 4528 3230 4611 proltioente,
3261 4556 3364 4599 tum

1787 4631 2020 4683 insolenti
2055 4647 2203 4697 ausu,
2240 4641 2293 4684 ut
2329 4631 2463 4701 quod
2497 4649 2586 4686 nec
2621 4632 2819 4688 Iuliani
2848 4636 3151 4705 temporibus
3176 4636 3367 4706 factum

1788 4732 1880 4790 est,
1905 4724 2304 4792 petulantissima
2341 4723 2489 4779 turba
2536 4727 2829 4780 saltantium
2866 4728 2916 4781 in
2956 4728 3125 4782 eodem
3162 4746 3369 4799 prorsus

1787 4815 1895 4868 vico
1931 4826 2047 4869 ante
2080 4818 2212 4886 fores
2245 4815 2477 4869 transiret
2507 4818 2744 4872 ecclesia.
2776 4818 2942 4884 Quom
2967 4836 3070 4872 rem
3104 4819 3368 4874 illicitissi-

1788 4920 1923 4957 mam
1950 4914 2096 4976 atque
2117 4904 2517 4976 indignissimam
2546 4908 2739 4962 clericis
2758 4909 3018 4977 prohibere
3042 4911 3366 4979 tentantibus,

1787 4996 1997 5050 ecclesia
2022 4996 2248 5067 lapidata
2269 5006 2365 5071 est.
2388 4997 2583 5053 Deinde
2619 5010 2727 5069 post
2766 5001 2872 5054 dies
2907 5002 3063 5069 ferme
3096 5012 3226 5067 octo,
3253 5018 3368 5056 cum

1789 5089 1919 5157 leges
1946 5088 2230 5143 notissimas
2259 5091 2523 5161 episcOpns
2551 5090 2716 5145 ordini
2741 5092 3059 5157 replicasset,
3091 5101 3138 5146 et
3161 5093 3282 5146 dum
3309 5108 3369 5148 ea

1788 5181 2059 5250 qmejussa
2084 5190 2220 5244 sunt,
2244 5180 2378 5235 velut
2403 5183 2612 5253 implere
2630 5181 2923 5250 disponunt,
2956 5184 3133 5237 iterum
3157 5182 3368 5237 ecclesia

1791 5269 2019 5343 lapidata
2044 5281 2133 5326 est.
2161 5270 2417 5326 Postridie
2450 5274 2633 5327 nostris
2673 5272 2741 5326 ad
2776 5264 3135 5342 imponendum
3162 5274 3368 5346 perditis

1790 5376 1995 5433 metum,
2025 5366 2162 5437 quod
2180 5365 2436 5419 videbatur
2460 5366 2598 5434 apud
2624 5366 2748 5418 Acta
2771 5366 2937 5419 dicere
2955 5366 3243 5425 volentibus,
3272 5381 3368 5433 pu—

1793 5458 1920 5513 blica
1931 5460 2054 5529 jura
2074 5467 2252 5528 negata
2278 5467 2414 5511 sunt.
2448 5455 2857 5527 Eodemqneipso
2874 5457 2973 5519 die,
2997 5466 3049 5510 ut
3078 5454 3155 5509 vel
3181 5455 3364 5506 divini-

1793 5559 1872 5603 tus
1900 5558 2222 5614 terrerentur,
2255 5546 2446 5619 grando
2482 5546 2871 5616 lapidationibus
2908 5546 3104 5599 reddita
3140 5551 3242 5606 est;
3267 5557 3367 5607 qua

1793 5648 2046 5695 transacta
2091 5641 2324 5694 continuo
2368 5639 2563 5694 tertiam
2595 5639 2984 5706 lapidationem,
3030 5646 3077 5689 et
3118 5644 3367 5702 postremo

1792 5734 1932 5804 ignes
1982 5733 2326 5788 ecclesiasticis
2366 5732 2502 5785 tectis
2548 5743 2693 5801 atque
2729 5727 3009 5782 hominibus
3054 5726 3368 5788 intulerunt;

1794 5841 1952 5882 unum
1980 5841 2231 5881 servorum
2250 5822 2361 5890 Dei,
2385 5821 2435 5877 id
2460 5829 2562 5885 est,
2595 5817 2993 5884 monachorum,
3023 5816 3108 5890 qui
3127 5814 3366 5869 oberrans
