  <div class='ocr_page' id='page_1' title='image "/cluster/home/n/w/nwhite01/storage/ocr_20150623/32/uva.x000669813/196.png"; bbox 0 0 1929 3196; ppageno 0'>
   <div class='ocr_carea' id='block_1_1' title="bbox 92 174 135 202">
    <p class='ocr_par' dir='ltr' id='par_1_1' title="bbox 92 174 135 202">
     <span class='ocr_line' id='line_1_1' title="bbox 92 174 135 202; baseline 0 0"><span class='ocrx_word' id='word_1_1' title='bbox 92 174 135 202; x_wconf 72' lang='lat'><strong>573</strong></span> 
     </span>
    </p>
   </div>
   <div class='ocr_carea' id='block_1_2' title="bbox 759 167 1017 199">
    <p class='ocr_par' dir='ltr' id='par_1_2' title="bbox 759 167 1017 199">
     <span class='ocr_line' id='line_1_2' title="bbox 759 167 1017 199; baseline 0.008 -2"><span class='ocrx_word' id='word_1_2' title='bbox 759 167 861 197; x_wconf 76' lang='lat' dir='ltr'><strong>LIBER</strong></span> <span class='ocrx_word' id='word_1_3' title='bbox 875 167 1017 199; x_wconf 84' lang='lat' dir='ltr'><strong>SEXTUS.</strong></span> 
     </span>
    </p>
   </div>
   <div class='ocr_carea' id='block_1_3' title="bbox 1658 186 1712 217">
    <p class='ocr_par' dir='ltr' id='par_1_3' title="bbox 1658 186 1712 217">
     <span class='ocr_line' id='line_1_3' title="bbox 1658 186 1712 217; baseline 0.019 -1"><span class='ocrx_word' id='word_1_4' title='bbox 1658 186 1712 217; x_wconf 71' lang='grc'><strong>514</strong></span> 
     </span>
    </p>
   </div>
   <div class='ocr_carea' id='block_1_4' title="bbox 89 226 1707 280">
    <p class='ocr_par' dir='ltr' id='par_1_4' title="bbox 89 226 1707 280">
     <span class='ocr_line' id='line_1_4' title="bbox 89 226 1707 280; baseline 0.011 -26"><span class='ocrx_word' id='word_1_5' title='bbox 89 229 191 265; x_wconf 68' lang='lat' dir='ltr'><strong>ceperit,</strong></span> <span class='ocrx_word' id='word_1_6' title='bbox 207 235 259 256; x_wconf 90' lang='lat' dir='ltr'><strong>non</strong></span> <span class='ocrx_word' id='word_1_7' title='bbox 271 228 428 264; x_wconf 86' lang='lat' dir='ltr'><strong>reperimus.</strong></span> <span class='ocrx_word' id='word_1_8' title='bbox 447 226 634 256; x_wconf 83' lang='lat' dir='ltr'><strong>Verumtamen</strong></span> <span class='ocrx_word' id='word_1_9' title='bbox 654 235 713 256; x_wconf 91' lang='lat' dir='ltr'><strong>cum</strong></span> <span class='ocrx_word' id='word_1_10' title='bbox 735 228 860 264; x_wconf 77' lang='lat' dir='ltr'><strong>Augusti-</strong></span> <span class='ocrx_word' id='word_1_11' title='bbox 915 228 1149 280; x_wconf 51' lang='grc' dir='ltr'><strong>Δεέοιῐθιιι-Ῥειιιιῐηιιε</strong></span> <span class='ocrx_word' id='word_1_12' title='bbox 1166 242 1172 259; x_wconf 95' lang='lat'>:</span> <span class='ocrx_word' id='word_1_13' title='bbox 1189 235 1309 269; x_wconf 80' lang='lat' dir='ltr'><strong>quamvis</strong></span> <span class='ocrx_word' id='word_1_14' title='bbox 1323 243 1382 265; x_wconf 89' lang='lat' dir='ltr'><strong>eam</strong></span> <span class='ocrx_word' id='word_1_15' title='bbox 1400 237 1509 268; x_wconf 88' lang='lat' dir='ltr'><strong>brevem</strong></span> <span class='ocrx_word' id='word_1_16' title='bbox 1528 239 1610 270; x_wconf 80' lang='lat' dir='ltr'><strong>fuisse</strong></span> <span class='ocrx_word' id='word_1_17' title='bbox 1622 243 1707 280; x_wconf 71' lang='lat' dir='ltr'><strong>signi-</strong></span> 
     </span>
    </p>
   </div>
   <div class='ocr_carea' id='block_1_5' title="bbox 88 272 1705 325">
    <p class='ocr_par' dir='ltr' id='par_1_5' title="bbox 88 272 1705 325">
     <span class='ocr_line' id='line_1_5' title="bbox 88 272 1705 325; baseline 0.007 -21"><span class='ocrx_word' id='word_1_18' title='bbox 88 282 131 305; x_wconf 82' lang='lat' dir='ltr'><strong>nus</strong></span> <span class='ocrx_word' id='word_1_19' title='bbox 147 278 217 303; x_wconf 78' lang='lat' dir='ltr'><strong>sexto</strong></span> <span class='ocrx_word' id='word_1_20' title='bbox 236 272 366 302; x_wconf 77' lang='lat' dir='ltr'><strong>kalendas</strong></span> <span class='ocrx_word' id='word_1_21' title='bbox 385 273 491 310; x_wconf 76' lang='lat' dir='ltr'><strong>apriﬁs,</strong></span> <span class='ocrx_word' id='word_1_22' title='bbox 518 277 606 302; x_wconf 88' lang='lat' dir='ltr'><strong>utrum</strong></span> <span class='ocrx_word' id='word_1_23' title='bbox 625 274 669 302; x_wconf 84' lang='lat' dir='ltr'><strong>ille</strong></span> <span class='ocrx_word' id='word_1_24' title='bbox 691 274 859 311; x_wconf 75' lang='lat' dir='ltr'><strong>impetrasset</strong></span> <span class='ocrx_word' id='word_1_25' title='bbox 913 272 974 301; x_wconf 76' lang='lat' dir='ltr'><strong>licet</strong></span> <span class='ocrx_word' id='word_1_26' title='bbox 987 274 1083 325; x_wconf 60' lang='lat' dir='ltr'><strong>(Epist,</strong></span> <span class='ocrx_word' id='word_1_27' title='bbox 1098 276 1142 311; x_wconf 78' lang='lat'><strong>95,</strong></span> <span class='ocrx_word' id='word_1_28' title='bbox 1158 285 1185 305; x_wconf 81' lang='grc' dir='ltr'><strong>η.</strong></span> <span class='ocrx_word' id='word_1_29' title='bbox 1200 278 1232 325; x_wconf 16' lang='lat' dir='ltr'><strong>7V;</strong></span> <span class='ocrx_word' id='word_1_30' title='bbox 1248 279 1330 316; x_wconf 81' lang='lat' dir='ltr'><strong>Epist.</strong></span> <span class='ocrx_word' id='word_1_31' title='bbox 1346 282 1406 317; x_wconf 77' lang='lat' dir='ltr'><strong>H9,</strong></span> <span class='ocrx_word' id='word_1_32' title='bbox 1421 293 1448 311; x_wconf 81' lang='grc' dir='ltr'><em>η.</em></span> <span class='ocrx_word' id='word_1_33' title='bbox 1462 285 1501 321; x_wconf 75' lang='grc'>2).</span> <span class='ocrx_word' id='word_1_34' title='bbox 1514 285 1616 325; x_wconf 82' lang='lat' dir='ltr'><strong>Quippe</strong></span> <span class='ocrx_word' id='word_1_35' title='bbox 1631 272 1705 318; x_wconf 64' lang='lat' dir='ltr'><strong>illam</strong></span> 
     </span>
    </p>
   </div>
   <div class='ocr_carea' id='block_1_6' title="bbox 88 318 1706 370">
    <p class='ocr_par' dir='ltr' id='par_1_6' title="bbox 88 318 1706 370">
     <span class='ocr_line' id='line_1_6' title="bbox 88 318 1706 370; baseline 0.011 -24"><span class='ocrx_word' id='word_1_36' title='bbox 88 319 212 359; x_wconf 72' lang='lat' dir='ltr'><strong>quidquam</strong></span> <span class='ocrx_word' id='word_1_37' title='bbox 222 341 229 352; x_wconf 85' lang='lat'><strong>,</strong></span> <span class='ocrx_word' id='word_1_38' title='bbox 243 318 361 347; x_wconf 84' lang='lat' dir='ltr'><strong>nondum</strong></span> <span class='ocrx_word' id='word_1_39' title='bbox 376 319 562 355; x_wconf 86' lang='lat' dir='ltr'><strong>comperisset,</strong></span> <span class='ocrx_word' id='word_1_40' title='bbox 577 319 649 348; x_wconf 89' lang='lat' dir='ltr'><strong>credi</strong></span> <span class='ocrx_word' id='word_1_41' title='bbox 668 328 722 349; x_wconf 84' lang='lat' dir='ltr'><strong>non</strong></span> <span class='ocrx_word' id='word_1_42' title='bbox 742 321 857 350; x_wconf 82' lang='lat' dir='ltr'><strong>absurde</strong></span> <span class='ocrx_word' id='word_1_43' title='bbox 912 325 965 347; x_wconf 88' lang='lat' dir='ltr'><strong>non</strong></span> <span class='ocrx_word' id='word_1_44' title='bbox 979 320 1057 349; x_wconf 83' lang='lat' dir='ltr'><strong>aliter</strong></span> <span class='ocrx_word' id='word_1_45' title='bbox 1075 321 1184 352; x_wconf 82' lang='lat' dir='ltr'><strong>brevem</strong></span> <span class='ocrx_word' id='word_1_46' title='bbox 1205 324 1239 352; x_wconf 87' lang='lat' dir='ltr'><strong>ab</strong></span> <span class='ocrx_word' id='word_1_47' title='bbox 1253 333 1286 354; x_wconf 90' lang='lat' dir='ltr'><strong>eo</strong></span> <span class='ocrx_word' id='word_1_48' title='bbox 1298 327 1351 355; x_wconf 85' lang='lat' dir='ltr'><strong>dici</strong></span> <span class='ocrx_word' id='word_1_49' title='bbox 1370 318 1537 359; x_wconf 76' lang='lat' dir='ltr'><strong>manifestum</strong></span> <span class='ocrx_word' id='word_1_50' title='bbox 1553 318 1612 367; x_wconf 64' lang='lat' dir='ltr'><strong>esi,</strong></span> <span class='ocrx_word' id='word_1_51' title='bbox 1624 341 1706 370; x_wconf 84' lang='lat' dir='ltr'><strong>quam</strong></span> 
     </span>
    </p>
   </div>
   <div class='ocr_carea' id='block_1_7' title="bbox 87 364 856 409">
    <p class='ocr_par' dir='ltr' id='par_1_7' title="bbox 87 364 856 409">
     <span class='ocr_line' id='line_1_7' title="bbox 87 364 856 409; baseline 0.001 -14"><span class='ocrx_word' id='word_1_52' title='bbox 87 371 170 404; x_wconf 84' lang='lat' dir='ltr'><strong>potest,</strong></span> <span class='ocrx_word' id='word_1_53' title='bbox 184 364 284 394; x_wconf 77' lang='lat' dir='ltr'><strong>nonnisi</strong></span> <span class='ocrx_word' id='word_1_54' title='bbox 299 364 351 393; x_wconf 85' lang='lat' dir='ltr'><strong>hoc</strong></span> <span class='ocrx_word' id='word_1_55' title='bbox 360 370 479 394; x_wconf 87' lang='lat' dir='ltr'><strong>vertente</strong></span> <span class='ocrx_word' id='word_1_56' title='bbox 492 373 572 399; x_wconf 86' lang='lat' dir='ltr'><strong>anno,</strong></span> <span class='ocrx_word' id='word_1_57' title='bbox 583 366 627 394; x_wconf 85' lang='lat' dir='ltr'><strong>vel</strong></span> <span class='ocrx_word' id='word_1_58' title='bbox 639 366 719 395; x_wconf 90' lang='lat' dir='ltr'><strong>etiam</strong></span> <span class='ocrx_word' id='word_1_59' title='bbox 735 367 856 409; x_wconf 82' lang='lat' dir='ltr'><strong>sequenti</strong></span> 
     </span>
    </p>
   </div>
   <div class='ocr_carea' id='block_1_8' title="bbox 85 413 854 451">
    <p class='ocr_par' dir='ltr' id='par_1_8' title="bbox 85 413 854 451">
     <span class='ocr_line' id='line_1_8' title="bbox 85 413 854 451; baseline 0 -8"><span class='ocrx_word' id='word_1_60' title='bbox 85 417 179 444; x_wconf 85' lang='lat' dir='ltr'><strong>ineunte</strong></span> <span class='ocrx_word' id='word_1_61' title='bbox 192 413 335 451; x_wconf 86' lang='lat' dir='ltr'><strong>profectum</strong></span> <span class='ocrx_word' id='word_1_62' title='bbox 347 420 415 441; x_wconf 86' lang='lat' dir='ltr'><strong>esse.</strong></span> <span class='ocrx_word' id='word_1_63' title='bbox 428 413 460 441; x_wconf 85' lang='lat' dir='ltr'><strong>Et</strong></span> <span class='ocrx_word' id='word_1_64' title='bbox 473 413 559 449; x_wconf 85' lang='lat' dir='ltr'><strong>reipsa</strong></span> <span class='ocrx_word' id='word_1_65' title='bbox 571 420 631 449; x_wconf 61' lang='lat' dir='ltr'><strong>quae</strong></span> <span class='ocrx_word' id='word_1_66' title='bbox 646 422 693 450; x_wconf 90' lang='lat' dir='ltr'><strong>per</strong></span> <span class='ocrx_word' id='word_1_67' title='bbox 705 414 854 443; x_wconf 88' lang='lat' dir='ltr'><strong>Possidium</strong></span> 
     </span>
    </p>
   </div>
   <div class='ocr_carea' id='block_1_9' title="bbox 84 458 854 497">
    <p class='ocr_par' dir='ltr' id='par_1_9' title="bbox 84 458 854 497">
     <span class='ocr_line' id='line_1_9' title="bbox 84 458 854 497; baseline 0.001 -9"><span class='ocrx_word' id='word_1_68' title='bbox 84 462 159 497; x_wconf 72' lang='lat' dir='ltr'><strong>ipSum</strong></span> <span class='ocrx_word' id='word_1_69' title='bbox 168 482 175 495; x_wconf 94' lang='lat'><strong>,</strong></span> <span class='ocrx_word' id='word_1_70' title='bbox 188 463 230 488; x_wconf 86' lang='lat' dir='ltr'><strong>aut</strong></span> <span class='ocrx_word' id='word_1_71' title='bbox 242 465 306 488; x_wconf 81' lang='lat' dir='ltr'><strong>sane</strong></span> <span class='ocrx_word' id='word_1_72' title='bbox 322 458 393 487; x_wconf 85' lang='lat' dir='ltr'><strong>haud</strong></span> <span class='ocrx_word' id='word_1_73' title='bbox 412 459 496 487; x_wconf 90' lang='lat' dir='ltr'><strong>multo</strong></span> <span class='ocrx_word' id='word_1_74' title='bbox 510 463 570 494; x_wconf 88' lang='lat' dir='ltr'><strong>post</strong></span> <span class='ocrx_word' id='word_1_75' title='bbox 585 461 643 495; x_wconf 92' lang='lat' dir='ltr'><strong>ejus</strong></span> <span class='ocrx_word' id='word_1_76' title='bbox 662 459 854 495; x_wconf 90' lang='lat' dir='ltr'><strong>profectionem</strong></span> 
     </span>
    </p>
   </div>
   <div class='ocr_carea' id='block_1_10' title="bbox 84 505 852 545">
    <p class='ocr_par' dir='ltr' id='par_1_10' title="bbox 84 505 852 545">
     <span class='ocr_line' id='line_1_10' title="bbox 84 505 852 545; baseline 0 -9"><span class='ocrx_word' id='word_1_77' title='bbox 84 508 153 536; x_wconf 82' lang='lat' dir='ltr'><strong>missa</strong></span> <span class='ocrx_word' id='word_1_78' title='bbox 174 511 210 535; x_wconf 87' lang='lat' dir='ltr'><strong>est</strong></span> <span class='ocrx_word' id='word_1_79' title='bbox 229 505 261 534; x_wconf 87' lang='lat' dir='ltr'><strong>ad</strong></span> <span class='ocrx_word' id='word_1_80' title='bbox 282 505 421 533; x_wconf 80' lang='lat' dir='ltr'><strong>Paulinum</strong></span> <span class='ocrx_word' id='word_1_81' title='bbox 436 506 547 542; x_wconf 90' lang='lat' dir='ltr'><strong>epistola</strong></span> <span class='ocrx_word' id='word_1_82' title='bbox 572 505 675 542; x_wconf 87' lang='lat' dir='ltr'><strong>(Epist.</strong></span> <span class='ocrx_word' id='word_1_83' title='bbox 699 507 749 542; x_wconf 79' lang='lat'><strong>95,</strong></span> <span class='ocrx_word' id='word_1_84' title='bbox 766 515 793 535; x_wconf 84' lang='grc' dir='ltr'><strong>η.</strong></span> <span class='ocrx_word' id='word_1_85' title='bbox 808 507 852 545; x_wconf 81' lang='lat' dir='ltr'><strong>l),</strong></span> 
     </span>
    </p>
   </div>
   <div class='ocr_carea' id='block_1_11' title="bbox 84 551 853 590">
    <p class='ocr_par' dir='ltr' id='par_1_11' title="bbox 84 551 853 590">
     <span class='ocr_line' id='line_1_11' title="bbox 84 551 853 590; baseline 0.001 -8"><span class='ocrx_word' id='word_1_86' title='bbox 84 556 136 582; x_wconf 65' lang='lat' dir='ltr'><strong>haec</strong></span> <span class='ocrx_word' id='word_1_87' title='bbox 146 561 186 589; x_wconf 83' lang='lat' dir='ltr'><strong>per</strong></span> <span class='ocrx_word' id='word_1_88' title='bbox 196 552 305 580; x_wconf 80' lang='lat' dir='ltr'><strong>hiemem</strong></span> <span class='ocrx_word' id='word_1_89' title='bbox 318 573 326 585; x_wconf 85' lang='lat'><strong>,</strong></span> <span class='ocrx_word' id='word_1_90' title='bbox 343 558 423 588; x_wconf 85' lang='lat' dir='ltr'><strong>quam</strong></span> <span class='ocrx_word' id='word_1_91' title='bbox 442 551 605 587; x_wconf 83' lang='lat' dir='ltr'><strong>Augustinus</strong></span> <span class='ocrx_word' id='word_1_92' title='bbox 626 552 784 590; x_wconf 79' lang='lat' dir='ltr'><strong>Carthagine</strong></span> <span class='ocrx_word' id='word_1_93' title='bbox 801 557 853 583; x_wconf 86' lang='lat' dir='ltr'><strong>tra-</strong></span> 
     </span>
    </p>
   </div>
   <div class='ocr_carea' id='block_1_12' title="bbox 84 597 851 638">
    <p class='ocr_par' dir='ltr' id='par_1_12' title="bbox 84 597 851 638">
     <span class='ocr_line' id='line_1_12' title="bbox 84 597 851 638; baseline 0.001 -9"><span class='ocrx_word' id='word_1_94' title='bbox 84 601 151 629; x_wconf 81' lang='lat' dir='ltr'><strong>duxit</strong></span> <span class='ocrx_word' id='word_1_95' title='bbox 162 599 251 637; x_wconf 75' lang='lat' dir='ltr'><strong>(Epist.</strong></span> <span class='ocrx_word' id='word_1_96' title='bbox 267 598 329 633; x_wconf 65' lang='lat' dir='ltr'><strong>iii,</strong></span> <span class='ocrx_word' id='word_1_97' title='bbox 346 608 372 626; x_wconf 84' lang='grc' dir='ltr'><strong><em>η.</em></strong></span> <span class='ocrx_word' id='word_1_98' title='bbox 389 597 451 635; x_wconf 73' lang='grc' dir='ltr'><strong>Η),</strong></span> <span class='ocrx_word' id='word_1_99' title='bbox 467 599 567 635; x_wconf 87' lang='lat' dir='ltr'><strong>scripta</strong></span> <span class='ocrx_word' id='word_1_100' title='bbox 580 604 631 628; x_wconf 88' lang='lat' dir='ltr'><strong>est.</strong></span> <span class='ocrx_word' id='word_1_101' title='bbox 648 600 684 628; x_wconf 86' lang='lat' dir='ltr'><strong>Ea</strong></span> <span class='ocrx_word' id='word_1_102' title='bbox 700 608 779 636; x_wconf 89' lang='lat' dir='ltr'><strong>porro</strong></span> <span class='ocrx_word' id='word_1_103' title='bbox 793 602 851 638; x_wconf 85' lang='lat' dir='ltr'><strong>epi-</strong></span> 
     </span>
    </p>
   </div>
   <div class='ocr_carea' id='block_1_13' title="bbox 81 646 851 684">
    <p class='ocr_par' dir='ltr' id='par_1_13' title="bbox 81 646 851 684">
     <span class='ocr_line' id='line_1_13' title="bbox 81 646 851 684; baseline 0.004 -9"><span class='ocrx_word' id='word_1_104' title='bbox 81 647 142 675; x_wconf 81' lang='lat' dir='ltr'><strong>stola</strong></span> <span class='ocrx_word' id='word_1_105' title='bbox 162 647 193 675; x_wconf 89' lang='lat' dir='ltr'><strong>illi</strong></span> <span class='ocrx_word' id='word_1_106' title='bbox 213 646 374 682; x_wconf 76' lang='lat' dir='ltr'><strong>respondet,</strong></span> <span class='ocrx_word' id='word_1_107' title='bbox 395 653 474 684; x_wconf 88' lang='lat' dir='ltr'><strong>quam</strong></span> <span class='ocrx_word' id='word_1_108' title='bbox 494 647 527 676; x_wconf 89' lang='lat' dir='ltr'><strong>ad</strong></span> <span class='ocrx_word' id='word_1_109' title='bbox 549 656 578 676; x_wconf 87' lang='lat' dir='ltr'><strong>se</strong></span> <span class='ocrx_word' id='word_1_110' title='bbox 597 656 612 676; x_wconf 88' lang='lat' dir='ltr'><strong>a</strong></span> <span class='ocrx_word' id='word_1_111' title='bbox 634 648 743 677; x_wconf 86' lang='lat' dir='ltr'><strong>Paulino</strong></span> <span class='ocrx_word' id='word_1_112' title='bbox 764 649 851 679; x_wconf 84' lang='lat' dir='ltr'><strong>idibus</strong></span> 
     </span>
    </p>
   </div>
   <div class='ocr_carea' id='block_1_14' title="bbox 79 692 850 732">
    <p class='ocr_par' dir='ltr' id='par_1_14' title="bbox 79 692 850 732">
     <span class='ocr_line' id='line_1_14' title="bbox 79 692 850 732; baseline 0.004 -11"><span class='ocrx_word' id='word_1_113' title='bbox 79 694 147 721; x_wconf 74' lang='lat' dir='ltr'><strong>matis</strong></span> <span class='ocrx_word' id='word_1_114' title='bbox 157 692 234 721; x_wconf 82' lang='lat' dir='ltr'><strong>datam</strong></span> <span class='ocrx_word' id='word_1_115' title='bbox 247 692 376 721; x_wconf 83' lang='lat' dir='ltr'><strong>diaconus</strong></span> <span class='ocrx_word' id='word_1_116' title='bbox 388 692 503 727; x_wconf 86' lang='lat' dir='ltr'><strong>Quintus</strong></span> <span class='ocrx_word' id='word_1_117' title='bbox 519 692 662 729; x_wconf 83' lang='lat' dir='ltr'><strong>detulerat,</strong></span> <span class='ocrx_word' id='word_1_118' title='bbox 676 696 850 732; x_wconf 86' lang='lat' dir='ltr'><strong>quemadmo-</strong></span> 
     </span>
    </p>
   </div>
   <div class='ocr_carea' id='block_1_15' title="bbox 77 738 850 775">
    <p class='ocr_par' dir='ltr' id='par_1_15' title="bbox 77 738 850 775">
     <span class='ocr_line' id='line_1_15' title="bbox 77 738 850 775; baseline 0.006 -9"><span class='ocrx_word' id='word_1_119' title='bbox 77 738 133 767; x_wconf 84' lang='lat' dir='ltr'><strong>dum</strong></span> <span class='ocrx_word' id='word_1_120' title='bbox 142 746 171 767; x_wconf 75' lang='lat' dir='ltr'><strong>ex</strong></span> <span class='ocrx_word' id='word_1_121' title='bbox 183 738 243 775; x_wconf 80' lang='lat' dir='ltr'><strong>ipsis</strong></span> <span class='ocrx_word' id='word_1_122' title='bbox 255 739 376 775; x_wconf 82' lang='lat' dir='ltr'><strong>ejusdem</strong></span> <span class='ocrx_word' id='word_1_123' title='bbox 396 738 500 768; x_wconf 84' lang='lat' dir='ltr'><strong>Paulini</strong></span> <span class='ocrx_word' id='word_1_124' title='bbox 512 740 600 768; x_wconf 84' lang='lat' dir='ltr'><strong>verbis</strong></span> <span class='ocrx_word' id='word_1_125' title='bbox 620 741 647 770; x_wconf 88' lang='lat' dir='ltr'><strong>in</strong></span> <span class='ocrx_word' id='word_1_126' title='bbox 661 749 692 770; x_wconf 88' lang='lat' dir='ltr'><strong>ea</strong></span> <span class='ocrx_word' id='word_1_127' title='bbox 707 742 793 770; x_wconf 85' lang='lat' dir='ltr'><strong>citatis</strong></span> <span class='ocrx_word' id='word_1_128' title='bbox 807 743 850 771; x_wconf 90' lang='lat' dir='ltr'><strong>in-</strong></span> 
     </span>
    </p>
   </div>
   <div class='ocr_carea' id='block_1_16' title="bbox 77 784 849 821">
    <p class='ocr_par' dir='ltr' id='par_1_16' title="bbox 77 784 849 821">
     <span class='ocr_line' id='line_1_16' title="bbox 77 784 849 821; baseline 0.005 -7"><span class='ocrx_word' id='word_1_129' title='bbox 77 785 182 821; x_wconf 80' lang='lat' dir='ltr'><strong>telligere</strong></span> <span class='ocrx_word' id='word_1_130' title='bbox 193 789 240 815; x_wconf 89' lang='lat' dir='ltr'><strong>est.</strong></span> <span class='ocrx_word' id='word_1_131' title='bbox 259 784 287 814; x_wconf 90' lang='lat' dir='ltr'><strong>In</strong></span> <span class='ocrx_word' id='word_1_132' title='bbox 298 784 393 815; x_wconf 89' lang='lat' dir='ltr'><strong>eadem</strong></span> <span class='ocrx_word' id='word_1_133' title='bbox 406 794 460 814; x_wconf 93' lang='lat' dir='ltr'><strong>non</strong></span> <span class='ocrx_word' id='word_1_134' title='bbox 475 787 534 815; x_wconf 86' lang='lat' dir='ltr'><strong>sine</strong></span> <span class='ocrx_word' id='word_1_135' title='bbox 546 786 647 816; x_wconf 87' lang='lat' dir='ltr'><strong>doloris</strong></span> <span class='ocrx_word' id='word_1_136' title='bbox 661 796 741 817; x_wconf 87' lang='lat' dir='ltr'><strong>sensu</strong></span> <span class='ocrx_word' id='word_1_137' title='bbox 756 797 849 818; x_wconf 87' lang='lat' dir='ltr'><strong>neces-</strong></span> 
     </span>
    </p>
   </div>
   <div class='ocr_carea' id='block_1_17' title="bbox 76 830 846 870">
    <p class='ocr_par' dir='ltr' id='par_1_17' title="bbox 76 830 846 870">
     <span class='ocr_line' id='line_1_17' title="bbox 76 830 846 870; baseline 0.006 -11"><span class='ocrx_word' id='word_1_138' title='bbox 76 831 184 864; x_wconf 86' lang='lat' dir='ltr'><strong>sitatem,</strong></span> <span class='ocrx_word' id='word_1_139' title='bbox 208 839 257 868; x_wconf 84' lang='lat' dir='ltr'><strong>qua</strong></span> <span class='ocrx_word' id='word_1_140' title='bbox 281 830 419 860; x_wconf 85' lang='lat' dir='ltr'><strong>Possidius</strong></span> <span class='ocrx_word' id='word_1_141' title='bbox 443 832 470 860; x_wconf 87' lang='lat' dir='ltr'><strong>in</strong></span> <span class='ocrx_word' id='word_1_142' title='bbox 496 832 596 861; x_wconf 88' lang='lat' dir='ltr'><strong>Italiam</strong></span> <span class='ocrx_word' id='word_1_143' title='bbox 625 834 846 870; x_wconf 87' lang='lat' dir='ltr'><strong>pertrahebatur,</strong></span> 
     </span>
    </p>
   </div>
   <div class='ocr_carea' id='block_1_18' title="bbox 76 877 845 916">
    <p class='ocr_par' dir='ltr' id='par_1_18' title="bbox 76 877 845 916">
     <span class='ocr_line' id='line_1_18' title="bbox 76 877 845 916; baseline 0.004 -10"><span class='ocrx_word' id='word_1_144' title='bbox 76 878 174 911; x_wconf 84' lang='lat' dir='ltr'><strong>indicat;</strong></span> <span class='ocrx_word' id='word_1_145' title='bbox 197 885 243 908; x_wconf 82' lang='lat' dir='ltr'><strong>nec</strong></span> <span class='ocrx_word' id='word_1_146' title='bbox 262 882 350 907; x_wconf 85' lang='lat' dir='ltr'><strong>tamen</strong></span> <span class='ocrx_word' id='word_1_147' title='bbox 372 877 451 906; x_wconf 82' lang='lat' dir='ltr'><strong>aliter</strong></span> <span class='ocrx_word' id='word_1_148' title='bbox 462 879 605 915; x_wconf 79' lang='lat' dir='ltr'><strong>exprimit,</strong></span> <span class='ocrx_word' id='word_1_149' title='bbox 621 887 701 916; x_wconf 89' lang='lat' dir='ltr'><strong>quam</strong></span> <span class='ocrx_word' id='word_1_150' title='bbox 722 880 845 916; x_wconf 88' lang='lat' dir='ltr'><strong>dicendo,</strong></span> 
     </span>
    </p>
   </div>
   <div class='ocr_carea' id='block_1_19' title="bbox 75 925 847 963">
    <p class='ocr_par' dir='ltr' id='par_1_19' title="bbox 75 925 847 963">
     <span class='ocr_line' id='line_1_19' title="bbox 75 925 847 963; baseline 0.005 -10"><span class='ocrx_word' id='word_1_151' title='bbox 75 926 222 954; x_wconf 88' lang='lat' dir='ltr'><strong>inﬁrmorum</strong></span> <span class='ocrx_word' id='word_1_152' title='bbox 236 925 335 953; x_wconf 77' lang='lat' dir='ltr'><strong>servire</strong></span> <span class='ocrx_word' id='word_1_153' title='bbox 355 925 545 961; x_wconf 83' lang='lat' dir='ltr'><strong>languoribus,</strong></span> <span class='ocrx_word' id='word_1_154' title='bbox 558 934 617 954; x_wconf 93' lang='lat' dir='ltr'><strong>eum</strong></span> <span class='ocrx_word' id='word_1_155' title='bbox 632 931 705 955; x_wconf 88' lang='lat' dir='ltr'><strong>tanto</strong></span> <span class='ocrx_word' id='word_1_156' title='bbox 723 927 847 963; x_wconf 86' lang='lat' dir='ltr'><strong>imperio-</strong></span> 
     </span>
    </p>
   </div>
   <div class='ocr_carea' id='block_1_20' title="bbox 75 972 846 1011">
    <p class='ocr_par' dir='ltr' id='par_1_20' title="bbox 75 972 846 1011">
     <span class='ocr_line' id='line_1_20' title="bbox 75 972 846 1011; baseline 0.004 -11"><span class='ocrx_word' id='word_1_157' title='bbox 75 972 126 1000; x_wconf 84' lang='lat' dir='ltr'><strong>sius</strong></span> <span class='ocrx_word' id='word_1_158' title='bbox 134 972 196 1008; x_wconf 77' lang='lat' dir='ltr'><strong>cogi,</strong></span> <span class='ocrx_word' id='word_1_159' title='bbox 205 977 298 1008; x_wconf 88' lang='lat' dir='ltr'><strong>quanto</strong></span> <span class='ocrx_word' id='word_1_160' title='bbox 309 972 485 1007; x_wconf 89' lang='lat' dir='ltr'><strong>periculosius</strong></span> <span class='ocrx_word' id='word_1_161' title='bbox 495 977 634 1008; x_wconf 69' lang='lat' dir='ltr'><strong>mgrotant.</strong></span> <span class='ocrx_word' id='word_1_162' title='bbox 649 974 772 1002; x_wconf 80' lang='lat' dir='ltr'><strong>Attamen</strong></span> <span class='ocrx_word' id='word_1_163' title='bbox 786 983 846 1011; x_wconf 90' lang='lat' dir='ltr'><strong>pro-</strong></span> 
     </span>
    </p>
   </div>
   <div class='ocr_carea' id='block_1_21' title="bbox 78 1017 845 1056">
    <p class='ocr_par' dir='ltr' id='par_1_21' title="bbox 78 1017 845 1056">
     <span class='ocr_line' id='line_1_21' title="bbox 78 1017 845 1056; baseline 0.008 -12"><span class='ocrx_word' id='word_1_164' title='bbox 78 1018 160 1044; x_wconf 85' lang='lat' dir='ltr'><strong>ﬁtetur</strong></span> <span class='ocrx_word' id='word_1_165' title='bbox 179 1017 225 1044; x_wconf 89' lang='lat' dir='ltr'><strong>sibi</strong></span> <span class='ocrx_word' id='word_1_166' title='bbox 244 1017 334 1045; x_wconf 88' lang='lat' dir='ltr'><strong>solatio</strong></span> <span class='ocrx_word' id='word_1_167' title='bbox 361 1025 421 1046; x_wconf 88' lang='lat' dir='ltr'><strong>esse</strong></span> <span class='ocrx_word' id='word_1_168' title='bbox 448 1018 566 1046; x_wconf 56' lang='lat' dir='ltr'><strong>laetitiam</strong></span> <span class='ocrx_word' id='word_1_169' title='bbox 592 1017 683 1053; x_wconf 86' lang='lat' dir='ltr'><strong>illam,</strong></span> <span class='ocrx_word' id='word_1_170' title='bbox 708 1028 787 1056; x_wconf 82' lang='lat' dir='ltr'><strong>quam</strong></span> <span class='ocrx_word' id='word_1_171' title='bbox 812 1030 845 1050; x_wconf 79' lang='lat' dir='ltr'><strong>ex</strong></span> 
     </span>
    </p>
   </div>
   <div class='ocr_carea' id='block_1_22' title="bbox 78 1062 844 1101">
    <p class='ocr_par' dir='ltr' id='par_1_22' title="bbox 78 1062 844 1101">
     <span class='ocr_line' id='line_1_22' title="bbox 78 1062 844 1101; baseline 0.007 -9"><span class='ocrx_word' id='word_1_172' title='bbox 78 1062 172 1092; x_wconf 85' lang='lat' dir='ltr'><strong>Paulini</strong></span> <span class='ocrx_word' id='word_1_173' title='bbox 185 1069 312 1101; x_wconf 83' lang='lat' dir='ltr'><strong>conspectu</strong></span> <span class='ocrx_word' id='word_1_174' title='bbox 325 1065 397 1100; x_wconf 87' lang='lat' dir='ltr'><strong>capit</strong></span> <span class='ocrx_word' id='word_1_175' title='bbox 411 1064 557 1094; x_wconf 82' lang='lat' dir='ltr'><strong>Possidius.</strong></span> <span class='ocrx_word' id='word_1_176' title='bbox 579 1065 618 1094; x_wconf 82' lang='lat' dir='ltr'><strong>Ex</strong></span> <span class='ocrx_word' id='word_1_177' title='bbox 633 1074 665 1094; x_wconf 91' lang='lat' dir='ltr'><strong>eo</strong></span> <span class='ocrx_word' id='word_1_178' title='bbox 677 1067 734 1095; x_wconf 90' lang='lat' dir='ltr'><strong>locu</strong></span> <span class='ocrx_word' id='word_1_179' title='bbox 746 1068 844 1097; x_wconf 90' lang='lat' dir='ltr'><strong>intelli-</strong></span> 
     </span>
    </p>
   </div>
   <div class='ocr_carea' id='block_1_23' title="bbox 76 1109 843 1147">
    <p class='ocr_par' dir='ltr' id='par_1_23' title="bbox 76 1109 843 1147">
     <span class='ocr_line' id='line_1_23' title="bbox 76 1109 843 1147; baseline 0.005 -9"><span class='ocrx_word' id='word_1_180' title='bbox 76 1118 163 1147; x_wconf 74' lang='lat' dir='ltr'><strong>gamus</strong></span> <span class='ocrx_word' id='word_1_181' title='bbox 175 1109 239 1143; x_wconf 84' lang='lat' dir='ltr'><strong>licet,</strong></span> <span class='ocrx_word' id='word_1_182' title='bbox 254 1118 301 1146; x_wconf 91' lang='lat' dir='ltr'><strong>quo</strong></span> <span class='ocrx_word' id='word_1_183' title='bbox 309 1109 398 1138; x_wconf 89' lang='lat' dir='ltr'><strong>animo</strong></span> <span class='ocrx_word' id='word_1_184' title='bbox 407 1116 460 1139; x_wconf 89' lang='lat' dir='ltr'><strong>tam</strong></span> <span class='ocrx_word' id='word_1_185' title='bbox 471 1111 625 1147; x_wconf 87' lang='lat' dir='ltr'><strong>frequenter</strong></span> <span class='ocrx_word' id='word_1_186' title='bbox 639 1112 671 1140; x_wconf 90' lang='lat' dir='ltr'><strong>ad</strong></span> <span class='ocrx_word' id='word_1_187' title='bbox 684 1113 843 1145; x_wconf 87' lang='lat' dir='ltr'><strong>Comitatum</strong></span> 
     </span>
    </p>
   </div>
   <div class='ocr_carea' id='block_1_24' title="bbox 72 1156 844 1193">
    <p class='ocr_par' dir='ltr' id='par_1_24' title="bbox 72 1156 844 1193">
     <span class='ocr_line' id='line_1_24' title="bbox 72 1156 844 1193; baseline 0.006 -8"><span class='ocrx_word' id='word_1_188' title='bbox 72 1157 151 1186; x_wconf 77' lang='lat' dir='ltr'><strong>sancti</strong></span> <span class='ocrx_word' id='word_1_189' title='bbox 168 1156 202 1185; x_wconf 84' lang='lat' dir='ltr'><strong>illi</strong></span> <span class='ocrx_word' id='word_1_190' title='bbox 216 1156 323 1186; x_wconf 79' lang='lat' dir='ltr'><strong>Africani</strong></span> <span class='ocrx_word' id='word_1_191' title='bbox 339 1157 473 1186; x_wconf 83' lang='lat' dir='ltr'><strong>antistites</strong></span> <span class='ocrx_word' id='word_1_192' title='bbox 492 1156 735 1193; x_wconf 88' lang='lat' dir='ltr'><strong>proﬁciscebantur.</strong></span> <span class='ocrx_word' id='word_1_193' title='bbox 751 1160 844 1190; x_wconf 86' lang='lat' dir='ltr'><strong>Testa-</strong></span> 
     </span>
    </p>
   </div>
   <div class='ocr_carea' id='block_1_25' title="bbox 72 1203 843 1241">
    <p class='ocr_par' dir='ltr' id='par_1_25' title="bbox 72 1203 843 1241">
     <span class='ocr_line' id='line_1_25' title="bbox 72 1203 843 1241; baseline 0.005 -9"><span class='ocrx_word' id='word_1_194' title='bbox 72 1209 108 1232; x_wconf 88' lang='lat' dir='ltr'><strong>tur</strong></span> <span class='ocrx_word' id='word_1_195' title='bbox 117 1203 206 1233; x_wconf 82' lang='lat' dir='ltr'><strong>ibidem</strong></span> <span class='ocrx_word' id='word_1_196' title='bbox 217 1205 379 1241; x_wconf 69' lang='lat' dir='ltr'><strong>Augustinus</strong></span> <span class='ocrx_word' id='word_1_197' title='bbox 388 1226 395 1238; x_wconf 86' lang='lat'><strong>,</strong></span> <span class='ocrx_word' id='word_1_198' title='bbox 409 1213 439 1234; x_wconf 86' lang='lat' dir='ltr'><strong>se</strong></span> <span class='ocrx_word' id='word_1_199' title='bbox 450 1205 528 1234; x_wconf 73' lang='lat' dir='ltr'><strong>facile</strong></span> <span class='ocrx_word' id='word_1_200' title='bbox 546 1206 604 1234; x_wconf 90' lang='lat' dir='ltr'><strong>solo</strong></span> <span class='ocrx_word' id='word_1_201' title='bbox 623 1206 727 1235; x_wconf 86' lang='lat' dir='ltr'><strong>vivendi</strong></span> <span class='ocrx_word' id='word_1_202' title='bbox 740 1207 843 1237; x_wconf 85' lang='lat' dir='ltr'><strong>Paulini</strong></span> 
     </span>
    </p>
   </div>
   <div class='ocr_carea' id='block_1_26' title="bbox 70 1249 841 1289">
    <p class='ocr_par' dir='ltr' id='par_1_26' title="bbox 70 1249 841 1289">
     <span class='ocr_line' id='line_1_26' title="bbox 70 1249 841 1289; baseline 0.006 -11"><span class='ocrx_word' id='word_1_203' title='bbox 70 1249 187 1279; x_wconf 84' lang='lat' dir='ltr'><strong>desiderio</strong></span> <span class='ocrx_word' id='word_1_204' title='bbox 208 1251 239 1278; x_wconf 79' lang='lat' dir='ltr'><strong>ad</strong></span> <span class='ocrx_word' id='word_1_205' title='bbox 262 1251 439 1287; x_wconf 79' lang='lat' dir='ltr'><strong>navigandum</strong></span> <span class='ocrx_word' id='word_1_206' title='bbox 462 1252 489 1280; x_wconf 89' lang='lat' dir='ltr'><strong>in</strong></span> <span class='ocrx_word' id='word_1_207' title='bbox 510 1252 612 1280; x_wconf 88' lang='lat' dir='ltr'><strong>Italiam</strong></span> <span class='ocrx_word' id='word_1_208' title='bbox 636 1253 771 1282; x_wconf 91' lang='lat' dir='ltr'><strong>inductum</strong></span> <span class='ocrx_word' id='word_1_209' title='bbox 793 1253 841 1289; x_wconf 86' lang='lat' dir='ltr'><strong>iri,</strong></span> 
     </span>
    </p>
   </div>
   <div class='ocr_carea' id='block_1_27' title="bbox 70 1295 841 1330">
    <p class='ocr_par' dir='ltr' id='par_1_27' title="bbox 70 1295 841 1330">
     <span class='ocr_line' id='line_1_27' title="bbox 70 1295 841 1330; baseline 0.005 -5"><span class='ocrx_word' id='word_1_210' title='bbox 70 1296 92 1325; x_wconf 83' lang='lat' dir='ltr'><strong>ui</strong></span> <span class='ocrx_word' id='word_1_211' title='bbox 107 1295 214 1325; x_wconf 81' lang='lat' dir='ltr'><strong>muneris</strong></span> <span class='ocrx_word' id='word_1_212' title='bbox 236 1297 277 1326; x_wconf 85' lang='lat' dir='ltr'><strong>sui</strong></span> <span class='ocrx_word' id='word_1_213' title='bbox 299 1297 395 1326; x_wconf 88' lang='lat' dir='ltr'><strong>ofﬁciis</strong></span> <span class='ocrx_word' id='word_1_214' title='bbox 415 1297 587 1327; x_wconf 83' lang='lat' dir='ltr'><strong>detineretur.</strong></span> <span class='ocrx_word' id='word_1_215' title='bbox 611 1299 678 1328; x_wconf 88' lang='lat' dir='ltr'><strong>Dum</strong></span> <span class='ocrx_word' id='word_1_216' title='bbox 697 1306 786 1328; x_wconf 80' lang='lat' dir='ltr'><strong>autem</strong></span> <span class='ocrx_word' id='word_1_217' title='bbox 808 1301 841 1330; x_wconf 85' lang='lat' dir='ltr'><strong>de</strong></span> 
     </span>
    </p>
   </div>
   <div class='ocr_carea' id='block_1_28' title="bbox 69 1343 841 1382">
    <p class='ocr_par' dir='ltr' id='par_1_28' title="bbox 69 1343 841 1382">
     <span class='ocr_line' id='line_1_28' title="bbox 69 1343 841 1382; baseline 0.005 -9"><span class='ocrx_word' id='word_1_218' title='bbox 69 1343 151 1378; x_wconf 79' lang='lat' dir='ltr'><strong>rebus,</strong></span> <span class='ocrx_word' id='word_1_219' title='bbox 164 1352 220 1381; x_wconf 74' lang='lat' dir='ltr'><strong>qua:</strong></span> <span class='ocrx_word' id='word_1_220' title='bbox 238 1344 388 1374; x_wconf 86' lang='lat' dir='ltr'><strong>Possidium</strong></span> <span class='ocrx_word' id='word_1_221' title='bbox 399 1344 432 1373; x_wconf 91' lang='lat' dir='ltr'><strong>ad</strong></span> <span class='ocrx_word' id='word_1_222' title='bbox 445 1345 635 1382; x_wconf 77' lang='lat' dir='ltr'><strong>profectionem</strong></span> <span class='ocrx_word' id='word_1_223' title='bbox 655 1347 772 1376; x_wconf 80' lang='lat' dir='ltr'><strong>Italicam</strong></span> <span class='ocrx_word' id='word_1_224' title='bbox 790 1349 841 1377; x_wconf 88' lang='lat' dir='ltr'><strong>im-</strong></span> 
     </span>
    </p>
   </div>
   <div class='ocr_carea' id='block_1_29' title="bbox 68 1390 840 1432">
    <p class='ocr_par' dir='ltr' id='par_1_29' title="bbox 68 1390 840 1432">
     <span class='ocr_line' id='line_1_29' title="bbox 68 1390 840 1432; baseline 0.008 -14"><span class='ocrx_word' id='word_1_225' title='bbox 68 1390 198 1425; x_wconf 72' lang='lat' dir='ltr'><strong>pellebant,</strong></span> <span class='ocrx_word' id='word_1_226' title='bbox 222 1391 360 1426; x_wconf 85' lang='lat' dir='ltr'><strong>quuitur:</strong></span> <span class='ocrx_word' id='word_1_227' title='bbox 379 1392 469 1421; x_wconf 85' lang='lat' dir='ltr'><strong>Utrum</strong></span> <span class='ocrx_word' id='word_1_228' title='bbox 488 1401 647 1421; x_wconf 80' lang='lat' dir='ltr'><strong>exerceantur</strong></span> <span class='ocrx_word' id='word_1_229' title='bbox 668 1394 716 1427; x_wconf 83' lang='lat' dir='ltr'><strong>his,</strong></span> <span class='ocrx_word' id='word_1_230' title='bbox 739 1395 840 1432; x_wconf 81' lang='lat' dir='ltr'><strong>inquit,</strong></span> 
     </span>
    </p>
   </div>
   <div class='ocr_carea' id='block_1_30' title="bbox 68 1437 841 1474">
    <p class='ocr_par' dir='ltr' id='par_1_30' title="bbox 68 1437 841 1474">
     <span class='ocr_line' id='line_1_30' title="bbox 68 1437 841 1474; baseline 0.005 -9"><span class='ocrx_word' id='word_1_231' title='bbox 68 1437 180 1472; x_wconf 67' lang='lat' dir='ltr'><strong>tripoli“</strong></span> <span class='ocrx_word' id='word_1_232' title='bbox 193 1437 345 1473; x_wconf 77' lang='lat' dir='ltr'><strong>plectamur,</strong></span> <span class='ocrx_word' id='word_1_233' title='bbox 365 1438 464 1471; x_wconf 81' lang='lat' dir='ltr'><strong>nescio;</strong></span> <span class='ocrx_word' id='word_1_234' title='bbox 483 1437 531 1466; x_wconf 81' lang='lat' dir='ltr'><strong>nisi</strong></span> <span class='ocrx_word' id='word_1_235' title='bbox 551 1439 619 1474; x_wconf 81' lang='lat' dir='ltr'><strong>quod</strong></span> <span class='ocrx_word' id='word_1_236' title='bbox 634 1448 685 1468; x_wconf 88' lang='lat' dir='ltr'><strong>non</strong></span> <span class='ocrx_word' id='word_1_237' title='bbox 703 1442 841 1469; x_wconf 77' lang='lat' dir='ltr'><strong>secundum</strong></span> 
     </span>
    </p>
   </div>
   <div class='ocr_carea' id='block_1_31' title="bbox 70 1484 840 1521">
    <p class='ocr_par' dir='ltr' id='par_1_31' title="bbox 70 1484 840 1521">
     <span class='ocr_line' id='line_1_31' title="bbox 70 1484 840 1521; baseline 0.006 -12"><span class='ocrx_word' id='word_1_238' title='bbox 70 1487 151 1516; x_wconf 61' lang='lat' dir='ltr'><strong>precata</strong></span> <span class='ocrx_word' id='word_1_239' title='bbox 163 1488 249 1510; x_wconf 76' lang='lat' dir='ltr'><strong>nostra</strong></span> <span class='ocrx_word' id='word_1_240' title='bbox 267 1484 330 1520; x_wconf 77' lang='lat' dir='ltr'><strong>facit</strong></span> <span class='ocrx_word' id='word_1_241' title='bbox 350 1484 421 1512; x_wconf 82' lang='lat' dir='ltr'><strong>nobis</strong></span> <span class='ocrx_word' id='word_1_242' title='bbox 432 1505 440 1518; x_wconf 91' lang='lat'><strong>,</strong></span> <span class='ocrx_word' id='word_1_243' title='bbox 454 1493 534 1520; x_wconf 81' lang='lat' dir='ltr'><strong>neque</strong></span> <span class='ocrx_word' id='word_1_244' title='bbox 546 1485 683 1513; x_wconf 82' lang='lat' dir='ltr'><strong>secundum</strong></span> <span class='ocrx_word' id='word_1_245' title='bbox 697 1487 840 1521; x_wconf 84' lang='lat' dir='ltr'><strong>iniquitates</strong></span> 
     </span>
    </p>
   </div>
   <div class='ocr_carea' id='block_1_32' title="bbox 70 1528 839 1568">
    <p class='ocr_par' dir='ltr' id='par_1_32' title="bbox 70 1528 839 1568">
     <span class='ocr_line' id='line_1_32' title="bbox 70 1528 839 1568; baseline 0.007 -12"><span class='ocrx_word' id='word_1_246' title='bbox 70 1533 148 1556; x_wconf 69' lang='lat' dir='ltr'><strong>nostra:</strong></span> <span class='ocrx_word' id='word_1_247' title='bbox 157 1528 272 1557; x_wconf 75' lang='lat' dir='ltr'><strong>retribuit</strong></span> <span class='ocrx_word' id='word_1_248' title='bbox 284 1529 367 1564; x_wconf 79' lang='lat' dir='ltr'><strong>nobis,</strong></span> <span class='ocrx_word' id='word_1_249' title='bbox 377 1531 421 1565; x_wconf 87' lang='lat' dir='ltr'><strong>qui</strong></span> <span class='ocrx_word' id='word_1_250' title='bbox 430 1535 499 1559; x_wconf 86' lang='lat' dir='ltr'><strong>tanta</strong></span> <span class='ocrx_word' id='word_1_251' title='bbox 507 1531 598 1559; x_wconf 82' lang='lat' dir='ltr'><strong>solatia</strong></span> <span class='ocrx_word' id='word_1_252' title='bbox 609 1530 736 1560; x_wconf 76' lang='lat' dir='ltr'><strong>doloribus</strong></span> <span class='ocrx_word' id='word_1_253' title='bbox 745 1534 839 1568; x_wconf 77' lang='lat' dir='ltr'><strong>miscet,</strong></span> 
     </span>
    </p>
   </div>
   <div class='ocr_carea' id='block_1_33' title="bbox 69 1574 840 1613">
    <p class='ocr_par' dir='ltr' id='par_1_33' title="bbox 69 1574 840 1613">
     <span class='ocr_line' id='line_1_33' title="bbox 69 1574 840 1613; baseline 0.012 -14"><span class='ocrx_word' id='word_1_254' title='bbox 69 1574 147 1608; x_wconf 51' lang='lat' dir='ltr'><strong>aitque</strong></span> <span class='ocrx_word' id='word_1_255' title='bbox 157 1574 266 1603; x_wconf 78' lang='lat' dir='ltr'><strong>mirabili</strong></span> <span class='ocrx_word' id='word_1_256' title='bbox 281 1575 416 1611; x_wconf 73' lang='lat' dir='ltr'><strong>medicina,</strong></span> <span class='ocrx_word' id='word_1_257' title='bbox 431 1584 461 1603; x_wconf 81' lang='lat' dir='ltr'><strong>ne</strong></span> <span class='ocrx_word' id='word_1_258' title='bbox 475 1584 586 1605; x_wconf 78' lang='lat' dir='ltr'><strong>amemus</strong></span> <span class='ocrx_word' id='word_1_259' title='bbox 599 1577 738 1613; x_wconf 82' lang='lat' dir='ltr'><strong>mundum,</strong></span> <span class='ocrx_word' id='word_1_260' title='bbox 752 1587 783 1607; x_wconf 83' lang='lat' dir='ltr'><strong>ne</strong></span> <span class='ocrx_word' id='word_1_261' title='bbox 797 1580 840 1608; x_wconf 79' lang='lat' dir='ltr'><strong>de-</strong></span> 
     </span>
    </p>
   </div>
   <div class='ocr_carea' id='block_1_34' title="bbox 69 1618 567 1658">
    <p class='ocr_par' dir='ltr' id='par_1_34' title="bbox 69 1618 567 1658">
     <span class='ocr_line' id='line_1_34' title="bbox 69 1618 567 1658; baseline 0.008 -12"><span class='ocrx_word' id='word_1_262' title='bbox 69 1618 162 1653; x_wconf 68' lang='lat' dir='ltr'><strong>ﬁciamus</strong></span> <span class='ocrx_word' id='word_1_263' title='bbox 169 1621 196 1648; x_wconf 81' lang='lat' dir='ltr'><strong>in</strong></span> <span class='ocrx_word' id='word_1_264' title='bbox 207 1621 301 1648; x_wconf 80' lang='lat' dir='ltr'><strong>mundo</strong></span> <span class='ocrx_word' id='word_1_265' title='bbox 317 1621 415 1656; x_wconf 83' lang='lat' dir='ltr'><strong>(Epist.</strong></span> <span class='ocrx_word' id='word_1_266' title='bbox 430 1622 476 1656; x_wconf 83' lang='lat'><strong>95,</strong></span> <span class='ocrx_word' id='word_1_267' title='bbox 490 1631 516 1651; x_wconf 86' lang='grc' dir='ltr'><strong>η.</strong></span> <span class='ocrx_word' id='word_1_268' title='bbox 530 1623 567 1658; x_wconf 88' lang='lat' dir='ltr'><strong>I).</strong></span> 
     </span>
    </p>
   </div>
   <div class='ocr_carea' id='block_1_35' title="bbox 96 1664 838 1709">
    <p class='ocr_par' dir='ltr' id='par_1_35' title="bbox 96 1664 838 1709">
     <span class='ocr_line' id='line_1_35' title="bbox 96 1664 838 1709; baseline 0.008 -15"><span class='ocrx_word' id='word_1_269' title='bbox 96 1664 118 1694; x_wconf 72' lang='lat'><strong>6.</strong></span> <span class='ocrx_word' id='word_1_270' title='bbox 125 1665 216 1696; x_wconf 77' lang='lat' dir='ltr'><strong>Deinde</strong></span> <span class='ocrx_word' id='word_1_271' title='bbox 223 1667 320 1696; x_wconf 76' lang='lat' dir='ltr'><strong>litteris</strong></span> <span class='ocrx_word' id='word_1_272' title='bbox 325 1668 428 1697; x_wconf 85' lang='lat' dir='ltr'><strong>Paulini</strong></span> <span class='ocrx_word' id='word_1_273' title='bbox 438 1669 580 1704; x_wconf 84' lang='lat' dir='ltr'><strong>respondet</strong></span> <span class='ocrx_word' id='word_1_274' title='bbox 587 1668 664 1707; x_wconf 79' lang='lat' dir='ltr'><strong>(Ibid.</strong></span> <span class='ocrx_word' id='word_1_275' title='bbox 670 1690 680 1706; x_wconf 83' lang='grc'><strong><em>,</em></strong></span> <span class='ocrx_word' id='word_1_276' title='bbox 688 1680 713 1699; x_wconf 85' lang='lat' dir='ltr'><strong>rt.</strong></span> <span class='ocrx_word' id='word_1_277' title='bbox 722 1671 741 1700; x_wconf 76' lang='lat'><strong>2</strong></span> <span class='ocrx_word' id='word_1_278' title='bbox 747 1673 838 1709; x_wconf 58' lang='lat' dir='ltr'><strong>seqq):</strong></span> 
     </span>
    </p>
   </div>
   <div class='ocr_carea' id='block_1_36' title="bbox 70 1713 839 1754">
    <p class='ocr_par' dir='ltr' id='par_1_36' title="bbox 70 1713 839 1754">
     <span class='ocr_line' id='line_1_36' title="bbox 70 1713 839 1754; baseline 0.009 -14"><span class='ocrx_word' id='word_1_279' title='bbox 70 1718 161 1748; x_wconf 71' lang='lat' dir='ltr'><strong>umque</strong></span> <span class='ocrx_word' id='word_1_280' title='bbox 172 1713 243 1742; x_wconf 83' lang='lat' dir='ltr'><strong>idem</strong></span> <span class='ocrx_word' id='word_1_281' title='bbox 255 1719 365 1743; x_wconf 80' lang='lat' dir='ltr'><strong>sanctus</strong></span> <span class='ocrx_word' id='word_1_282' title='bbox 377 1715 503 1749; x_wconf 72' lang='lat' dir='ltr'><strong>dixisset,</strong></span> <span class='ocrx_word' id='word_1_283' title='bbox 516 1717 600 1745; x_wconf 87' lang='lat' dir='ltr'><strong>satius</strong></span> <span class='ocrx_word' id='word_1_284' title='bbox 618 1725 678 1746; x_wconf 82' lang='lat' dir='ltr'><strong>esse</strong></span> <span class='ocrx_word' id='word_1_285' title='bbox 691 1726 744 1753; x_wconf 88' lang='lat' dir='ltr'><strong>quo</strong></span> <span class='ocrx_word' id='word_1_286' title='bbox 763 1724 839 1754; x_wconf 74' lang='lat' dir='ltr'><strong>pacto</strong></span> 
     </span>
    </p>
   </div>
   <div class='ocr_carea' id='block_1_37' title="bbox 70 1757 839 1798">
    <p class='ocr_par' dir='ltr' id='par_1_37' title="bbox 70 1757 839 1798">
     <span class='ocr_line' id='line_1_37' title="bbox 70 1757 839 1798; baseline 0.01 -12"><span class='ocrx_word' id='word_1_287' title='bbox 70 1757 107 1786; x_wconf 84' lang='lat' dir='ltr'><strong>hic</strong></span> <span class='ocrx_word' id='word_1_288' title='bbox 114 1759 189 1788; x_wconf 69' lang='lat' dir='ltr'><strong>virere</strong></span> <span class='ocrx_word' id='word_1_289' title='bbox 197 1760 300 1795; x_wconf 74' lang='lat' dir='ltr'><strong>doceat,</strong></span> <span class='ocrx_word' id='word_1_290' title='bbox 312 1770 393 1797; x_wconf 84' lang='lat' dir='ltr'><strong>quam</strong></span> <span class='ocrx_word' id='word_1_291' title='bbox 403 1762 463 1798; x_wconf 87' lang='lat' dir='ltr'><strong>quis</strong></span> <span class='ocrx_word' id='word_1_292' title='bbox 473 1767 563 1791; x_wconf 83' lang='lat' dir='ltr'><strong>noster</strong></span> <span class='ocrx_word' id='word_1_293' title='bbox 574 1763 677 1793; x_wconf 88' lang='lat' dir='ltr'><strong>futurus</strong></span> <span class='ocrx_word' id='word_1_294' title='bbox 687 1766 721 1793; x_wconf 89' lang='lat' dir='ltr'><strong>sit</strong></span> <span class='ocrx_word' id='word_1_295' title='bbox 733 1766 759 1794; x_wconf 92' lang='lat' dir='ltr'><strong>in</strong></span> <span class='ocrx_word' id='word_1_296' title='bbox 770 1766 839 1794; x_wconf 83' lang='lat' dir='ltr'><strong>coelo</strong></span> 
     </span>
    </p>
   </div>
   <div class='ocr_carea' id='block_1_38' title="bbox 72 1806 839 1846">
    <p class='ocr_par' dir='ltr' id='par_1_38' title="bbox 72 1806 839 1846">
     <span class='ocr_line' id='line_1_38' title="bbox 72 1806 839 1846; baseline 0.013 -15"><span class='ocrx_word' id='word_1_297' title='bbox 72 1807 150 1837; x_wconf 74' lang='lat' dir='ltr'><strong>status,</strong></span> <span class='ocrx_word' id='word_1_298' title='bbox 161 1806 302 1841; x_wconf 80' lang='lat' dir='ltr'><strong>inquirere;</strong></span> <span class='ocrx_word' id='word_1_299' title='bbox 315 1808 385 1836; x_wconf 84' lang='lat' dir='ltr'><strong>hanc</strong></span> <span class='ocrx_word' id='word_1_300' title='bbox 398 1809 561 1844; x_wconf 76' lang='lat' dir='ltr'><strong>Augustinus</strong></span> <span class='ocrx_word' id='word_1_301' title='bbox 568 1811 661 1846; x_wconf 83' lang='lat' dir='ltr'><strong>arripit</strong></span> <span class='ocrx_word' id='word_1_302' title='bbox 671 1812 839 1842; x_wconf 85' lang='lat' dir='ltr'><strong>occasionem</strong></span> 
     </span>
    </p>
   </div>
   <div class='ocr_carea' id='block_1_39' title="bbox 69 1851 837 1893">
    <p class='ocr_par' dir='ltr' id='par_1_39' title="bbox 69 1851 837 1893">
     <span class='ocr_line' id='line_1_39' title="bbox 69 1851 837 1893; baseline 0.014 -17"><span class='ocrx_word' id='word_1_303' title='bbox 69 1851 222 1887; x_wconf 68' lang='lat' dir='ltr'><strong>proponenda</strong></span> <span class='ocrx_word' id='word_1_304' title='bbox 240 1853 414 1889; x_wconf 66' lang='lat' dir='ltr'><strong>qumstionis,</strong></span> <span class='ocrx_word' id='word_1_305' title='bbox 431 1854 501 1883; x_wconf 84' lang='lat' dir='ltr'><strong>haud</strong></span> <span class='ocrx_word' id='word_1_306' title='bbox 519 1855 584 1885; x_wconf 77' lang='lat' dir='ltr'><strong>lovis</strong></span> <span class='ocrx_word' id='word_1_307' title='bbox 596 1876 604 1890; x_wconf 94' lang='lat'><strong>,</strong></span> <span class='ocrx_word' id='word_1_308' title='bbox 619 1862 648 1885; x_wconf 86' lang='lat' dir='ltr'><strong>ut</strong></span> <span class='ocrx_word' id='word_1_309' title='bbox 666 1858 716 1893; x_wconf 82' lang='lat' dir='ltr'><strong>ipsi</strong></span> <span class='ocrx_word' id='word_1_310' title='bbox 730 1859 837 1893; x_wconf 87' lang='lat' dir='ltr'><strong>quidem</strong></span> 
     </span>
    </p>
   </div>
   <div class='ocr_carea' id='block_1_40' title="bbox 68 1895 838 1936">
    <p class='ocr_par' dir='ltr' id='par_1_40' title="bbox 68 1895 838 1936">
     <span class='ocr_line' id='line_1_40' title="bbox 68 1895 838 1936; baseline 0.013 -13"><span class='ocrx_word' id='word_1_311' title='bbox 68 1895 191 1931; x_wconf 74' lang='lat' dir='ltr'><strong>ridebatur,</strong></span> <span class='ocrx_word' id='word_1_312' title='bbox 201 1900 343 1933; x_wconf 81' lang='lat' dir='ltr'><strong>momenti,</strong></span> <span class='ocrx_word' id='word_1_313' title='bbox 357 1908 408 1936; x_wconf 84' lang='lat' dir='ltr'><strong>qua</strong></span> <span class='ocrx_word' id='word_1_314' title='bbox 419 1901 521 1930; x_wconf 83' lang='lat' dir='ltr'><strong>scilicet</strong></span> <span class='ocrx_word' id='word_1_315' title='bbox 534 1902 638 1931; x_wconf 78' lang='lat' dir='ltr'><strong>ratione</strong></span> <span class='ocrx_word' id='word_1_316' title='bbox 651 1903 792 1932; x_wconf 81' lang='lat' dir='ltr'><strong>vivendum</strong></span> <span class='ocrx_word' id='word_1_317' title='bbox 804 1906 838 1935; x_wconf 83' lang='lat' dir='ltr'><strong>sit</strong></span> 
     </span>
    </p>
   </div>
   <div class='ocr_carea' id='block_1_41' title="bbox 68 1941 837 1986">
    <p class='ocr_par' dir='ltr' id='par_1_41' title="bbox 68 1941 837 1986">
     <span class='ocr_line' id='line_1_41' title="bbox 68 1941 837 1986; baseline 0.009 -13"><span class='ocrx_word' id='word_1_318' title='bbox 68 1941 123 1974; x_wconf 64' lang='lat' dir='ltr'><strong>ista</strong></span> <span class='ocrx_word' id='word_1_319' title='bbox 132 1951 172 1973; x_wconf 79' lang='lat' dir='ltr'><strong>eos</strong></span> <span class='ocrx_word' id='word_1_320' title='bbox 183 1953 215 1976; x_wconf 73' lang='lat' dir='ltr'><strong>ac</strong></span> <span class='ocrx_word' id='word_1_321' title='bbox 228 1951 338 1982; x_wconf 82' lang='lat' dir='ltr'><strong>propter</strong></span> <span class='ocrx_word' id='word_1_322' title='bbox 347 1954 395 1976; x_wconf 81' lang='lat' dir='ltr'><strong>eos</strong></span> <span class='ocrx_word' id='word_1_323' title='bbox 405 1968 413 1981; x_wconf 90' lang='lat'><strong>,</strong></span> <span class='ocrx_word' id='word_1_324' title='bbox 428 1949 474 1984; x_wconf 86' lang='lat' dir='ltr'><strong>qui</strong></span> <span class='ocrx_word' id='word_1_325' title='bbox 489 1949 607 1978; x_wconf 87' lang='lat' dir='ltr'><strong>nondum</strong></span> <span class='ocrx_word' id='word_1_326' title='bbox 621 1958 636 1978; x_wconf 90' lang='lat' dir='ltr'><strong>a</strong></span> <span class='ocrx_word' id='word_1_327' title='bbox 650 1951 837 1986; x_wconf 82' lang='lat' dir='ltr'><strong>cupiditatibus</strong></span> 
     </span>
    </p>
   </div>
   <div class='ocr_carea' id='block_1_42' title="bbox 67 1989 837 2031">
    <p class='ocr_par' dir='ltr' id='par_1_42' title="bbox 67 1989 837 2031">
     <span class='ocr_line' id='line_1_42' title="bbox 67 1989 837 2031; baseline 0.009 -10"><span class='ocrx_word' id='word_1_328' title='bbox 67 1989 131 2021; x_wconf 65' lang='lat' dir='ltr'><strong>&quot;iui</strong></span> <span class='ocrx_word' id='word_1_329' title='bbox 145 1992 192 2020; x_wconf 82' lang='lat' dir='ltr'><strong>sint</strong></span> <span class='ocrx_word' id='word_1_330' title='bbox 211 1999 241 2024; x_wconf 78' lang='lat' dir='ltr'><strong>et</strong></span> <span class='ocrx_word' id='word_1_331' title='bbox 258 1993 357 2023; x_wconf 77' lang='lat' dir='ltr'><strong>liberi:</strong></span> <span class='ocrx_word' id='word_1_332' title='bbox 374 2000 454 2031; x_wconf 80' lang='lat' dir='ltr'><strong>atque</strong></span> <span class='ocrx_word' id='word_1_333' title='bbox 474 1995 537 2024; x_wconf 87' lang='lat' dir='ltr'><strong>hinc</strong></span> <span class='ocrx_word' id='word_1_334' title='bbox 557 1996 638 2025; x_wconf 85' lang='lat' dir='ltr'><strong>animi</strong></span> <span class='ocrx_word' id='word_1_335' title='bbox 650 1999 690 2026; x_wconf 86' lang='lat' dir='ltr'><strong>sui</strong></span> <span class='ocrx_word' id='word_1_336' title='bbox 705 1999 733 2027; x_wconf 90' lang='lat' dir='ltr'><strong>iu</strong></span> <span class='ocrx_word' id='word_1_337' title='bbox 746 2000 837 2029; x_wconf 85' lang='lat' dir='ltr'><strong>multis</strong></span> 
     </span>
    </p>
   </div>
   <div class='ocr_carea' id='block_1_43' title="bbox 68 2034 836 2076">
    <p class='ocr_par' dir='ltr' id='par_1_43' title="bbox 68 2034 836 2076">
     <span class='ocr_line' id='line_1_43' title="bbox 68 2034 836 2076; baseline 0.013 -11"><span class='ocrx_word' id='word_1_338' title='bbox 68 2034 115 2065; x_wconf 66' lang='lat' dir='ltr'><strong>vita</strong></span> <span class='ocrx_word' id='word_1_339' title='bbox 129 2037 219 2069; x_wconf 66' lang='lat' dir='ltr'><strong>ciliciis</strong></span> <span class='ocrx_word' id='word_1_340' title='bbox 236 2040 462 2076; x_wconf 80' lang='lat' dir='ltr'><strong>solliciuidinetu,</strong></span> <span class='ocrx_word' id='word_1_341' title='bbox 482 2044 643 2073; x_wconf 74' lang='lat' dir='ltr'><strong>anxietatem</strong></span> <span class='ocrx_word' id='word_1_342' title='bbox 660 2053 692 2073; x_wconf 84' lang='lat' dir='ltr'><strong>ac</strong></span> <span class='ocrx_word' id='word_1_343' title='bbox 712 2047 836 2076; x_wconf 89' lang='lat' dir='ltr'><strong>timorem</strong></span> 
     </span>
    </p>
   </div>
   <div class='ocr_carea' id='block_1_44' title="bbox 70 2082 837 2123">
    <p class='ocr_par' dir='ltr' id='par_1_44' title="bbox 70 2082 837 2123">
     <span class='ocr_line' id='line_1_44' title="bbox 70 2082 837 2123; baseline 0.009 -8"><span class='ocrx_word' id='word_1_344' title='bbox 70 2082 193 2119; x_wconf 62' lang='lat' dir='ltr'><strong>MM,</strong></span> <span class='ocrx_word' id='word_1_345' title='bbox 216 2092 295 2123; x_wconf 68' lang='lat' dir='ltr'><strong>rogat</strong></span> <span class='ocrx_word' id='word_1_346' title='bbox 314 2092 343 2118; x_wconf 86' lang='lat' dir='ltr'><strong>ut</strong></span> <span class='ocrx_word' id='word_1_347' title='bbox 362 2095 394 2117; x_wconf 78' lang='lat' dir='ltr'><strong>ea</strong></span> <span class='ocrx_word' id='word_1_348' title='bbox 408 2088 443 2118; x_wconf 88' lang='lat' dir='ltr'><strong>de</strong></span> <span class='ocrx_word' id='word_1_349' title='bbox 462 2096 493 2118; x_wconf 80' lang='lat' dir='ltr'><strong>re</strong></span> <span class='ocrx_word' id='word_1_350' title='bbox 506 2092 684 2121; x_wconf 83' lang='lat' dir='ltr'><strong>communicet</strong></span> <span class='ocrx_word' id='word_1_351' title='bbox 703 2101 764 2121; x_wconf 89' lang='lat' dir='ltr'><strong>cum</strong></span> <span class='ocrx_word' id='word_1_352' title='bbox 778 2094 837 2122; x_wconf 85' lang='lat' dir='ltr'><strong>viro</strong></span> 
     </span>
    </p>
   </div>
   <div class='ocr_carea' id='block_1_45' title="bbox 70 2130 836 2174">
    <p class='ocr_par' dir='ltr' id='par_1_45' title="bbox 70 2130 836 2174">
     <span class='ocr_line' id='line_1_45' title="bbox 70 2130 836 2174; baseline 0.008 -11"><span class='ocrx_word' id='word_1_353' title='bbox 70 2130 166 2165; x_wconf 61' lang='lat' dir='ltr'><strong>Mill</strong></span> <span class='ocrx_word' id='word_1_354' title='bbox 180 2140 243 2163; x_wconf 73' lang='lat' dir='ltr'><strong>vero</strong></span> <span class='ocrx_word' id='word_1_355' title='bbox 257 2134 321 2170; x_wconf 83' lang='lat' dir='ltr'><strong>pio,</strong></span> <span class='ocrx_word' id='word_1_356' title='bbox 337 2141 386 2164; x_wconf 78' lang='lat' dir='ltr'><strong>seu</strong></span> <span class='ocrx_word' id='word_1_357' title='bbox 398 2141 537 2165; x_wconf 76' lang='lat' dir='ltr'><strong>mansueto</strong></span> <span class='ocrx_word' id='word_1_358' title='bbox 548 2157 555 2170; x_wconf 91' lang='lat'><strong>,</strong></span> <span class='ocrx_word' id='word_1_359' title='bbox 568 2143 596 2166; x_wconf 83' lang='lat' dir='ltr'><strong>ut</strong></span> <span class='ocrx_word' id='word_1_360' title='bbox 608 2138 733 2174; x_wconf 89' lang='lat' dir='ltr'><strong>loquitur,</strong></span> <span class='ocrx_word' id='word_1_361' title='bbox 746 2140 836 2169; x_wconf 81' lang='lat' dir='ltr'><strong>cordis</strong></span> 
     </span>
    </p>
   </div>
   <div class='ocr_carea' id='block_1_46' title="bbox 70 2174 836 2222">
    <p class='ocr_par' dir='ltr' id='par_1_46' title="bbox 70 2174 836 2222">
     <span class='ocr_line' id='line_1_46' title="bbox 70 2174 836 2222; baseline 0.009 -15"><span class='ocrx_word' id='word_1_362' title='bbox 70 2174 158 2222; x_wconf 50' lang='lat' dir='ltr'><strong>lodice,</strong></span> <span class='ocrx_word' id='word_1_363' title='bbox 168 2187 250 2215; x_wconf 65' lang='lat' dir='ltr'><strong>qua</strong></span> <span class='ocrx_word' id='word_1_364' title='bbox 259 2185 305 2210; x_wconf 81' lang='lat' dir='ltr'><strong>aut</strong></span> <span class='ocrx_word' id='word_1_365' title='bbox 318 2180 393 2210; x_wconf 65' lang='grc' dir='ltr'><strong>Νοιω</strong></span> <span class='ocrx_word' id='word_1_366' title='bbox 403 2182 447 2210; x_wconf 86' lang='lat' dir='ltr'><strong>ubi</strong></span> <span class='ocrx_word' id='word_1_367' title='bbox 459 2182 542 2219; x_wconf 64' lang='lat' dir='ltr'><strong>degit,</strong></span> <span class='ocrx_word' id='word_1_368' title='bbox 552 2189 598 2212; x_wconf 84' lang='lat' dir='ltr'><strong>ant</strong></span> <span class='ocrx_word' id='word_1_369' title='bbox 610 2184 702 2213; x_wconf 70' lang='lat' dir='ltr'><strong>Roma:</strong></span> <span class='ocrx_word' id='word_1_370' title='bbox 714 2194 767 2222; x_wconf 92' lang='lat' dir='ltr'><strong>quo</strong></span> <span class='ocrx_word' id='word_1_371' title='bbox 781 2186 836 2214; x_wconf 84' lang='lat' dir='ltr'><strong>sin-</strong></span> 
     </span>
    </p>
   </div>
   <div class='ocr_carea' id='block_1_47' title="bbox 67 2221 835 2267">
    <p class='ocr_par' dir='ltr' id='par_1_47' title="bbox 67 2221 835 2267">
     <span class='ocr_line' id='line_1_47' title="bbox 67 2221 835 2267; baseline 0.01 -14"><span class='ocrx_word' id='word_1_372' title='bbox 67 2221 196 2258; x_wconf 61' lang='lat' dir='ltr'><strong>ﬂiunnis</strong></span> <span class='ocrx_word' id='word_1_373' title='bbox 216 2228 322 2263; x_wconf 67' lang='lat' dir='ltr'><strong>pergit,</strong></span> <span class='ocrx_word' id='word_1_374' title='bbox 337 2229 485 2265; x_wconf 77' lang='lat' dir='ltr'><strong>repererit;</strong></span> <span class='ocrx_word' id='word_1_375' title='bbox 500 2231 623 2267; x_wconf 76' lang='lat' dir='ltr'><strong>quodque</strong></span> <span class='ocrx_word' id='word_1_376' title='bbox 644 2232 694 2267; x_wconf 86' lang='lat' dir='ltr'><strong>ipsi</strong></span> <span class='ocrx_word' id='word_1_377' title='bbox 708 2221 835 2261; x_wconf 78' lang='lat' dir='ltr'><strong>Dominus</strong></span> 
     </span>
    </p>
   </div>
   <div class='ocr_carea' id='block_1_48' title="bbox 68 2272 835 2309">
    <p class='ocr_par' dir='ltr' id='par_1_48' title="bbox 68 2272 835 2309">
     <span class='ocr_line' id='line_1_48' title="bbox 68 2272 835 2309; baseline 0.008 -7"><span class='ocrx_word' id='word_1_378' title='bbox 68 2272 188 2306; x_wconf 61' lang='lat' dir='ltr'><strong>limem,</strong></span> <span class='ocrx_word' id='word_1_379' title='bbox 204 2275 308 2303; x_wconf 82' lang='lat' dir='ltr'><strong>scribat</strong></span> <span class='ocrx_word' id='word_1_380' title='bbox 327 2275 388 2303; x_wconf 87' lang='lat' dir='ltr'><strong>sibi.</strong></span> <span class='ocrx_word' id='word_1_381' title='bbox 406 2276 500 2305; x_wconf 86' lang='lat' dir='ltr'><strong>Postea</strong></span> <span class='ocrx_word' id='word_1_382' title='bbox 514 2284 578 2305; x_wconf 84' lang='lat' dir='ltr'><strong>vero</strong></span> <span class='ocrx_word' id='word_1_383' title='bbox 590 2277 723 2307; x_wconf 82' lang='lat' dir='ltr'><strong>delabitur</strong></span> <span class='ocrx_word' id='word_1_384' title='bbox 735 2280 767 2307; x_wconf 89' lang='lat' dir='ltr'><strong>ad</strong></span> <span class='ocrx_word' id='word_1_385' title='bbox 781 2285 835 2309; x_wconf 83' lang='lat' dir='ltr'><strong>sta-</strong></span> 
     </span>
    </p>
   </div>
   <div class='ocr_carea' id='block_1_49' title="bbox 72 2314 832 2359">
    <p class='ocr_par' dir='ltr' id='par_1_49' title="bbox 72 2314 832 2359">
     <span class='ocr_line' id='line_1_49' title="bbox 72 2314 832 2359; baseline 0.016 -21"><span class='ocrx_word' id='word_1_386' title='bbox 72 2314 114 2340; x_wconf 73' lang='lat' dir='ltr'><strong>tuta</strong></span> <span class='ocrx_word' id='word_1_387' title='bbox 122 2318 321 2352; x_wconf 71' lang='lat' dir='ltr'><strong>resurrectionis,</strong></span> <span class='ocrx_word' id='word_1_388' title='bbox 336 2318 363 2348; x_wconf 88' lang='lat' dir='ltr'><strong>in</strong></span> <span class='ocrx_word' id='word_1_389' title='bbox 377 2318 411 2348; x_wconf 87' lang='lat' dir='ltr'><strong>Iis</strong></span> <span class='ocrx_word' id='word_1_390' title='bbox 422 2319 537 2348; x_wconf 73' lang='lat' dir='ltr'><strong>maxime</strong></span> <span class='ocrx_word' id='word_1_391' title='bbox 548 2329 607 2356; x_wconf 80' lang='lat' dir='ltr'><strong>quae</strong></span> <span class='ocrx_word' id='word_1_392' title='bbox 618 2321 652 2350; x_wconf 77' lang='lat' dir='ltr'><strong>ad</strong></span> <span class='ocrx_word' id='word_1_393' title='bbox 664 2328 760 2358; x_wconf 86' lang='lat' dir='ltr'><strong>corpus</strong></span> <span class='ocrx_word' id='word_1_394' title='bbox 773 2331 832 2359; x_wconf 89' lang='lat' dir='ltr'><strong>per-</strong></span> 
     </span>
    </p>
   </div>
   <div class='ocr_carea' id='block_1_50' title="bbox 70 2357 833 2405">
    <p class='ocr_par' dir='ltr' id='par_1_50' title="bbox 70 2357 833 2405">
     <span class='ocr_line' id='line_1_50' title="bbox 70 2357 833 2405; baseline 0.005 -12"><span class='ocrx_word' id='word_1_395' title='bbox 70 2357 232 2405; x_wconf 53' lang='grc' dir='ltr'>Μιιιιιιε</span> <span class='ocrx_word' id='word_1_396' title='bbox 246 2366 329 2394; x_wconf 69' lang='lat' dir='ltr'><strong>etiam</strong></span> <span class='ocrx_word' id='word_1_397' title='bbox 351 2366 526 2401; x_wconf 75' lang='lat' dir='ltr'><strong>qumstionem</strong></span> <span class='ocrx_word' id='word_1_398' title='bbox 546 2368 643 2403; x_wconf 75' lang='lat' dir='ltr'><strong>agitat,</strong></span> <span class='ocrx_word' id='word_1_399' title='bbox 665 2357 727 2396; x_wconf 85' lang='lat' dir='ltr'><strong>num</strong></span> <span class='ocrx_word' id='word_1_400' title='bbox 741 2357 833 2405; x_wconf 63' lang='lat' dir='ltr'><strong>angeli</strong></span> 
     </span>
    </p>
   </div>
   <div class='ocr_carea' id='block_1_51' title="bbox 66 2403 834 2451">
    <p class='ocr_par' dir='ltr' id='par_1_51' title="bbox 66 2403 834 2451">
     <span class='ocr_line' id='line_1_51' title="bbox 66 2403 834 2451; baseline 0.007 -13"><span class='ocrx_word' id='word_1_401' title='bbox 66 2403 276 2447; x_wconf 50' lang='lat' dir='ltr'><strong>“crpor-</strong></span> <span class='ocrx_word' id='word_1_402' title='bbox 288 2412 344 2440; x_wconf 80' lang='lat' dir='ltr'><strong>suis</strong></span> <span class='ocrx_word' id='word_1_403' title='bbox 355 2412 449 2441; x_wconf 76' lang='lat' dir='ltr'><strong>ciliciis</strong></span> <span class='ocrx_word' id='word_1_404' title='bbox 459 2414 673 2447; x_wconf 79' lang='lat' dir='ltr'><strong>accommodata;</strong></span> <span class='ocrx_word' id='word_1_405' title='bbox 684 2415 755 2451; x_wconf 72' lang='lat' dir='ltr'><strong>quod</strong></span> <span class='ocrx_word' id='word_1_406' title='bbox 767 2403 834 2443; x_wconf 75' lang='lat' dir='ltr'><strong>Pau-</strong></span> 
     </span>
    </p>
   </div>
   <div class='ocr_carea' id='block_1_52' title="bbox 65 2450 833 2497">
    <p class='ocr_par' dir='ltr' id='par_1_52' title="bbox 65 2450 833 2497">
     <span class='ocr_line' id='line_1_52' title="bbox 65 2450 833 2497; baseline 0.009 -13"><span class='ocrx_word' id='word_1_407' title='bbox 65 2450 121 2482; x_wconf 56' lang='lat' dir='ltr'><strong>illi</strong></span> <span class='ocrx_word' id='word_1_408' title='bbox 132 2461 176 2485; x_wconf 69' lang='lat' dir='ltr'><strong>eos</strong></span> <span class='ocrx_word' id='word_1_409' title='bbox 190 2462 251 2487; x_wconf 70' lang='lat' dir='ltr'><strong>esse</strong></span> <span class='ocrx_word' id='word_1_410' title='bbox 265 2464 405 2487; x_wconf 80' lang='lat' dir='ltr'><strong>creaturas</strong></span> <span class='ocrx_word' id='word_1_411' title='bbox 419 2461 573 2496; x_wconf 68' lang='lat' dir='ltr'><strong>simpliciter</strong></span> <span class='ocrx_word' id='word_1_412' title='bbox 586 2450 737 2497; x_wconf 80' lang='lat' dir='ltr'><strong>spirituales</strong></span> <span class='ocrx_word' id='word_1_413' title='bbox 749 2483 755 2495; x_wconf 90' lang='lat'><strong>,</strong></span> <span class='ocrx_word' id='word_1_414' title='bbox 772 2467 833 2491; x_wconf 83' lang='lat' dir='ltr'><strong>tau-</strong></span> 
     </span>
    </p>
   </div>
   <div class='ocr_carea' id='block_1_53' title="bbox 65 2504 833 2543">
    <p class='ocr_par' dir='ltr' id='par_1_53' title="bbox 65 2504 833 2543">
     <span class='ocr_line' id='line_1_53' title="bbox 65 2504 833 2543; baseline 0.009 -13"><span class='ocrx_word' id='word_1_415' title='bbox 65 2504 127 2531; x_wconf 73' lang='grc' dir='ltr'>(Ιιιιη</span> <span class='ocrx_word' id='word_1_416' title='bbox 146 2507 198 2531; x_wconf 73' lang='lat' dir='ltr'><strong>mn</strong></span> <span class='ocrx_word' id='word_1_417' title='bbox 218 2509 321 2533; x_wconf 76' lang='lat' dir='ltr'><strong>certant</strong></span> <span class='ocrx_word' id='word_1_418' title='bbox 336 2506 479 2541; x_wconf 80' lang='lat' dir='ltr'><strong>posuisset.</strong></span> <span class='ocrx_word' id='word_1_419' title='bbox 499 2507 565 2535; x_wconf 85' lang='lat' dir='ltr'><strong>Orat</strong></span> <span class='ocrx_word' id='word_1_420' title='bbox 588 2508 676 2543; x_wconf 77' lang='lat' dir='ltr'><strong>igitur,</strong></span> <span class='ocrx_word' id='word_1_421' title='bbox 691 2513 720 2537; x_wconf 91' lang='lat' dir='ltr'><strong>ut</strong></span> <span class='ocrx_word' id='word_1_422' title='bbox 739 2508 833 2538; x_wconf 86' lang='lat' dir='ltr'><strong>beatus</strong></span> 
     </span>
    </p>
   </div>
   <div class='ocr_carea' id='block_1_54' title="bbox 64 2546 831 2593">
    <p class='ocr_par' dir='ltr' id='par_1_54' title="bbox 64 2546 831 2593">
     <span class='ocr_line' id='line_1_54' title="bbox 64 2546 831 2593; baseline 0.016 -19"><span class='ocrx_word' id='word_1_423' title='bbox 64 2546 98 2575; x_wconf 78' lang='lat' dir='ltr'><strong>ille</strong></span> <span class='ocrx_word' id='word_1_424' title='bbox 108 2550 142 2577; x_wconf 74' lang='lat' dir='ltr'><strong>vir</strong></span> <span class='ocrx_word' id='word_1_425' title='bbox 149 2552 195 2580; x_wconf 86' lang='lat' dir='ltr'><strong>sibi</strong></span> <span class='ocrx_word' id='word_1_426' title='bbox 209 2558 264 2582; x_wconf 76' lang='lat' dir='ltr'><strong>tum</strong></span> <span class='ocrx_word' id='word_1_427' title='bbox 277 2560 309 2583; x_wconf 79' lang='lat' dir='ltr'><strong>ea</strong></span> <span class='ocrx_word' id='word_1_428' title='bbox 323 2554 358 2582; x_wconf 86' lang='lat' dir='ltr'><strong>de</strong></span> <span class='ocrx_word' id='word_1_429' title='bbox 373 2561 412 2590; x_wconf 85' lang='lat' dir='ltr'><strong>re,</strong></span> <span class='ocrx_word' id='word_1_430' title='bbox 429 2560 484 2584; x_wconf 86' lang='lat' dir='ltr'><strong>tum</strong></span> <span class='ocrx_word' id='word_1_431' title='bbox 498 2556 532 2585; x_wconf 82' lang='lat' dir='ltr'><strong>de</strong></span> <span class='ocrx_word' id='word_1_432' title='bbox 544 2556 597 2584; x_wconf 82' lang='lat' dir='ltr'><strong>alio</strong></span> <span class='ocrx_word' id='word_1_433' title='bbox 608 2558 694 2592; x_wconf 75' lang='lat' dir='ltr'><strong>capite</strong></span> <span class='ocrx_word' id='word_1_434' title='bbox 706 2558 731 2585; x_wconf 89' lang='lat' dir='ltr'><strong>in</strong></span> <span class='ocrx_word' id='word_1_435' title='bbox 750 2566 831 2593; x_wconf 83' lang='lat' dir='ltr'><strong>supe-</strong></span> 
     </span>
    </p>
   </div>
   <div class='ocr_carea' id='block_1_55' title="bbox 65 2592 831 2640">
    <p class='ocr_par' dir='ltr' id='par_1_55' title="bbox 65 2592 831 2640">
     <span class='ocr_line' id='line_1_55' title="bbox 65 2592 831 2640; baseline 0.014 -18"><span class='ocrx_word' id='word_1_436' title='bbox 65 2592 114 2623; x_wconf 73' lang='lat' dir='ltr'><strong>liori</strong></span> <span class='ocrx_word' id='word_1_437' title='bbox 126 2605 167 2626; x_wconf 77' lang='lat' dir='ltr'><strong>sua</strong></span> <span class='ocrx_word' id='word_1_438' title='bbox 180 2601 290 2635; x_wconf 76' lang='lat' dir='ltr'><strong>cpistola</strong></span> <span class='ocrx_word' id='word_1_439' title='bbox 310 2601 381 2630; x_wconf 82' lang='lat' dir='ltr'><strong>circa</strong></span> <span class='ocrx_word' id='word_1_440' title='bbox 396 2602 569 2631; x_wconf 82' lang='lat' dir='ltr'><strong>christianum</strong></span> <span class='ocrx_word' id='word_1_441' title='bbox 584 2604 666 2632; x_wconf 91' lang='lat' dir='ltr'><strong>otium</strong></span> <span class='ocrx_word' id='word_1_442' title='bbox 683 2605 716 2632; x_wconf 89' lang='lat' dir='ltr'><strong>ad</strong></span> <span class='ocrx_word' id='word_1_443' title='bbox 737 2592 831 2640; x_wconf 78' lang='lat' dir='ltr'><strong>capes-</strong></span> 
     </span>
    </p>
   </div>
   <div class='ocr_carea' id='block_1_56' title="bbox 65 2643 831 2688">
    <p class='ocr_par' dir='ltr' id='par_1_56' title="bbox 65 2643 831 2688">
     <span class='ocr_line' id='line_1_56' title="bbox 65 2643 831 2688; baseline 0.014 -19"><span class='ocrx_word' id='word_1_444' title='bbox 65 2643 151 2688; x_wconf 47' lang='lat' dir='ltr'><strong>sendam</strong></span> <span class='ocrx_word' id='word_1_445' title='bbox 164 2648 318 2681; x_wconf 81' lang='lat' dir='ltr'><strong>sapientiam</strong></span> <span class='ocrx_word' id='word_1_446' title='bbox 333 2650 469 2684; x_wconf 52' lang='lat' dir='ltr'><strong>proposito</strong></span> <span class='ocrx_word' id='word_1_447' title='bbox 488 2650 631 2678; x_wconf 84' lang='lat' dir='ltr'><strong>satisfaciat</strong></span> <span class='ocrx_word' id='word_1_448' title='bbox 644 2659 652 2679; x_wconf 86' lang='lat'><strong>:</strong></span> <span class='ocrx_word' id='word_1_449' title='bbox 664 2652 831 2688; x_wconf 86' lang='lat' dir='ltr'><strong>quandoqui-</strong></span> 
     </span>
    </p>
   </div>
   <div class='ocr_carea' id='block_1_57' title="bbox 63 2684 830 2729">
    <p class='ocr_par' dir='ltr' id='par_1_57' title="bbox 63 2684 830 2729">
     <span class='ocr_line' id='line_1_57' title="bbox 63 2684 830 2729; baseline 0.013 -13"><span class='ocrx_word' id='word_1_450' title='bbox 63 2684 110 2715; x_wconf 73' lang='lat' dir='ltr'><strong>deut</strong></span> <span class='ocrx_word' id='word_1_451' title='bbox 122 2689 224 2720; x_wconf 82' lang='lat' dir='ltr'><strong>Paulino</strong></span> <span class='ocrx_word' id='word_1_452' title='bbox 237 2702 284 2729; x_wconf 87' lang='lat' dir='ltr'><strong>per</strong></span> <span class='ocrx_word' id='word_1_453' title='bbox 298 2699 457 2722; x_wconf 85' lang='lat' dir='ltr'><strong>maturatum</strong></span> <span class='ocrx_word' id='word_1_454' title='bbox 469 2696 558 2729; x_wconf 83' lang='lat' dir='ltr'><strong>Quinti</strong></span> <span class='ocrx_word' id='word_1_455' title='bbox 573 2684 686 2724; x_wconf 77' lang='lat' dir='ltr'><strong>reditum</strong></span> <span class='ocrx_word' id='word_1_456' title='bbox 697 2697 729 2724; x_wconf 89' lang='lat' dir='ltr'><strong>ad</strong></span> <span class='ocrx_word' id='word_1_457' title='bbox 742 2684 830 2725; x_wconf 74' lang='lat' dir='ltr'><strong>omnia</strong></span> 
     </span>
    </p>
   </div>
   <div class='ocr_carea' id='block_1_58' title="bbox 63 2737 830 2779">
    <p class='ocr_par' dir='ltr' id='par_1_58' title="bbox 63 2737 830 2779">
     <span class='ocr_line' id='line_1_58' title="bbox 63 2737 830 2779; baseline 0.01 -16"><span class='ocrx_word' id='word_1_458' title='bbox 63 2737 202 2769; x_wconf 68' lang='lat' dir='ltr'><strong>Mpondcre</strong></span> <span class='ocrx_word' id='word_1_459' title='bbox 221 2741 375 2777; x_wconf 83' lang='lat' dir='ltr'><strong>neutiquam</strong></span> <span class='ocrx_word' id='word_1_460' title='bbox 398 2742 519 2769; x_wconf 80' lang='lat' dir='ltr'><strong>licuerat.</strong></span> <span class='ocrx_word' id='word_1_461' title='bbox 545 2743 641 2770; x_wconf 84' lang='lat' dir='ltr'><strong>Putant</strong></span> <span class='ocrx_word' id='word_1_462' title='bbox 657 2743 725 2771; x_wconf 90' lang='lat' dir='ltr'><strong>hanc</strong></span> <span class='ocrx_word' id='word_1_463' title='bbox 746 2744 830 2779; x_wconf 86' lang='lat' dir='ltr'><strong>ipsam</strong></span> 
     </span>
    </p>
   </div>
   <div class='ocr_carea' id='block_1_59' title="bbox 63 2781 828 2826">
    <p class='ocr_par' dir='ltr' id='par_1_59' title="bbox 63 2781 828 2826">
     <span class='ocr_line' id='line_1_59' title="bbox 63 2781 828 2826; baseline 0.012 -17"><span class='ocrx_word' id='word_1_464' title='bbox 63 2785 110 2808; x_wconf 63' lang='lat' dir='ltr'><strong>esse</strong></span> <span class='ocrx_word' id='word_1_465' title='bbox 120 2781 150 2811; x_wconf 85' lang='lat' dir='ltr'><strong>de</strong></span> <span class='ocrx_word' id='word_1_466' title='bbox 166 2784 249 2813; x_wconf 71' lang='lat' dir='ltr'><strong>forma</strong></span> <span class='ocrx_word' id='word_1_467' title='bbox 263 2788 466 2816; x_wconf 81' lang='lat' dir='ltr'><strong>resurrectionis</strong></span> <span class='ocrx_word' id='word_1_468' title='bbox 482 2790 621 2824; x_wconf 87' lang='lat' dir='ltr'><strong>epistolam</strong></span> <span class='ocrx_word' id='word_1_469' title='bbox 636 2789 738 2826; x_wconf 80' lang='lat' dir='ltr'><strong>(Epist.</strong></span> <span class='ocrx_word' id='word_1_470' title='bbox 760 2790 807 2818; x_wconf 70' lang='grc'><strong>121</strong></span> <span class='ocrx_word' id='word_1_471' title='bbox 821 2810 828 2825; x_wconf 92' lang='grc'><strong>,</strong></span> 
     </span>
    </p>
   </div>
   <div class='ocr_carea' id='block_1_60' title="bbox 64 2828 831 2869">
    <p class='ocr_par' dir='ltr' id='par_1_60' title="bbox 64 2828 831 2869">
     <span class='ocr_line' id='line_1_60' title="bbox 64 2828 831 2869; baseline 0.005 -8"><span class='ocrx_word' id='word_1_472' title='bbox 64 2834 84 2854; x_wconf 72' lang='lat' dir='ltr'><strong>&#39;l-</strong></span> <span class='ocrx_word' id='word_1_473' title='bbox 95 2828 156 2867; x_wconf 74' lang='grc'><strong>14).</strong></span> <span class='ocrx_word' id='word_1_474' title='bbox 171 2840 251 2869; x_wconf 83' lang='lat' dir='ltr'><strong>quam</strong></span> <span class='ocrx_word' id='word_1_475' title='bbox 271 2835 304 2863; x_wconf 78' lang='lat' dir='ltr'><strong>ad</strong></span> <span class='ocrx_word' id='word_1_476' title='bbox 325 2836 470 2863; x_wconf 71' lang='lat' dir='ltr'><strong>secundum</strong></span> <span class='ocrx_word' id='word_1_477' title='bbox 486 2836 588 2865; x_wconf 88' lang='lat' dir='ltr'><strong>Paulini</strong></span> <span class='ocrx_word' id='word_1_478' title='bbox 609 2837 831 2865; x_wconf 84' lang='lat' dir='ltr'><strong>consultationem</strong></span> 
     </span>
    </p>
   </div>
   <div class='ocr_carea' id='block_1_61' title="bbox 65 2873 831 2917">
    <p class='ocr_par' dir='ltr' id='par_1_61' title="bbox 65 2873 831 2917">
     <span class='ocr_line' id='line_1_61' title="bbox 65 2873 831 2917; baseline 0.004 -10"><span class='ocrx_word' id='word_1_479' title='bbox 65 2873 217 2913; x_wconf 53' lang='lat' dir='ltr'><strong>“hirsuta!</strong></span> <span class='ocrx_word' id='word_1_480' title='bbox 231 2877 392 2917; x_wconf 70' lang='lat' dir='ltr'><strong>Augustinus</strong></span> <span class='ocrx_word' id='word_1_481' title='bbox 402 2903 409 2915; x_wconf 92' lang='lat'><strong>,</strong></span> <span class='ocrx_word' id='word_1_482' title='bbox 429 2882 455 2910; x_wconf 92' lang='lat' dir='ltr'><strong>in</strong></span> <span class='ocrx_word' id='word_1_483' title='bbox 469 2890 519 2917; x_wconf 89' lang='lat' dir='ltr'><strong>qua</strong></span> <span class='ocrx_word' id='word_1_484' title='bbox 535 2887 692 2911; x_wconf 81' lang='lat' dir='ltr'><strong>tractaverat</strong></span> <span class='ocrx_word' id='word_1_485' title='bbox 701 2882 734 2910; x_wconf 88' lang='lat' dir='ltr'><strong>de</strong></span> <span class='ocrx_word' id='word_1_486' title='bbox 745 2890 831 2910; x_wconf 88' lang='lat' dir='ltr'><strong>mem-</strong></span> 
     </span>
    </p>
   </div>
   <div class='ocr_carea' id='block_1_62' title="bbox 66 2918 832 2965">
    <p class='ocr_par' dir='ltr' id='par_1_62' title="bbox 66 2918 832 2965">
     <span class='ocr_line' id='line_1_62' title="bbox 66 2918 832 2965; baseline 0.009 -13"><span class='ocrx_word' id='word_1_487' title='bbox 66 2918 232 2959; x_wconf 67' lang='lat' dir='ltr'><strong>Mmusu:</strong></span> <span class='ocrx_word' id='word_1_488' title='bbox 254 2932 281 2956; x_wconf 82' lang='lat' dir='ltr'><strong>et</strong></span> <span class='ocrx_word' id='word_1_489' title='bbox 293 2935 371 2964; x_wconf 84' lang='lat' dir='ltr'><strong>quam</strong></span> <span class='ocrx_word' id='word_1_490' title='bbox 386 2928 434 2957; x_wconf 86' lang='lat' dir='ltr'><strong>sibi</strong></span> <span class='ocrx_word' id='word_1_491' title='bbox 448 2929 543 2958; x_wconf 81' lang='lat' dir='ltr'><strong>iterum</strong></span> <span class='ocrx_word' id='word_1_492' title='bbox 563 2934 591 2958; x_wconf 92' lang='lat' dir='ltr'><strong>ut</strong></span> <span class='ocrx_word' id='word_1_493' title='bbox 608 2931 703 2962; x_wconf 74' lang='lat' dir='ltr'><strong>mittat,</strong></span> <span class='ocrx_word' id='word_1_494' title='bbox 720 2931 785 2965; x_wconf 78' lang='lat' dir='ltr'><strong>petit</strong></span> <span class='ocrx_word' id='word_1_495' title='bbox 799 2931 832 2960; x_wconf 84' lang='lat' dir='ltr'><strong>ab</strong></span> 
     </span>
    </p>
   </div>
   <div class='ocr_carea' id='block_1_63' title="bbox 910 368 1703 413">
    <p class='ocr_par' dir='ltr' id='par_1_63' title="bbox 910 368 1703 413">
     <span class='ocr_line' id='line_1_63' title="bbox 910 368 1703 413; baseline 0.02 -20"><span class='ocrx_word' id='word_1_496' title='bbox 910 372 1064 402; x_wconf 82' lang='lat' dir='ltr'><strong>comparate</strong></span> <span class='ocrx_word' id='word_1_497' title='bbox 1083 368 1117 397; x_wconf 91' lang='lat' dir='ltr'><strong>ad</strong></span> <span class='ocrx_word' id='word_1_498' title='bbox 1130 377 1161 398; x_wconf 86' lang='lat' dir='ltr'><strong>ea</strong></span> <span class='ocrx_word' id='word_1_499' title='bbox 1176 371 1272 407; x_wconf 86' lang='lat' dir='ltr'><strong>scripta</strong></span> <span class='ocrx_word' id='word_1_500' title='bbox 1286 379 1345 408; x_wconf 67' lang='lat' dir='ltr'><strong>qua:</strong></span> <span class='ocrx_word' id='word_1_501' title='bbox 1366 374 1447 403; x_wconf 90' lang='lat' dir='ltr'><strong>libros</strong></span> <span class='ocrx_word' id='word_1_502' title='bbox 1463 377 1618 407; x_wconf 85' lang='lat' dir='ltr'><strong>coniiciunt.</strong></span> <span class='ocrx_word' id='word_1_503' title='bbox 1632 368 1703 413; x_wconf 53' lang='grc' dir='ltr'><strong>ᾖτα-</strong></span> 
     </span>
    </p>
   </div>
   <div class='ocr_carea' id='block_1_64' title="bbox 909 418 1699 464">
    <p class='ocr_par' dir='ltr' id='par_1_64' title="bbox 909 418 1699 464">
     <span class='ocr_line' id='line_1_64' title="bbox 909 418 1699 464; baseline 0.019 -24"><span class='ocrx_word' id='word_1_504' title='bbox 909 419 969 464; x_wconf 74' lang='lat' dir='ltr'><strong>vent</strong></span> <span class='ocrx_word' id='word_1_505' title='bbox 983 421 1105 464; x_wconf 79' lang='lat' dir='ltr'><strong>quoque,</strong></span> <span class='ocrx_word' id='word_1_506' title='bbox 1123 423 1172 451; x_wconf 92' lang='lat' dir='ltr'><strong>pro</strong></span> <span class='ocrx_word' id='word_1_507' title='bbox 1185 418 1318 454; x_wconf 79' lang='lat' dir='ltr'><strong>dogmatis</strong></span> <span class='ocrx_word' id='word_1_508' title='bbox 1333 419 1394 449; x_wconf 87' lang='lat' dir='ltr'><strong>ﬁdei</strong></span> <span class='ocrx_word' id='word_1_509' title='bbox 1407 422 1503 458; x_wconf 89' lang='lat' dir='ltr'><strong>quibus</strong></span> <span class='ocrx_word' id='word_1_510' title='bbox 1515 429 1572 454; x_wconf 86' lang='lat' dir='ltr'><strong>erat</strong></span> <span class='ocrx_word' id='word_1_511' title='bbox 1589 424 1699 464; x_wconf 77' lang='lat' dir='ltr'><strong>referta,</strong></span> 
     </span>
    </p>
   </div>
   <div class='ocr_carea' id='block_1_65' title="bbox 908 458 1287 493">
    <p class='ocr_par' dir='ltr' id='par_1_65' title="bbox 908 458 1287 493">
     <span class='ocr_line' id='line_1_65' title="bbox 908 458 1287 493; baseline 0.016 -6"><span class='ocrx_word' id='word_1_512' title='bbox 908 458 997 488; x_wconf 89' lang='lat' dir='ltr'><strong>dicere</strong></span> <span class='ocrx_word' id='word_1_513' title='bbox 1007 460 1078 489; x_wconf 85' lang='lat' dir='ltr'><strong>haud</strong></span> <span class='ocrx_word' id='word_1_514' title='bbox 1089 462 1169 491; x_wconf 89' lang='lat' dir='ltr'><strong>dubie</strong></span> <span class='ocrx_word' id='word_1_515' title='bbox 1182 464 1287 493; x_wconf 87' lang='lat' dir='ltr'><strong>licebat.</strong></span> 
     </span>
    </p>
   </div>
   <div class='ocr_carea' id='block_1_66' title="bbox 943 506 1719 551">
    <p class='ocr_par' dir='ltr' id='par_1_66' title="bbox 943 506 1719 551">
     <span class='ocr_line' id='line_1_66' title="bbox 943 506 1719 551; baseline 0.024 -18"><span class='ocrx_word' id='word_1_516' title='bbox 943 506 969 533; x_wconf 89' lang='lat'><strong>7.</strong></span> <span class='ocrx_word' id='word_1_517' title='bbox 987 506 1058 535; x_wconf 90' lang='lat' dir='ltr'><strong>Inter</strong></span> <span class='ocrx_word' id='word_1_518' title='bbox 1066 509 1199 538; x_wconf 88' lang='lat' dir='ltr'><strong>antistites</strong></span> <span class='ocrx_word' id='word_1_519' title='bbox 1211 511 1358 547; x_wconf 80' lang='lat' dir='ltr'><strong>Augustino</strong></span> <span class='ocrx_word' id='word_1_520' title='bbox 1368 513 1517 543; x_wconf 87' lang='lat' dir='ltr'><strong>litterarum</strong></span> <span class='ocrx_word' id='word_1_521' title='bbox 1529 515 1623 547; x_wconf 81' lang='lat' dir='ltr'><strong>ofﬁciis</strong></span> <span class='ocrx_word' id='word_1_522' title='bbox 1632 527 1700 551; x_wconf 81' lang='lat' dir='ltr'><strong>con-</strong></span> <span class='ocrx_word' id='word_1_523' title='bbox 1710 524 1719 551; x_wconf 71' lang='grc'><strong>⁵.</strong></span> 
     </span>
    </p>
   </div>
   <div class='ocr_carea' id='block_1_67' title="bbox 903 551 1701 596">
    <p class='ocr_par' dir='ltr' id='par_1_67' title="bbox 903 551 1701 596">
     <span class='ocr_line' id='line_1_67' title="bbox 903 551 1701 596; baseline 0.02 -18"><span class='ocrx_word' id='word_1_524' title='bbox 903 551 1087 586; x_wconf 88' lang='lat' dir='ltr'><strong>junctissimos</strong></span> <span class='ocrx_word' id='word_1_525' title='bbox 1101 558 1159 582; x_wconf 86' lang='lat' dir='ltr'><strong>erat</strong></span> <span class='ocrx_word' id='word_1_526' title='bbox 1171 554 1282 590; x_wconf 82' lang='lat' dir='ltr'><strong>Memor,</strong></span> <span class='ocrx_word' id='word_1_527' title='bbox 1294 563 1341 585; x_wconf 88' lang='lat' dir='ltr'><strong>seu</strong></span> <span class='ocrx_word' id='word_1_528' title='bbox 1354 558 1509 595; x_wconf 85' lang='lat' dir='ltr'><strong>Memorius,</strong></span> <span class='ocrx_word' id='word_1_529' title='bbox 1520 561 1617 591; x_wconf 88' lang='lat' dir='ltr'><strong>Juliaui</strong></span> <span class='ocrx_word' id='word_1_530' title='bbox 1628 564 1701 596; x_wconf 88' lang='lat' dir='ltr'><strong>illius</strong></span> 
     </span>
    </p>
   </div>
   <div class='ocr_carea' id='block_1_68' title="bbox 905 600 1702 643">
    <p class='ocr_par' dir='ltr' id='par_1_68' title="bbox 905 600 1702 643">
     <span class='ocr_line' id='line_1_68' title="bbox 905 600 1702 643; baseline 0.021 -18"><span class='ocrx_word' id='word_1_531' title='bbox 905 605 990 634; x_wconf 87' lang='lat' dir='ltr'><strong>pater,</strong></span> <span class='ocrx_word' id='word_1_532' title='bbox 1009 600 1052 635; x_wconf 92' lang='lat' dir='ltr'><strong>qui</strong></span> <span class='ocrx_word' id='word_1_533' title='bbox 1067 605 1158 636; x_wconf 87' lang='lat' dir='ltr'><strong>postea</strong></span> <span class='ocrx_word' id='word_1_534' title='bbox 1183 602 1209 629; x_wconf 94' lang='lat' dir='ltr'><strong>in</strong></span> <span class='ocrx_word' id='word_1_535' title='bbox 1234 602 1436 639; x_wconf 77' lang='lat' dir='ltr'><strong>Pelagianorum</strong></span> <span class='ocrx_word' id='word_1_536' title='bbox 1459 607 1584 638; x_wconf 64' lang='lat' dir='ltr'><strong>haeresim</strong></span> <span class='ocrx_word' id='word_1_537' title='bbox 1603 611 1702 643; x_wconf 78' lang='lat' dir='ltr'><strong>misere</strong></span> 
     </span>
    </p>
   </div>
   <div class='ocr_carea' id='block_1_69' title="bbox 904 645 1702 694">
    <p class='ocr_par' dir='ltr' id='par_1_69' title="bbox 904 645 1702 694">
     <span class='ocr_line' id='line_1_69' title="bbox 904 645 1702 694; baseline 0.023 -22"><span class='ocrx_word' id='word_1_538' title='bbox 904 645 1045 681; x_wconf 87' lang='lat' dir='ltr'><strong>prolapsus</strong></span> <span class='ocrx_word' id='word_1_539' title='bbox 1059 652 1100 677; x_wconf 86' lang='lat' dir='ltr'><strong>est</strong></span> <span class='ocrx_word' id='word_1_540' title='bbox 1113 647 1224 685; x_wconf 85' lang='lat' dir='ltr'><strong>(Contra</strong></span> <span class='ocrx_word' id='word_1_541' title='bbox 1237 649 1370 679; x_wconf 79' lang='lat' dir='ltr'><strong>lulianum</strong></span> <span class='ocrx_word' id='word_1_542' title='bbox 1380 673 1387 686; x_wconf 90' lang='lat'><strong>,</strong></span> <span class='ocrx_word' id='word_1_543' title='bbox 1408 653 1442 681; x_wconf 86' lang='lat' dir='ltr'><strong>lib</strong></span> <span class='ocrx_word' id='word_1_544' title='bbox 1454 674 1461 681; x_wconf 94' lang='lat'><strong>.</strong></span> <span class='ocrx_word' id='word_1_545' title='bbox 1478 654 1509 688; x_wconf 80' lang='grc'><strong>1,</strong></span> <span class='ocrx_word' id='word_1_546' title='bbox 1524 665 1551 684; x_wconf 90' lang='lat' dir='ltr'><strong>n.</strong></span> <span class='ocrx_word' id='word_1_547' title='bbox 1568 656 1629 694; x_wconf 75' lang='lat' dir='ltr'><strong>i2).</strong></span> <span class='ocrx_word' id='word_1_548' title='bbox 1646 658 1702 690; x_wconf 85' lang='lat' dir='ltr'><strong>Sed</strong></span> 
     </span>
    </p>
   </div>
   <div class='ocr_carea' id='block_1_70' title="bbox 904 691 1699 743">
    <p class='ocr_par' dir='ltr' id='par_1_70' title="bbox 904 691 1699 743">
     <span class='ocr_line' id='line_1_70' title="bbox 904 691 1699 743; baseline 0.021 -24"><span class='ocrx_word' id='word_1_549' title='bbox 904 691 996 721; x_wconf 83' lang='lat' dir='ltr'><strong>Infelix</strong></span> <span class='ocrx_word' id='word_1_550' title='bbox 1009 692 1056 721; x_wconf 91' lang='lat' dir='ltr'><strong>ﬁlii</strong></span> <span class='ocrx_word' id='word_1_551' title='bbox 1069 702 1146 723; x_wconf 88' lang='lat' dir='ltr'><strong>casus</strong></span> <span class='ocrx_word' id='word_1_552' title='bbox 1161 704 1327 733; x_wconf 86' lang='lat' dir='ltr'><strong>nequaquam</strong></span> <span class='ocrx_word' id='word_1_553' title='bbox 1347 699 1538 736; x_wconf 88' lang='lat' dir='ltr'><strong>impedimento</strong></span> <span class='ocrx_word' id='word_1_554' title='bbox 1553 691 1614 738; x_wconf 67' lang='lat' dir='ltr'><strong>fuit,</strong></span> <span class='ocrx_word' id='word_1_555' title='bbox 1628 714 1699 743; x_wconf 79' lang='lat' dir='ltr'><strong>quo—</strong></span> 
     </span>
    </p>
   </div>
   <div class='ocr_carea' id='block_1_71' title="bbox 903 739 1698 784">
    <p class='ocr_par' dir='ltr' id='par_1_71' title="bbox 903 739 1698 784">
     <span class='ocr_line' id='line_1_71' title="bbox 903 739 1698 784; baseline 0.02 -19"><span class='ocrx_word' id='word_1_556' title='bbox 903 739 991 766; x_wconf 88' lang='lat' dir='ltr'><strong>minus</strong></span> <span class='ocrx_word' id='word_1_557' title='bbox 1009 740 1066 775; x_wconf 87' lang='lat' dir='ltr'><strong>ejus</strong></span> <span class='ocrx_word' id='word_1_558' title='bbox 1085 747 1209 778; x_wconf 89' lang='lat' dir='ltr'><strong>parentes</strong></span> <span class='ocrx_word' id='word_1_559' title='bbox 1233 748 1359 780; x_wconf 85' lang='lat' dir='ltr'><strong>tauquam</strong></span> <span class='ocrx_word' id='word_1_560' title='bbox 1378 746 1523 777; x_wconf 88' lang='lat' dir='ltr'><strong>catholicos</strong></span> <span class='ocrx_word' id='word_1_561' title='bbox 1535 739 1698 784; x_wconf 69' lang='lat' dir='ltr'><strong>christianos</strong></span> 
     </span>
    </p>
   </div>
   <div class='ocr_carea' id='block_1_72' title="bbox 902 787 1698 834">
    <p class='ocr_par' dir='ltr' id='par_1_72' title="bbox 902 787 1698 834">
     <span class='ocr_line' id='line_1_72' title="bbox 902 787 1698 834; baseline 0.02 -21"><span class='ocrx_word' id='word_1_562' title='bbox 902 793 1009 822; x_wconf 88' lang='lat' dir='ltr'><strong>semper</strong></span> <span class='ocrx_word' id='word_1_563' title='bbox 1021 787 1190 818; x_wconf 85' lang='lat' dir='ltr'><strong>honorabiles</strong></span> <span class='ocrx_word' id='word_1_564' title='bbox 1203 790 1365 828; x_wconf 80' lang='lat' dir='ltr'><strong>Augustinus</strong></span> <span class='ocrx_word' id='word_1_565' title='bbox 1376 793 1507 830; x_wconf 84' lang='lat' dir='ltr'><strong>habuerit,</strong></span> <span class='ocrx_word' id='word_1_566' title='bbox 1521 800 1698 834; x_wconf 77' lang='lat' dir='ltr'><strong>reputaverit-</strong></span> 
     </span>
    </p>
   </div>
   <div class='ocr_carea' id='block_1_73' title="bbox 901 833 1695 882">
    <p class='ocr_par' dir='ltr' id='par_1_73' title="bbox 901 833 1695 882">
     <span class='ocr_line' id='line_1_73' title="bbox 901 833 1695 882; baseline 0.021 -24"><span class='ocrx_word' id='word_1_567' title='bbox 901 839 953 867; x_wconf 89' lang='lat' dir='ltr'><strong>que</strong></span> <span class='ocrx_word' id='word_1_568' title='bbox 967 833 993 860; x_wconf 91' lang='lat' dir='ltr'><strong>in</strong></span> <span class='ocrx_word' id='word_1_569' title='bbox 1005 833 1056 862; x_wconf 87' lang='lat' dir='ltr'><strong>hoc</strong></span> <span class='ocrx_word' id='word_1_570' title='bbox 1070 834 1234 872; x_wconf 84' lang='lat' dir='ltr'><strong>fortunatos,</strong></span> <span class='ocrx_word' id='word_1_571' title='bbox 1250 838 1320 874; x_wconf 88' lang='lat' dir='ltr'><strong>quod</strong></span> <span class='ocrx_word' id='word_1_572' title='bbox 1334 845 1396 870; x_wconf 89' lang='lat' dir='ltr'><strong>ante</strong></span> <span class='ocrx_word' id='word_1_573' title='bbox 1409 842 1528 874; x_wconf 88' lang='lat' dir='ltr'><strong>defuncti</strong></span> <span class='ocrx_word' id='word_1_574' title='bbox 1540 844 1603 879; x_wconf 89' lang='lat' dir='ltr'><strong>sint,</strong></span> <span class='ocrx_word' id='word_1_575' title='bbox 1614 854 1695 882; x_wconf 85' lang='lat' dir='ltr'><strong>quam</strong></span> 
     </span>
    </p>
   </div>
   <div class='ocr_carea' id='block_1_74' title="bbox 902 877 1695 930">
    <p class='ocr_par' dir='ltr' id='par_1_74' title="bbox 902 877 1695 930">
     <span class='ocr_line' id='line_1_74' title="bbox 902 877 1695 930; baseline 0.023 -25"><span class='ocrx_word' id='word_1_576' title='bbox 902 877 1056 908; x_wconf 85' lang='lat' dir='ltr'><strong>haereticum</strong></span> <span class='ocrx_word' id='word_1_577' title='bbox 1077 881 1161 910; x_wconf 90' lang='lat' dir='ltr'><strong>ﬁlium</strong></span> <span class='ocrx_word' id='word_1_578' title='bbox 1177 883 1419 923; x_wconf 83' lang='lat' dir='ltr'><strong>viderent(0peris</strong></span> <span class='ocrx_word' id='word_1_579' title='bbox 1443 889 1583 926; x_wconf 77' lang='lat' dir='ltr'><strong>imperfecti</strong></span> <span class='ocrx_word' id='word_1_580' title='bbox 1595 877 1649 923; x_wconf 21' lang='lat' dir='ltr'><strong>iii-lt.</strong></span> <span class='ocrx_word' id='word_1_581' title='bbox 1667 894 1695 930; x_wconf 77' lang='grc' dir='ltr'><strong>ι,</strong></span> 
     </span>
    </p>
   </div>
   <div class='ocr_carea' id='block_1_75' title="bbox 899 926 1694 972">
    <p class='ocr_par' dir='ltr' id='par_1_75' title="bbox 899 926 1694 972">
     <span class='ocr_line' id='line_1_75' title="bbox 899 926 1694 972; baseline 0.023 -21"><span class='ocrx_word' id='word_1_582' title='bbox 899 933 957 961; x_wconf 81' lang='lat' dir='ltr'><strong>cap.</strong></span> <span class='ocrx_word' id='word_1_583' title='bbox 974 926 1040 963; x_wconf 85' lang='lat'><strong>68).</strong></span> <span class='ocrx_word' id='word_1_584' title='bbox 1059 927 1159 957; x_wconf 84' lang='lat' dir='ltr'><strong>Memor</strong></span> <span class='ocrx_word' id='word_1_585' title='bbox 1173 930 1253 966; x_wconf 75' lang='lat' dir='ltr'><strong>igitur</strong></span> <span class='ocrx_word' id='word_1_586' title='bbox 1266 932 1368 961; x_wconf 84' lang='lat' dir='ltr'><strong>litteras</strong></span> <span class='ocrx_word' id='word_1_587' title='bbox 1381 933 1415 962; x_wconf 84' lang='lat' dir='ltr'><strong>ad</strong></span> <span class='ocrx_word' id='word_1_588' title='bbox 1434 935 1612 972; x_wconf 73' lang='lat' dir='ltr'><strong>Augustinum</strong></span> <span class='ocrx_word' id='word_1_589' title='bbox 1625 926 1694 971; x_wconf 52' lang='lat' dir='ltr'><strong>seri;</strong></span> 
     </span>
    </p>
   </div>
   <div class='ocr_carea' id='block_1_76' title="bbox 898 976 1693 1019">
    <p class='ocr_par' dir='ltr' id='par_1_76' title="bbox 898 976 1693 1019">
     <span class='ocr_line' id='line_1_76' title="bbox 898 976 1693 1019; baseline 0.02 -19"><span class='ocrx_word' id='word_1_590' title='bbox 898 978 989 1009; x_wconf 88' lang='lat' dir='ltr'><strong>pserat</strong></span> <span class='ocrx_word' id='word_1_591' title='bbox 1006 976 1105 1004; x_wconf 89' lang='lat' dir='ltr'><strong>amoris</strong></span> <span class='ocrx_word' id='word_1_592' title='bbox 1123 977 1198 1012; x_wconf 83' lang='lat' dir='ltr'><strong>juxta</strong></span> <span class='ocrx_word' id='word_1_593' title='bbox 1212 983 1239 1006; x_wconf 90' lang='lat' dir='ltr'><strong>et</strong></span> <span class='ocrx_word' id='word_1_594' title='bbox 1252 979 1362 1008; x_wconf 88' lang='lat' dir='ltr'><strong>honoris</strong></span> <span class='ocrx_word' id='word_1_595' title='bbox 1377 981 1485 1016; x_wconf 86' lang='lat' dir='ltr'><strong>plenas.</strong></span> <span class='ocrx_word' id='word_1_596' title='bbox 1499 988 1592 1019; x_wconf 87' lang='lat' dir='ltr'><strong>petens</strong></span> <span class='ocrx_word' id='word_1_597' title='bbox 1609 985 1693 1017; x_wconf 73' lang='lat' dir='ltr'><strong>libros</strong></span> 
     </span>
    </p>
   </div>
   <div class='ocr_carea' id='block_1_77' title="bbox 897 1021 1693 1069">
    <p class='ocr_par' dir='ltr' id='par_1_77' title="bbox 897 1021 1693 1069">
     <span class='ocr_line' id='line_1_77' title="bbox 897 1021 1693 1069; baseline 0.018 -20"><span class='ocrx_word' id='word_1_598' title='bbox 897 1021 931 1050; x_wconf 90' lang='lat' dir='ltr'><strong>ab</strong></span> <span class='ocrx_word' id='word_1_599' title='bbox 945 1030 978 1050; x_wconf 88' lang='lat' dir='ltr'><strong>co</strong></span> <span class='ocrx_word' id='word_1_600' title='bbox 992 1024 1154 1060; x_wconf 87' lang='lat' dir='ltr'><strong>compositos</strong></span> <span class='ocrx_word' id='word_1_601' title='bbox 1165 1026 1198 1054; x_wconf 88' lang='lat' dir='ltr'><strong>de</strong></span> <span class='ocrx_word' id='word_1_602' title='bbox 1209 1027 1307 1055; x_wconf 87' lang='lat' dir='ltr'><strong>Musiea</strong></span> <span class='ocrx_word' id='word_1_603' title='bbox 1321 1028 1415 1065; x_wconf 83' lang='lat' dir='ltr'><strong>(Epist.</strong></span> <span class='ocrx_word' id='word_1_604' title='bbox 1431 1030 1503 1066; x_wconf 77' lang='grc'><strong>101).</strong></span> <span class='ocrx_word' id='word_1_605' title='bbox 1514 1031 1567 1060; x_wconf 86' lang='lat' dir='ltr'><strong>Hos</strong></span> <span class='ocrx_word' id='word_1_606' title='bbox 1579 1033 1693 1069; x_wconf 72' lang='lat' dir='ltr'><strong>castiga-</strong></span> 
     </span>
    </p>
   </div>
   <div class='ocr_carea' id='block_1_78' title="bbox 898 1071 1693 1108">
    <p class='ocr_par' dir='ltr' id='par_1_78' title="bbox 898 1071 1693 1108">
     <span class='ocr_line' id='line_1_78' title="bbox 898 1071 1693 1108; baseline 0.016 -13"><span class='ocrx_word' id='word_1_607' title='bbox 898 1071 985 1096; x_wconf 89' lang='lat' dir='ltr'><strong>turum</strong></span> <span class='ocrx_word' id='word_1_608' title='bbox 1001 1077 1029 1097; x_wconf 93' lang='lat' dir='ltr'><strong>sc</strong></span> <span class='ocrx_word' id='word_1_609' title='bbox 1041 1090 1048 1100; x_wconf 86' lang='lat'><strong>,</strong></span> <span class='ocrx_word' id='word_1_610' title='bbox 1064 1077 1165 1098; x_wconf 87' lang='lat' dir='ltr'><strong>necnon</strong></span> <span class='ocrx_word' id='word_1_611' title='bbox 1180 1071 1217 1099; x_wconf 87' lang='lat' dir='ltr'><strong>illi</strong></span> <span class='ocrx_word' id='word_1_612' title='bbox 1231 1072 1375 1102; x_wconf 83' lang='lat' dir='ltr'><strong>missurum</strong></span> <span class='ocrx_word' id='word_1_613' title='bbox 1386 1095 1394 1108; x_wconf 83' lang='lat'><strong>,</strong></span> <span class='ocrx_word' id='word_1_614' title='bbox 1409 1081 1517 1105; x_wconf 87' lang='lat' dir='ltr'><strong>sanctus</strong></span> <span class='ocrx_word' id='word_1_615' title='bbox 1536 1077 1635 1108; x_wconf 82' lang='lat' dir='ltr'><strong>Doctor</strong></span> <span class='ocrx_word' id='word_1_616' title='bbox 1648 1086 1693 1108; x_wconf 65' lang='lat' dir='ltr'><strong>rev</strong></span> 
     </span>
    </p>
   </div>
   <div class='ocr_carea' id='block_1_79' title="bbox 897 1113 1689 1157">
    <p class='ocr_par' dir='ltr' id='par_1_79' title="bbox 897 1113 1689 1157">
     <span class='ocr_line' id='line_1_79' title="bbox 897 1113 1689 1157; baseline 0.016 -17"><span class='ocrx_word' id='word_1_617' title='bbox 897 1119 1014 1149; x_wconf 87' lang='lat' dir='ltr'><strong>ceperat.</strong></span> <span class='ocrx_word' id='word_1_618' title='bbox 1031 1113 1083 1143; x_wconf 90' lang='lat' dir='ltr'><strong>Sed</strong></span> <span class='ocrx_word' id='word_1_619' title='bbox 1104 1123 1164 1144; x_wconf 89' lang='lat' dir='ltr'><strong>cum</strong></span> <span class='ocrx_word' id='word_1_620' title='bbox 1178 1121 1249 1145; x_wconf 89' lang='lat' dir='ltr'><strong>esset</strong></span> <span class='ocrx_word' id='word_1_621' title='bbox 1266 1119 1377 1154; x_wconf 77' lang='lat' dir='ltr'><strong>negotiis</strong></span> <span class='ocrx_word' id='word_1_622' title='bbox 1391 1119 1620 1157; x_wconf 79' lang='lat' dir='ltr'><strong>districtissimus,</strong></span> <span class='ocrx_word' id='word_1_623' title='bbox 1634 1131 1689 1155; x_wconf 76' lang='lat' dir='ltr'><strong>non</strong></span> 
     </span>
    </p>
   </div>
   <div class='ocr_carea' id='block_1_80' title="bbox 897 1158 1690 1204">
    <p class='ocr_par' dir='ltr' id='par_1_80' title="bbox 897 1158 1690 1204">
     <span class='ocr_line' id='line_1_80' title="bbox 897 1158 1690 1204; baseline 0.016 -19"><span class='ocrx_word' id='word_1_624' title='bbox 897 1158 983 1187; x_wconf 89' lang='lat' dir='ltr'><strong>solum</strong></span> <span class='ocrx_word' id='word_1_625' title='bbox 1005 1160 1029 1188; x_wconf 91' lang='lat' dir='ltr'><strong>ci</strong></span> <span class='ocrx_word' id='word_1_626' title='bbox 1053 1169 1106 1188; x_wconf 91' lang='lat' dir='ltr'><strong>non</strong></span> <span class='ocrx_word' id='word_1_627' title='bbox 1120 1162 1223 1190; x_wconf 86' lang='lat' dir='ltr'><strong>vacavit</strong></span> <span class='ocrx_word' id='word_1_628' title='bbox 1237 1162 1300 1190; x_wconf 88' lang='lat' dir='ltr'><strong>huic</strong></span> <span class='ocrx_word' id='word_1_629' title='bbox 1313 1165 1493 1194; x_wconf 84' lang='lat' dir='ltr'><strong>emendationi</strong></span> <span class='ocrx_word' id='word_1_630' title='bbox 1515 1167 1690 1204; x_wconf 76' lang='lat' dir='ltr'><strong>incumbere;</strong></span> 
     </span>
    </p>
   </div>
   <div class='ocr_carea' id='block_1_81' title="bbox 896 1205 1690 1248">
    <p class='ocr_par' dir='ltr' id='par_1_81' title="bbox 896 1205 1690 1248">
     <span class='ocr_line' id='line_1_81' title="bbox 896 1205 1690 1248; baseline 0.013 -16"><span class='ocrx_word' id='word_1_631' title='bbox 896 1205 943 1233; x_wconf 88' lang='lat' dir='ltr'><strong>sed</strong></span> <span class='ocrx_word' id='word_1_632' title='bbox 959 1214 1009 1234; x_wconf 87' lang='lat' dir='ltr'><strong>nec</strong></span> <span class='ocrx_word' id='word_1_633' title='bbox 1029 1206 1089 1235; x_wconf 88' lang='lat' dir='ltr'><strong>illos</strong></span> <span class='ocrx_word' id='word_1_634' title='bbox 1107 1208 1235 1243; x_wconf 89' lang='lat' dir='ltr'><strong>quidem,</strong></span> <span class='ocrx_word' id='word_1_635' title='bbox 1253 1209 1345 1237; x_wconf 90' lang='lat' dir='ltr'><strong>saltem</strong></span> <span class='ocrx_word' id='word_1_636' title='bbox 1362 1210 1478 1247; x_wconf 89' lang='lat' dir='ltr'><strong>quinque</strong></span> <span class='ocrx_word' id='word_1_637' title='bbox 1496 1212 1615 1248; x_wconf 85' lang='lat' dir='ltr'><strong>primos,</strong></span> <span class='ocrx_word' id='word_1_638' title='bbox 1638 1214 1690 1245; x_wconf 83' lang='lat' dir='ltr'><strong>nisi</strong></span> 
     </span>
    </p>
   </div>
   <div class='ocr_carea' id='block_1_82' title="bbox 895 1254 1690 1296">
    <p class='ocr_par' dir='ltr' id='par_1_82' title="bbox 895 1254 1690 1296">
     <span class='ocr_line' id='line_1_82' title="bbox 895 1254 1690 1296; baseline 0.011 -16"><span class='ocrx_word' id='word_1_639' title='bbox 895 1260 965 1288; x_wconf 43' lang='lat' dir='ltr'><strong>aegre</strong></span> <span class='ocrx_word' id='word_1_640' title='bbox 978 1254 1097 1289; x_wconf 85' lang='lat' dir='ltr'><strong>reperire</strong></span> <span class='ocrx_word' id='word_1_641' title='bbox 1110 1255 1194 1290; x_wconf 88' lang='lat' dir='ltr'><strong>potuit</strong></span> <span class='ocrx_word' id='word_1_642' title='bbox 1206 1264 1213 1283; x_wconf 92' lang='lat'><strong>:</strong></span> <span class='ocrx_word' id='word_1_643' title='bbox 1225 1255 1292 1284; x_wconf 88' lang='lat' dir='ltr'><strong>adeo</strong></span> <span class='ocrx_word' id='word_1_644' title='bbox 1304 1257 1419 1291; x_wconf 88' lang='lat' dir='ltr'><strong>spatium</strong></span> <span class='ocrx_word' id='word_1_645' title='bbox 1432 1258 1584 1295; x_wconf 70' lang='lat' dir='ltr'><strong>indulgendi</strong></span> <span class='ocrx_word' id='word_1_646' title='bbox 1598 1260 1690 1296; x_wconf 47' lang='lat' dir='ltr'><strong>hujuss</strong></span> 
     </span>
    </p>
   </div>
   <div class='ocr_carea' id='block_1_83' title="bbox 895 1299 1688 1342">
    <p class='ocr_par' dir='ltr' id='par_1_83' title="bbox 895 1299 1688 1342">
     <span class='ocr_line' id='line_1_83' title="bbox 895 1299 1688 1342; baseline 0.011 -16"><span class='ocrx_word' id='word_1_647' title='bbox 895 1299 968 1326; x_wconf 91' lang='lat' dir='ltr'><strong>modi</strong></span> <span class='ocrx_word' id='word_1_648' title='bbox 988 1300 1195 1329; x_wconf 82' lang='lat' dir='ltr'><strong>relaxationibus</strong></span> <span class='ocrx_word' id='word_1_649' title='bbox 1214 1302 1239 1330; x_wconf 89' lang='lat' dir='ltr'><strong>ei</strong></span> <span class='ocrx_word' id='word_1_650' title='bbox 1263 1309 1318 1330; x_wconf 65' lang='lat' dir='ltr'><strong>suae</strong></span> <span class='ocrx_word' id='word_1_651' title='bbox 1338 1304 1526 1338; x_wconf 85' lang='lat' dir='ltr'><strong>occupationes</strong></span> <span class='ocrx_word' id='word_1_652' title='bbox 1545 1306 1688 1342; x_wconf 75' lang='lat' dir='ltr'><strong>negabant,</strong></span> 
     </span>
    </p>
   </div>
   <div class='ocr_carea' id='block_1_84' title="bbox 894 1343 1690 1387">
    <p class='ocr_par' dir='ltr' id='par_1_84' title="bbox 894 1343 1690 1387">
     <span class='ocr_line' id='line_1_84' title="bbox 894 1343 1690 1387; baseline 0.013 -16"><span class='ocrx_word' id='word_1_653' title='bbox 894 1343 961 1372; x_wconf 91' lang='lat' dir='ltr'><strong>Cum</strong></span> <span class='ocrx_word' id='word_1_654' title='bbox 988 1349 1076 1374; x_wconf 87' lang='lat' dir='ltr'><strong>tamen</strong></span> <span class='ocrx_word' id='word_1_655' title='bbox 1098 1346 1247 1375; x_wconf 88' lang='lat' dir='ltr'><strong>Possidium</strong></span> <span class='ocrx_word' id='word_1_656' title='bbox 1269 1346 1296 1376; x_wconf 87' lang='lat' dir='ltr'><strong>in</strong></span> <span class='ocrx_word' id='word_1_657' title='bbox 1320 1355 1379 1377; x_wconf 86' lang='lat' dir='ltr'><strong>eam</strong></span> <span class='ocrx_word' id='word_1_658' title='bbox 1399 1350 1535 1384; x_wconf 76' lang='lat' dir='ltr'><strong>regionem</strong></span> <span class='ocrx_word' id='word_1_659' title='bbox 1555 1351 1690 1387; x_wconf 79' lang='lat' dir='ltr'><strong>proﬁcisci</strong></span> 
     </span>
    </p>
   </div>
   <div class='ocr_carea' id='block_1_85' title="bbox 894 1391 1687 1434">
    <p class='ocr_par' dir='ltr' id='par_1_85' title="bbox 894 1391 1687 1434">
     <span class='ocr_line' id='line_1_85' title="bbox 894 1391 1687 1434; baseline 0.01 -15"><span class='ocrx_word' id='word_1_660' title='bbox 894 1391 986 1425; x_wconf 84' lang='lat' dir='ltr'><strong>nollet,</strong></span> <span class='ocrx_word' id='word_1_661' title='bbox 1001 1392 1063 1427; x_wconf 89' lang='lat' dir='ltr'><strong>quin</strong></span> <span class='ocrx_word' id='word_1_662' title='bbox 1078 1392 1150 1420; x_wconf 90' lang='lat' dir='ltr'><strong>illum</strong></span> <span class='ocrx_word' id='word_1_663' title='bbox 1165 1393 1192 1421; x_wconf 86' lang='lat' dir='ltr'><strong>in</strong></span> <span class='ocrx_word' id='word_1_664' title='bbox 1206 1394 1384 1428; x_wconf 82' lang='lat' dir='ltr'><strong>cognitionem</strong></span> <span class='ocrx_word' id='word_1_665' title='bbox 1400 1395 1525 1424; x_wconf 86' lang='lat' dir='ltr'><strong>Memoris</strong></span> <span class='ocrx_word' id='word_1_666' title='bbox 1536 1397 1687 1434; x_wconf 77' lang='lat' dir='ltr'><strong>induceret,</strong></span> 
     </span>
    </p>
   </div>
   <div class='ocr_carea' id='block_1_86' title="bbox 893 1437 1685 1477">
    <p class='ocr_par' dir='ltr' id='par_1_86' title="bbox 893 1437 1685 1477">
     <span class='ocr_line' id='line_1_86' title="bbox 893 1437 1685 1477; baseline 0.01 -12"><span class='ocrx_word' id='word_1_667' title='bbox 893 1437 1000 1466; x_wconf 87' lang='lat' dir='ltr'><strong>abeunti</strong></span> <span class='ocrx_word' id='word_1_668' title='bbox 1016 1442 1120 1466; x_wconf 83' lang='lat' dir='ltr'><strong>sextum</strong></span> <span class='ocrx_word' id='word_1_669' title='bbox 1135 1439 1233 1467; x_wconf 85' lang='lat' dir='ltr'><strong>librum</strong></span> <span class='ocrx_word' id='word_1_670' title='bbox 1246 1440 1295 1475; x_wconf 86' lang='lat' dir='ltr'><strong>ipsi</strong></span> <span class='ocrx_word' id='word_1_671' title='bbox 1309 1440 1482 1470; x_wconf 86' lang='lat' dir='ltr'><strong>deferendum</strong></span> <span class='ocrx_word' id='word_1_672' title='bbox 1497 1442 1620 1477; x_wconf 86' lang='lat' dir='ltr'><strong>tradidit;</strong></span> <span class='ocrx_word' id='word_1_673' title='bbox 1635 1444 1685 1473; x_wconf 77' lang='lat' dir='ltr'><strong>ad-</strong></span> 
     </span>
    </p>
   </div>
   <div class='ocr_carea' id='block_1_87' title="bbox 891 1482 1744 1525">
    <p class='ocr_par' dir='ltr' id='par_1_87' title="bbox 891 1482 1744 1525">
     <span class='ocr_line' id='line_1_87' title="bbox 891 1482 1744 1525; baseline 0.009 -14"><span class='ocrx_word' id='word_1_674' title='bbox 891 1482 956 1519; x_wconf 88' lang='lat' dir='ltr'><strong>jecit</strong></span> <span class='ocrx_word' id='word_1_675' title='bbox 970 1492 1075 1520; x_wconf 89' lang='lat' dir='ltr'><strong>quoque</strong></span> <span class='ocrx_word' id='word_1_676' title='bbox 1085 1485 1236 1520; x_wconf 85' lang='lat' dir='ltr'><strong>epistolam,</strong></span> <span class='ocrx_word' id='word_1_677' title='bbox 1249 1486 1276 1514; x_wconf 90' lang='lat' dir='ltr'><strong>in</strong></span> <span class='ocrx_word' id='word_1_678' title='bbox 1288 1494 1338 1523; x_wconf 87' lang='lat' dir='ltr'><strong>qua</strong></span> <span class='ocrx_word' id='word_1_679' title='bbox 1352 1487 1480 1516; x_wconf 86' lang='lat' dir='ltr'><strong>nonnulla</strong></span> <span class='ocrx_word' id='word_1_680' title='bbox 1493 1488 1526 1516; x_wconf 90' lang='lat' dir='ltr'><strong>de</strong></span> <span class='ocrx_word' id='word_1_681' title='bbox 1540 1489 1687 1525; x_wconf 78' lang='lat' dir='ltr'><strong>disciplinis</strong></span> <span class='ocrx_word' id='word_1_682' title='bbox 1740 1487 1744 1492; x_wconf 82' lang='grc'><em>’</em></span> 
     </span>
    </p>
   </div>
   <div class='ocr_carea' id='block_1_88' title="bbox 893 1529 1684 1571">
    <p class='ocr_par' dir='ltr' id='par_1_88' title="bbox 893 1529 1684 1571">
     <span class='ocr_line' id='line_1_88' title="bbox 893 1529 1684 1571; baseline 0.008 -13"><span class='ocrx_word' id='word_1_683' title='bbox 893 1529 1025 1564; x_wconf 84' lang='lat' dir='ltr'><strong>edisserit,</strong></span> <span class='ocrx_word' id='word_1_684' title='bbox 1038 1539 1097 1568; x_wconf 78' lang='lat' dir='ltr'><strong>quae</strong></span> <span class='ocrx_word' id='word_1_685' title='bbox 1109 1530 1176 1559; x_wconf 86' lang='lat' dir='ltr'><strong>falso</strong></span> <span class='ocrx_word' id='word_1_686' title='bbox 1186 1532 1354 1568; x_wconf 83' lang='lat' dir='ltr'><strong>plerumque,</strong></span> <span class='ocrx_word' id='word_1_687' title='bbox 1367 1541 1426 1561; x_wconf 90' lang='lat' dir='ltr'><strong>cum</strong></span> <span class='ocrx_word' id='word_1_688' title='bbox 1435 1534 1505 1562; x_wconf 84' lang='lat' dir='ltr'><strong>absit</strong></span> <span class='ocrx_word' id='word_1_689' title='bbox 1514 1542 1577 1563; x_wconf 87' lang='lat' dir='ltr'><strong>vera</strong></span> <span class='ocrx_word' id='word_1_690' title='bbox 1589 1536 1684 1571; x_wconf 79' lang='lat' dir='ltr'><strong>pietas,</strong></span> 
     </span>
    </p>
   </div>
   <div class='ocr_carea' id='block_1_89' title="bbox 893 1576 1684 1615">
    <p class='ocr_par' dir='ltr' id='par_1_89' title="bbox 893 1576 1684 1615">
     <span class='ocr_line' id='line_1_89' title="bbox 893 1576 1684 1615; baseline 0.01 -12"><span class='ocrx_word' id='word_1_691' title='bbox 893 1576 1017 1604; x_wconf 82' lang='lat' dir='ltr'><strong>liberales</strong></span> <span class='ocrx_word' id='word_1_692' title='bbox 1028 1577 1175 1605; x_wconf 88' lang='lat' dir='ltr'><strong>vocitantur</strong></span> <span class='ocrx_word' id='word_1_693' title='bbox 1188 1586 1194 1605; x_wconf 92' lang='lat'>:</span> <span class='ocrx_word' id='word_1_694' title='bbox 1206 1586 1237 1606; x_wconf 87' lang='lat' dir='ltr'><strong>ac</strong></span> <span class='ocrx_word' id='word_1_695' title='bbox 1249 1578 1394 1607; x_wconf 85' lang='lat' dir='ltr'><strong>Mentorem</strong></span> <span class='ocrx_word' id='word_1_696' title='bbox 1409 1584 1493 1615; x_wconf 78' lang='lat' dir='ltr'><strong>rogat,</strong></span> <span class='ocrx_word' id='word_1_697' title='bbox 1506 1585 1536 1608; x_wconf 89' lang='lat' dir='ltr'><strong>ut</strong></span> <span class='ocrx_word' id='word_1_698' title='bbox 1547 1581 1581 1608; x_wconf 87' lang='lat' dir='ltr'><strong>ad</strong></span> <span class='ocrx_word' id='word_1_699' title='bbox 1595 1589 1624 1610; x_wconf 89' lang='lat' dir='ltr'><strong>se</strong></span> <span class='ocrx_word' id='word_1_700' title='bbox 1633 1582 1684 1610; x_wconf 85' lang='lat' dir='ltr'><strong>Ju-</strong></span> 
     </span>
    </p>
   </div>
   <div class='ocr_carea' id='block_1_90' title="bbox 892 1624 1686 1664">
    <p class='ocr_par' dir='ltr' id='par_1_90' title="bbox 892 1624 1686 1664">
     <span class='ocr_line' id='line_1_90' title="bbox 892 1624 1686 1664; baseline 0.006 -13"><span class='ocrx_word' id='word_1_701' title='bbox 892 1624 991 1652; x_wconf 84' lang='lat' dir='ltr'><strong>lianum</strong></span> <span class='ocrx_word' id='word_1_702' title='bbox 1008 1624 1089 1654; x_wconf 89' lang='lat' dir='ltr'><strong>ﬁlium</strong></span> <span class='ocrx_word' id='word_1_703' title='bbox 1102 1629 1164 1653; x_wconf 92' lang='lat' dir='ltr'><strong>tunc</strong></span> <span class='ocrx_word' id='word_1_704' title='bbox 1183 1625 1323 1653; x_wconf 84' lang='lat' dir='ltr'><strong>diaconum</strong></span> <span class='ocrx_word' id='word_1_705' title='bbox 1343 1626 1431 1654; x_wconf 83' lang='lat' dir='ltr'><strong>mittat</strong></span> <span class='ocrx_word' id='word_1_706' title='bbox 1445 1634 1536 1656; x_wconf 84' lang='lat' dir='ltr'><strong>secum</strong></span> <span class='ocrx_word' id='word_1_707' title='bbox 1555 1628 1686 1664; x_wconf 74' lang='lat' dir='ltr'><strong>tantisper</strong></span> 
     </span>
    </p>
   </div>
   <div class='ocr_carea' id='block_1_91' title="bbox 892 1671 1686 1710">
    <p class='ocr_par' dir='ltr' id='par_1_91' title="bbox 892 1671 1686 1710">
     <span class='ocr_line' id='line_1_91' title="bbox 892 1671 1686 1710; baseline 0.004 -12"><span class='ocrx_word' id='word_1_708' title='bbox 892 1675 1128 1699; x_wconf 86' lang='lat' dir='ltr'><strong>commoraturum.</strong></span> <span class='ocrx_word' id='word_1_709' title='bbox 1142 1671 1299 1699; x_wconf 86' lang='lat' dir='ltr'><strong>Sciscitatus</strong></span> <span class='ocrx_word' id='word_1_710' title='bbox 1313 1671 1346 1700; x_wconf 86' lang='lat' dir='ltr'><strong>ab</strong></span> <span class='ocrx_word' id='word_1_711' title='bbox 1361 1679 1394 1699; x_wconf 81' lang='lat' dir='ltr'><strong>eo</strong></span> <span class='ocrx_word' id='word_1_712' title='bbox 1407 1671 1494 1700; x_wconf 80' lang='lat' dir='ltr'><strong>fuerat</strong></span> <span class='ocrx_word' id='word_1_713' title='bbox 1505 1672 1617 1706; x_wconf 79' lang='lat' dir='ltr'><strong>Memor,</strong></span> <span class='ocrx_word' id='word_1_714' title='bbox 1629 1673 1686 1710; x_wconf 85' lang='lat' dir='ltr'><strong>qui-</strong></span> 
     </span>
    </p>
   </div>
   <div class='ocr_carea' id='block_1_92' title="bbox 891 1717 1686 1754">
    <p class='ocr_par' dir='ltr' id='par_1_92' title="bbox 891 1717 1686 1754">
     <span class='ocr_line' id='line_1_92' title="bbox 891 1717 1686 1754; baseline 0.003 -9"><span class='ocrx_word' id='word_1_715' title='bbox 891 1717 1004 1745; x_wconf 83' lang='lat' dir='ltr'><strong>busnam</strong></span> <span class='ocrx_word' id='word_1_716' title='bbox 1026 1718 1145 1745; x_wconf 87' lang='lat' dir='ltr'><strong>numeris</strong></span> <span class='ocrx_word' id='word_1_717' title='bbox 1159 1718 1337 1747; x_wconf 83' lang='lat' dir='ltr'><strong>consisterent</strong></span> <span class='ocrx_word' id='word_1_718' title='bbox 1352 1718 1470 1747; x_wconf 82' lang='lat' dir='ltr'><strong>Davidici</strong></span> <span class='ocrx_word' id='word_1_719' title='bbox 1481 1726 1592 1747; x_wconf 84' lang='lat' dir='ltr'><strong>versus:</strong></span> <span class='ocrx_word' id='word_1_720' title='bbox 1609 1719 1686 1754; x_wconf 75' lang='lat' dir='ltr'><strong>iuge-</strong></span> 
     </span>
    </p>
   </div>
   <div class='ocr_carea' id='block_1_93' title="bbox 891 1762 1685 1800">
    <p class='ocr_par' dir='ltr' id='par_1_93' title="bbox 891 1762 1685 1800">
     <span class='ocr_line' id='line_1_93' title="bbox 891 1762 1685 1800; baseline 0.001 -8"><span class='ocrx_word' id='word_1_721' title='bbox 891 1770 943 1792; x_wconf 85' lang='lat' dir='ltr'><strong>nuc</strong></span> <span class='ocrx_word' id='word_1_722' title='bbox 959 1762 1054 1793; x_wconf 86' lang='lat' dir='ltr'><strong>fatetur</strong></span> <span class='ocrx_word' id='word_1_723' title='bbox 1068 1764 1094 1792; x_wconf 89' lang='lat' dir='ltr'><strong>id</strong></span> <span class='ocrx_word' id='word_1_724' title='bbox 1104 1764 1154 1792; x_wconf 82' lang='lat' dir='ltr'><strong>sibi</strong></span> <span class='ocrx_word' id='word_1_725' title='bbox 1166 1764 1282 1800; x_wconf 77' lang='lat' dir='ltr'><strong>ignotum</strong></span> <span class='ocrx_word' id='word_1_726' title='bbox 1296 1772 1367 1798; x_wconf 83' lang='lat' dir='ltr'><strong>esse,</strong></span> <span class='ocrx_word' id='word_1_727' title='bbox 1384 1769 1475 1800; x_wconf 85' lang='lat' dir='ltr'><strong>utpote</strong></span> <span class='ocrx_word' id='word_1_728' title='bbox 1486 1764 1603 1793; x_wconf 87' lang='lat' dir='ltr'><strong>hebraici</strong></span> <span class='ocrx_word' id='word_1_729' title='bbox 1615 1764 1685 1794; x_wconf 86' lang='lat' dir='ltr'><strong>idio-</strong></span> 
     </span>
    </p>
   </div>
   <div class='ocr_carea' id='block_1_94' title="bbox 891 1810 1685 1848">
    <p class='ocr_par' dir='ltr' id='par_1_94' title="bbox 891 1810 1685 1848">
     <span class='ocr_line' id='line_1_94' title="bbox 891 1810 1685 1848; baseline 0.005 -10"><span class='ocrx_word' id='word_1_730' title='bbox 891 1811 969 1838; x_wconf 86' lang='lat' dir='ltr'><strong>matis</strong></span> <span class='ocrx_word' id='word_1_731' title='bbox 984 1810 1123 1845; x_wconf 78' lang='lat' dir='ltr'><strong>imperito;</strong></span> <span class='ocrx_word' id='word_1_732' title='bbox 1144 1811 1194 1839; x_wconf 89' lang='lat' dir='ltr'><strong>sibi</strong></span> <span class='ocrx_word' id='word_1_733' title='bbox 1210 1814 1298 1839; x_wconf 90' lang='lat' dir='ltr'><strong>tamen</strong></span> <span class='ocrx_word' id='word_1_734' title='bbox 1311 1811 1345 1838; x_wconf 88' lang='lat' dir='ltr'><strong>ab</strong></span> <span class='ocrx_word' id='word_1_735' title='bbox 1362 1810 1473 1846; x_wconf 80' lang='lat' dir='ltr'><strong>hujusce</strong></span> <span class='ocrx_word' id='word_1_736' title='bbox 1489 1811 1584 1848; x_wconf 72' lang='lat' dir='ltr'><strong>linguas</strong></span> <span class='ocrx_word' id='word_1_737' title='bbox 1598 1811 1685 1842; x_wconf 70' lang='lat' dir='ltr'><strong>doctis</strong></span> 
     </span>
    </p>
   </div>
   <div class='ocr_carea' id='block_1_95' title="bbox 890 1856 1628 1892">
    <p class='ocr_par' dir='ltr' id='par_1_95' title="bbox 890 1856 1628 1892">
     <span class='ocr_line' id='line_1_95' title="bbox 890 1856 1628 1892; baseline 0.004 -8"><span class='ocrx_word' id='word_1_738' title='bbox 890 1856 1062 1892; x_wconf 88' lang='lat' dir='ltr'><strong>afﬁrmatum,</strong></span> <span class='ocrx_word' id='word_1_739' title='bbox 1078 1856 1138 1886; x_wconf 88' lang='lat' dir='ltr'><strong>illos</strong></span> <span class='ocrx_word' id='word_1_740' title='bbox 1151 1857 1260 1885; x_wconf 87' lang='lat' dir='ltr'><strong>omnino</strong></span> <span class='ocrx_word' id='word_1_741' title='bbox 1273 1857 1353 1885; x_wconf 81' lang='lat' dir='ltr'><strong>certis</strong></span> <span class='ocrx_word' id='word_1_742' title='bbox 1367 1857 1486 1889; x_wconf 81' lang='lat' dir='ltr'><strong>numeris</strong></span> <span class='ocrx_word' id='word_1_743' title='bbox 1495 1862 1628 1889; x_wconf 83' lang='lat' dir='ltr'><strong>constare.</strong></span> 
     </span>
    </p>
   </div>
   <div class='ocr_carea' id='block_1_96' title="bbox 1190 1902 1365 1931">
    <p class='ocr_par' dir='ltr' id='par_1_96' title="bbox 1190 1902 1365 1931">
     <span class='ocr_line' id='line_1_96' title="bbox 1190 1902 1365 1931; baseline -0.006 -1"><span class='ocrx_word' id='word_1_744' title='bbox 1190 1902 1302 1931; x_wconf 85' lang='lat' dir='ltr'><strong>CAPUT</strong></span> <span class='ocrx_word' id='word_1_745' title='bbox 1322 1902 1365 1930; x_wconf 81' lang='lat' dir='ltr'><strong>VI.</strong></span> 
     </span>
    </p>
   </div>
   <div class='ocr_carea' id='block_1_97' title="bbox 890 1947 1685 1985">
    <p class='ocr_par' dir='ltr' id='par_1_97' title="bbox 890 1947 1685 1985">
     <span class='ocr_line' id='line_1_97' title="bbox 890 1947 1685 1985; baseline 0.003 -9"><span class='ocrx_word' id='word_1_746' title='bbox 890 1948 903 1976; x_wconf 74' lang='grc' dir='ltr'><strong>Ι</strong></span> <span class='ocrx_word' id='word_1_747' title='bbox 920 1947 954 1976; x_wconf 83' lang='lat' dir='ltr'><strong>In</strong></span> <span class='ocrx_word' id='word_1_748' title='bbox 968 1948 1116 1976; x_wconf 82' lang='lat' dir='ltr'><strong>Stilichonis</strong></span> <span class='ocrx_word' id='word_1_749' title='bbox 1128 1949 1301 1978; x_wconf 78' lang='lat' dir='ltr'><strong>auctoritatem</strong></span> <span class='ocrx_word' id='word_1_750' title='bbox 1310 1949 1421 1976; x_wconf 69' lang='lat' dir='ltr'><strong>succedit</strong></span> <span class='ocrx_word' id='word_1_751' title='bbox 1435 1948 1577 1985; x_wconf 76' lang='lat' dir='ltr'><strong>Olympius.</strong></span> <span class='ocrx_word' id='word_1_752' title='bbox 1588 1950 1606 1979; x_wconf 70' lang='grc'><strong>2</strong></span> <span class='ocrx_word' id='word_1_753' title='bbox 1616 1949 1685 1981; x_wconf 69' lang='lat' dir='ltr'><strong>Huic</strong></span> 
     </span>
    </p>
   </div>
   <div class='ocr_carea' id='block_1_98' title="bbox 925 1990 1683 2030">
    <p class='ocr_par' dir='ltr' id='par_1_98' title="bbox 925 1990 1683 2030">
     <span class='ocr_line' id='line_1_98' title="bbox 925 1990 1683 2030; baseline 0.003 -9"><span class='ocrx_word' id='word_1_754' title='bbox 925 1994 952 2021; x_wconf 86' lang='lat' dir='ltr'><strong>in</strong></span> <span class='ocrx_word' id='word_1_755' title='bbox 974 1993 1103 2030; x_wconf 78' lang='lat' dir='ltr'><strong>Bonifacit&#39;</strong></span> <span class='ocrx_word' id='word_1_756' title='bbox 1126 1990 1298 2028; x_wconf 58' lang='lat' dir='ltr'><strong>Cataquensis</strong></span> <span class='ocrx_word' id='word_1_757' title='bbox 1317 1994 1428 2029; x_wconf 75' lang='lat' dir='ltr'><strong>episcopi</strong></span> <span class='ocrx_word' id='word_1_758' title='bbox 1455 1994 1556 2029; x_wconf 75' lang='lat' dir='ltr'><strong>negotio</strong></span> <span class='ocrx_word' id='word_1_759' title='bbox 1585 1995 1683 2027; x_wconf 64' lang='lat' dir='ltr'><strong>littora.</strong></span> 
     </span>
    </p>
   </div>
   <div class='ocr_carea' id='block_1_99' title="bbox 924 2039 1683 2077">
    <p class='ocr_par' dir='ltr' id='par_1_99' title="bbox 924 2039 1683 2077">
     <span class='ocr_line' id='line_1_99' title="bbox 924 2039 1683 2077; baseline 0.005 -9"><span class='ocrx_word' id='word_1_760' title='bbox 924 2041 998 2068; x_wconf 85' lang='lat' dir='ltr'><strong>mittit</strong></span> <span class='ocrx_word' id='word_1_761' title='bbox 1011 2040 1175 2077; x_wconf 79' lang='lat' dir='ltr'><strong>Augustinus.</strong></span> <span class='ocrx_word' id='word_1_762' title='bbox 1195 2040 1212 2068; x_wconf 79' lang='lat'><strong>5</strong></span> <span class='ocrx_word' id='word_1_763' title='bbox 1225 2039 1352 2073; x_wconf 79' lang='lat' dir='ltr'><strong>Bonifacii</strong></span> <span class='ocrx_word' id='word_1_764' title='bbox 1365 2040 1477 2075; x_wconf 73' lang='lat' dir='ltr'><strong>episcopi</strong></span> <span class='ocrx_word' id='word_1_765' title='bbox 1487 2041 1636 2075; x_wconf 66' lang='lat' dir='ltr'><strong>question“</strong></span> <span class='ocrx_word' id='word_1_766' title='bbox 1650 2042 1683 2072; x_wconf 69' lang='lat' dir='ltr'><strong>ab</strong></span> 
     </span>
    </p>
   </div>
   <div class='ocr_carea' id='block_1_100' title="bbox 924 2085 1682 2123">
    <p class='ocr_par' dir='ltr' id='par_1_100' title="bbox 924 2085 1682 2123">
     <span class='ocr_line' id='line_1_100' title="bbox 924 2085 1682 2123; baseline 0.001 -8"><span class='ocrx_word' id='word_1_767' title='bbox 924 2087 1064 2123; x_wconf 77' lang='lat' dir='ltr'><strong>Augustino</strong></span> <span class='ocrx_word' id='word_1_768' title='bbox 1073 2091 1243 2123; x_wconf 72' lang='lat' dir='ltr'><strong>exponuntur.</strong></span> <span class='ocrx_word' id='word_1_769' title='bbox 1257 2087 1275 2115; x_wconf 67' lang='grc'><strong>4</strong></span> <span class='ocrx_word' id='word_1_770' title='bbox 1288 2085 1352 2114; x_wconf 84' lang='lat' dir='ltr'><strong>Post</strong></span> <span class='ocrx_word' id='word_1_771' title='bbox 1370 2086 1519 2116; x_wconf 77' lang='lat' dir='ltr'><strong>Stilichonis</strong></span> <span class='ocrx_word' id='word_1_772' title='bbox 1531 2095 1616 2115; x_wconf 71' lang='lat' dir='ltr'><strong>necent</strong></span> <span class='ocrx_word' id='word_1_773' title='bbox 1636 2093 1682 2119; x_wconf 62' lang='lat' dir='ltr'><strong>tus</strong></span> 
     </span>
    </p>
   </div>
   <div class='ocr_carea' id='block_1_101' title="bbox 924 2132 1683 2169">
    <p class='ocr_par' dir='ltr' id='par_1_101' title="bbox 924 2132 1683 2169">
     <span class='ocr_line' id='line_1_101' title="bbox 924 2132 1683 2169; baseline 0.003 -7"><span class='ocrx_word' id='word_1_774' title='bbox 924 2134 1104 2162; x_wconf 82' lang='lat' dir='ltr'><strong>multuantibus</strong></span> <span class='ocrx_word' id='word_1_775' title='bbox 1125 2133 1241 2161; x_wconf 81' lang='lat' dir='ltr'><strong>Etlmieis</strong></span> <span class='ocrx_word' id='word_1_776' title='bbox 1264 2138 1287 2161; x_wconf 87' lang='lat' dir='ltr'><strong>et</strong></span> <span class='ocrx_word' id='word_1_777' title='bbox 1301 2132 1436 2162; x_wconf 74' lang='lat' dir='ltr'><strong>Hatrett&#39;cis</strong></span> <span class='ocrx_word' id='word_1_778' title='bbox 1459 2134 1617 2169; x_wconf 71' lang='lat' dir='ltr'><strong>perturbatur</strong></span> <span class='ocrx_word' id='word_1_779' title='bbox 1631 2135 1683 2164; x_wconf 62' lang='lat' dir='ltr'><strong>Eu</strong></span> 
     </span>
    </p>
   </div>
   <div class='ocr_carea' id='block_1_102' title="bbox 924 2179 1679 2216">
    <p class='ocr_par' dir='ltr' id='par_1_102' title="bbox 924 2179 1679 2216">
     <span class='ocr_line' id='line_1_102' title="bbox 924 2179 1679 2216; baseline 0.004 -8"><span class='ocrx_word' id='word_1_780' title='bbox 924 2182 1008 2210; x_wconf 81' lang='lat' dir='ltr'><strong>clesiu.</strong></span> <span class='ocrx_word' id='word_1_781' title='bbox 1024 2181 1041 2209; x_wconf 77' lang='lat'><strong>5</strong></span> <span class='ocrx_word' id='word_1_782' title='bbox 1056 2180 1137 2209; x_wconf 77' lang='lat' dir='ltr'><strong>Nova:</strong></span> <span class='ocrx_word' id='word_1_783' title='bbox 1157 2181 1183 2209; x_wconf 85' lang='lat' dir='ltr'><strong>in</strong></span> <span class='ocrx_word' id='word_1_784' title='bbox 1202 2189 1244 2208; x_wconf 79' lang='lat' dir='ltr'><strong>eos</strong></span> <span class='ocrx_word' id='word_1_785' title='bbox 1264 2180 1329 2216; x_wconf 72' lang='lat' dir='ltr'><strong>leges</strong></span> <span class='ocrx_word' id='word_1_786' title='bbox 1348 2180 1378 2209; x_wconf 82' lang='lat' dir='ltr'><strong>ab</strong></span> <span class='ocrx_word' id='word_1_787' title='bbox 1392 2179 1550 2216; x_wconf 80' lang='lat' dir='ltr'><strong>Imparatore</strong></span> <span class='ocrx_word' id='word_1_788' title='bbox 1562 2181 1679 2212; x_wconf 68' lang='lat' dir='ltr'><strong>obtenta.</strong></span> 
     </span>
    </p>
   </div>
   <div class='ocr_carea' id='block_1_103' title="bbox 923 2227 1680 2263">
    <p class='ocr_par' dir='ltr' id='par_1_103' title="bbox 923 2227 1680 2263">
     <span class='ocr_line' id='line_1_103' title="bbox 923 2227 1680 2263; baseline 0 -7"><span class='ocrx_word' id='word_1_789' title='bbox 923 2229 940 2256; x_wconf 78' lang='lat'><strong>6</strong></span> <span class='ocrx_word' id='word_1_790' title='bbox 952 2227 1081 2256; x_wconf 82' lang='lat' dir='ltr'><strong>Donatum</strong></span> <span class='ocrx_word' id='word_1_791' title='bbox 1100 2232 1171 2263; x_wconf 83' lang='lat' dir='ltr'><strong>rogat</strong></span> <span class='ocrx_word' id='word_1_792' title='bbox 1186 2227 1357 2262; x_wconf 72' lang='lat' dir='ltr'><strong>Augustinus,</strong></span> <span class='ocrx_word' id='word_1_793' title='bbox 1371 2232 1398 2255; x_wconf 77' lang='lat' dir='ltr'><strong>ut</strong></span> <span class='ocrx_word' id='word_1_794' title='bbox 1412 2227 1520 2255; x_wconf 76' lang='lat' dir='ltr'><strong>lenitatis</strong></span> <span class='ocrx_word' id='word_1_795' title='bbox 1534 2228 1680 2258; x_wconf 64' lang='lat' dir='ltr'><strong>christiana</strong></span> 
     </span>
    </p>
   </div>
   <div class='ocr_carea' id='block_1_104' title="bbox 925 2273 1680 2308">
    <p class='ocr_par' dir='ltr' id='par_1_104' title="bbox 925 2273 1680 2308">
     <span class='ocr_line' id='line_1_104' title="bbox 925 2273 1680 2308; baseline 0.003 -7"><span class='ocrx_word' id='word_1_796' title='bbox 925 2282 1029 2307; x_wconf 84' lang='lat' dir='ltr'><strong>memor,</strong></span> <span class='ocrx_word' id='word_1_797' title='bbox 1045 2274 1192 2301; x_wconf 70' lang='lat' dir='ltr'><strong>Donatista:</strong></span> <span class='ocrx_word' id='word_1_798' title='bbox 1206 2273 1241 2301; x_wconf 78' lang='lat' dir='ltr'><strong>sic</strong></span> <span class='ocrx_word' id='word_1_799' title='bbox 1254 2273 1314 2300; x_wconf 78' lang='lat' dir='ltr'><strong>dato</strong></span> <span class='ocrx_word' id='word_1_800' title='bbox 1324 2273 1371 2301; x_wconf 78' lang='lat' dir='ltr'><strong>sibi</strong></span> <span class='ocrx_word' id='word_1_801' title='bbox 1384 2277 1504 2308; x_wconf 69' lang='lat' dir='ltr'><strong>potestate</strong></span> <span class='ocrx_word' id='word_1_802' title='bbox 1515 2279 1638 2308; x_wconf 71' lang='lat' dir='ltr'><strong>coerceat,</strong></span> <span class='ocrx_word' id='word_1_803' title='bbox 1649 2280 1680 2304; x_wconf 81' lang='lat' dir='ltr'><strong>tu</strong></span> 
     </span>
    </p>
   </div>
   <div class='ocr_carea' id='block_1_105' title="bbox 923 2319 1682 2352">
    <p class='ocr_par' dir='ltr' id='par_1_105' title="bbox 923 2319 1682 2352">
     <span class='ocr_line' id='line_1_105' title="bbox 923 2319 1682 2352; baseline 0.003 -4"><span class='ocrx_word' id='word_1_804' title='bbox 923 2330 972 2349; x_wconf 87' lang='lat' dir='ltr'><strong>non</strong></span> <span class='ocrx_word' id='word_1_805' title='bbox 993 2320 1100 2349; x_wconf 78' lang='lat' dir='ltr'><strong>occidat.</strong></span> <span class='ocrx_word' id='word_1_806' title='bbox 1117 2321 1132 2349; x_wconf 89' lang='grc'>7</span> <span class='ocrx_word' id='word_1_807' title='bbox 1157 2320 1197 2348; x_wconf 81' lang='lat' dir='ltr'><strong>Ad</strong></span> <span class='ocrx_word' id='word_1_808' title='bbox 1212 2319 1328 2348; x_wconf 82' lang='lat' dir='ltr'><strong>Italicam</strong></span> <span class='ocrx_word' id='word_1_809' title='bbox 1349 2320 1381 2348; x_wconf 79' lang='lat' dir='ltr'><strong>do</strong></span> <span class='ocrx_word' id='word_1_810' title='bbox 1396 2319 1504 2352; x_wconf 75' lang='lat' dir='ltr'><strong>videndo</strong></span> <span class='ocrx_word' id='word_1_811' title='bbox 1522 2319 1577 2349; x_wconf 74' lang='lat' dir='ltr'><strong>Deo</strong></span> <span class='ocrx_word' id='word_1_812' title='bbox 1597 2329 1627 2350; x_wconf 73' lang='lat' dir='ltr'><strong>ac</strong></span> <span class='ocrx_word' id='word_1_813' title='bbox 1649 2322 1682 2350; x_wconf 68' lang='lat' dir='ltr'><strong>de</strong></span> 
     </span>
    </p>
   </div>
   <div class='ocr_carea' id='block_1_106' title="bbox 925 2367 1251 2398">
    <p class='ocr_par' dir='ltr' id='par_1_106' title="bbox 925 2367 1251 2398">
     <span class='ocr_line' id='line_1_106' title="bbox 925 2367 1251 2398; baseline -0.009 -1"><span class='ocrx_word' id='word_1_814' title='bbox 925 2369 1001 2398; x_wconf 81' lang='lat' dir='ltr'><strong>Urbis</strong></span> <span class='ocrx_word' id='word_1_815' title='bbox 1014 2369 1143 2398; x_wconf 80' lang='lat' dir='ltr'><strong>obsidione</strong></span> <span class='ocrx_word' id='word_1_816' title='bbox 1156 2367 1251 2396; x_wconf 80' lang='lat' dir='ltr'><strong>scribit.</strong></span> 
     </span>
    </p>
   </div>
   <div class='ocr_carea' id='block_1_107' title="bbox 922 2413 1679 2450">
    <p class='ocr_par' dir='ltr' id='par_1_107' title="bbox 922 2413 1679 2450">
     <span class='ocr_line' id='line_1_107' title="bbox 922 2413 1679 2450; baseline -0.001 -6"><span class='ocrx_word' id='word_1_817' title='bbox 922 2416 943 2444; x_wconf 93' lang='lat' dir='ltr'><strong>I.</strong></span> <span class='ocrx_word' id='word_1_818' title='bbox 962 2415 1029 2444; x_wconf 83' lang='lat' dir='ltr'><strong>Cum</strong></span> <span class='ocrx_word' id='word_1_819' title='bbox 1051 2414 1183 2443; x_wconf 86' lang='lat' dir='ltr'><strong>Honorius</strong></span> <span class='ocrx_word' id='word_1_820' title='bbox 1198 2418 1319 2442; x_wconf 74' lang='lat' dir='ltr'><strong>extremo</strong></span> <span class='ocrx_word' id='word_1_821' title='bbox 1345 2414 1416 2442; x_wconf 82' lang='lat' dir='ltr'><strong>maio</strong></span> <span class='ocrx_word' id='word_1_822' title='bbox 1437 2413 1523 2447; x_wconf 72' lang='lat' dir='ltr'><strong>Roma</strong></span> <span class='ocrx_word' id='word_1_823' title='bbox 1543 2414 1679 2450; x_wconf 75' lang='lat' dir='ltr'><strong>profectus</strong></span> 
     </span>
    </p>
   </div>
   <div class='ocr_carea' id='block_1_108' title="bbox 886 2460 1681 2497">
    <p class='ocr_par' dir='ltr' id='par_1_108' title="bbox 886 2460 1681 2497">
     <span class='ocr_line' id='line_1_108' title="bbox 886 2460 1681 2497; baseline -0.001 -6"><span class='ocrx_word' id='word_1_824' title='bbox 886 2467 968 2496; x_wconf 83' lang='lat' dir='ltr'><strong>esset,</strong></span> <span class='ocrx_word' id='word_1_825' title='bbox 982 2466 1088 2497; x_wconf 82' lang='lat' dir='ltr'><strong>accepta</strong></span> <span class='ocrx_word' id='word_1_826' title='bbox 1099 2462 1172 2497; x_wconf 88' lang='lat' dir='ltr'><strong>prius</strong></span> <span class='ocrx_word' id='word_1_827' title='bbox 1186 2461 1212 2488; x_wconf 90' lang='lat' dir='ltr'><strong>in</strong></span> <span class='ocrx_word' id='word_1_828' title='bbox 1230 2460 1427 2488; x_wconf 87' lang='lat' dir='ltr'><strong>matrimonium</strong></span> <span class='ocrx_word' id='word_1_829' title='bbox 1437 2460 1609 2489; x_wconf 75' lang='lat' dir='ltr'><strong>Thormsntia</strong></span> <span class='ocrx_word' id='word_1_830' title='bbox 1623 2460 1681 2490; x_wconf 51' lang='lat' dir='ltr'><strong>Stis</strong></span> 
     </span>
    </p>
   </div>
   <div class='ocr_carea' id='block_1_109' title="bbox 885 2507 1680 2543">
    <p class='ocr_par' dir='ltr' id='par_1_109' title="bbox 885 2507 1680 2543">
     <span class='ocr_line' id='line_1_109' title="bbox 885 2507 1680 2543; baseline -0.001 -6"><span class='ocrx_word' id='word_1_831' title='bbox 885 2509 998 2538; x_wconf 87' lang='lat' dir='ltr'><strong>liehouis</strong></span> <span class='ocrx_word' id='word_1_832' title='bbox 1013 2508 1129 2536; x_wconf 86' lang='lat' dir='ltr'><strong>secunda</strong></span> <span class='ocrx_word' id='word_1_833' title='bbox 1146 2507 1208 2540; x_wconf 86' lang='lat' dir='ltr'><strong>ﬁlia,</strong></span> <span class='ocrx_word' id='word_1_834' title='bbox 1223 2507 1447 2543; x_wconf 81' lang='lat' dir='ltr'><strong>quemadmodum</strong></span> <span class='ocrx_word' id='word_1_835' title='bbox 1461 2514 1533 2535; x_wconf 85' lang='lat' dir='ltr'><strong>anno</strong></span> <span class='ocrx_word' id='word_1_836' title='bbox 1546 2511 1680 2536; x_wconf 79' lang='lat' dir='ltr'><strong>trecento-</strong></span> 
     </span>
    </p>
   </div>
   <div class='ocr_carea' id='block_1_110' title="bbox 885 2554 1679 2591">
    <p class='ocr_par' dir='ltr' id='par_1_110' title="bbox 885 2554 1679 2591">
     <span class='ocr_line' id='line_1_110' title="bbox 885 2554 1679 2591; baseline -0.001 -7"><span class='ocrx_word' id='word_1_837' title='bbox 885 2557 954 2585; x_wconf 80' lang='lat' dir='ltr'><strong>eimo</strong></span> <span class='ocrx_word' id='word_1_838' title='bbox 973 2556 1146 2591; x_wconf 76' lang='lat' dir='ltr'><strong>nonagesimo</strong></span> <span class='ocrx_word' id='word_1_839' title='bbox 1157 2559 1252 2582; x_wconf 87' lang='lat' dir='ltr'><strong>octavo</strong></span> <span class='ocrx_word' id='word_1_840' title='bbox 1271 2554 1378 2582; x_wconf 85' lang='lat' dir='ltr'><strong>Mariam</strong></span> <span class='ocrx_word' id='word_1_841' title='bbox 1399 2555 1457 2589; x_wconf 83' lang='lat' dir='ltr'><strong>ejus</strong></span> <span class='ocrx_word' id='word_1_842' title='bbox 1471 2559 1534 2583; x_wconf 82' lang='lat' dir='ltr'><strong>natu</strong></span> <span class='ocrx_word' id='word_1_843' title='bbox 1549 2555 1679 2591; x_wconf 78' lang='lat' dir='ltr'><strong>majorem</strong></span> 
     </span>
    </p>
   </div>
   <div class='ocr_carea' id='block_1_111' title="bbox 885 2600 1680 2636">
    <p class='ocr_par' dir='ltr' id='par_1_111' title="bbox 885 2600 1680 2636">
     <span class='ocr_line' id='line_1_111' title="bbox 885 2600 1680 2636; baseline -0.001 -6"><span class='ocrx_word' id='word_1_844' title='bbox 885 2603 997 2631; x_wconf 80' lang='lat' dir='ltr'><strong>duxerat</strong></span> <span class='ocrx_word' id='word_1_845' title='bbox 1008 2610 1017 2629; x_wconf 77' lang='grc' dir='ltr'><strong>ι</strong></span> <span class='ocrx_word' id='word_1_846' title='bbox 1031 2601 1076 2629; x_wconf 89' lang='lat' dir='ltr'><strong>ubi</strong></span> <span class='ocrx_word' id='word_1_847' title='bbox 1091 2602 1211 2629; x_wconf 83' lang='lat' dir='ltr'><strong>Ticinum</strong></span> <span class='ocrx_word' id='word_1_848' title='bbox 1223 2600 1352 2636; x_wconf 83' lang='lat' dir='ltr'><strong>pervenit,</strong></span> <span class='ocrx_word' id='word_1_849' title='bbox 1362 2601 1517 2636; x_wconf 70' lang='lat' dir='ltr'><strong>gravissima</strong></span> <span class='ocrx_word' id='word_1_850' title='bbox 1532 2606 1623 2629; x_wconf 83' lang='lat' dir='ltr'><strong>coorta</strong></span> <span class='ocrx_word' id='word_1_851' title='bbox 1633 2607 1680 2629; x_wconf 78' lang='lat' dir='ltr'><strong>se-</strong></span> 
     </span>
    </p>
   </div>
   <div class='ocr_carea' id='block_1_112' title="bbox 882 2646 1677 2684">
    <p class='ocr_par' dir='ltr' id='par_1_112' title="bbox 882 2646 1677 2684">
     <span class='ocr_line' id='line_1_112' title="bbox 882 2646 1677 2684; baseline -0.006 -6"><span class='ocrx_word' id='word_1_852' title='bbox 882 2650 984 2678; x_wconf 80' lang='lat' dir='ltr'><strong>ditione</strong></span> <span class='ocrx_word' id='word_1_853' title='bbox 998 2649 1094 2677; x_wconf 78' lang='lat' dir='ltr'><strong>milites</strong></span> <span class='ocrx_word' id='word_1_854' title='bbox 1107 2647 1246 2684; x_wconf 61' lang='lat' dir='ltr'><strong>praecipuis</strong></span> <span class='ocrx_word' id='word_1_855' title='bbox 1255 2646 1367 2682; x_wconf 84' lang='lat' dir='ltr'><strong>Imperii</strong></span> <span class='ocrx_word' id='word_1_856' title='bbox 1381 2646 1513 2681; x_wconf 68' lang='lat' dir='ltr'><strong>prmfectis</strong></span> <span class='ocrx_word' id='word_1_857' title='bbox 1528 2653 1620 2675; x_wconf 80' lang='lat' dir='ltr'><strong>necom</strong></span> <span class='ocrx_word' id='word_1_858' title='bbox 1634 2649 1677 2674; x_wconf 80' lang='lat' dir='ltr'><strong>ut-</strong></span> 
     </span>
    </p>
   </div>
   <div class='ocr_carea' id='block_1_113' title="bbox 886 2692 1723 2730">
    <p class='ocr_par' dir='ltr' id='par_1_113' title="bbox 886 2692 1723 2730">
     <span class='ocr_line' id='line_1_113' title="bbox 886 2692 1723 2730; baseline -0.004 -6"><span class='ocrx_word' id='word_1_859' title='bbox 886 2697 972 2725; x_wconf 85' lang='lat' dir='ltr'><strong>tulere</strong></span> <span class='ocrx_word' id='word_1_860' title='bbox 987 2704 994 2723; x_wconf 84' lang='lat' dir='ltr'><strong>i</strong></span> <span class='ocrx_word' id='word_1_861' title='bbox 1010 2695 1086 2730; x_wconf 79' lang='lat' dir='ltr'><strong>cujus</strong></span> <span class='ocrx_word' id='word_1_862' title='bbox 1099 2694 1205 2730; x_wconf 87' lang='lat' dir='ltr'><strong>quidem</strong></span> <span class='ocrx_word' id='word_1_863' title='bbox 1222 2693 1350 2720; x_wconf 79' lang='lat' dir='ltr'><strong>tumultus</strong></span> <span class='ocrx_word' id='word_1_864' title='bbox 1369 2693 1413 2720; x_wconf 83' lang='lat' dir='ltr'><strong>hic</strong></span> <span class='ocrx_word' id='word_1_865' title='bbox 1428 2693 1516 2720; x_wconf 74' lang='lat' dir='ltr'><strong>exitus</strong></span> <span class='ocrx_word' id='word_1_866' title='bbox 1529 2692 1585 2724; x_wconf 79' lang='lat' dir='ltr'><strong>fuit,</strong></span> <span class='ocrx_word' id='word_1_867' title='bbox 1600 2696 1628 2719; x_wconf 91' lang='lat' dir='ltr'><strong>ut</strong></span> <span class='ocrx_word' id='word_1_868' title='bbox 1647 2692 1678 2721; x_wconf 76' lang='lat' dir='ltr'><strong>in</strong></span> <span class='ocrx_word' id='word_1_869' title='bbox 1712 2708 1723 2712; x_wconf 99' lang='lat'><em>-</em></span> 
     </span>
    </p>
   </div>
   <div class='ocr_carea' id='block_1_114' title="bbox 885 2737 1678 2777">
    <p class='ocr_par' dir='ltr' id='par_1_114' title="bbox 885 2737 1678 2777">
     <span class='ocr_line' id='line_1_114' title="bbox 885 2737 1678 2777; baseline -0.009 -6"><span class='ocrx_word' id='word_1_870' title='bbox 885 2743 988 2771; x_wconf 75' lang='lat' dir='ltr'><strong>vincula</strong></span> <span class='ocrx_word' id='word_1_871' title='bbox 1002 2742 1180 2777; x_wconf 82' lang='lat' dir='ltr'><strong>conjiceretur</strong></span> <span class='ocrx_word' id='word_1_872' title='bbox 1189 2739 1245 2775; x_wconf 85' lang='lat' dir='ltr'><strong>ipse</strong></span> <span class='ocrx_word' id='word_1_873' title='bbox 1256 2737 1376 2772; x_wconf 81' lang='lat' dir='ltr'><strong>Stilicho,</strong></span> <span class='ocrx_word' id='word_1_874' title='bbox 1387 2742 1414 2766; x_wconf 83' lang='lat' dir='ltr'><strong>et</strong></span> <span class='ocrx_word' id='word_1_875' title='bbox 1427 2738 1560 2766; x_wconf 73' lang='lat' dir='ltr'><strong>Ravennae</strong></span> <span class='ocrx_word' id='word_1_876' title='bbox 1573 2737 1678 2764; x_wconf 78' lang='lat' dir='ltr'><strong>decimo</strong></span> 
     </span>
    </p>
   </div>
   <div class='ocr_carea' id='block_1_115' title="bbox 886 2780 1676 2823">
    <p class='ocr_par' dir='ltr' id='par_1_115' title="bbox 886 2780 1676 2823">
     <span class='ocr_line' id='line_1_115' title="bbox 886 2780 1676 2823; baseline -0.01 -6"><span class='ocrx_word' id='word_1_877' title='bbox 886 2789 1012 2817; x_wconf 77' lang='lat' dir='ltr'><strong>kalendas</strong></span> <span class='ocrx_word' id='word_1_878' title='bbox 1027 2786 1192 2823; x_wconf 81' lang='lat' dir='ltr'><strong>septembres</strong></span> <span class='ocrx_word' id='word_1_879' title='bbox 1204 2786 1266 2813; x_wconf 91' lang='lat' dir='ltr'><strong>nnni</strong></span> <span class='ocrx_word' id='word_1_880' title='bbox 1275 2784 1526 2821; x_wconf 69' lang='lat' dir='ltr'><strong>quadringentesimi</strong></span> <span class='ocrx_word' id='word_1_881' title='bbox 1536 2783 1620 2810; x_wconf 82' lang='lat' dir='ltr'><strong>octavi</strong></span> <span class='ocrx_word' id='word_1_882' title='bbox 1628 2780 1676 2818; x_wconf 76' lang='lat' dir='ltr'><strong>ju-</strong></span> 
     </span>
    </p>
   </div>
   <div class='ocr_carea' id='block_1_116' title="bbox 885 2831 1677 2871">
    <p class='ocr_par' dir='ltr' id='par_1_116' title="bbox 885 2831 1677 2871">
     <span class='ocr_line' id='line_1_116' title="bbox 885 2831 1677 2871; baseline -0.008 -9"><span class='ocrx_word' id='word_1_883' title='bbox 885 2835 1029 2871; x_wconf 76' lang='lat' dir='ltr'><strong>gularetur.</strong></span> <span class='ocrx_word' id='word_1_884' title='bbox 1040 2834 1191 2870; x_wconf 79' lang='lat' dir='ltr'><strong>Otympium</strong></span> <span class='ocrx_word' id='word_1_885' title='bbox 1202 2831 1341 2860; x_wconf 84' lang='lat' dir='ltr'><strong>Stilichoni</strong></span> <span class='ocrx_word' id='word_1_886' title='bbox 1354 2831 1462 2858; x_wconf 77' lang='lat' dir='ltr'><strong>exitium</strong></span> <span class='ocrx_word' id='word_1_887' title='bbox 1475 2834 1590 2862; x_wconf 71' lang='lat' dir='ltr'><strong>creasse,</strong></span> <span class='ocrx_word' id='word_1_888' title='bbox 1602 2835 1677 2856; x_wconf 87' lang='lat' dir='ltr'><strong>com-</strong></span> 
     </span>
    </p>
   </div>
   <div class='ocr_carea' id='block_1_117' title="bbox 885 2874 1678 2911">
    <p class='ocr_par' dir='ltr' id='par_1_117' title="bbox 885 2874 1678 2911">
     <span class='ocr_line' id='line_1_117' title="bbox 885 2874 1678 2911; baseline -0.009 -1"><span class='ocrx_word' id='word_1_889' title='bbox 885 2882 973 2910; x_wconf 85' lang='lat' dir='ltr'><strong>munis</strong></span> <span class='ocrx_word' id='word_1_890' title='bbox 984 2885 1024 2909; x_wconf 91' lang='lat' dir='ltr'><strong>est</strong></span> <span class='ocrx_word' id='word_1_891' title='bbox 1035 2880 1219 2908; x_wconf 88' lang='lat' dir='ltr'><strong>historicorum</strong></span> <span class='ocrx_word' id='word_1_892' title='bbox 1232 2884 1388 2908; x_wconf 78' lang='lat' dir='ltr'><strong>eortsensus,</strong></span> <span class='ocrx_word' id='word_1_893' title='bbox 1403 2882 1514 2910; x_wconf 87' lang='lat' dir='ltr'><strong>quorutn</strong></span> <span class='ocrx_word' id='word_1_894' title='bbox 1527 2874 1602 2902; x_wconf 88' lang='lat' dir='ltr'><strong>illum</strong></span> <span class='ocrx_word' id='word_1_895' title='bbox 1613 2881 1678 2911; x_wconf 79' lang='lat' dir='ltr'><strong>pro-</strong></span> 
     </span>
    </p>
   </div>
   <div class='ocr_carea' id='block_1_118' title="bbox 887 2920 1674 2964">
    <p class='ocr_par' dir='ltr' id='par_1_118' title="bbox 887 2920 1674 2964">
     <span class='ocr_line' id='line_1_118' title="bbox 887 2920 1674 2964; baseline -0.009 -6"><span class='ocrx_word' id='word_1_896' title='bbox 887 2934 977 2964; x_wconf 81' lang='lat' dir='ltr'><strong>pterea</strong></span> <span class='ocrx_word' id='word_1_897' title='bbox 1002 2927 1110 2957; x_wconf 79' lang='lat' dir='ltr'><strong>laudant</strong></span> <span class='ocrx_word' id='word_1_898' title='bbox 1131 2925 1185 2960; x_wconf 89' lang='lat' dir='ltr'><strong>alii,</strong></span> <span class='ocrx_word' id='word_1_899' title='bbox 1199 2924 1244 2954; x_wconf 81' lang='lat' dir='ltr'><strong>alii</strong></span> <span class='ocrx_word' id='word_1_900' title='bbox 1261 2924 1397 2953; x_wconf 78' lang='lat' dir='ltr'><strong>damnant.</strong></span> <span class='ocrx_word' id='word_1_901' title='bbox 1406 2920 1585 2951; x_wconf 78' lang='lat' dir='ltr'><strong>Christianum</strong></span> <span class='ocrx_word' id='word_1_902' title='bbox 1599 2921 1674 2954; x_wconf 83' lang='lat' dir='ltr'><strong>illum</strong></span> 
     </span>
    </p>
   </div>
  </div>
