3858 6426
497 397 606 458 375

501 513 665 569 fuisse
694 508 851 568 tradit
875 513 1220 584 Augustinus,
1250 513 1337 584 qui
1368 521 1422 568 et
1447 510 1785 569 commendat
1817 510 1933 580 ejus
1961 509 2077 579 pie-

499 614 684 670 tatem,
731 619 955 676 eamque
985 621 1080 676 pro
1114 621 1242 662 vera
1271 621 1335 661 ac
1371 604 1537 661 solida
1587 604 1796 660 videtur
1832 602 2080 658 habuisse

499 694 688 767 (Epist.
720 694 810 760 96,
843 714 894 750 η.
924 696 977 762 I,
1003 705 1050 751 et
1076 697 1242 767 Epist.
1276 696 1365 763 97,
1389 714 1441 750 η.
1475 693 1553 767 1).
1579 694 1709 750 Erat
1745 694 1796 750 ei
1830 709 1950 749 cum
1990 693 2081 750 illo

499 789 796 844 litterarum
825 789 1154 844 consuetudo
1180 806 1193 843 :
1220 805 1379 860 quem
1408 788 1544 844 forte
1567 804 1635 844 ex
1653 788 1915 859 episcopis
1939 785 2079 841 Afri-

495 879 666 945 canis,
689 881 777 952 qui
815 880 963 935 illum
1002 880 1056 934 in
1097 879 1216 934 aula
1258 879 1519 946 viderant,
1559 889 1719 951 alque
1760 877 1827 933 ad
1864 891 2080 948 promo-

498 971 671 1026 venda
712 961 891 1026 sancta
918 985 1103 1026 eorum
1130 971 1352 1026 concilia
1378 986 1702 1043 propensum
1729 970 1933 1042 experti
1961 969 2080 1025 fue-

496 1072 641 1131 rant,
678 1063 950 1135 cognitum
988 1063 1233 1119 habebat.
1273 1064 1515 1119 Zosimus
1556 1064 1653 1131 illi,
1690 1064 1734 1119 si
1770 1079 1896 1119 vere
1935 1063 2081 1119 chri-

498 1154 729 1210 stianum
749 1154 982 1225 putabat,
997 1155 1297 1210 necessario
1313 1154 1569 1221 infensus,
1594 1155 1765 1229 ipsum
1780 1154 2081 1210 christianat

496 1243 712 1316 pietatis
763 1244 950 1301 ofﬁciis
1004 1246 1272 1302 assiduam
1328 1246 1539 1302 dedisse
1580 1260 1797 1316 operam
1850 1244 2077 1313 fatetur;

496 1337 742 1406 quamvis
759 1345 1037 1392 externam
1055 1336 1196 1392 illam
1215 1338 1449 1408 speciem
1474 1336 1761 1392 contendat
1775 1337 1822 1392 ei
1842 1350 2083 1406 personae

496 1429 619 1485 loco
648 1428 829 1495 fuisse,
859 1444 962 1501 qua
990 1439 1043 1485 et
1066 1430 1354 1501 nequitiam
1382 1438 1582 1501 tegeret
1609 1443 1759 1484 suam
1782 1472 1796 1495 ,
1825 1437 1878 1485 et
1907 1427 2081 1499 Impe-

494 1522 694 1577 ratoris
730 1523 1054 1579 voluntatem
1082 1523 1147 1578 ad
1174 1538 1233 1579 se
1260 1522 1551 1593 pelliceret.
1576 1523 1719 1578 Idem
1749 1522 1929 1588 tradit,
1963 1537 2082 1577 eum

495 1613 662 1667 veluti
691 1613 917 1684 quodam
949 1614 1218 1685 religionis
1241 1613 1421 1670 ofﬁcio
1449 1624 1679 1686 aegrotos
1707 1614 1903 1669 milites
1947 1613 2083 1667 invi-

497 1720 618 1760 sere
644 1706 876 1760 solitum.
910 1705 1069 1761 Addit
1094 1715 1373 1777 praeterea,
1401 1706 1697 1761 Honorium
1740 1721 1838 1776 per
1872 1705 2084 1775 Imperii

496 1794 719 1849 discidia
747 1795 797 1849 in
820 1795 1070 1866 precibus
1096 1797 1247 1850 istius
1273 1794 1505 1867 Olympii
1535 1796 1777 1850 fiduciam
1802 1810 1950 1850 suam
1977 1795 2087 1849 col-

496 1885 704 1942 locasse
729 1887 1006 1958 (Zosimus,
1029 1887 1269 1943 Historia:
1292 1886 1418 1943 libro
1440 1888 1522 1960 5.)
1548 1887 1772 1944 Vivente
1795 1886 2088 1944 Stilichone

494 1980 605 2050 jam
629 1989 737 2035 tum
760 1981 1112 2050 amplissimos
1139 1983 1370 2037 honores
1390 1981 1615 2052 adeptus
1643 1989 1789 2045 erat;
1814 1996 1879 2036 eo
1908 1990 2087 2038 autem

496 2086 641 2128 caeso
664 2073 902 2144 magistri
935 2072 1251 2141 ofﬁciorum,
1292 2090 1450 2146 quem
1491 2076 1579 2130 alii
1615 2075 1871 2146 majorem
1910 2075 2088 2146 palatii

493 2171 709 2227 vocant,
746 2163 1052 2232 dignitatem
1084 2166 1345 2232 obtinuit;
1380 2181 1444 2220 ac
1487 2166 1697 2221 tandem
1735 2167 1938 2237 primus
1980 2167 2085 2221 mi-

496 2254 668 2309 nister
690 2262 745 2309 et
776 2270 954 2311 rerum
977 2256 1271 2312 aulicarum
1288 2257 1488 2313 arbiter
1508 2267 1591 2313 est
1615 2260 1952 2313 constitutus.
1980 2261 2091 2314 Au-

494 2347 737 2417 gustinus
764 2364 885 2403 eum
913 2348 1015 2404 hoc
1038 2348 1242 2404 honore
1261 2350 1476 2419 dignum
1492 2350 1777 2404 arbitratus
1806 2359 1889 2405 est
1911 2370 1924 2402 τ
1943 2365 2091 2405 ουιης

495 2451 603 2507 que
636 2453 741 2492 non
775 2431 1047 2508 ignoraret
1072 2439 1325 2492 divinitus
1351 2439 1521 2507 ipsum
1547 2438 1823 2503 didicisse,
1850 2455 1957 2495 non
1983 2441 2088 2495 alta

496 2541 720 2595 sapere,
765 2529 858 2583 sed
899 2529 1190 2584 humilibus
1236 2531 1539 2586 consentire
1578 2530 1770 2603 (Epist.
1801 2531 1890 2600 96,
1919 2551 1970 2586 η.
2009 2535 2087 2605 I),

497 2620 719 2675 minime
757 2620 1018 2675 dubitavit
1047 2622 1173 2691 quin
1203 2620 1482 2693 temporali
1528 2622 1780 2680 felicitate
1820 2626 2091 2695 sapienter

498 2708 570 2764 ad
593 2718 791 2765 aeterna
808 2712 1162 2781 comparanda
1191 2714 1379 2770 merita
1402 2723 1643 2770 uteretur
1661 2732 1675 2782 ;
1693 2724 1767 2784 et,
1790 2731 1911 2772 cum
1934 2732 2091 2774 verus

499 2809 644 2857 esset
668 2801 922 2858 Ecclesia:
962 2804 1120 2869 ﬁlius,
1149 2806 1196 2860 ei
1224 2822 1372 2861 suam
1402 2821 1621 2877 operam
1648 2808 1751 2864 hoc
1777 2810 1963 2879 majori
2008 2827 2093 2866 se-

499 2890 724 2950 dulitate
767 2894 1117 2966 impenderet,
1148 2914 1254 2968 quo
1282 2900 1399 2968 plus
1449 2901 1501 2955 in
1540 2900 1769 2971 Imperio
1818 2902 2092 2960 obtinebat

499 2988 850 3044 auctoritatis.
884 2989 1067 3060 Itaque
1094 2992 1181 3047 ubi
1200 2993 1429 3062 primum
1451 2993 1567 3064 ejus
1590 3000 1852 3064 promotio
1878 2997 1928 3050 in
1952 2996 2093 3051 Afri-

499 3093 615 3134 cam
647 3081 887 3135 nuntiata
928 3092 1030 3146 est,
1077 3084 1301 3139 necdum
1348 3086 1507 3140 etiam
1549 3086 1629 3141 rei
1669 3087 1896 3142 veritate
1940 3089 2094 3156 plane

499 3181 793 3241 Comperta,
810 3172 911 3228 hoc
932 3183 1037 3240 est,
1062 3185 1119 3231 ut
1134 3177 1347 3247 quidem
1372 3178 1604 3244 videtur,
1622 3179 1838 3234 ineunte
1863 3188 2097 3249 septem-

498 3259 583 3316 bri
613 3262 693 3315 vel
726 3262 956 3328 circiter,
976 3265 1149 3319 eidem
1170 3266 1424 3322 Bonifacii
1442 3282 1656 3323 causam
1680 3270 2089 3327 commendavit.

571 3353 627 3407 2.
670 3353 767 3408 I-lic
795 3355 1096 3411 Bonifacius
1121 3355 1372 3427 Cataquae
1410 3358 1464 3413 in
1494 3357 1737 3415 Numidia
1756 3358 1976 3416 forsitan
1995 3378 2092 3433 po-

499 3443 618 3500 sita:
648 3447 948 3518 episcopus,
979 3449 1144 3506 Paulo
1188 3451 1265 3505 illi
1310 3461 1661 3518 successerat,
1705 3454 1859 3525 cujus
1902 3455 2094 3526 agendi

499 3538 762 3593 rationem
795 3540 1021 3597 vidimus
1051 3543 1119 3598 ab
1152 3543 1446 3615 Augustino
1472 3546 1851 3616 reprehensam
1873 3547 2090 3622 (Supra,

501 3643 619 3699 cap.
637 3630 691 3694 5,
719 3646 772 3683 η.
804 3629 880 3701 2).
921 3632 1115 3690 Paulus
1144 3650 1304 3704 porro
1337 3651 1443 3691 non
1465 3637 1637 3692 solum
1654 3638 1911 3707 quosdam
1936 3655 2093 3711 agros

501 3721 723 3789 pecunia
754 3735 782 3775 a
810 3737 868 3778 se
895 3722 1021 3779 ﬁsco
1056 3725 1232 3781 debita
1263 3738 1466 3783 emerat
1501 3730 1601 3785 sub
1639 3731 1817 3787 alieno
1855 3733 2088 3799 nomine,

499 3823 687 3865 verum
728 3813 885 3868 etiam
927 3813 1125 3873 fructus
1167 3834 1415 3889 agrorum
1453 3820 1664 3876 illorum
1698 3822 1801 3878 sub
1838 3822 2094 3880 Ecclesia:

500 3901 718 3957 nomine
747 3903 1062 3973 percipiens.
1094 3906 1498 3980 haudquaquam
1520 3912 1844 3981 pependerat
1871 3914 2089 3982 tributa,

500 3992 691 4062 quibus
714 3995 1019 4052 ob‘eosdem
1048 3997 1178 4054 ﬁsco
1201 4000 1464 4057 obnoxius
1493 4011 1628 4058 erat.
1664 4003 1741 4059 De
1768 4002 1852 4058 his
1883 4004 2094 4061 tributis

501 4086 867 4153 persolvendis
894 4088 1260 4159 interpellatus
1297 4091 1511 4148 videtur
1539 4108 1817 4150 successor
1845 4096 1962 4165 ejus
1989 4095 2092 4151 Bo-

502 4176 750 4232 nifacius.
787 4178 854 4233 Et
882 4181 973 4236 ille
1005 4181 1223 4252 quidem
1250 4199 1372 4238 cum
1400 4195 1582 4255 posset
1610 4186 1995 4243 immunitatem
2028 4188 2094 4244 ab

501 4269 605 4324 hac
630 4284 834 4325 summa
866 4272 1247 4342 Imperatorem
1275 4291 1486 4345 rogare,
1509 4292 1571 4332 ac
1597 4278 1788 4335 deinde
1814 4281 1951 4335 bona
1974 4295 2094 4352 quae

501 4374 799 4430 praecessor
827 4362 994 4432 ipsius
1019 4375 1439 4433 comparaverat,
1470 4375 1524 4422 et
1566 4368 1665 4422 sub
1701 4367 1958 4425 Ecclesia:
1996 4386 2094 4426 no-

505 4452 655 4509 mine
680 4454 956 4523 possidere
962 4455 1073 4526 jam
1099 4465 1355 4527 ccepcrat,
1378 4469 1771 4530 consequenter
1794 4460 1954 4516 etiam
1980 4462 2093 4533 ipse

504 4544 623 4598 sine
645 4544 750 4599 ulla
781 4545 1163 4618 disceptatione
1197 4548 1457 4616 retinere;
1486 4548 1727 4606 fraudem
1754 4559 1929 4608 tamen
1961 4552 2092 4610 ﬁsco

504 4634 697 4689 factam
719 4638 1053 4697 dissimulare
1090 4657 1197 4697 non
1243 4643 1508 4711 sustinuit,
1544 4652 1636 4700 aut
1668 4645 1903 4700 animum
1935 4662 2089 4702 suum

506 4724 608 4779 hae
636 4725 893 4796 religione
920 4732 1062 4800 angi,
1091 4741 1150 4786 ut
1174 4732 1313 4787 bona
1343 4733 1466 4788 dolo
1502 4735 1643 4790 malo
1670 4745 1977 4806 comparata
2007 4753 2091 4792 re-

504 4813 717 4867 tineret.
745 4814 923 4884 Itaque
950 4834 1053 4887 qua
1079 4820 1282 4875 ratione
1309 4837 1399 4877 res
1423 4833 1637 4892 peracta
1661 4834 1824 4892 esset,
1848 4826 2089 4881 declara-

502 4903 610 4967 vit;
635 4912 689 4958 et
714 4907 1027 4963 eorumdem
1067 4924 1315 4979 agrorum
1354 4926 1508 4967 usum
1541 4914 1610 4970 ab
1639 4915 1962 4986 Imperatore
1992 4932 2088 4987 po-

502 4993 710 5064 poscit;
759 4997 923 5053 satius
962 5008 1081 5053 esse
1108 5000 1311 5055 ducens
1354 5017 1448 5057 eos
1494 5004 1790 5062 manifesta;
1831 5007 2091 5079 Principis

503 5084 837 5155 benignitati,
875 5101 1032 5157 quam
1058 5089 1283 5145 occulta:
1316 5094 1661 5161 prazcessoris
1689 5096 1975 5166 iniquitati,
2004 5115 2090 5155 re-

503 5174 636 5231 ferri
660 5174 928 5245 acceptos.
960 5177 1098 5247 Quin
1124 5180 1225 5235 etsi
1262 5180 1616 5249 contingeret,
1651 5191 1711 5238 ut
1734 5187 1999 5254 repulsam
2027 5203 2091 5244 ea

501 5265 558 5321 in
591 5281 653 5322 re
677 5277 964 5335 pateretur,
995 5270 1164 5324 servis
1191 5269 1287 5326 Dei
1313 5270 1505 5326 melius
1528 5286 1648 5329 esse
1675 5272 1952 5344 judicabat
1969 5278 2091 5339 ino-g

499 5357 605 5429 piaa
625 5357 861 5415 laborem
889 5362 1135 5426 tolerare,
1167 5376 1324 5433 quam
1351 5362 1452 5419 sibi
1477 5366 1778 5441 necessaria
1806 5380 1927 5423 cum
1956 5381 2088 5423 con-

500 5450 724 5506 scientia
749 5450 947 5508 fraudis
966 5453 1226 5511 obtinere.
1249 5454 1366 5512 Jam
1387 5456 1455 5512 ab
1476 5456 1802 5529 Imperatore
1829 5458 2086 5532 quosdam

500 5541 777 5599 codicillos
821 5545 918 5598 hac
957 5543 1028 5600 de
1063 5560 1123 5601 re
1168 5545 1502 5616 obtinuerat;
1547 5548 1707 5622 idque
1752 5559 1811 5607 ut
1856 5550 2083 5621 videtur,

500 5631 801 5703 Augustini,
824 5649 855 5689 a
882 5650 988 5706 quo
1008 5634 1182 5693 fuerat
1198 5637 1447 5711 Olympio
1469 5642 1894 5710 commendatus,
1925 5644 2088 5701 bene-

500 5720 625 5778 ﬁcio
656 5742 673 5779 :
712 5726 807 5782 sed
837 5737 1010 5783 tamen
1043 5744 1132 5785 res
1157 5746 1261 5785 non
1291 5732 1513 5787 omnino
1540 5748 1607 5788 ex
1631 5734 1795 5788 animi
1821 5736 2085 5793 sententia

499 5823 839 5882 processerat
873 5814 1057 5890 (Ibid.,
1080 5838 1134 5877 η.
1163 5820 1243 5895 5).
1265 5821 1600 5893 Quapropter
1626 5838 1746 5879 cum
1773 5822 1829 5878 hi
1856 5824 2083 5881 codicilli

1593 397 1754 453 VITA
1790 398 1849 455 S.
1891 392 2262 457 AUGUSTINI
2299 393 2624 455 EPISCOPI.
3608 400 3689 461 871

2187 507 2404 563 minime
2429 508 2731 562 sufficerent
2745 525 2761 563 :
2775 506 2841 563 iis
2858 506 2960 576 uti,
2980 516 3276 580 quoposset
3288 508 3416 568 alios
3436 509 3687 586 impetum,

2185 601 2355 656 noluit
2382 599 2700 656 Bonifacius.
2722 599 3076 667 Quamobrem
3103 601 3416 673 Augustinus
3434 603 3540 674 ejus
3559 609 3689 677 gratia

2184 691 2431 765 Olympio
2468 693 2698 764 scripsit,
2725 708 2951 765 eumque
2982 695 3202 764 rogavit,
3225 703 3285 750 ut
3311 694 3475 751 eidem
3488 698 3685 771 episeopo

2185 786 2252 842 ad
2272 786 2614 843 obtinendum
2632 786 2733 842 hoc
2748 784 3059 843 beneﬁcium
3081 785 3308 853 faveret;
3328 786 3409 842 vel
3428 786 3518 843 sibi
3534 803 3674 860 posses
3720 802 3727 814 ‘

2184 879 2365 934 siones
2395 878 2512 933 illas
2541 879 2656 948 ipse
2678 887 2905 948 peteret,
2940 891 3072 948 quas
3103 885 3283 947 postea
3306 876 3594 949 Cataquensi
3616 881 3685 939 Ec-

2184 972 2361 1028 clesiae
2385 971 2526 1027 dono
2545 971 2713 1027 daret.
2735 969 3013 1041 Reperitur
3032 970 3083 1024 in
3100 968 3387 1026 Collatione
3403 972 3687 1045 Cataquensis

2185 1064 2326 1120 illius
2352 1062 2607 1120 Bonifacii
2633 1063 2833 1119 mentio
2858 1059 3063 1133 (Callet.
3093 1052 3332 1134 Carthag.
3358 1063 3410 1131 1,
3441 1080 3545 1134 cap.
3573 1066 3671 1136 lli)

2185 1156 2263 1212 Ex
2290 1170 2373 1220 ea,
2411 1169 2569 1225 quam
2615 1154 2667 1210 in
2709 1163 2820 1210 toto
2850 1153 2954 1209 hoc
2992 1153 3204 1224 negotio
3231 1168 3341 1224 pra:
3368 1170 3425 1211 se
3458 1155 3579 1224 tulit,
3602 1171 3675 1213 con

2186 1247 2422 1304 scientiae
2466 1245 2802 1317 integritate,
2860 1243 3000 1300 haud
3054 1260 3328 1317 perperam
3369 1247 3691 1317 augurabimur,

2185 1355 2306 1395 enm
2344 1340 2519 1411 ipsum
2544 1352 2666 1394 esse
2693 1337 3018 1393 Bonifacium
3054 1352 3086 1393 a
3115 1338 3390 1395 mendacio
3414 1340 3692 1400 vehementer

2186 1431 2585 1499 abhorrentem,
2612 1430 2680 1487 ad
2702 1429 2854 1501 cujus
2882 1430 3253 1502 inquisitiones
3274 1433 3539 1503 respondet
3562 1435 3691 1508 Augu-

2187 1524 2357 1580 stinus
2383 1524 2573 1598 (Epist.
2599 1523 2690 1592 98,
2722 1541 2776 1579 η.
2805 1523 2860 1594 7)
2884 1541 2897 1577 :
2929 1522 3021 1594 qui
3046 1523 3206 1579 variis
3248 1524 3299 1579 in
3329 1524 3453 1580 locis
3476 1524 3535 1581 de
3560 1535 3693 1583 sancto

2188 1615 2352 1671 fratre
2381 1631 2477 1671 suo
2505 1615 2777 1677 Bonifacio
2804 1615 3037 1685 loquitur
3057 1614 3250 1686 (Epist.
3275 1616 3364 1685 97,
3394 1634 3444 1671 π.
3472 1615 3547 1689 5);
3571 1633 3620 1673 ac
3639 1628 3691 1674 te-

2189 1717 2361 1763 statur
2386 1708 2601 1775 alicubi,
2627 1706 2771 1779 apud
2802 1707 2952 1764 illum
2977 1723 3097 1764 sese
3122 1723 3265 1763 anno
3284 1709 3484 1765 circiter
3506 1708 3693 1781 quadris

2189 1799 2483 1871 gentesimo
2502 1798 2712 1854 decimo
2736 1807 2925 1870 quarto
2955 1797 3114 1855 fuisse
3134 1798 3329 1871 (Epist.
3357 1799 3473 1865 M9.
3500 1817 3542 1855 tt.
3561 1798 3620 1871 2).

2261 1891 2314 1945 5.
2356 1889 2506 1957 Quod
2540 1906 2664 1945 vero
2687 1899 2894 1961 spectat
2928 1889 2995 1945 ad
3030 1891 3351 1960 qumstiones
3377 1890 3601 1956 Bonifacii,
3629 1889 3690 1946 hae

2190 1984 2311 2040 dua:
2334 1993 2503 2038 erant.
2533 1983 2709 2039 Prima
2734 1983 2957 2050 scilicet,
2983 1994 3157 2038 utrum
3186 1992 3426 2053 parentes
3447 1982 3687 2039 liberissuis

2191 2077 2444 2145 parvulis,
2468 2075 2680 2147 quando
2699 2090 2885 2132 eorum
2910 2075 3271 2130 sanandorum
3299 2089 3451 2130 causa
3473 2074 3545 2130 vel
3570 2086 3692 2130 reme-
3794 2110 3795 2135 χ

2191 2167 2277 2222 dia
2304 2167 2668 2238 superstitiosa
2699 2165 2783 2220 vel
2809 2165 3044 2221 inanium
3071 2165 3296 2221 deorum
3332 2163 3561 2221 sacriﬁcia
3580 2163 3689 2219 adhi-

2192 2258 2340 2321 bent,
2362 2257 2668 2313 detrimenti
2696 2257 2968 2329 quidpiam
2993 2257 3221 2311 afferant
3256 2275 3268 2311 :
3293 2271 3409 2313 cum
3441 2262 3618 2327 negaret
3635 2255 3692 2310 ἰη-
3794 2255 3795 2289 ῖ

2194 2348 2430 2417 telligere
2459 2364 2537 2413 se,
2578 2348 2703 2418 quid
2745 2356 2906 2411 esset,
2948 2346 3089 2418 quod
3128 2347 3416 2402 infantibus
3440 2345 3499 2401 ad
3525 2344 3694 2400 viviﬁcas

2193 2438 2532 2508 Baptismatis
2559 2454 2721 2509 aquas
2750 2438 2944 2494 oblatis
2967 2448 3251 2508 parentum
3294 2436 3419 2493 ﬁdes
3457 2434 3692 2506 prodesset;

2193 2528 2238 2583 si
2268 2527 2479 2598 quidem
2509 2530 2587 2584 eis
2610 2530 2817 2584 illorum
2844 2530 3063 2600 perﬁdia
3091 2528 3226 2584 nihil
3247 2536 3454 2584 noceret
3471 2524 3694 2599 (Epist98.

2193 2638 2248 2675 η.
2276 2621 2351 2691 1).
2384 2619 2629 2675 Defendit
2670 2622 3029 2693 Augustinus,
3057 2621 3296 2692 parvulis
3336 2618 3617 2692 spiritualem
3648 2615 3698 2669 vi-

2195 2719 2302 2766 tam
2329 2711 2462 2782 eripi
2496 2727 2527 2766 a
2564 2714 2873 2783 parentibus
2909 2713 3057 2768 nullo
3082 2712 3247 2769 modo
3282 2709 3589 2783 possezdcin
3610 2706 3698 2762 locis

2194 2807 2514 2878 quibusdam
2534 2808 2874 2864 abstrusior-is
2897 2805 3267 2877 intelligentia:
3290 2820 3353 2860 ex
3372 2802 3599 2875 Cypriane
3609 2798 3701 2870 peti-

2196 2902 2265 2953 tis
2292 2898 2596 2968 respondet.
2624 2899 2885 2954 Observat
2905 2906 3192 2969 prmterea,
3221 2896 3442 2952 infantes
3461 2894 3521 2950 ab
3547 2892 3598 2947 iis
3619 2889 3700 2962 qui-

2195 2987 2340 3053 dem,
2373 3004 2600 3059 quorum
2620 2997 2898 3059 gestantur
2920 2982 3173 3043 manibus
3190 3029 3206 3055 ,
3229 2986 3274 3043 si
3302 3001 3423 3042 vere
3442 2983 3595 3039 ﬁdeles
3612 2980 3697 3043 sint,

2195 3077 2373 3133 offerri
2396 3077 2462 3132 ad
2484 3079 2808 3148 Baptismum
2830 3095 2844 3141 ;
2872 3077 2968 3133 sed
2989 3076 3224 3132 maxime
3250 3085 3416 3131 tamen
3441 3074 3500 3127 ab
3520 3070 3697 3127 universa

2196 3176 2499 3223 sanctorum
2530 3176 2690 3237 atque
2731 3167 2963 3221 ﬁdelium
3006 3166 3301 3222 societate;
3327 3164 3381 3220 Id
3422 3172 3575 3218 autem
3612 3171 3696 3213 cum

2197 3260 2396 3315 sentire
2438 3258 2742 3315 Bonifacius
2790 3260 3079 3328 videretur,
3127 3261 3375 3332 parvulos
3427 3258 3490 3312 ab
3520 3248 3697 3323 originali

2195 3350 2402 3405 macula
2430 3366 2535 3405 non
2561 3351 2799 3421 expiari,
2826 3353 2928 3407 nisi
2953 3351 3019 3406 ab
3046 3359 3276 3423 utroque
3304 3357 3554 3422 parentum
3572 3342 3698 3398 adsa-

2196 3440 2437 3497 Iutiferas
2465 3456 2630 3513 aquas
2657 3441 2900 3508 delatos;
2930 3443 2979 3497 ei
3008 3443 3336 3513 Augustinus
3375 3453 3517 3511 posse
3547 3442 3699 3506 quoque

2196 3534 2316 3589 illos
2338 3550 2367 3589 a
2391 3536 2717 3605 quibuslibet
2763 3534 2942 3590 offerri
2976 3550 3044 3591 ex
3083 3535 3349 3591 constanti
3387 3530 3608 3589 Ecclesia:
3633 3536 3699 3578 usu

2195 3625 2547 3681 demonstrat.
2576 3627 2756 3682 Altera
2787 3625 3040 3682 Bonifacii
3059 3627 3285 3697 quaestio
3303 3633 3430 3691 erat,
3444 3637 3533 3693 qua
3555 3615 3702 3674 ratione

2196 3720 2524 3788 parentibus,
2557 3720 2683 3775 dum
2734 3720 2801 3775 ad
2837 3735 3020 3776 sacros
3065 3707 3241 3776 fontes
3278 3717 3509 3789 parvulos
3544 3711 3697 3770 sistunt,

2196 3803 2294 3867 eos
2317 3801 2560 3875 credere,
2589 3813 2827 3882 itemque
2842 3810 2907 3867 ad
2937 3811 3084 3877 alias,
3110 3827 3228 3882 quae
3256 3810 3365 3865 ﬁeri
3388 3808 3561 3870 solent,
3585 3801 3701 3855 inter-

2196 3902 2526 3972 rogationes,
2558 3903 2880 3973 respondere
2910 3903 3065 3958 liceat
3106 3904 3126 3972 (
3145 3901 3304 3968 Ibid.,
3333 3917 3384 3955 η.
3421 3900 3492 3969 7).
3531 3893 3633 3950 Ilaec
3666 3885 3699 3941 ei

2196 3994 2439 4064 quaestio,
2473 4005 2749 4065 propterea
2770 3995 2909 4066 quod
2950 4010 2980 4049 a
3013 3994 3293 4050 mendacio
3317 3991 3522 4049 multum
3557 3980 3701 4038 abbati

2195 4087 2366 4151 rebat,
2397 4086 2679 4143 videbatur
2707 4086 2956 4143 difﬁcilis.
2985 4087 3335 4158 Augustinum
3378 4085 3429 4138 in
3470 4081 3698 4135 litterarum

2197 4178 2343 4234 calce
2371 4180 2612 4250 rogabat,
2641 4190 2698 4234 ut
2733 4180 2846 4235 suis
2870 4174 3286 4236 dubitationibus
3317 4170 3636 4246 respondﬁl'e‘v
3658 4162 3701 4264 Ai.“

2196 4270 2249 4326 id
2278 4285 2388 4325 non
2419 4271 2532 4326 sola
2556 4271 2959 4327 consuetudinis
2988 4272 3322 4334 auctoritate,
3343 4266 3431 4323 sed
3448 4262 3701 4333 argumenm

2194 4378 2259 4418 ex
2287 4364 2400 4432 ipsa
2426 4364 2632 4419 ratione
2654 4363 2912 4419 adductis.
2935 4364 3036 4436 Ipsi
3059 4364 3221 4435 igitur
3241 4371 3298 4419 ut
3323 4357 3565 4417 cumulate
3585 4346 3701 4436 satis:

2194 4429 2351 4509 faciat
2374 4455 2718 4525 Augustinus,
2734 4454 2870 4510 usus
2904 4429 3253 4512 ecclesiastici
3286 4452 3554 4510 rationem.
3575 4429 3700 4511 ΨΜ

2194 4555 2309 4602 erat
2336 4549 2895 4618 necessum,exponit.
3264 4558 3267 4563 ’
3394 4538 3406 4550 ’
3477 4582 3482 4587 .
3698 4558 3701 4563 ·

2263 4639 2318 4693 4.
2357 4640 2487 4705 Quze
2522 4639 2836 4695 Stilichonis
2875 4653 3058 4695 casum
3100 4640 3153 4695 in
3184 4638 3304 4695 aula
3329 4636 3598 4692 consectum
3616 4622 3702 4675 ωηί

2194 4731 2382 4797 turbat,
2410 4730 2611 4786 eadem
2640 4731 2773 4786 alias
2802 4747 3015 4802 quoque
3044 4733 3097 4787 in
3125 4730 3364 4786 Africana
3397 4716 3701 4814 E00195“qu

2192 4822 2287 4877 bas
2312 4821 2566 4877 continuo
2587 4832 2924 4894 pepererunt.
2952 4821 3193 4891 Namque
3209 4817 3394 4891 Pagani
3413 4824 3464 4871 et
3476 4807 3701 4868 Deitatisis

2194 4911 2344 4982 leges
2364 4913 2576 4968 vivente
2600 4911 2895 4970 Stilichone
2920 4913 3052 4968 latas
3078 4928 3199 4968 cum
3224 4926 3289 4966 eo
3310 4905 3459 4963 simul
3478 4894 3702 4982 esz

2191 4976 2365 5073 palam
2389 5004 2661 5074 jactabant
2700 5002 2902 5079 (Epist.
2925 5002 3014 5071 97,
3037 5021 3090 5058 η.
3106 5002 3163 5069 2,
3189 5011 3235 5056 et
3254 4998 3413 5071 Epist.
3439 4990 3548 5055 l00,
3566 5003 3608 5039 η·
3633 4976 3698 5047 9ὶί

2194 5100 2375 5165 utpote
2401 5111 2519 5165 qua:
2540 5095 2651 5150 sola
2681 5095 2900 5165 hujusce
2921 5095 3146 5166 ministri
3175 5089 3497 5147 auctoritate,
3523 5078 3701 5166 Imperi“

2195 5192 2309 5239 tore
2355 5184 2522 5239 inscio
2563 5193 2657 5239 aut
2693 5186 2851 5239 etiam
2896 5165 3083 5250 invito,
3129 5179 3460 5255 promulgata
3501 5165 3697 5255 fuissenlf

2191 5283 2352 5345 atque
2387 5275 2521 5331 adeo
2549 5276 2660 5346 jam
2698 5276 2827 5331 nihil
2855 5276 3034 5331 valere
3058 5290 3150 5332 eas
3180 5272 3492 5329 sanctiones.
3521 5269 3618 5331 ιιιιε
3640 5243 3699 5346 νῩῘ

2192 5336 2568 5421 ειίῆωιπειίοοέ
2592 5367 2956 5436 reprimendas
2999 5366 3085 5421 vel
3112 5364 3178 5421 ad
3212 5362 3346 5419 idola
3384 5336 3697 5436 οοιιῖτίυῧὲίξδ*

2191 5458 2552 5528 pertinerent:
2575 5432 2698 5529 quin
2720 5460 2879 5513 etiam
2908 5458 3121 5530 vulgata
3142 5455 3237 5511 fuit
3256 5469 3285 5508 a
3315 5432 3692 5534 Donatistis!!!“a

2190 5525 2433 5623 quaedam
2456 5525 2673 5607 Honorii
2694 5553 2746 5607 in
2770 5567 2954 5607 eorum
2978 5525 3200 5624 gratiam
3227 5536 3529 5611 indulgenti!|

2193 5618 2313 5710 i05,
2345 5661 2397 5696 η.
2426 5644 2517 5714 6).
2554 5642 2687 5699 Vani
2711 5712 2715 5716 ι
2739 5618 3105 5713 hujuscemodi
3147 5649 3381 5695 rumores
3411 5628 3472 5684 ab

2190 5702 2511 5789 adversariis
2537 5712 2715 5805 sparsi.
2733 5702 3097 5807 dissipatique,
3131 5739 3290 5786 lotam
3322 5702 3536 5807 Africstll'

2193 5800 2643 5898 pervasertintpet
2678 5800 2917 5901 ingentes
2962 5800 3156 5898 ubique
3193 5816 3433 5879 tumultus
3460 5800 3688 5866 ederet“
