3858 6380
112 378 209 438 Ιπ

1397 362 1594 418 LIBER
1629 360 1912 422 SEXTUS.

3211 378 3315 442 $78

110 501 289 556 minus
312 492 561 549 adversus
584 487 843 546 antistites
861 484 927 541 ita
946 481 1211 540 concitare
1233 488 1535 550 coeperunt,
1567 487 1624 532 ut
1728 479 1927 548 possit,
1958 482 2275 552 praesulibus
2306 484 2493 543 iisdem
2522 488 2785 561 relinquat
2810 494 3204 563 exponendum.
3235 500 3308 555 At

109 589 177 648 illi
198 587 259 646 de
279 583 439 644 salute
465 596 561 639 sua
590 597 697 637 non
721 585 891 636 essent
922 574 1030 630 ullo
1066 573 1225 629 modo
1270 571 1463 627 securi.
1491 569 1627 624 Tum
1728 586 1857 627 vero
1888 573 2047 643 petit,
2076 575 2358 646 obsecrat,
2380 577 2580 649 ﬂagitat
2599 624 2615 648 ,
2645 590 2703 637 ut
2727 583 2837 654 ipse
2869 584 3100 655 publicis
3125 589 3313 659 quam-

110 693 248 753 porro
267 674 427 733 necati
446 680 575 729 sunt
600 686 632 727 a
654 668 866 741 Paganis
900 674 989 721 aut
1017 662 1282 720 hatreticis
1316 675 1501 717 mense
1525 659 1631 714 cir-

108 752 219 829 citer
235 765 503 840 aeptembri
532 765 762 821 Severus
781 768 832 817 et
861 758 1115 814 Macarius
1139 773 1152 809 :
1174 752 1403 810 Erodius
1431 762 1628 819 autem,

108 837 329 916 Theasius
360 870 422 911 ac
446 854 633 909 Victor
657 850 883 922 episcopi
913 846 1218 905 verberibus
1246 860 1309 900 ac
1344 844 1509 915 plagis
1535 859 1629 899 ex-
1669 837 1681 850 '

108 949 221 1021 capti
238 947 369 1004 fuere
386 945 590 1017 (Codice
600 943 855 999 Canonttm
871 940 1173 1011 Afric.,cen.
1194 936 1342 1008 106).
1365 934 1635 1006 Appendi-

109 1045 174 1098 cis
197 1041 253 1096 ad
276 1039 497 1095 codicem
533 1033 956 1091 Theodosianum
985 1029 1186 1085 decima
1223 1037 1408 1099 quarta
1438 1028 1633 1083 consti-

111 1135 225 1190 tutio
245 1133 284 1188 si
307 1139 404 1186 tota
427 1128 492 1183 ad
514 1142 598 1191 ea,
629 1141 744 1197 quae
768 1139 860 1195 per
877 1121 1110 1178 Africam
1133 1134 1199 1175 eo
1219 1129 1458 1190 tempore
1485 1126 1632 1189 gesta

113 1233 239 1288 sunt,
272 1229 474 1293 spectat;
512 1218 589 1274 ibi
620 1215 897 1272 manifesto
933 1212 1120 1269 videre
1147 1220 1229 1267 est
1264 1212 1632 1281 episcoporum

113 1317 230 1373 alios
249 1330 333 1387 per
356 1314 450 1368 vim
473 1327 539 1366 ex
560 1311 670 1366 suis
684 1308 904 1373 aedibus,
929 1307 1039 1361 imo
1063 1305 1221 1360 etiam
1239 1320 1269 1360 e
1286 1304 1496 1375 templis
1521 1302 1636 1358 abs-

112 1414 295 1472 tractos,
331 1418 390 1460 ac
418 1402 641 1458 diversis
659 1400 875 1469 insuper
916 1396 1188 1467 suppliciis
1202 1393 1417 1450 affectos
1436 1393 1630 1448 fuisse:

112 1496 222 1552 alios
242 1510 357 1551 vero
372 1495 540 1549 minus
558 1491 770 1564 quidem
790 1488 1098 1554 crudeliter,
1129 1487 1224 1542 sed
1250 1487 1418 1557 magis
1444 1497 1633 1541 contu-

112 1588 294 1643 meliose
340 1591 619 1648 tractatos;
670 1582 867 1653 quippe
915 1580 1106 1649 quibus
1144 1578 1460 1649 capillorum
1510 1592 1635 1647 pars

112 1680 281 1745 evulsa,
307 1686 358 1733 et
378 1678 532 1732 variae
551 1676 605 1730 in
630 1673 936 1730 christiana:
961 1672 1082 1728 fidei
1106 1672 1356 1742 probrum
1383 1685 1446 1727 ac
1468 1670 1633 1726 dede-

112 1786 187 1827 cus
210 1769 363 1824 illata:
396 1778 512 1824 sunt
541 1766 747 1837 injuriae
772 1783 786 1820 :
817 1773 975 1835 atque
998 1762 1132 1818 haec
1171 1763 1396 1830 scelera,
1426 1762 1633 1818 tametsi

109 1864 269 1919 mediis
293 1864 343 1918 in
363 1862 571 1919 urbibus
595 1868 896 1931 perpetrata
934 1858 1334 1929 magistratuum
1375 1858 1633 1929 cognitio-

110 1969 216 2009 nem
238 1952 402 2024 fugere
432 1967 529 2007 non
552 1957 818 2022 poterant,
854 1949 1014 2004 nullis
1049 1957 1229 2007 tamen
1269 1948 1444 2019 pinnis
1478 1963 1632 2004 coer-

112 2044 207 2097 cita
248 2042 306 2097 ab
328 2043 422 2097 illis
453 2056 579 2109 esse,
608 2054 672 2096 ac
710 2054 780 2095 ne
805 2038 1021 2110 quidem
1050 2039 1252 2109 perlata
1293 2038 1344 2093 in
1388 2038 1629 2095 notitiam

112 2132 434 2205 Imperatoris.

174 2226 223 2281 5.
246 2225 329 2280 His
352 2227 555 2296 permoti
581 2227 628 2281 in
655 2225 1064 2295 Carthaginensi
1085 2224 1289 2296 synodo
1317 2226 1572 2297 episcopi,
1601 2240 1633 2281 e

105 2333 195 2377 tuo
208 2320 403 2392 collegio
415 2320 729 2379 Florentium
751 2336 812 2375 ac
831 2319 1147 2375 Restitutum
1171 2322 1327 2376 tertio
1349 2320 1464 2376 idus
1486 2329 1636 2376 octo-

103 2408 196 2466 hris
226 2412 271 2466 in
306 2412 465 2466 aulam
501 2412 762 2469 adversus
796 2410 1102 2467 idololatras
1147 2420 1305 2481 atque
1353 2410 1634 2465 ltmreticos

107 2501 385 2561 destinartmt
437 2504 457 2577 (
474 2504 661 2577 Ibid.).
690 2505 798 2559 Nec
822 2503 1031 2560 videtur
1072 2502 1216 2558 aliud
1264 2502 1499 2558 immisse
1524 2504 1634 2557 Au-

107 2597 454 2667 gustinus,cum
496 2597 564 2652 ab
612 2597 880 2667 episcopis
938 2594 1007 2650 ad
1046 2594 1422 2664 Imperatorem
1457 2594 1634 2649 missis

109 2685 283 2743 indicati
313 2702 456 2757 posse
488 2687 655 2742 tradit
682 2687 817 2742 viam
856 2685 1084 2758 aliquam
1130 2684 1215 2739 his
1249 2685 1403 2739 malis
1448 2700 1634 2741 occur-

108 2776 241 2844 readi,
289 2787 428 2847 prout
478 2777 760 2834 communi
801 2776 1124 2847 collegarum
1160 2774 1382 2829 consilio
1408 2774 1632 2845 diligen-

107 2865 190 2922 tiu
219 2865 532 2925 deliberatum
569 2869 768 2933 fuerat,
807 2875 1058 2938 quantum
1122 2866 1376 2935 temporis
1413 2868 1635 2935 permit-

111 2958 222 3014 tebat
259 2962 474 3032 angustia
542 2959 759 3035 (Epist.
817 2958 907 3023 97,
942 2974 995 3013 n.
1018 2956 1091 3027 5)
1145 2975 1160 3012 :
1205 2956 1305 3012 sibi
1341 2971 1469 3013 vero
1504 2972 1632 3012 con-

110 3048 357 3108 tilium
373 3052 474 3107 illis
498 3053 902 3109 communicare
920 3064 1023 3105 non
1047 3050 1261 3105 licuisse
1280 3048 1330 3115 (1
1336 3051 1462 3115 bid.,
1481 3068 1531 3105 η.
1548 3049 1635 3122 2).-

110 3140 261 3209 Qnihs
280 3136 437 3199 verbis
454 3143 865 3215 Carthaginensi
888 3142 962 3197 illi
983 3141 1205 3213 synodo,
1235 3157 1392 3213 quam
1418 3142 1630 3212 provin-

110 3229 253 3289 cialem
278 3241 461 3290 tantum
497 3234 671 3290 fuisse
699 3233 830 3288 satis
852 3232 1136 3289 verisimile
1170 3240 1253 3287 est
1274 3271 1289 3298 ,
1321 3231 1492 3302 ipsum
1522 3247 1628 3297 non

110 3319 346 3381 Misce
371 3326 691 3382 declaratur.
713 3324 883 3380 Simul
905 3324 1065 3381 etiam
1085 3324 1317 3378 alllrmat
1336 3322 1472 3378 bene
1491 3324 1630 3378 mul-

108 3414 407 3473 losaatistites
430 3417 634 3488 ingenti
660 3417 753 3471 illo
779 3415 1031 3471 Ecclesia:
1057 3414 1282 3469 tumultu
1307 3429 1369 3469 ac
1394 3414 1635 3484 trepida-

106 3502 240 3571 tione,
265 3517 315 3563 ut
333 3510 379 3563 in
406 3511 576 3566 aulam
610 3507 1024 3574 contenderent,
1051 3522 1113 3563 ac
1136 3506 1517 3577 propemodum
1547 3504 1634 3560 fu-.

111 3608 287 3666 gerent,
317 3612 496 3659 coaetos
536 3604 556 3673 (
570 3601 758 3672 Ibid.)
788 3618 802 3653 :
831 3616 949 3655 cum
1000 3600 1055 3655 bi
1094 3600 1278 3670 procul
1313 3598 1502 3662 dubio,
1537 3598 1626 3668 qui

108 3688 374 3746 vexabantur
392 3693 648 3758 atrocius,
672 3706 795 3747 sese
814 3691 1002 3761 legatis
1022 3690 1211 3762 synodi
1239 3689 1624 3759 adjunxissent.

106 3773 138 3829 li
152 3776 287 3834 Beata
304 3784 506 3839 transire
525 3783 944 3840 constituerant.
966 3782 1166 3837 Horum
1187 3782 1398 3852 quidem
1425 3783 1627 3836 incom-

104 3870 326 3929 modorum
349 3875 397 3930 in
422 3877 653 3947 epistola
673 3917 688 3943 ,
717 3890 877 3945 quam
906 3874 971 3930 ad
996 3874 1296 3945 Olympium
1317 3873 1384 3929 de
1413 3874 1625 3929 Bonifa-

105 3958 169 4012 tio
188 3963 434 4034 scripserat
459 3966 798 4039 Augustinus
816 4007 832 4033 ,
859 3965 1002 4021 nulla
1033 3965 1199 4020 fuerat
1226 3965 1357 4020 facta
1388 3964 1624 4029 mentio;

106 4052 282 4112 modum
301 4060 429 4115 enim
453 4060 545 4116 illa
570 4042 868 4129 cdntigisse
896 4057 1153 4113 audierat.
1185 4056 1292 4113 Sed
1322 4074 1442 4114 cum
1474 4067 1625 4128 post-

108 4155 158 4196 ea
175 4144 338 4204 litteras
359 4149 584 4223 Olympii
629 4150 950 4219 accepisset,
979 4164 1098 4202 eum
1130 4149 1271 4203 ultro
1297 4149 1625 4217 compellan-

109 4231 251 4299 tis,‘tl
270 4236 326 4295 de
349 4241 502 4297 rebus
538 4241 806 4305 Ecclesia:
852 4238 1132 4294 commodo
1160 4238 1492 4304 necessariis,
1521 4254 1627 4308 quo

106 4330 385 4389 immundis
409 4332 524 4388 illis
554 4346 783 4403 operam
814 4344 1010 4385 navare
1049 4345 1198 4385 suam
1227 4337 1437 4399 posset,
1465 4328 1533 4383 ab
1561 4344 1627 4385 eo

101 4414 255 4474 αισα
271 4420 401 4479 ﬁeret
414 4422 576 4497 (Ibid.
589 4465 606 4487 ,
630 4440 687 4478 η.
707 4424 761 4493 i)
784 4441 797 4477 :
821 4429 1169 4493 opportunam
1193 4420 1403 4477 tandem
1421 4420 1629 4491 episco-

102 4506 664 4583 l'Se'eroprocurante
694 4514 1029 4569 occasionem
1052 4521 1238 4568 nactus
1259 4510 1443 4583 (Ibid.,
1467 4514 1622 4579 n93),

576 4604 882 4677 presbyteri
900 4646 914 4671 ,
946 4605 1037 4674 qui
1061 4612 1281 4673 urgente
1307 4604 1625 4659 necessitate

105 4694 185 4750 Ρη
211 4689 348 4750 his
382 4696 514 4751 civis
554 4695 640 4750 sui
664 4694 730 4750 ad
761 4694 879 4750 illas
908 4704 1085 4764 partes
1114 4694 1376 4763 proﬁcisci
1401 4734 1416 4759 ,
1454 4709 1623 4763 quan:

100 4785 389 4855 tim-mia
418 4787 625 4855 hieme,
655 4787 1094 4862 compellebatur,
1117 4803 1182 4842 eo
1203 4801 1329 4842 usus
1349 4793 1435 4842 est
1458 4787 1627 4842 tabel-

98 4863 215 4939 Μία.
232 4878 567 4948 “epistolam
594 4879 816 4935 alteram
836 4878 1083 4950 Olympio
1110 4879 1363 4941 mitteret,
1395 4892 1496 4948 qua
1522 4876 1621 4943 illi,

99 4969 221 5027 Μ
252 4971 600 5025 uenenarium
647 4978 791 5026 esset
829 4968 1082 5024 Ecclesiae
1132 4967 1392 5023 Africanae
1437 4967 1620 5039 prtesi-

96 5046 560 5128 h-qmdeidem
587 5059 656 5116 ab
684 5062 801 5130 ipso
827 5068 1017 5138 sponte
1037 5058 1275 5115 oblatum
1301 5058 1493 5124 fuerat,
1525 5073 1621 5126 ex:

97 5144 297 5209 Hie
321 5150 412 5209 illo
451 5161 715 5225 quantum
755 5151 962 5209 ﬁduciae
997 5159 1310 5223 reponeret,
1341 5167 1401 5206 ea
1436 5167 1495 5207 re
1522 5150 1620 5206 de-

99 5244 339 5307 unum,
363 5243 507 5315 quod
548 5259 655 5317 non
696 5243 903 5300 dubitet
941 5243 1099 5299 simul
1138 5244 1619 5310 commonitorium,

98 5326 303 5413 ιιιριιι
315 5333 580 5404 nendum
602 5342 853 5391 censeret
869 5335 1187 5405 explicabat,
1211 5333 1274 5388 ad
1296 5350 1418 5389 eum
1450 5333 1622 5404 perle-

96 5411 279 5477 ΐ*
298 5419 447 5489 dare,
476 5424 620 5494 quod
659 5425 953 5495 episcOpis,
987 5434 1327 5495 posteaquam
1368 5427 1421 5480 in
1445 5429 1622 5484 aulam

96 5511 409 5589 Mt,
458 5513 650 5570 reddat
677 5514 697 5586 (
724 5515 884 5584 Ibid.,
911 5534 966 5572 ιι.
998 5518 1033 5573 4
1067 5517 1107 5589 ).
1148 5518 1359 5573 Etenim
1407 5520 1624 5589 putabat

98 5584 283 5681 ειμι
297 5600 373 5658 illi
390 5618 423 5659 ι
450 5584 781 5678 presbytero,
811 5584 1111 5679 quanquam
1140 5610 1314 5664 itineri
1340 5584 1543 5680 priores
1563 5627 1622 5681 se

394 5674 857 5765 praverterenmr.
901 5674 991 5756 Sic
1042 5710 1219 5759 tamen
1263 5674 1484 5757 consilia
1527 5676 1620 5759 sua

316 5790 386 5857 ,σῃ
408 5784 602 5856 quibus
626 5786 726 5875 riis
762 5789 1011 5849 Ecclesia:
1051 5792 1255 5849 consuli
1290 5795 1621 5852 commodius

1732 666 1959 736 primum
1987 667 2319 726 documentis
2349 671 2605 741 declaret,
2638 673 2804 745 leges,
2835 692 2953 747 quae
2974 677 3026 733 in
3053 678 3308 750 Paganos,

1732 757 2115 832 bzcreticosque
2150 765 2437 833 propositas
2481 765 2721 835 fuerant,
2760 769 2828 824 ab
2859 768 3179 841 Imperatore
3218 790 3312 831 vo-

1732 849 1874 907 lente
1909 867 1972 906 ac
2015 852 2215 909 sciente
2256 854 2416 910 luisse
2457 855 2763 927 profectas,
2794 874 2894 915 nec
2937 862 3152 931 proinde
3197 864 3313 920 illas

1732 939 2034 997 Stilichonis
2068 954 2239 999 morte
2275 945 2510 1014 potuisse
2552 947 2831 1018 abrogari;
2876 963 3052 1020 operte
3080 954 3309 1022 pretium

1734 1047 1872 1100 esse,
1896 1043 1952 1089 ut
1976 1035 2091 1091 sine
2110 1036 2215 1091 ulla
2240 1040 2714 1108 procrastinatione
2735 1042 2787 1098 id
2819 1042 2929 1109 ﬁat,
2948 1060 3048 1100 nec
3074 1046 3302 1106 adventu

1733 1124 1945 1196 quidem
1968 1128 2334 1198 episcoporum
2350 1130 2402 1184 in
2422 1131 2594 1186 aulam
2615 1142 2920 1204 eXSpectalo
2938 1134 3123 1211 (Ibid.,
3141 1154 3195 1193 η.
3218 1140 3313 1207 3):

1735 1225 2011 1287 propterea
2037 1218 2178 1289 quod
2205 1236 2265 1275 ea
2288 1222 2517 1292 procella
2542 1222 2595 1279 in
2615 1224 2798 1281 salutis
2822 1228 3114 1297 periculum
3141 1230 3315 1287 addu-

1734 1318 1984 1365 cerentur
2032 1311 2226 1367 inﬁrmi
2271 1315 2607 1385 complures,
2650 1318 2840 1388 quibus
2877 1334 2973 1391 per
3009 1322 3151 1378 vires
3191 1323 3315 1379 fidei

1737 1399 1967 1455 nondum
1986 1401 2180 1457 licebat
2200 1419 2358 1474 supra
2381 1405 2609 1461 humana
2626 1420 2748 1463 sese
2766 1410 3026 1468 attollere.
3046 1410 3165 1482 Ipse
3187 1428 3316 1470 vero

1735 1505 1836 1561 qua
1866 1493 2073 1549 ratione
2094 1492 2423 1552 difﬁcillimis
2450 1497 2596 1553 hisce
2623 1501 2949 1570 temporibus
2969 1503 3148 1558 animo
3170 1519 3317 1559 com-

1735 1592 1949 1653 paratus
1973 1583 2149 1653 fuerit,
2176 1588 2404 1657 explicat
2431 1590 2484 1644 in
2508 1590 2650 1646 hunc
2675 1592 2925 1648 modum:
2953 1595 3174 1650 Multum
3193 1614 3317 1652 sane

1736 1674 1799 1727 de
1835 1678 2167 1743 quorumdam
2191 1721 2206 1745 ,
2250 1697 2409 1750 neque
2453 1698 2732 1751 paucorum
2755 1684 2858 1752 ﬁde
2890 1686 3041 1754 firma
3068 1696 3116 1741 et
3148 1689 3314 1743 stabili

1734 1764 2069 1835 gratulamur,
2093 1770 2180 1838 qui
2204 1786 2266 1824 ex
2290 1771 2552 1826 occasione
2571 1773 2739 1845 legum
2758 1773 2983 1846 ipsarum
3007 1777 3076 1829 ad
3090 1777 3315 1833 christia-

1734 1874 1852 1912 nam
1875 1860 2165 1931 religionem
2185 1863 2261 1916 vel
2284 1863 2585 1918 catholicam
2610 1881 2783 1935 pacem
2802 1868 3025 1921 conuersi
3048 1878 3162 1923 sunt
3181 1886 3201 1934 ;
3217 1886 3309 1941 pro

1732 1964 1944 2019 quorum
1986 1952 2148 2006 salute
2184 1953 2484 2022 sempiterna
2530 1971 2623 2010 nos
2664 1958 2719 2010 in
2743 1957 2839 2019 hac
2871 1960 3135 2030 temporali
3161 1962 3312 2016 etiam

1734 2039 2009 2112 periclitari
2033 2042 2262 2096 delectat.
2298 2041 2576 2116 Propterea
2606 2046 2739 2100 enim
2771 2049 2989 2103 maxime
3008 2050 3071 2104 ab
3099 2050 3313 2105 homini-

1626 2160 1633 2169 ο
1735 2131 1824 2185 bus
1847 2132 2057 2185 nimium
2079 2131 2298 2204 dareque
2324 2136 2565 2204 perversis
2590 2178 2605 2202 ,
2637 2153 2769 2191 nunc
2793 2139 3167 2195 inimicitiarum
3191 2159 3312 2214 gra-

1732 2222 1895 2277 uiores
1918 2223 2128 2292 impetus
2154 2225 2453 2279 sustinemus
2479 2224 2665 2299 (Ibid.,
2695 2244 2747 2281 n.
2769 2229 2804 2283 4
2824 2229 2863 2299 ).
2891 2230 3141 2296 Quamvis
3168 2247 3315 2288 asse-

1734 2324 1817 2369 rat
1849 2315 2171 2385 Augustinns
2218 2316 2498 2386 epistolam
2543 2318 2683 2373 illam
2728 2335 2879 2375 suam
2921 2321 3092 2377 media
3138 2323 3313 2381 hieme

1734 2414 2002 2459 exaratam
2034 2403 2232 2475 (Ibid.,
2275 2423 2328 2460 η.
2354 2406 2463 2479 2);
2508 2423 2614 2463 non
2642 2409 2833 2466 desunt
2859 2419 3035 2468 tamen
3071 2413 3159 2483 qui
3196 2415 3311 2485 ejus

1734 2510 1893 2552 causa
1915 2496 2138 2567 (procul
2165 2497 2328 2553 dubio
2356 2508 2551 2568 quanta
2581 2500 2731 2556 licuit
2760 2501 3027 2573 diligentia
3058 2504 3310 2578 perlatae)

1734 2587 1927 2644 factum
1956 2602 2228 2655 censeant,
2262 2592 2519 2662 utlegem‘
2542 2592 2645 2648 hoc
2684 2594 2799 2663 ipso
2835 2608 2976 2649 anno
3000 2606 3193 2651 octavo
3214 2595 3313 2651 ka-

1733 2678 1917 2733 lendas
1944 2679 2256 2735 decembres
2298 2682 2474 2736 datam
2498 2725 2513 2748 ,
2558 2698 2620 2738 ac
2652 2684 2854 2739 Donato
2884 2684 2935 2740 id
2972 2676 3230 2756 temporis
3260 2687 3314 2743 in

1733 2768 1909 2826 Africa
1932 2774 2301 2842 proconsulem
2329 2775 2505 2845 agenti
2535 2775 2842 2846 inscriptam
2870 2776 3073 2847 (Codice
3092 2777 3312 2844 Theod.,

1733 2863 1795 2918 de
1819 2863 2099 2931 ereticis,
2130 2865 2237 2936 lege
2256 2866 2381 2933 44).
2410 2868 2602 2922 sanciri
2631 2879 2845 2925 curaret
2875 2868 3151 2942 Olympius
3174 2889 3186 2924 :
3210 2886 3313 2941 qua

1732 2956 1943 3025 quidem
1974 2956 2088 3025 lege
2114 2965 2366 3012 statutum
2394 2958 2720 3029 intelligitur,
2754 2969 2812 3015 ut
2831 2960 2875 3015 si
2896 2960 3015 3030 quis
3038 2961 3090 3015 in
3112 2962 3316 3033 religio-

1732 3062 1853 3102 nem
1883 3048 2077 3119 aliquid
2105 3057 2406 3113 attentaret,
2437 3061 2835 3106 sacramentave
2861 3051 3184 3122 profanam,
3215 3068 3315 3117 ex-_

1731 3142 1928 3210 pressis
1968 3142 2274 3197 nominatim
2306 3143 2593 3200 Donatistis
2616 3186 2630 3208 ,
2663 3145 2713 3199 in
2740 3160 2861 3200 eum
2899 3162 2963 3201 ex
2997 3146 3167 3216 legum
3192 3146 3314 3217 jure

1730 3232 2257 3289 animadverteretur.
2300 3234 2514 3291 Decimo
2551 3247 2737 3292 octavo
2780 3236 3033 3292 kalendas
3072 3238 3314 3307 ejusdem

1730 3323 1930 3379 mensis
1954 3323 2063 3393 jam
2100 3323 2272 3380 fuerat
2314 3326 2382 3380 ab
2416 3325 2648 3380 Honorio
2685 3328 3046 3398 prohibitum,
3087 3345 3156 3383 ne
3194 3330 3315 3400 quis

1729 3413 1830 3485 ipsi
1871 3414 1990 3469 fidei
2034 3417 2408 3487 religionisque
2438 3417 2650 3473 vinculo
2688 3434 2793 3473 non
2833 3420 3147 3490 conjunctus
3170 3460 3184 3484 ,
3214 3420 3315 3477 hoc

1730 3513 1832 3569 est,
1858 3521 1922 3560 ex
1950 3506 2269 3562 adversariis
2290 3508 2527 3563 veritatis
2553 3509 2826 3564 catholica:
2845 3552 2859 3574 ,
2889 3510 2992 3564 ulla
3017 3509 3315 3580 imperialis

1730 3597 1866 3651 aula:
1898 3614 2112 3652 munera
2141 3606 2440 3667 capesseret
2472 3597 2654 3672 (Ibid.,
2687 3599 2794 3670 lege
2817 3598 2937 3670 42).
2962 3599 3095 3654 Hinc
3121 3600 3310 3655 Ethni-

1730 3686 1808 3740 cis
1847 3702 1911 3738 co
1956 3695 2196 3756 tempore
2236 3687 2598 3757 hujuscemodi
2641 3689 2929 3746 honoribus
2972 3690 3311 3747 interdictum

1729 3776 1892 3832 fuisse
1949 3786 2171 3833 testatur
2215 3778 2455 3834 Zosimus
2491 3779 2792 3851 (Zosimus,
2839 3781 3077 3837 Historia:
3104 3782 3189 3835 lib.
3223 3781 3310 3853 5).

1730 3871 1810 3925 Ad
1828 3870 1943 3926 haec
1965 3871 2229 3927 Honorius
2247 3873 2529 3928 Theodoro
2551 3874 2783 3943 praetorii
2811 3874 3061 3944 praefecto
3082 3874 3313 3930 edictum

1730 3966 1912 4034 quinto
1937 3963 2192 4020 kalendas
2211 3965 2449 4035 ejusdem
2471 3965 2667 4020 mensis
2686 3966 2849 4030 dedit,
2875 3981 2981 4036 quo
3001 3965 3315 4022 defensores

1730 4057 2014 4127 caeterique
2056 4059 2398 4126 magistratus
2435 4058 2710 4112 universos
2752 4073 2784 4112 a
2829 4058 3201 4113 communione
3227 4072 3314 4112 cas

1731 4149 2053 4203 tholicorum
2079 4150 2372 4203 antistitum
2402 4150 2603 4204 alienos
2644 4164 2672 4203 a
2703 4149 2887 4220 quavis
2915 4149 3172 4203 concione
3202 4150 3315 4205 sive

1731 4241 1783 4295 in
1832 4240 2047 4296 urbibus
2103 4257 2194 4296 seu
2224 4241 2333 4295 ruri
2376 4240 2612 4296 habenda
2659 4240 3036 4311 prohiberent,
3068 4242 3314 4298 universa

1730 4329 1881 4396 loca,
1912 4330 1963 4384 in
1991 4331 2181 4400 quibus
2212 4330 2507 4386 istiusmodi
2547 4331 2714 4386 illiciti
2741 4341 2911 4388 coetus
2945 4331 3196 4386 celebrati
3224 4346 3311 4386 es—

1731 4432 1870 4487 sent,
1905 4422 2031 4475 fisco
2060 4422 2407 4488 addicerent;
2439 4432 2596 4492 atque
2619 4422 2755 4478 adeo
2780 4423 2900 4477 illos
2927 4422 3313 4492 proscriberent

1730 4522 2083 4581 cogeremque
2120 4512 2186 4566 ad
2220 4515 2389 4567 solum
2428 4512 2767 4579 vertendum,
2798 4513 2887 4582 qni
2921 4512 3216 4567 doctrinam
3245 4513 3315 4570 ab

1730 4620 1812 4668 ea,
1852 4620 2007 4672 quam
2037 4605 2287 4659 divinitus
2326 4606 2661 4673 accepimus,
2700 4604 3104 4661 condenmalam
3140 4604 3315 4662 trade-

1731 4706 1847 4750 rent
1876 4695 2078 4765 (Codice
2101 4694 2316 4762 Tlieod.,
2340 4696 2403 4748 de
2420 4694 2700 4761 IIwreticis,
2728 4697 2835 4767 lege
2851 4698 2962 4768 45).
2989 4698 3100 4753 Hoc
3125 4698 3313 4756 eodem

1730 4785 1816 4839 die
1836 4827 1849 4848 ,
1882 4785 1926 4839 si
1950 4784 2275 4840 credendum
2301 4785 2687 4841 Sirmundiana:
2716 4787 3004 4857 Appendici
3036 4787 3311 4861 (Append.

1729 4875 1852 4930 Cod.
1878 4866 2096 4941 Theod,
2117 4893 2229 4946 cap.
2260 4876 2328 4948 9)
2347 4893 2362 4941 ;
2380 4877 2459 4931 vel
2491 4876 2730 4932 kalendis
2749 4878 3072 4941 decembris,
3090 4881 3133 4934 si
3157 4877 3312 4935 Codi-

1728 4967 1805 5021 cis
1842 4967 2056 5021 editioni
2078 4968 2323 5022 stolidum
2360 4966 2563 5040 (Codice
2586 4968 2801 5035 Tlteod.,
2823 4968 2885 5023 de
2904 4968 3190 5042 Episwpis,
3210 4973 3313 5043 lege

1729 5060 1818 5138 {59)
1837 5101 1853 5125 ,
1883 5059 2148 5115 Honorius
2176 5060 2512 5115 demandarit
2540 5061 2711 5115 cidem
2743 5061 3023 5117 Theodoro
3042 5065 3301 5119 constitu-
3350 5127 3356 5143 1

1730 5153 1927 5207 tionem
1950 5153 2142 5219 aliam,
2178 5169 2278 5223 qua
2322 5152 2654 5223 disciplinam
2696 5144 3107 5210 ecclesiasticam
3144 5158 3313 5210 sancit

1728 5258 1792 5298 ac
1819 5245 2015 5311 ﬁrmat,
2035 5245 2311 5309 cdicendo,
2348 5254 2405 5299 ut
2432 5243 2523 5315 qui
2548 5245 2616 5299 ab
2639 5246 2901 5316 episcopis
2921 5246 3169 5302 clericatu
3201 5246 3308 5301 lue.

1730 5337 1836 5411 rint
1859 5337 2110 5401 abdicati,
2144 5337 2226 5391 vel
2247 5352 2367 5391 eum
2391 5344 2575 5406 suapte
2603 5345 2792 5407 sponte
2818 5336 3171 5403 deseruerint,
3198 5337 3313 5405 ejus

1730 5430 1890 5484 etiam
1924 5429 2210 5500 privilegiis
2234 5428 2503 5492 caderent,
2537 5428 2730 5482 muniis
2759 5427 3111 5496 oneribnsque
3141 5425 3314 5494 publi-

1730 5523 1807 5577 cis
1836 5524 2086 5576 laicormn
2116 5523 2279 5577 instar
2305 5520 2623 5591 mancipati;
2651 5519 2744 5573 sed
2771 5518 2874 5573 illis
2897 5518 3112 5572 omnino
3136 5512 3313 5569 aditus

1728 5612 1794 5667 ad
1837 5613 2118 5682 dignitates
2162 5613 2413 5667 militares
2456 5609 2913 5666 intercluderetur.
2955 5605 3136 5672 Neque
3163 5601 3309 5658 enim

1730 5704 2030 5758 hominibus
2076 5702 2259 5759 fideles
2306 5712 2557 5773 prmstare
2588 5716 2644 5755 se
2688 5698 2795 5753 ullo
2825 5695 2981 5751 modo
3009 5706 3186 5767 posse,
3217 5693 3308 5774 qui

1735 5795 1895 5851 fidem
1921 5796 2029 5851 Deo
2059 5795 2353 5866 fregissent.
