3858 6400
117 443 200 502 tu
1400 416 1603 489 nam
1636 414 1924 491 mres.

117 554 309 619 ιιι-ιη
339 551 402 604 a
428 546 738 614 natura,
776 547 884 618 tege
913 543 1020 616 δι).
1046 543 1166 612 Quo
1195 547 1354 614 pacta
1383 543 1542 615 igitur
1575 533 1647 601 nn

116 663 242 714 tam,
259 649 376 703 dum
395 641 548 714 capia
575 642 696 707 est,
723 639 879 709 legati
905 635 1063 694 fuisse
1090 636 1298 693 dicendi
1329 637 1493 692 sunt?
1516 637 1646 693 Nam

116 746 234 821 quod
254 742 318 798 sti
340 747 538 796 aulum
562 735 1130 810 quadringentesimum
1155 742 1372 798 nouum,
1396 745 1505 804 quo
1521 733 1648 788 item

111 845 234 894 anno
254 834 432 894 Urbem
460 833 714 888 Nam
738 829 902 900 copiis
931 826 1125 892 cinxit,
1162 825 1408 882 Afrorum
1445 827 1651 881 antisti-

119 943 215 988 unu
255 929 306 984 in
342 926 476 982 italia
503 965 522 988 ,
561 918 707 994 quod
751 921 960 993 quidem
1005 919 1228 990 legendo
1273 919 1644 987 didicerimus,

114 1026 268 1081 ηιιυ
289 1021 396 1076 fuit.
428 1015 666 1073 Italicam
699 1017 871 1079 illam,
901 1026 1058 1085 omni
1085 1015 1404 1084 Augustinus
1430 1011 1646 1085 religio-

114 1119 346 1173 si~timant
369 1123 426 1167 ut:
449 1112 648 1167 merito
681 1109 996 1164 laudabilem
1021 1108 1113 1164 Dei
1142 1108 1388 1163 famulam
1420 1109 1650 1179 appellat

116 1205 402 1281 (Epirum,
422 1215 525 1257 non
557 1202 656 1255 abs
686 1213 746 1255 re
768 1199 1007 1255 eamdem
1037 1213 1155 1254 esse
1183 1207 1425 1269 putamus
1449 1239 1462 1266 ,
1491 1214 1646 1268 quam

117 1297 156 1356 C
176 1303 492 1370 .rysesttnnus,
523 1294 906 1348 malerotorutn
936 1293 1229 1361 exagitatos
1257 1291 1486 1360 nequitia
1508 1333 1522 1355 ,
1557 1305 1650 1360 per

113 1391 290 1446 litteras
307 1389 366 1442 ad
394 1401 608 1458 operam
635 1397 788 1439 suam
815 1383 1196 1454 emuniendis
1231 1383 1514 1438 Orientalis
1549 1383 1649 1439 Ec-

113 1482 264 1536 clesiae
291 1479 512 1534 discidiis
536 1476 898 1548 praestandam
927 1475 1304 1529 adhortabatur
1327 1473 1645 1546 (Clu-psmn,

115 1574 252 1644 Epist.
289 1569 403 1641 70).
443 1573 570 1627 Eam
619 1571 807 1625 Ruina!
847 1579 970 1624 tunc
1007 1568 1274 1623 exstitisse
1311 1567 1520 1621 disertis
1561 1568 1649 1622 ille

116 1668 262 1724 teritis
281 1666 480 1729 indicat,
506 1664 601 1720 sed
622 1671 884 1735 praeterea
903 1659 1035 1718 nihil
1055 1661 1220 1718 addit.
1247 1663 1408 1716 Erunt
1427 1661 1473 1718 ei
1495 1670 1649 1718 mtate

115 1759 314 1814 nondum
356 1755 526 1812 ldulta
568 1757 740 1820 liberi,
783 1767 934 1826 quos,
981 1755 1244 1824 prmterita
1284 1754 1454 1808 mariti
1496 1767 1648 1809 men-

117 1853 254 1917 tione,
281 1852 329 1903 in
354 1857 601 1917 responso
618 1843 687 1902 ad
709 1859 828 1902 eam
850 1857 989 1901 nunc
1010 1847 1176 1903 misso
1193 1848 1383 1901 salutat
1405 1847 1651 1917 Augusti-

113 1937 388 2012 nus(Epist.
410 1941 492 2000 99.-
523 1955 576 1995 π.
607 1942 687 2011 ὅ).
710 1941 774 1994 Et
806 1941 949 2001 hine,
973 1940 1082 2011 jam
1105 1949 1229 1996 ante
1251 1941 1551 2010 ademptum
1576 1940 1650 1994 illi

117 2031 266 2089 fuisse
299 2028 581 2104 coniugem,
620 2026 822 2102 liquido
855 2038 1096 2098 antistat;
1133 2033 1481 2102 eamdemque
1515 2032 1651 2088 hanc

118 2137 264 2189 esse,
295 2139 441 2196 quam
465 2124 528 2179 de
557 2123 792 2194 conjugis
824 2124 970 2179 obitu
1007 2125 1056 2179 in
1092 2125 1310 2180 exordio
1342 2125 1556 2179 alterius
1584 2124 1651 2178 ad

114 2217 332 2273 ttulit-am
358 2215 580 2286 epistolae
605 2215 906 2274 ωιιευιιιιιιτ
928 2216 1115 2288 (Epist.
1139 2214 1228 2282 ιη,
1253 2227 1304 2270 n.
1330 2216 1403 2287 1),
1431 2216 1514 2270 ubi
1537 2216 1652 2286 ejus

113 2316 312 2378 quoque
328 2307 495 2362 liberis
510 2300 722 2364 salutent
739 2307 918 2363 verbis
933 2309 1044 2363 suis
1061 2307 1287 2362 nuntiari
1302 2305 1451 2378 jubet
1467 2307 1648 2378 (Ibid.,

110 2411 157 2452 tt.
181 2401 261 2468 θ).
291 2399 344 2454 in
369 2400 464 2457 hac
488 2409 645 2473 porro
672 2406 815 2457 totus
843 2400 1007 2456 ferme
1035 2409 1116 2457 cst
1144 2401 1194 2456 in
1223 2402 1522 2456 rel'ellcndis
1551 2401 1615 2456 iis
1634 2444 1648 2468 ,

113 2491 186 2560 qui
219 2490 371 2544 Detnu
400 2493 564 2549 videri
601 2491 772 2548 oculis
807 2493 1077 2562 carpet-eia
1112 2503 1265 2562 posse
1297 2491 1650 2548 affirmabant.

111 2585 303 2656 auinam
338 2588 420 2644 isti
458 2595 662 2653 essmt,
702 2585 945 2643 consulto
982 2595 1087 2641 non
1126 2584 1359 2640 indicat:
1395 2597 1512 2640 nam
1543 2595 1656 2640 erat

113 2685 227 2739 inter
259 2689 344 2739 eos
371 2681 658 2739 Africanus
686 2681 899 2752 quidam
930 2680 1208 2750 episeopus
1228 2721 1243 2746 ,
1276 2679 1423 2751 cujus
1455 2679 1654 2734 nomini

113 2773 389 2848 ptmutdutn
433 2773 765 2830 existimarit
806 2769 1005 2845 (Epist.
1051 2769 1170 2838 148,
1216 2787 1300 2827 nn.
1352 2773 1404 2840 1,
1446 2771 1515 2846 tl)
1549 2792 1560 2826 :
1594 2789 1654 2829 ac

116 2875 265 2921 eorum
305 2861 466 2938 aliqui
511 2875 636 2921 cum
677 2875 831 2920 antea
873 2869 1073 2919 tantum
1115 2863 1399 2931 dixissent,
1446 2863 1656 2922 Christo

115 2959 362 3029 pratulum
408 2967 475 3015 ut
517 2959 760 3031 corporis
805 2955 992 3013 intuitu
1037 2953 1265 3013 divinant
1310 2957 1656 3014 substantiam

117 3051 432 3122 meapiccret,
463 3065 532 3108 eo
562 3049 778 3105 detnum
819 3049 1080 3121 progressi
1117 3047 1356 3116 fuerant,
1391 3059 1444 3106 ut
1472 3066 1656 3109 omnes

117 3147 212 3211 pett
251 3140 699 3198 resurrectionem
748 3149 960 3197 sanctos
1010 3139 1194 3196 eodem
1245 3141 1402 3195 modo
1452 3139 1657 3200 visuros

118 3231 252 3293 Deum
276 3241 597 3302 assererem,
628 3235 735 3291 imo
767 3235 919 3292 istam
945 3236 1100 3291 etiam
1134 3233 1306 3306 impiis
1332 3237 1541 3290 videndi
1567 3237 1658 3294 Dei

115 3329 478 3400 Mbilitatem
514 3331 779 3386 donarent
814 3327 1015 3404 (Epist.
1045 3329 1114 3385 ε)εέ
1134 3373 1148 3397 ,
1183 3347 1233 3384 n.
1263 3329 1347 3402 4).
1379 3329 1484 3385 llos
1514 3332 1660 3389 duris

114 3419 352 3479 admodum
370 3435 532 3496 atque
556 3422 866 3494 asperrimis
887 3419 1059 3476 verbis
1083 3423 1322 3492 eaStigat,
1341 3423 1538 3476 veritus
1558 3422 1662 3479 sci-

115 3507 220 3570 licet
250 3527 311 3572 ne
344 3511 565 3573 subinde
609 3516 748 3570 Deus
788 3514 898 3583 ipse
931 3526 1220 3584 corporeus
1255 3521 1307 3568 et
1344 3529 1437 3584 per
1475 3514 1661 3568 localia

117 3603 266 3674 Spatia
291 3599 547 3662 divisibilis
573 3605 882 3661 crederetur
904 3599 1088 3677 (Ibid,
1112 3617 1163 3658 n.
1189 3604 1241 3670 3,
1269 3615 1312 3658 et
1341 3603 1502 3676 Epist.
1538 3606 1658 3674 MS,

117 3705 164 3750 η.
188 3695 252 3766 1).
275 3695 421 3770 Rogat
442 3693 677 3753 [uilicum
702 3705 758 3751 ut
778 3695 876 3763 eis,
903 3696 1160 3768 siquidem
1189 3695 1332 3766 ipsos
1354 3697 1491 3766 apud
1521 3697 1662 3752 illam

111 3785 168 3844 de
204 3791 302 3844 suis
339 3789 702 3846 deliramentis
748 3787 1010 3844 disserere
1050 3788 1343 3860 contingat,
1387 3789 1662 3860 cpiStolam

114 3873 227 3936 lianc
250 3893 384 3937 suam
414 3882 557 3952 legat
583 3923 596 3945 ,
630 3879 837 3950 sibique
867 3880 930 3933 ad
961 3896 1074 3934 eam
1105 3879 1229 3951 quid
1260 3881 1662 3953 responderint,

113 3967 331 4028 rescrth
355 3969 550 4045 (Epist.
579 3969 670 4040 92,
704 3989 756 4025 ιι.
787 3969 864 4046 6).
897 3965 952 4026 lu
983 3969 1083 4025 alia
1109 3972 1401 4043 posteriore
1429 3973 1492 4029 ad
1523 3991 1667 4030 eam-

114 4059 212 4124 dem
234 4069 465 4141 epistola,
497 4073 754 4142 quantum
785 4061 1025 4122 dolorem
1055 4079 1118 4124 ex
1141 4061 1296 4122 Urbis
1321 4065 1666 4121 incommodis

116 4157 277 4234 capiat,
295 4159 531 4227 ostendit
554 4157 748 4236 (Epist.
777 4157 866 4227 99,
892 4177 944 4214 η.
970 4159 1045 4231 1).
1071 4157 1306 4230 itemque
1336 4155 1667 4214 animadver-

122 4247 176 4306 tit
200 4249 366 4314 lialica
404 4255 646 4324 liberos,
687 4270 752 4310 ex
790 4247 858 4310 iis
893 4267 1008 4324 qua:
1045 4251 1390 4322 contingunt,
1418 4251 1527 4321 jam
1559 4262 1669 4307 tum

121 4351 260 4418 poste
287 4341 336 4406 in
369 4347 592 4408 aetatula
637 4345 772 4403 adeo
822 4353 1007 4402 tenera
1049 4341 1362 4414 intelligere,
1402 4358 1560 4415 quam
1603 4343 1671 4400 sit

119 4452 250 4496 amor
271 4437 414 4514 huius
455 4435 644 4499 saaculi
681 4434 1011 4512 periculosus
1048 4444 1102 4494 et
1135 4437 1342 4492 noxius.
1376 4435 1537 4510 Atque
1573 4436 1671 4491 uti-

116 4548 246 4604 Ill,
265 4525 426 4610 inquit
447 4579 466 4603 ,
498 4545 614 4591 cum
641 4551 826 4608 magna
854 4542 898 4588 et
927 4532 1057 4587 dura
1091 4529 1416 4603 quatiuntur,
1445 4547 1599 4600 parva
1626 4539 1672 4588 et

127 4617 333 4692 ﬁnibilia
353 4623 679 4702 corrigantur
704 4624 887 4702 (tbid.,
911 4644 964 4680 η.
997 4621 1074 4696 3).

729 4711 954 4780 CAPUT
993 4711 1104 4773 Vll.

124 4809 147 4870 1
171 4799 309 4886 [qu
331 4807 577 4872 adversus
605 4806 859 4869 Ethnicos‘
879 4817 925 4864 et
954 4804 1229 4864 Ilwreticos
1255 4805 1384 4862 tatas
1413 4803 1674 4876 conﬁrmat

177 4891 461 4974 genetiuo;
492 4917 792 4976 rursumque
817 4899 1083 4957 Nectarius
1104 4897 1441 4971 Augustinum
1467 4913 1557 4968 pro
1579 4893 1676 4951 Ca-

175 4998 470 5062 lﬂlmuibtu
490 5009 654 5072 rogat.
686 4994 724 5052 2
753 4993 976 5050 Libertas
1003 4990 1261 5048 [hereticis
1291 4999 1335 5044 ct
1363 4985 1588 5062 Paganit
1614 4989 1676 5043 ab

174 5075 390 5156 Heloria
414 5087 638 5148 indulta.
669 5091 702 5144 5
732 5087 812 5143 Ad
836 5085 1128 5142 Donatista:
1156 5082 1324 5137 scribit
1346 5081 1672 5152 Augustinus.

177 5171 211 5240 ι
229 5173 439 5250 Necnon
469 5181 535 5240 ad
562 5177 792 5238 Festum.
824 5179 858 5236 5
887 5177 1217 5247 Summopere
1245 5173 1491 5229 contendit
1510 5193 1540 5227 ιι
1564 5171 1680 5228 Μα-

181 5269 360 5348 σάίο,
404 5287 463 5334 ut
502 5294 566 5336 ne
607 5269 958 5333 Rusticianum
998 5268 1357 5324 subdittconttm
1399 5274 1679 5337 npostatam

179 5363 458 5444 Ῡάηιὶκε.
499 5369 530 5426 6
575 5361 796 5426 Litteras
833 5365 899 5418 ad
940 5364 1103 5418 varios
1149 5359 1317 5416 scribit
1352 5363 1403 5412 in
1449 5356 1680 5412 Faventii

175 5463 398 5536 ναίω.
429 5463 464 5518 7
497 5453 844 5518 Victorianunt
872 5455 933 5512 ob
958 5451 1289 5511 intolerabiles
1318 5450 1448 5506 orbis
1473 5449 1681 5507 calauti-

179 5557 294 5610 tates
317 5553 496 5610 animo
520 5557 739 5626 fractum
768 5546 1074 5606 corroborat.

180 5639 232 5708 to
251 5641 454 5717 Legem
479 5641 630 5702 nobis
650 5638 1051 5698 TheodOsianus
1073 5633 1237 5694 codex
1260 5631 1560 5708 suppeditat
1574 5632 1682 5705 jam

117 5731 354 5802 “etiam
367 5739 597 5810 septimo
613 5731 868 5793 kalendas
884 5733 1175 5792 februarias
1190 5727 1312 5787 anui
1334 5729 1684 5802 quadringen-

121 5815 282 5890 Idli
305 5829 442 5892 noni
468 5830 532 5888 ab
553 5829 791 5890 Honorio
813 5829 990 5886 datam
1013 5825 1218 5901 (Codice
1242 5819 1456 5892 Theod.,
1481 5821 1542 5878 de
1563 5819 1685 5877 Ha:-

120 5921 308 5991 reticis,
340 5921 456 5994 tege
482 5922 617 5996 46);
648 5937 808 5994 quam
837 5907 1049 5992 quidem
1080 5917 1411 5990 impetratam
1443 5924 1685 5987 putamus

1754 544 2003 617 precibus
2038 547 2332 603 antistitum
2351 588 2364 613 ,
2403 547 2493 621 qui
2517 551 2586 608 sd
2612 551 2784 625 ερεωῆ
2810 550 3028 612 decreto
3051 553 3328 631 Carthagi-

1753 639 1934 693 neusis
1977 641 2188 696 concilii
2230 642 2391 696 tertio
2431 641 2550 698 idus
2594 645 2826 702 celebris
2867 646 2995 703 anni
3039 647 3330 720 superioris

1754 727 1909 800 legati
1932 740 2071 799 sunt,
2097 733 2396 802 praesidium
2419 747 2682 806 opemque
2704 739 3010 807 postulaturi
3022 749 3207 797 contra
3225 739 3328 798 Pa-

1751 831 1920 890 ganos
1943 833 2101 895 atque
2133 825 2406 882 haereticos
2426 870 2441 895 ,
2476 843 2506 884 a
2537 830 2726 900 quibus
2755 830 2895 902 leges
2924 833 2974 887 in
3003 847 3062 890 se
3088 835 3327 905 promul-

1752 923 1900 985 gatas
1940 915 2236 974 Stilichone
2259 922 2523 977 exstincto
2555 925 2733 993 vigere
2756 921 2973 982 desiisse
3009 927 3322 997 iactabatur.

1751 1007 1832 1064 Ne
1865 1010 2126 1081 siquidem
2164 1013 2450 1069 Donatista:
2485 1016 2645 1072 aliive
2683 1017 2953 1084 haeretici,
2983 1017 3177 1091 Pagani
3197 1065 3212 1089 ,
3242 1032 3332 1080 aut

1753 1099 1921 1156 Judrci
1947 1103 2015 1158 de
2038 1105 2380 1176 abrogatione
2405 1122 2590 1162 earum
2631 1107 2804 1181 legum
2831 1108 2931 1166 sibi
2961 1111 3331 1184 blandiantur,

1754 1204 2045 1265 imperator
2077 1199 2338 1254 universis
2373 1200 2667 1269 judicibus,
2698 1212 2754 1257 ut
2780 1203 2991 1258 easdem
3023 1215 3330 1275 sequantur,

1752 1298 1911 1358 atque
1936 1289 2140 1346 illarum
2169 1294 2496 1348 exsrcutioni
2519 1309 2678 1364 quam
2703 1293 3104 1365 diligentissime
3131 1293 3336 1370 prospi-

1753 1380 1923 1446 ciunt,
1961 1381 2154 1448 edicit;
2197 1382 2310 1451 bis,
2353 1387 2441 1456 qui
2481 1386 2734 1455 imperata
2773 1387 2946 1444 facere
2985 1390 3331 1460 negligerent,

1751 1475 2020 1543 proposita
2061 1477 2267 1532 mulctaa
2306 1477 2656 1547 pecuniariae,
2699 1479 3006 1550 privatimtis
3049 1481 3330 1551 honorum,

1753 1579 1962 1622 necnon
1992 1569 2150 1623 etiam
2183 1569 2440 1625 bonorum
2475 1571 2846 1641 publicationis
2874 1579 2929 1628 et
2955 1572 3124 1630 exsilii
3156 1588 3332 1644 pccna.

1753 1655 1884 1714 Cum
1911 1670 2085 1716 autem
2114 1660 2237 1717 inde
2267 1663 2544 1734 perspicue
2575 1664 2983 1736 intelligeretur,
3015 1679 3172 1737 quam
3200 1664 3335 1722 bene

1752 1752 1807 1807 in
1835 1752 2124 1810 Ecclesium
2153 1755 2414 1811 animatus
2435 1766 2575 1812 esset
2600 1755 2919 1829 imperator;
2949 1757 3071 1814 erat
3090 1773 3216 1815 Sane
3242 1773 3337 1816 cur

1754 1857 2066 1904 vererentur
2091 1847 2382 1906 idololatrte
2408 1850 2769 1918 Calamenses,
2794 1866 2860 1907 ne
2882 1852 3096 1906 meritas
3123 1859 3336 1922 propter

1755 1941 2045 2012 superioris
2072 1943 2198 1998 anni
2225 1944 2456 1999 nefarios
2475 1952 2695 1999 conatus
2716 1959 2898 2014 poenas
2922 1944 3146 2001 luerent.
3168 1944 3337 2012 Quam

1754 2036 1824 2091 ob
1853 2052 1964 2091 rem
1991 2038 2225 2091 animum
2252 2034 2453 2092 induxit
2473 2037 2766 2104 Nectarius,
2793 2037 2858 2094 ad
2879 2053 3034 2110 opem
3058 2037 3338 2110 Augustini

1755 2125 1932 2182 denuo
1953 2126 2256 2199 confugere,
2282 2137 2334 2183 ct
2353 2133 2583 2200 acceptis
2603 2131 2669 2184 ab
2693 2145 2758 2186 eo
2780 2139 2902 2186 ante
2925 2141 3126 2201 septem
3149 2142 3337 2188 octove

1756 2229 1964 2273 menses
1988 2217 2174 2273 litteris
2196 2221 2514 2291 respondere
2535 2220 2729 2292 (Epist.
2752 2222 2873 2287 101,
2891 2238 2943 2276 n.
2967 2224 3039 2287 i).
3067 2221 3336 2279 Universis

1757 2309 1866 2373 ille,
1898 2311 1986 2382 qui
2015 2325 2225 2383 quoquo
2253 2313 2408 2367 modo
2438 2313 2622 2368 sceleri
2651 2313 2738 2369 isti
2769 2314 2957 2370 attines
2983 2315 3210 2381 fuerant,
3242 2331 3334 2372 ve-

1759 2401 1900 2457 niam
1931 2404 2216 2474 impetrare
2241 2403 2458 2471 nititur,
2492 2405 2636 2461 falsae
2664 2406 2816 2478 lmjus
2843 2410 3106 2480 opinionis
3134 2409 3336 2464 beneti-

1757 2495 1861 2563 cio,
1894 2497 2036 2569 quod
2066 2499 2242 2554 omnia
2274 2507 2484 2570 peccata
2513 2499 2656 2570 paria
2683 2501 2788 2555 sint
2814 2501 3004 2572 (Epist.
3030 2501 3151 2568 105,
3178 2519 3230 2558 n.
3258 2498 3335 2576 5).

1759 2587 1886 2659 Ejus
1914 2589 2189 2661 epistolam
2231 2592 2554 2662 Augustinus
2583 2599 2732 2647 sexto
2761 2591 3014 2647 kalendas
3040 2591 3219 2664 aprilis
3247 2607 3340 2651 ac-

1761 2683 1903 2751 cepit
1929 2698 1942 2734 :
1974 2683 2039 2736 ad
2066 2695 2223 2752 quam
2255 2682 2600 2753 respondens,
2634 2685 2889 2754 principio
2918 2683 3060 2738 illum
3088 2690 3256 2755 rogat,
3286 2691 3343 2738 ut

1761 2774 1802 2828 si
1833 2772 1971 2844 quod
1997 2773 2226 2828 edictum
2255 2789 2407 2844 atque
2433 2775 2670 2830 severius
2693 2775 3030 2846 impetratum
3052 2790 3080 2829 a
3104 2774 3343 2830 Possidio

1762 2863 1923 2919 fuisse
1954 2862 2090 2919 fama
2118 2863 2441 2936 prmvolante
2472 2865 2743 2933 didicerit,
2775 2863 2825 2921 id
2855 2865 2955 2921 sibi
2981 2868 3206 2933 nuntiet,
3238 2879 3342 2937 quo

1761 2959 2063 3029 prospicere
2106 2958 2307 3026 valeat,
2350 2959 2431 3014 vel
2473 2960 2596 3030 quid
2637 2961 2897 3032 agendum
2944 2975 3014 3015 ne
3056 2958 3342 3030 quidquam

1762 3050 2001 3119 asperius
2035 3052 2142 3116 liat,
2172 3051 2256 3105 vel
2287 3050 2408 3121 quid
2439 3051 2863 3122 reSpondendum
2895 3051 2956 3106 iis
2981 3053 3067 3123 qui
3097 3049 3229 3106 falso
3253 3067 3343 3107 ru-

1764 3142 1898 3196 mori
1940 3150 2139 3196 temere
2179 3142 2547 3198 credidissent.
2585 3143 2734 3210 Qnod
2764 3160 2889 3198 vero
2918 3143 2983 3198 ad
3015 3142 3344 3214 pecuniarias

1764 3235 1988 3290 mulctas
2020 3237 2244 3301 attinet,
2281 3251 2500 3306 quarum
2555 3234 2883 3291 incommoda
2937 3237 3130 3291 mirum
3181 3252 3347 3307 quan-

1768 3334 1875 3380 tum
1909 3329 2257 3398 amplilicarat
2287 3329 2594 3395 Nectarius,
2632 3330 2714 3396 ei,
2752 3345 2909 3400 quam
2945 3330 3060 3385 sine
3095 3344 3250 3384 causa
3280 3327 3348 3387 de

1767 3417 1830 3474 iis
1875 3428 2149 3491 tantopere
2195 3417 2489 3485 laboraret,
2535 3421 2661 3492 ipsis
2703 3419 3134 3492 philosophorum
3181 3421 3346 3477 docu-

1770 3511 1964 3565 mentis
2005 3513 2333 3581 Augustiuus
2368 3511 2715 3567 demonstrat.
2749 3507 3105 3582 Praeterquam
3135 3509 3274 3582 quod
3304 3511 3348 3566 is

1769 3619 1876 3660 non
1921 3613 2034 3660 erat
2075 3603 2498 3662 Christianorum
2544 3607 2778 3673 animus,
2824 3615 2879 3659 ut
2914 3619 3034 3661 reos
3068 3603 3133 3658 ad
3172 3621 3350 3660 rerum

1771 3697 1998 3768 inopiam
2052 3698 2466 3753 necessariarqu
2511 3698 2708 3753 vellent
2752 3695 3013 3769 redigere.
3058 3691 3165 3752 Nec
3208 3695 3350 3751 enim

1771 3786 1874 3844 illis
1907 3789 2230 3858 propositum
2256 3831 2270 3856 ,
2300 3788 2483 3844 ulcisci
2514 3788 2867 3853 adversarios,
2897 3787 2988 3842 sed
3017 3803 3198 3842 eorum
3226 3801 3352 3842 con-

1772 3882 1943 3935 sulere
1969 3881 2143 3935 saluti.
2167 3879 2298 3935 Tum
2323 3923 2338 3950 ,
2361 3880 2499 3952 quod
2527 3879 2615 3936 ille
2638 3880 2704 3935 de
2731 3891 3062 3950 peccatorum
3090 3876 3350 3950 parilitate

1771 3973 1995 4038 dixerat,
2025 3983 2236 4028 sanctus
2267 3973 2460 4028 Doctor
2483 3971 2718 4028 confutat
2742 3991 2753 4028 :
2783 3987 2845 4028 ac
2868 3988 2988 4028 eum
3017 3986 3352 4043 summopere

1771 4065 1836 4120 ad
1880 4065 2284 4136 amplexandam
2340 4063 2495 4120 tidem
2552 4063 2894 4151 ettristianam
2952 4063 3210 4119 hortatur.
3257 4063 3352 4118 Po-

1771 4167 1972 4214 stremo
2006 4157 2071 4212 de
2103 4157 2211 4214 tilio
2243 4155 2390 4228 ejus,
2428 4154 2510 4211 cui
2549 4171 2740 4211 nomen
2784 4154 3090 4222 Paradoxo,
3123 4154 3354 4210 mentio-

1773 4265 1893 4305 nem
1930 4247 2164 4314 iaciens,
2195 4264 2404 4304 rursum
2443 4263 2600 4320 quam
2640 4245 2937 4320 periculosa
2970 4245 3039 4303 sit
3065 4261 3186 4305 mox
3215 4245 3354 4306 dicta

1773 4339 2072 4400 Stoicorum
2118 4340 2184 4398 de
2233 4340 2463 4416 peccatis
2511 4339 2788 4409 doctrina,
2833 4340 3050 4397 dextere
3098 4337 3354 4412 approbat

1777 4431 1967 4505 (Epist.
1996 4433 2140 4505 ιοι).
3358 4427 3364 4496 ἲ

1847 4523 1900 4579 2.
1930 4523 2129 4580 Prmter
2167 4523 2281 4579 haec
2304 4523 2566 4580 Honorius
2605 4519 2855 4578 Ecclesiae
2888 4521 3054 4593 gratia
3078 4529 3228 4576 sexto
3252 4519 3349 4577 ka-

1779 4617 1964 4674 lendas
1986 4616 2143 4688 julias
2171 4615 2293 4671 anni
2321 4615 2537 4686 hujusce
2563 4611 3064 4686 quadringentesimi
3100 4610 3224 4667 noni
3257 4610 3356 4666 de-

1780 4709 1965 4775 crevit,
1996 4717 2071 4774 ut,
2101 4723 2219 4780 qua:
2245 4705 2310 4764 ad
2338 4707 2482 4762 illam
2509 4707 2851 4778 pertinerent,
2878 4703 3084 4776 judices
3110 4704 3224 4760 sine
3253 4703 3360 4760 ulla

1783 4799 2261 4874 procrastinationc
2287 4807 2578 4854 statuerent
2602 4813 2615 4850 :
2641 4805 2800 4868 utque
2821 4795 3014 4864 edicta,
3034 4796 3076 4851 si
3099 4810 3200 4866 qua
3223 4792 3360 4850 forte

1784 4890 1988 4962 legibus
2022 4890 2073 4945 in
2096 4887 2372 4944 haereticos
2389 4889 2499 4959 jam
2522 4889 2674 4943 toties
2694 4885 2892 4942 iteratis
2906 4887 3167 4942 contraria
3188 4881 3282 4940 abs
3301 4900 3360 4941 se

1785 4983 2226 5052 impetrarentur,
2269 4979 2416 5035 omni
2449 4979 2666 5034 omnino
2691 4978 2742 5034 vi
2769 4993 2832 5033 ac
2866 4975 3178 5033 auctoritate
3206 4990 3360 5032 care-

1785 5085 1922 5141 rent,
1954 5091 2053 5131 nec
2078 5075 2182 5131 ullo
2211 5074 2369 5130 modo
2398 5072 2724 5130 cxsecutioni
2756 5068 3130 5128 mandarentur
3160 5066 3363 5142 (Codice

1785 5167 2003 5236 Theod.,
2036 5167 2096 5222 de
2126 5166 2405 5232 Ihereticis,
2435 5165 2540 5238 tege
2568 5162 2678 5238 i7).
2710 5162 2846 5220 Fore
2877 5162 3220 5235 prresagiebat
3249 5159 3361 5218 for-

1788 5267 1943 5331 sitan,
1968 5265 2100 5320 utin
2124 5273 2264 5320 tanta
2287 5261 2497 5334 imperii
2529 5259 2887 5316 imbecillitate
2918 5267 3130 5329 tamque
3156 5255 3363 5311 al'llictis

1789 5357 1897 5414 suis
1943 5357 2140 5424 rebus,
2187 5355 2325 5410 inter
2369 5352 2662 5426 praecipuos
2711 5365 2838 5406 suos
2877 5349 3215 5405 administros
3259 5359 3366 5400 non

1789 5451 2064 5514 deessent,
2105 5462 2329 5520 quorum
2371 5443 2546 5516 pravis
2583 5441 2916 5499 suasionibus
2957 5439 3022 5495 ad
3067 5436 3260 5506 aliquid
3307 5448 3366 5488 se

1790 5557 1991 5613 suaque
2018 5538 2273 5610 religione
2294 5537 2564 5609 indignum
2588 5531 2957 5591 adduceretur.
2985 5528 3094 5584 Nec
3117 5539 3237 5579 eum
3267 5523 3365 5577 hac
3399 5565 3404 5571 .

1791 5634 1844 5690 in
1872 5649 1931 5688 re
1960 5629 2144 5688 fefellit
2177 5631 2405 5685 animus.
2440 5626 2647 5683 Etenim
2682 5641 2747 5680 ex
2786 5620 3011 5679 concilio
3048 5613 3365 5682 Carthagine

1792 5723 1998 5782 deciate
2035 5732 2222 5778 octaVo
2254 5717 2508 5777 kalendas
2527 5714 2684 5790 julias
2708 5714 2832 5769 anni
2859 5703 3364 5784 quadringentesimi

1793 5816 1984 5876 decimi
2013 5817 2194 5874 habito
2215 5821 2456 5880 constat,
2483 5811 2534 5867 id
2564 5807 2816 5880 temporis
2842 5805 2956 5876 lege
2983 5807 3195 5858 cautum
3219 5813 3364 5871 esse,

1796 5928 1862 5970 ne
1886 5911 2001 5983 quis
2026 5910 2127 5969 nisi
2147 5908 2311 5968 libera
2337 5904 2603 5963 voluntate
2626 5896 2926 5958 christiana:
2952 5885 3221 5968 religionis
3249 5891 3367 5953 cul-
