3858 6376
2169 286 2218 302 μαι
2225 284 2280 300 ’··-⁴

617 504 725 545 tum
749 487 1162 558 amplecteretur
1181 487 1385 561 (Codice
1405 487 1667 545 Canonum
1691 488 1877 556 Afr-ia,
1906 503 2020 541 can.
2045 484 2191 569 107).

612 578 762 649 Quod
787 579 999 649 quidem
1025 595 1133 636 non
1159 580 1302 636 aliud
1330 590 1477 645 erat,
1504 596 1661 652 quam
1686 579 1852 635 cuivis
1881 580 2193 650 religionem

611 671 902 743 quamlibet
925 673 1183 745 sequendi
1211 675 1480 746 optionem
1510 674 1829 744 relinquere,
1868 687 2072 728 necnon
2103 686 2195 727 ea-

609 759 732 818 dem
761 777 923 835 opera
957 763 1207 835 quidquid
1246 764 1314 820 ad
1351 780 1468 821 eam
1506 765 1650 820 diem
1687 774 1869 820 contra
1910 764 2192 821 haereticos

610 853 917 925 Pagauosve
954 858 1301 913 constitutum
1341 856 1542 922 fuerat,
1583 859 1877 928 antiquare.
1920 857 1976 911 in
2016 857 2191 913 edicto

609 956 798 1003 octavo
841 946 1096 1004 kalendas
1140 950 1458 1020 septembris
1506 950 1632 1005 anni
1684 950 2189 1023 quadringentesimi

608 1034 801 1094 decimi
825 1037 951 1095 dato
974 1041 1215 1110 agnoscit
1240 1040 1505 1096 Honorius
1524 1083 1538 1106 ,
1570 1042 1848 1098 haereticos
1875 1043 2189 1113 rescriptum

608 1128 677 1184 ab
701 1145 760 1185 se
790 1146 884 1202 per
910 1132 1089 1188 dolum
1116 1136 1465 1204 expressisse,
1492 1152 1596 1206 quo
1624 1151 1749 1192 suos
1774 1138 1872 1192 sibi
1899 1149 2189 1194 conventus

605 1221 874 1278 celebrare
901 1223 1088 1280 liceret
1116 1225 1327 1294 (Codice
1350 1225 1570 1295 Theod.,
1599 1226 1662 1282 de
1691 1227 1904 1294 Hieran,
1939 1228 2046 1298 lege
2073 1229 2183 1300 5i).

607 1311 738 1369 Item
761 1314 813 1370 in
834 1316 961 1384 alio,
992 1317 1132 1387 quod
1160 1319 1331 1390 pridie
1361 1319 1478 1375 idus
1503 1321 1733 1376 octobris
1761 1321 1926 1389 dedit,
1954 1323 2187 1379 declarat

602 1404 896 1479 Imperator
916 1451 931 1476 ,
963 1409 1008 1464 si
1035 1411 1162 1481 quid
1189 1413 1469 1481 statuerit,
1498 1413 1639 1484 quod
1669 1414 1720 1468 in
1750 1431 1861 1469 rem
1890 1431 2040 1471 suam
2065 1432 2184 1473 esse

601 1498 905 1555 existiment
931 1500 1119 1556 Donati
1149 1510 1462 1571 sectatores,
1493 1504 1547 1559 id
1569 1506 1621 1559 in
1650 1504 1753 1561 hoc
1779 1513 1979 1562 tantum
2004 1506 2184 1563 animo

600 1587 798 1645 factum
826 1590 1020 1659 fuisse,
1054 1603 1113 1648 ut
1136 1595 1349 1650 suavius
1382 1611 1565 1652 eorum
1602 1606 1807 1654 mentes
1835 1599 1901 1653 ad
1930 1602 2185 1670 supersti-

600 1682 771 1739 tiones
804 1685 1128 1754 abjiciendas
1160 1689 1608 1760 corrigendosque
1640 1705 1855 1747 errores
1889 1693 2183 1761 impelleret

600 1773 620 1841 (
640 1772 798 1842 Ibid.,
826 1776 890 1830 de
916 1776 1105 1848 Relig.,
1133 1779 1225 1833 sub
1259 1779 1367 1851 lege
1389 1780 1479 1851 5).
1513 1781 1705 1853 Legem
1748 1782 1892 1837 illam
1923 1783 2182 1841 libertatis

596 1877 834 1923 autumat
875 1868 1135 1927 Baronius
1180 1872 1406 1927 consilio
1449 1873 1607 1929 latam
1650 1874 1945 1930 lieracliani
1987 1876 2180 1933 Africae

596 1957 807 2013 comitis
831 1968 886 2015 et
905 1959 1158 2016 Macrobii
1182 1963 1548 2031 proconsulem
1575 1963 1645 2019 ibi
1676 1980 1816 2020 anno
1838 1966 2179 2039 quadringen-

596 2050 789 2105 tesimo
816 2050 1024 2107 decimo
1052 2054 1291 2123 agentis;
1323 2062 1378 2109 ut
1408 2070 1476 2111 ne
1505 2055 1752 2112 videlicet
1787 2058 2177 2114 Donatistarum

595 2139 876 2198 factionem
907 2146 1261 2215 gentilemque
1293 2160 1494 2203 sectam
1526 2150 1688 2205 nimia
1727 2154 2059 2221 superiorum
2098 2154 2178 2209 le-

592 2245 718 2301 gum
761 2234 1044 2289 severitate
1092 2236 1420 2304 ahaiienari,
1471 2239 1539 2293 ab
1584 2239 1856 2305 Honorio,
1906 2249 2064 2311 atque
2111 2242 2178 2297 ad

591 2319 756 2376 Attali
779 2331 957 2393 partes
979 2324 1179 2380 traduci
1199 2328 1546 2398 contingeret.
1575 2329 1918 2385 Heraclianus
1942 2332 2173 2400 quidem,

590 2414 800 2484 qualem
826 2431 947 2469 eum
979 2415 1333 2488 Hieronymus
1358 2418 1597 2489 depingit
1617 2419 1879 2490 (Hieron.,
1911 2420 2075 2493 Epist.
2096 2423 2173 2495 8),

589 2517 658 2560 eo
693 2514 809 2559 erat
848 2505 1091 2575 ingenio,
1133 2516 1190 2563 ut
1220 2511 1271 2565 id
1301 2512 1506 2566 consilii
1539 2528 1642 2568 non
1674 2513 1961 2570 difficulter
1984 2516 2171 2573 daret:

590 2592 887 2651 Macrobius
917 2612 1043 2653 vero
1071 2600 1151 2666 si,
1179 2602 1320 2672 quod
1359 2605 1599 2659 nonnulli
1643 2616 1858 2676 putant,
1889 2609 2027 2664 idem
2056 2621 2170 2679 est,

589 2685 679 2755 qui
701 2684 1058 2745 Saturnalium
1086 2692 1264 2750 libros
1277 2696 1464 2763 edidit,
1499 2697 1635 2752 haud
1658 2699 1882 2755 obscure
1911 2701 2171 2759 idolorum

589 2776 753 2833 cultui
806 2779 1049 2837 addictus
1089 2783 1528 2854 deprehenditur.
1576 2789 1657 2844 Ad
1704 2791 1946 2847 eamdem
2001 2794 2169 2865 legem

585 2881 853 2939 spectasse
896 2872 1105 2930 videtur
1151 2877 1415 2947 Zosimus,
1464 2882 1549 2936 ubi
1601 2882 1816 2938 tradidit
1857 2884 2056 2940 aditum
2103 2887 2170 2943 ad

582 2959 866 3032 dignitates
904 2972 1013 3018 tum
1058 2964 1334 3034 forenses,
1378 2980 1487 3025 tum
1532 2973 1792 3028 militares
1831 2975 1899 3029 ab
1936 2974 2169 3032 Honorio

580 3052 857 3120 omnibus,
890 3064 1094 3110 retenta
1123 3073 1215 3112 sua
1244 3060 1500 3131 cujusque
1527 3062 1781 3133 religione
1800 3106 1816 3130 ,
1851 3066 2166 3134 patefactum

577 3135 732 3209 esse;
760 3155 919 3215 atque
944 3147 1013 3202 ob
1037 3163 1155 3202 eam
1176 3165 1308 3216 rem,
1343 3152 1534 3222 legem,
1562 3168 1718 3222 quam
1745 3155 1953 3210 decimo
1977 3168 2166 3214 octavo

582 3231 835 3289 kalendas
864 3236 1162 3293 decembris
1188 3241 1313 3294 anni
1335 3242 1841 3313 quadringentesimi
1880 3248 2053 3302 octavi
2083 3260 2166 3305 tu-

580 3323 715 3379 lerat
739 3326 1030 3394 (Zosimus,
1055 3328 1193 3384 Hist.
1227 3331 1315 3385 lib.
1347 3332 1425 3403 5),
1460 3333 1785 3405 abrogatum.
1817 3337 1953 3394 Huic
1985 3350 2161 3398 autem

575 3413 905 3487 abrogatioui
926 3434 1139 3475 causam
1159 3420 1372 3478 dedisse
1387 3422 1613 3480 afﬁrmat
1629 3425 1950 3484 Geueridum
1973 3447 2161 3501 quem-

574 3503 696 3559 dam
720 3507 976 3579 religione
999 3524 1282 3581 paganum,
1307 3529 1462 3584 quem
1485 3531 1606 3570 eum
1629 3515 1923 3587 Imperator
1946 3521 2159 3577 Dalma-

576 3597 694 3651 ticis
725 3599 1019 3669 legionibus
1045 3603 1321 3672 praeﬁcere
1345 3605 1623 3676 voluisset,
1653 3608 1789 3665 facta
1808 3614 1856 3667 ei
1880 3613 2033 3684 legis,
2056 3632 2159 3687 qua

573 3689 776 3747 honore
805 3693 897 3749 illo
920 3694 1319 3764 excludebatur,
1342 3700 1534 3770 gratia,
1562 3701 1787 3757 delatam
1815 3704 1904 3759 ille
1927 3708 2156 3777 dignita-

570 3788 714 3848 tem,
754 3783 855 3838 nisi
890 3800 952 3840 ea
988 3785 1072 3841 lex
1108 3788 1327 3845 omnino
1365 3793 1752 3863 antiquaretur,
1785 3800 2062 3854 recusarit.
2100 3801 2157 3857 Id

570 3872 658 3929 ille
688 3876 974 3948 contigisse
1004 3879 1164 3935 tradit
1195 3884 1353 3952 paulo
1378 3893 1661 3957 antequam
1700 3890 1768 3945 ab
1801 3890 2013 3947 Alarico
2046 3893 2157 3949 Im-

568 3978 784 4040 perator
807 3982 1081 4028 crearetur
1106 3975 1314 4031 Attalus
1342 3996 1356 4031 :
1384 3988 1543 4049 atque
1563 3979 1696 4035 adeo
1721 3998 1826 4037 non
1851 3983 2080 4041 absurde
2101 3988 2153 4042 in

566 4060 800 4116 medium
848 4077 1045 4118 annum
1088 4065 1671 4139 quadringentesimum
1718 4090 1915 4130 nonum
1965 4076 2153 4133 referri

567 4160 765 4221 posset.
790 4151 854 4207 Et
873 4167 1000 4209 sane
1030 4164 1214 4225 putant
1243 4157 1462 4223 Honorii
1488 4162 1539 4216 in
1568 4162 1846 4220 haereticos
1876 4166 2156 4239 indulgen-

565 4239 692 4294 tiam
736 4250 1032 4310 postremos
1067 4247 1190 4299 anni
1221 4249 1727 4322 quadringentesimi
1770 4257 1892 4310 noni
1939 4274 2152 4317 menses

564 4330 806 4400 durasse,
821 4349 884 4390 ac
903 4338 1196 4407 sequentis,
1210 4354 1403 4410 nempe
1417 4343 1920 4416 quadringentesimi
1937 4349 2146 4421 decimi,

565 4426 784 4496 primos.
805 4426 1079 4501 Olympius
1102 4445 1170 4485 eo
1192 4440 1429 4504 tempore
1456 4433 1795 4504 Imperatoris
1814 4442 1981 4511 gratia
2004 4447 2146 4499 exci-

564 4515 735 4586 derat,
759 4528 813 4574 ct
831 4520 1084 4591 dignitate
1113 4530 1302 4578 exutus
1322 4524 1373 4578 in
1399 4525 1710 4582 Dalmatiam
1734 4532 1984 4588 secedere
2004 4549 2151 4590 com-

566 4611 751 4677 pulsus
777 4611 974 4677 fuerat;
998 4623 1156 4683 atque
1178 4615 1245 4670 ob
1265 4631 1380 4671 eam
1404 4634 1515 4672 rem
1537 4621 1839 4691 neutiquam
1862 4624 1913 4679 ei
1934 4624 2146 4696 licebat,

565 4694 908 4753 Ilonoriuma
936 4704 1139 4770 pravis,
1183 4721 1300 4774 quae
1344 4708 1443 4776 ipsi
1489 4711 1924 4780 suggerebantur,
1968 4694 2146 4773 consis

564 4785 648 4840 liis
672 4798 912 4844 avertere
938 4791 1142 4865 (Ibid.).
1177 4795 1282 4850 lllis
1311 4808 1483 4853 tamen
1513 4817 1616 4856 non
1646 4803 1734 4857 diu
1765 4808 1939 4875 paruit
1977 4808 2148 4879 Impe-

562 4890 732 4946 rator,
763 4895 825 4937 ac
851 4885 1094 4954 proximo
1113 4904 1253 4941 anno
1279 4891 1442 4946 visuri
1467 4910 1670 4963 sumus,
1699 4902 2145 4967 quemadmodum

561 4969 620 5026 in
670 4971 800 5044 ipsis
844 4975 1307 5034 turbulentissimis
1350 4982 1529 5051 rebus,
1575 5003 1693 5042 eam
1738 4990 1939 5062 legem,
1986 5011 2145 5066 quam

558 5062 658 5121 abs
688 5080 747 5121 se
773 5069 1076 5139 extorqueri
1105 5073 1448 5141 praeposteris
1466 5075 1702 5131 consiliis
1734 5094 1920 5148 passus
1951 5062 2141 5153 fuerat,

560 5158 917 5228 abrogaverit.
2114 5170 2121 5175 ’

633 5252 686 5307 3.
722 5252 905 5305 Datam
932 5251 1199 5309 credimus
1242 5254 1313 5308 ab
1354 5256 1644 5325 Augustino
1682 5260 1781 5314 sub
1817 5261 1972 5332 hujus
2021 5270 2146 5323 anni

561 5342 770 5398 initium
796 5342 1095 5413 epistolam,
1124 5360 1244 5416 qua:
1272 5348 1562 5415 generatim
1590 5344 1834 5407 omnibus
1860 5354 2146 5414 Donatistis

562 5436 869 5491 inscribitur
893 5434 1086 5506 (Epist.
1118 5437 1262 5509 105).
1305 5437 1361 5494 In
1406 5454 1467 5494 ea
1505 5442 1644 5496 enim
1676 5446 1878 5502 mentio
1919 5447 1969 5502 lit
2004 5449 2145 5507 falsa:

566 5527 713 5587 illius
750 5527 1090 5600 indulgentiae
1132 5543 1225 5584 seu
1272 5530 1628 5603 abrogationis
1676 5536 1898 5594 latarum
1949 5542 2001 5596 in
2051 5559 2145 5599 eos

570 5619 771 5690 legum,
801 5621 954 5692 cujus
980 5620 1053 5675 illi
1082 5620 1274 5678 famam
1300 5634 1542 5682 vertente
1565 5641 1706 5683 anno
1729 5633 2143 5706 quadringente-

572 5711 715 5767 simo
740 5723 927 5768 octavo
956 5724 1294 5784 sparserant;
1342 5715 1517 5788 ibique
1550 5720 1738 5792 recipit
1770 5735 1984 5781 sanctus
2013 5727 2143 5797 Epi-

574 5812 788 5871 scapus,
815 5802 1299 5863 demonstraturum
1326 5823 1407 5878 se,
1436 5810 1595 5866 modo
1618 5812 1716 5885 ipsi
1743 5817 1930 5871 venire
1958 5818 2007 5873 in
2035 5822 2143 5875 rol-

1675 367 1825 426 VI'I‘A
1863 368 1920 425 S.
1960 363 2324 440 AUGUSTINI
2362 365 2688 430 EPISCOPI.

2302 483 2538 556 loquium
2559 504 2663 544 non
2678 489 2992 560 detrectent,
3017 495 3255 566 quaedam
3278 498 3344 555 ad
3356 497 3596 565 Ctecilianl
3616 524 3769 576 unum
3804 516 3805 577 ξ

2299 581 2648 649 pertinentia,
2693 600 2811 653 qua:
2859 585 3120 673 praecipua
3146 591 3363 648 materia
3389 591 3526 652 fuere
3547 600 3768 667 collationis
3804 650 3805 691 ι

2296 673 2728 746 Carthagineusis
2757 695 2770 731 :
2799 678 2867 735 de
2890 664 2994 750 qua
3020 682 3235 752 quidem
3260 686 3526 748 collatione
3556 710 3641 752 non
3804 664 3805 737 Ῑ

2296 768 2421 825 licat
2438 769 2705 840 quidpiam
2737 772 2909 829 adhuc
2938 773 3101 832 fuisse
3134 780 3482 839 constitutum.
3513 768 3719 851 Plurimos
3734 796 3767 853 in
3804 776 3805 789 ‘

2295 861 2533 932 epistolae
2581 863 2783 919 calcem
2828 867 3070 937 congerit
3110 868 3391 942 Scriptura:
3435 876 3596 945 locos.
3638 886 3766 954 quibus

2294 954 2588 1010 Ecclesiam
2606 957 2920 1014 catholicam
2939 975 3032 1030 per
3043 976 3229 1019 omnes
3243 974 3422 1036 gentes
3436 968 3641 1029 diffusam
3652 986 3766 1033 osten-
3804 954 3805 1021 έ

2294 1046 2385 1102 dat
2413 1065 2426 1101 :
2453 1049 2572 1118 ejus
2602 1058 2778 1107 tamen
2817 1054 3101 1110 maximam
3144 1069 3345 1128 partem
3373 1076 3435 1116 eo
3458 1062 3625 1130 refert.
3653 1079 3694 1123 ut
3720 1073 3761 1126 ab

2293 1152 2478 1194 eorum
2498 1141 2953 1201 criminationibus
2969 1146 3144 1217 legum
3157 1148 3371 1205 Honorii
3390 1156 3672 1213 severitatem
3686 1160 3762 1216 vin-

2292 1235 2476 1293 dicet:
2510 1238 2650 1294 unde
2693 1239 2743 1294 id
2789 1241 3046 1312 scriptum
3097 1244 3354 1316 intelligas
3390 1259 3505 1305 ante
3546 1250 3759 1310 libertatem

2291 1329 2574 1399 cujuslibet
2612 1331 2850 1388 colendae
2877 1332 3148 1403 religionis
3184 1336 3253 1391 ab
3293 1338 3509 1395 llonorio
3542 1357 3760 1400 concessam

2288 1428 2531 1475 extremo
2557 1422 2658 1476 isto
2673 1439 2812 1477 anno
2826 1423 3348 1497 quadringentesimo
3362 1444 3508 1486 nono.
3532 1432 3635 1489 Huic
3644 1444 3760 1492 autem

2289 1510 2584 1566 scribendae
2605 1513 2847 1583 epistolae
2873 1516 3211 1571 occasionem
3237 1518 3553 1587 prmbueruut
3570 1524 3721 1593 quidam
3737 1541 3759 1581 θ

2291 1600 2476 1656 Donati
2496 1612 2645 1673 parte
2664 1605 2980 1677 presbyteri,
3008 1607 3098 1677 qui
3128 1609 3414 1664 renuntiari
3430 1612 3667 1682 Augustino
3682 1616 3757 1683 jus-

2287 1705 2405 1747 sere
2428 1693 2688 1762 ipsissima
2716 1694 2832 1750 haec
2861 1696 3023 1752 verba
3056 1715 3070 1752 :
3097 1696 3332 1777 Becedite
3353 1718 3383 1754 a
3409 1700 3599 1771 plebibus
3618 1707 3756 1774 nostris,

2286 1784 2331 1838 si
2359 1801 2459 1839 non
2483 1786 2632 1840 vultis
2656 1795 2710 1840 ut
2732 1788 3093 1858 interﬁciuntur
3113 1805 3200 1846 vos
3225 1790 3405 1864 (Ibid.,
3426 1810 3475 1848 tt.
3497 1795 3560 1866 l).
3642 1829 3648 1837 ι

2358 1878 2413 1933 4.
2443 1876 2646 1934 lnsana:
2676 1880 2799 1948 illas,
2826 1897 2945 1951 qua:
2973 1882 3024 1936 in
3055 1883 3280 1938 exordio
3298 1887 3519 1954 epistola:
3536 1887 3584 1942 ad
3603 1886 3755 1945 Festum

2286 1978 2789 2036 commemorantur,
2811 1971 3204 2029 Donatistarum
3229 1975 3382 2030 minae
3399 1975 3564 2050 (Epist.
3575 1978 3641 2046 89,
3656 1981 3751 2050 ml),

2286 2058 2505 2116 forsitan
2530 2062 2657 2132 ipsa:
2676 2071 2821 2128 sunt,
2848 2080 2980 2134 quas
2996 2082 3060 2121 ex
3082 2066 3241 2123 dictis
3261 2068 3521 2138 Augustini
3533 2068 3587 2124 ad
3606 2071 3749 2126 eosdem

2284 2150 2474 2207 litteris
2501 2152 2662 2208 modo
2688 2154 2985 2210 retulimus.
3017 2155 3363 2214 Tentationes
3386 2174 3518 2227 vero,
3536 2160 3678 2229 quibus
3695 2176 3751 2216 eos

2284 2243 2534 2311 probatos
2570 2242 2741 2311 dicit,
2786 2246 2874 2315 qui
2919 2245 2972 2300 in
3014 2248 3279 2316 gremium
3308 2248 3537 2303 Ecclesia:
3572 2249 3751 2304 redierant

2284 2330 2466 2404 (Ibid.,
2490 2350 2542 2386 η.
2567 2333 2643 2405 7),
2670 2350 2913 2406 peraeque
2928 2336 2994 2391 ad
3010 2353 3073 2392 ea
3093 2354 3215 2408 qua:
3233 2338 3748 2406 autStilicbonisneoem,

2280 2433 2372 2476 aut
2415 2423 2637 2478 Honorii
2661 2424 2916 2481 adversus
2952 2426 3261 2484 Donatistas
3297 2429 3544 2501 jussiones
3579 2431 3632 2485 ab
3658 2445 3749 2485 anno

2280 2513 2804 2585 quadringentesimo
2842 2519 3027 2588 quinto
3051 2530 3340 2576 consecuta
3368 2522 3598 2587 diximus,
3629 2520 3750 2577 referti

2279 2616 2498 2675 queunt.
2548 2608 2681 2663 Nam
2705 2625 2810 2680 quo
2844 2619 3085 2681 tempore
3113 2612 3237 2668 data
3264 2613 3362 2669 fuit
3385 2614 3491 2670 haec
3513 2614 3693 2685 epistola,
3709 2627 3751 2668 eo

2278 2705 2423 2753 certe
2444 2698 2495 2753 in
2519 2700 2640 2754 illos
2666 2716 2730 2756 ex
2754 2701 3119 2772 imperialibus
3140 2704 3329 2761 edictis
3355 2720 3452 2760 non
3470 2706 3655 2777 segniter
3672 2718 3749 2774 age-

2278 2788 2433 2845 batur
2462 2790 2643 2862 (Ibid.,
2674 2809 2763 2847 nu.
2797 2794 2849 2859 1,
2872 2792 2929 2861 2,
2953 2794 3005 2861 5,
3034 2794 3115 2865 6).
3138 2793 3447 2851 Collationis
3461 2805 3605 2852 autem
3625 2796 3663 2850 in
3682 2795 3747 2863 ipsa

2277 2882 2416 2936 nulla
2463 2883 2685 2965 mentio.
2735 2883 2925 2940 Festus
2952 2901 3114 2956 porro
3147 2888 3314 2944 laicus
3354 2898 3491 2958 erat,
3522 2904 3575 2944 ac
3604 2886 3748 2959 publicis

2274 2973 2521 3042 gerendis
2546 2975 2860 3030 muneribus
2886 2977 3210 3047 implicatus.
3246 2980 3380 3035 Huic
3404 2988 3539 3036 erant
3559 2979 3601 3034 in
3623 2978 3746 3046 Hippo

2273 3064 2424 3118 nensi
2445 3073 2614 3118 tractu
2640 3080 2672 3120 e
2698 3065 2883 3121 Donati
2905 3077 3048 3123 secta
3074 3070 3273 3125 subditi
3300 3070 3477 3143 (Ibid.,
3504 3088 3550 3125 tt.
3574 3068 3618 3142 8)
3640 3080 3747 3137 :qnot

2272 3155 2485 3224 quidem
2514 3156 2605 3210 ille
2635 3157 2847 3227 scriptis
2886 3159 3078 3215 litteris
3108 3161 3180 3217 ad
3218 3163 3653 3219 reconciliationem
3672 3173 3746 3214 cum

2271 3244 2511 3300 Ecclesia
2551 3245 2728 3303 fuerat
2768 3248 3118 3318 cohortatus;
3162 3269 3345 3309 verum
3389 3253 3631 3324 quominus
3657 3248 3746 3304 idet

2260 3346 2394 3416 voto
2422 3339 2767 3409 succederet,
2797 3342 3036 3397 nonnihil
3065 3344 3309 3401 fortassis
3336 3346 3599 3402 obstiterat.
3618 3341 3746 3397 llontm

2268 3428 2455 3484 salutis
2476 3429 2748 3485 studiosus
2770 3439 2885 3485 erat
2914 3433 3244 3503 Augustinus
3266 3475 3281 3502 ,
3311 3450 3412 3490 non
3433 3435 3630 3505 ipsorum
3648 3425 3747 3485 modo

2266 3535 2447 3587 causa,
2477 3520 2569 3575 sed
2591 3521 2751 3577 etiam
2767 3521 2977 3578 illorum
2999 3524 3087 3593 qui
3114 3541 3240 3580 cum
3268 3526 3334 3581 ad
3357 3524 3628 3581 catholicam
3648 3518 3745 3574 ﬁdem

2265 3623 2324 3663 se
2348 3610 2692 3680 recepissent,
2719 3612 2954 3666 nonnihil
2998 3615 3282 3684 capiebant
3308 3631 3372 3670 ex
3408 3615 3602 3669 aliomm
3622 3605 3746 3663 vicinia

2264 3699 2588 3755 detrimenti.
2636 3702 2818 3773 itaque
2838 3703 2905 3758 ad
2933 3703 3154 3760 Festum
3199 3707 3399 3763 litteras
3425 3705 3586 3767 dedit,
3622 3710 3747 3769 rogans

2264 3797 2322 3843 ut
2345 3790 2572 3860 aliquem
2604 3792 2763 3846 litium
2794 3808 2861 3848 ex
2885 3793 3227 3862 domesticis,
3269 3797 3353 3851 vel
3380 3812 3443 3853 ex
3467 3794 3624 3849 amicis
3642 3785 3749 3843 desti.

2263 3892 2433 3946 naret,
2459 3883 2548 3952 qui
2576 3897 2642 3937 eo
2668 3899 2772 3938 non
2800 3893 2943 3939 recta
2974 3901 3235 3958 pergens,
3265 3886 3333 3943 ad
3359 3902 3415 3942 se
3436 3884 3613 3942 caeteris
3630 3876 3747 3935 insciis

2262 3973 2553 4030 diverteret
2571 4017 2586 4042 ,
2629 3992 2736 4048 quo
2764 3979 3172 4035 communicatis
3197 3980 3429 4036 consiliis
3451 4021 3464 4045 ,
3498 3990 3584 4047 qua
3599 3967 3747 4045 poliSSl'

2262 4083 2406 4122 mum
2438 4070 2643 4124 ratione
2672 4070 2851 4139 pellici
2883 4071 2948 4127 ad
2974 4072 3271 4129 Ecclesiam
3299 4081 3503 4144 possent
3523 4069 3748 4125 decernet?

2261 4167 2368 4215 tur.
2401 4161 2465 4215 Et
2494 4176 2561 4216 ne
2579 4162 2700 4232 quis
2717 4161 2932 4218 Festum
2948 4163 3017 4217 ab
3034 4178 3101 4218 eo
3121 4164 3487 4220 debortaretur
3505 4157 3661 4219 studio,
3681 4162 3745 4220 qua

2260 4255 2573 4310 revocandis
2620 4255 2685 4309 ad
2729 4256 2887 4311 [idem
2934 4257 3160 4313 subditis
3205 4273 3416 4329 operam
3452 4266 3616 4310 navare
3647 4253 3745 4301 suam

2260 4356 2516 4416 cmperat,
2536 4361 2755 4401 causam
2775 4346 2950 4402 eidem
2971 4349 3191 4418 exponit
3211 4344 3746 4413 schismatisgquomm"

2261 4436 2420 4490 modo
2450 4436 2516 4491 ad
2555 4451 2613 4491 se
2655 4437 2943 4495 redeuntes
2976 4439 3217 4495 Ecclesia
3256 4438 3481 4509 recipiat.
3510 4432 3576 4490 Ad
3597 4429 3746 4485 Festum

2262 4537 2448 4582 contra
2485 4528 2786 4583 Donatistas
2810 4531 2978 4585 sancti
3008 4531 3260 4587 Prtesulis
3276 4509 3743 4586 commonitorinmad'

2260 4626 2408 4672 notat
2437 4618 2708 4674 Possidius
2734 4619 2824 4692 (In
2849 4620 3107 4687 lodicula.
3135 4639 3251 4692 cap.
3281 4622 3366 4692 5).

2333 4712 2386 4768 5.
2412 4712 2867 4780 Quemadmodum
2890 4716 3214 4785 Augustinus
3239 4716 3290 4771 in
3307 4714 3358 4770 id
3378 4704 3663 4768 incumbebat
3674 4703 3745 4791 ιοιίξ

2258 4804 2436 4859 animo
2464 4814 2519 4860 et
2543 4804 2718 4859 studio
2750 4804 2931 4873 omni,
2961 4816 3020 4860 ut
3053 4822 3084 4862 c
3117 4822 3213 4862 sua
3255 4800 3557 4876 Hipponensi
3592 4794 3743 4850 dimceil

2242 4894 2490 4973 funditus
2512 4897 2897 4967 exstirparettrr
2922 4898 3324 4954 Donatistarum
3347 4894 3547 4951 haeresis
3572 4907 3584 4942 :
3606 4885 3665 4940 sic

2257 4990 2465 5044 natistie
2496 4991 2726 5045 vicissim
2754 4991 2859 5045 illic
2888 5000 2943 5044 ut
2963 5006 3023 5045 ea
3057 4990 3354 5045 firmaretur
3378 4998 3523 5056 atque
3550 4978 3675 5036 etiam
3695 4978 3745 5022 1η·

2255 5091 2588 5137 crementum
2619 5092 2864 5153 caperet,
2908 5097 3006 5152 pro
3032 5082 3235 5136 viribus
3270 5078 3596 5135 enitebautur.
3620 5064 3742 5153 Ναιιξε

2242 5162 2491 5245 profecto
2533 5150 2699 5231 valuit
2739 5150 3125 5247 vigilantissimi
3162 5189 3288 5229 cura
3319 5172 3552 5238 laborque
3582 5150 3742 5247 paslofi‘

2255 5268 2512 5340 impedire
2529 5311 2544 5337 ,
2577 5244 2861 5340 quominus
2887 5269 2956 5325 de
2984 5284 3082 5323 suo
3108 5282 3268 5339 grege
3294 5263 3574 5338 proﬂigatus
3592 5244 3743 5319 aliquis

2255 5371 2308 5415 et
2328 5361 2532 5417 scelere
2557 5361 2792 5431 perditus
2821 5376 2884 5415 ac
2908 5370 3163 5432 egestate,
3195 5359 3261 5414 ad
3288 5370 3461 5413 eorum
3487 5348 3638 5407 caulas
3661 5350 3741 5409 ρετ*

2242 5438 2480 5524 lugeret.
2524 5451 2656 5507 Nam
2679 5467 2776 5523 per
2796 5452 2895 5508 hoc
2921 5455 3092 5524 ipsum
3113 5494 3128 5520 ,
3160 5452 3216 5507 in
3240 5465 3343 5522 quo
3365 5439 3747 5524 versamurrlff’"

2255 5517 2353 5616 pus
2384 5517 2717 5599 Rusticianus
2741 5517 2956 5614 quidam
2985 5517 3332 5614 Hipponensis
3351 5533 3574 5594 ditecesis
3587 5517 3745 5581 subdia'

2252 5650 2420 5692 conus
2445 5634 2740 5690 catholicus
2759 5674 2776 5702 ,
2816 5636 2905 5706 qui
2934 5634 3004 5689 ob
3034 5634 3300 5705 improbos
3324 5642 3488 5686 mores
3509 5619 3744 5713 eratde

2251 5731 2460 5786 nicatus
2478 5745 2508 5784 a
2537 5729 2848 5802 presbytero
2869 5744 2965 5784 suo
2983 5739 3117 5794 erat,
3139 5741 3339 5782 necnon
3358 5721 3611 5778 multorum

2466 5783 2683 5893 regione
2698 5783 2932 5879 {debitor
2958 5783 3161 5886 factus,
3199 5816 3321 5872 dum
3348 5805 3524 5881 aliquid
