1929 3199
24 194 79 226 335

28 262 85 281 cum
95 253 224 280 adversus
239 251 388 280 creditores
409 259 472 280 suos
482 273 489 285 ,
509 257 563 279 tum
583 256 673 280 contra
688 253 814 280 Ecclesia:
832 255 834 259 '

29 299 193 334 disciplinam
204 306 299 333 parare
307 298 358 325 sibi
367 299 450 333 cupit,
461 299 586 333 optimum
596 298 666 326 factu
677 300 814 334 judicavit,

27 346 96 372 adire
106 344 138 371 ad
155 344 318 372 Macrobium
332 343 559 371 schismaticorum
579 345 647 379 apud
669 346 814 380 Hipponem

27 391 176 427 episcopum
189 409 197 422 ,
220 393 247 416 et
261 390 377 416 alterum
390 389 424 415 ab
437 397 470 416 eo
483 390 644 424 Baptismum
658 392 794 426 suscipere
807 401 813 418 :

30 443 79 470 quo
91 435 214 462 nimirum
231 434 317 467 fieret,
333 440 362 462 ut
372 435 405 462 ab
417 434 678 464 Circumcellionibus
691 437 814 472 diligere-

28 487 66 509 tur
79 480 149 508 velut
164 480 357 508 mundissimus
367 502 375 513 ,
396 486 422 508 et
435 480 620 509 defenderetur
636 481 735 518 (Epist.
753 484 812 516 108,

30 537 53 555 η.
70 528 128 562 l9).
143 527 306 563 Augustinus
320 535 383 562 ergo
394 527 439 554 ubi
455 528 566 562 primum
578 529 716 556 consilium
726 529 815 557 Rusti-
828 526 830 528 ’

29 573 94 602 ciani
107 574 243 605 intellexit,
261 573 365 600 litteras
376 573 479 608 scripsit
493 573 526 600 ad
538 574 709 607 Macrobiutn,
721 575 814 603 breves

28 620 86 647 illas
99 619 217 654 quidem,
239 618 288 646 sed
315 618 486 646 nihilominus
508 620 699 654 vehementes;
719 621 813 656 quibus

31 666 100 693 illum
121 673 167 700 per
178 665 292 692 salutem
306 665 402 692 anima:
418 665 530 700 adjurat,
548 674 581 693 ne
597 667 717 694 iteratum
727 668 814 703 Baplio

31 720 109 739 smum
122 711 162 738 isti
170 710 336 738 subdiacono
343 711 472 745 conferat,
485 717 528 739 aut
538 713 631 740 saltem
640 719 668 740 ut
675 714 813 748 qumstioni

31 757 59 783 de
72 756 246 791 Baptismate,
269 756 341 791 quod
364 756 512 784 Felicianus
533 758 763 786 administraverat
787 759 813 786 in

31 802 170 830 Maximiani
184 801 330 829 schismate
341 822 348 835 ,
363 802 530 837 respondeat.
543 825 546 828 .
558 803 632 837 Quod
650 808 812 838 postremum

31 849 50 876 si
64 848 102 875 ille
116 848 277 882 pra-stiterit,
295 853 415 882 paratum
429 855 458 875 se
468 853 575 876 sanctus
584 849 680 876 Doctor
688 850 811 881 afﬁrmat,

31 894 59 921 ad
79 894 237 929 Baptismum
261 893 351 920 denuo
374 894 572 929 suscipiendum
587 904 593 921 :
606 895 647 921 sin
670 900 757 923 autem
779 896 813 924 de

32 940 149 968 Felieiani
163 940 232 968 facto
244 941 348 968 dubitet
360 962 367 973 ,
386 941 412 968 id
426 949 455 969 se
470 942 643 976 probaturum
657 950 687 969 ea
699 942 756 977 lege
767 950 812 970 re-

32 987 107 1021 cipit,
118 990 148 1014 ut
158 987 185 1014 ni
198 986 299 1019 iecerit,
315 987 467 1022 episcopatu
479 995 527 1014 suo
536 987 611 1014 cadat
626 987 719 1023 (Epist.
737 988 810 1023 106).

30 1032 141 1059 Maximo
157 1036 184 1059 et.
202 1032 338 1059 Theodoro
359 1033 500 1067 epistolam
519 1033 587 1060 hanc
600 1033 632 1060 ad
652 1033 811 1061 Macrobium

33 1077 200 1105 deferendam
214 1077 322 1104 tradidit.
343 1078 518 1113 Hic'pi'imum
531 1078 590 1106 illos
602 1100 609 1111 ,
624 1086 658 1106 ne
672 1079 811 1114 Augustini

31 1124 130 1151 litteras
142 1124 165 1151 ei
179 1124 323 1156 recitarem,
336 1124 476 1152 admittere
491 1126 516 1151 in
537 1125 694 1159 colloquium
711 1126 809 1159 noluit;

30 1169 73 1197 sed
93 1169 192 1197 tandem
218 1170 368 1204 urgentibus
390 1170 488 1197 cedens
500 1191 507 1203 ,
525 1178 571 1198 eas
586 1171 635 1198 sibi
653 1171 703 1206 legi
719 1179 811 1206 passus

32 1219 77 1242 est.
87 1215 125 1242 Ad
135 1222 198 1249 quas
205 1216 264 1242 huic
273 1215 331 1250 ejus
344 1215 391 1243 fuit
401 1216 540 1251 responsio
556 1226 562 1244 :
573 1216 632 1243 Non
644 1225 746 1252 possunt
762 1217 810 1244 nisi

32 1260 60 1287 ad
73 1268 109 1287 me
119 1260 241 1287 variantes
253 1261 395 1296 suscipere,
410 1266 433 1288 et
444 1261 531 1288 iisdem
544 1261 620 1296 ﬁdem
637 1270 712 1297 quam
726 1268 811 1296 postu-

33 1306 121 1334 taterint
140 1306 198 1333 dare
216 1314 227 1334 :
245 1307 296 1333 hoc
316 1312 357 1334 est
383 1308 504 1334 iteratum
520 1307 664 1342 Baptisma.
688 1307 763 1341 Quod
777 1308 810 1335 ad

33 1354 173 1383 Primianum
189 1360 321 1391 spectat,
343 1363 357 1382 a
373 1362 425 1390 quo
437 1359 464 1382 et
483 1354 631 1382 Felicianus
646 1359 671 1382 et
686 1363 753 1390 quos
768 1356 811 1382 hic

33 1401 187 1436 hapliuverat
197 1401 314 1428 admissi
328 1401 441 1434 fuerant,
453 1408 513 1428 cum
527 1408 542 1427 a
553 1400 666 1427 Maximo
681 1408 711 1428 ac
725 1401 812 1428 Theo—

35 1445 88 1474 doro
99 1447 276 1483 interrogatus
290 1452 372 1480 esset,
386 1447 449 1481 quid
464 1446 587 1481 responsi
600 1447 632 1474 ad
648 1446 673 1473 id
688 1447 808 1479 afferret;

35 1492 90 1520 dixit
100 1502 107 1521 :
118 1493 147 1521 Se
159 1502 243 1528 nuper
259 1493 406 1520 ordinatum
421 1494 501 1527 patris
513 1493 553 1519 sui
566 1492 680 1529 judiccm
692 1501 744 1519 esse
760 1502 811 1519 non

37 1547 104 1574 pom,
118 1540 156 1566 sed
167 1540 192 1566 in
204 1539 238 1566 id
252 1539 322 1574 quod
341 1547 356 1564 α
374 1539 499 1574 prioribus
513 1539 565 1566 suis
579 1539 701 1573 acceperit
711 1547 810 1574 perma-

41 1593 89 1612 nere
99 1584 190 1619 (Epist.
205 1585 262 1612 107
272 1586 292 1620 ).
315 1585 387 1611 llanc
400 1584 524 1612 Macrobii
537 1585 736 1619 responsionem
751 1591 811 1611 cum

37 1629 68 1657 illi
79 1630 211 1665 Augustino
228 1630 437 1665 significassent,
451 1630 473 1656 is
486 1630 582 1657 titnorc
595 1630 673 1657 simul
684 1634 709 1657 et
721 1629 812 1657 dolore

39 1682 153 1710 permotus
165 1677 195 1704 ad
208 1677 338 1704 eumdem
355 1676 474 1710 pluribus
494 1676 661 1704 scribendum
675 1676 810 1710 judicavit.

40 1721 84 1749 Bac
92 1723 157 1749 illum
169 1723 194 1750 in
206 1723 324 1758 epistola
334 1743 342 1754 ,
362 1727 519 1756 argumento
528 1730 560 1749 ex
570 1722 664 1750 eodem
680 1722 749 1749 facto
763 1722 813 1749 Fe-

38 1768 116 1795 lieiani
126 1774 196 1803 atque
209 1777 243 1796 ex
255 1769 316 1803 ipsa
331 1768 458 1795 Primiani
471 1773 498 1796 et
510 1768 659 1795 Maximiani
674 1775 752 1795 causa
769 1776 813 1802 pe-

41 1813 100 1846 tito,
121 1822 203 1849 urgere
218 1816 322 1849 pergit,
349 1814 485 1849 magisque
503 1821 616 1849 operose
635 1813 811 1847 demonstrat,

39 1858 148 1895 quidquid
161 1860 190 1887 ab
201 1867 240 1887 eo
250 1865 343 1888 contra
364 1859 510 1891 Ecclesium
532 1859 621 1886 afferri
635 1859 813 1894 excogitarive

39 1909 126 1939 posset,
144 1906 168 1933 id
180 1914 263 1934 omne
279 1906 328 1933 hac
353 1906 429 1933 unica
452 1905 560 1932 historia
580 1905 691 1933 convelli
703 1925 710 1935 .
734 1912 812 1939 quam

40 1956 156 1987 tuopterea
168 1953 309 1988 speculum
323 1952 387 1987 ipsis
395 1952 568 1979 correctionis
577 1959 591 1978 a
600 1951 687 1978 divina
698 1952 814 1979 clemen-

41 1995 70 2023 tia
84 1997 115 2025 ob
133 2000 223 2026 oculos
242 1999 358 2033 positum
375 2002 451 2025 vocat
467 2006 473 2024 :
490 1998 526 2025 ita
547 2003 575 2025 ut
594 1998 681 2025 omnis
705 1998 813 2026 omnino

40 2040 157 2072 difﬁcultas
171 2045 278 2073 sublata
300 2045 344 2072 sit.
359 2044 449 2080 Itaque
468 2052 528 2071 eum
543 2044 697 2071 cohortatur
708 2064 715 2076 ,
732 2048 762 2070 ut
779 2043 813 2070 de

42 2089 146 2124 Mitt:
163 2092 318 2126 objectione
339 2094 495 2126 cognoscat,
517 2090 658 2125 illamque,
674 2090 696 2117 si
719 2090 812 2124 possit,

44 2127 114 2163 diluat
125 2138 176 2165 :sin
185 2146 256 2165 vero
271 2145 324 2164 non
339 2137 440 2171 possit,
454 2144 488 2164 ne
499 2140 635 2170 susceptas
650 2135 742 2162 Donati
754 2143 814 2170 par-

44 2183 79 2207 tes
92 2180 131 2209 Dei
141 2182 225 2211 timori
242 2182 411 2218 propriaeque
422 2181 498 2209 saluti
513 2184 666 2216 anteponat.
683 2180 767 2214 Quam
780 2181 814 2208 ob

42 2231 131 2255 unum
148 2228 169 2256 ei
186 2233 246 2256 tum
266 2227 419 2255 schismatis
439 2227 507 2254 mala
525 2227 650 2261 exponit,
672 2231 726 2253 tum
745 2227 814 2254 bona

46 2270 136 2299 “uitatis
151 2271 251 2308 (Epist.
268 2272 350 2307 108).
374 2272 481 2299 Dicendi
504 2279 586 2306 genus
609 2279 701 2306 magna
718 2272 814 2305 ubique

47 2315 135 2346 lenitate
148 2325 323 2355 temperatum
337 2327 389 2346 non
407 2320 473 2345 male
491 2319 602 2355 quadrat
618 2319 641 2344 in
659 2324 761 2353 tempus
776 2320 814 2345 in-

45 2363 159 2400 dultmper
169 2352 317 2396 Honorium
332 2367 460 2394 libertatis
470 2388 476 2398 ,
494 2352 525 2392 ad
540 2352 617 2401 quium
634 2366 701 2392 liaml
717 2368 813 2393 scimus

44 2415 71 2436 In
81 2411 198 2447 quidpiam
212 2418 286 2441 vetet
302 2412 393 2439 referri
407 2413 475 2446 quod
491 2414 527 2438 ait
546 2421 551 2438 :
565 2413 629 2438 Ante
641 2413 713 2437 istum
726 2413 812 2446 lcgmn,

45 2462 82 2487 1⁸⁸
91 2459 193 2491 gaudetis
201 2460 270 2486 vobis
280 2459 404 2485 redditum
415 2458 560 2484 libertatem.
575 2458 664 2491 Neque
673 2459 741 2484 enim
748 2458 812 2491 jutn,

46 2504 68 2527 ut
78 2502 106 2530 ab
116 2503 230 2532 iterando
243 2505 406 2539 Baptismate
420 2504 567 2535 deterreat,
591 2505 675 2537 legum
690 2505 814 2530 severita-

45 2549 87 2573 ιθιιι
107 2547 248 2583 Haerebit),
265 2550 488 2585 quemadmodum
506 2550 544 2576 vel
567 2556 627 2576 ante
649 2550 714 2576 latas
730 2555 813 2584 peste-

45 2590 267 2630 mCrispino,
292 2595 432 2622 minitatur
459 2595 630 2629 Augustinus.
662 2596 814 2630 Quanquam

46 2636 217 2677 fortassiserga
235 2641 309 2670 illum
326 2643 361 2670 ita
374 2650 403 2670 se
416 2643 544 2677 gesserit,
568 2650 599 2670 ne
616 2643 682 2669 illius
698 2644 814 2669 animum

45 2685 211 2722 θηωὶιαηι,
228 2688 344 2716 futurum
362 2696 482 2724 sperans,
499 2693 526 2715 ut
539 2688 740 2715 mansuetudine
756 2689 816 2715 laci-

46 2727 88 2757 ῙῘιιι
99 2739 294 2769 ﬂpttttnaretur.
311 2734 490 2768 Praeterquam
502 2734 571 2768 quod
583 2734 743 2760 illocrobium
759 2734 815 2760 exi-

46 2774 152 2806 “innuat
168 2779 245 2808 bona:
258 2780 356 2808 indolis
376 2780 500 2815 juvenem
518 2790 524 2805 :
541 2781 580 2807 cui
599 2780 694 2814 ingenii
713 2788 816 2814 quoque

47 2822 229 2859 acdtttlltenlia‘.
244 2826 350 2853 laudem
371 2826 469 2853 tribuit.
487 2825 509 2853 ls
524 2834 617 2860 porro,
631 2834 689 2851 cum
707 2825 738 2851 ad
757 2834 815 2852 eum

47 2864 191 2902 “Salinas
206 2871 305 2899 litteras
319 2871 406 2903 dedit,
427 2880 479 2899 non
504 2873 538 2898 ita
559 2872 659 2906 pridem
682 2871 817 2898 ordinatus

47 2908 131 2942 ἵκω.
147 2915 290 2952 Hipponem
307 2917 420 2946 solemni
433 2925 526 2953 pompa
539 2918 679 2952 perductus
693 2923 731 2945 est
742 2939 748 2951 ,
761 2918 818 2952 cpi-

680 192 778 222 LIBER
799 191 940 223 SEXTUS.

869 256 966 291 seopali
979 255 1014 284 ibi
1028 265 1138 286 munere
1149 258 1284 288 {tincturus
1297 260 1399 297 (Collat.
1410 263 1529 301 Carthag.
1543 266 1567 298 1,
1582 276 1658 302 capp.

868 302 928 334 158,
945 302 1009 337 20l)
1025 313 1030 329 :
1048 303 1073 330 in
1089 305 1137 331 hac
1151 305 1247 340 quippe
1258 306 1363 337 civitate
1375 310 1477 344 plebem
1497 319 1571 339 suam
1582 313 1660 340 habe-

870 346 915 374 bat
930 347 1025 383 (Epist.
1043 350 1110 383 108,
1125 359 1169 377 un.
1187 352 1236 384 17,
1250 352 1306 388 20).
1323 353 1514 388 lngredientem
1537 358 1609 385 illum
1631 358 1657 386 in

869 392 960 420 urbem
978 394 1225 424 Circumcellionum
1241 397 1324 426 duces
1343 399 1496 429 cohortibus
1511 404 1565 431 suis
1577 404 1658 439 stipa-

867 443 922 466 tum
935 439 1068 468 deduxere
1078 462 1085 474 ,
1103 442 1157 469 Deo
1171 443 1278 472 laudes!
1294 444 1364 472 inter
1375 440 1477 474 cantica
1488 448 1656 478 conclaman-

867 489 907 512 ωδ
916 484 1008 521 (Ibid.,
1018 495 1043 514 η.
1057 487 1120 523 14);
1135 488 1230 523 quibus
1239 490 1358 524 vocibus,
1371 496 1494 527 tanquam
1506 494 1656 528 pradiorum

867 537 974 558 suorum
991 532 1051 559 tuba
1061 554 1068 565 ,
1087 534 1208 562 solebant
1221 542 1250 563 se
1263 536 1295 563 ad
1310 537 1397 565 caedes
1408 543 1500 567 mutuo
1512 541 1655 569 cobortari.

866 575 1015 604 Macrobius
1038 582 1124 606 tamen
1150 588 1242 607 eorum
1266 583 1409 616 petulantia
1428 585 1512 620 magis
1531 585 1657 621 oll'ensus,

866 628 943 655 quam
958 622 1092 658 obsequiis
1109 624 1258 653 delectatus
1270 647 1278 659 ,
1303 634 1396 662 aSpera
1418 630 1444 656 in
1466 638 1513 658 eos
1532 633 1659 666 postridie

866 673 914 713 per
921 667 1091 702 interpretem
1104 669 1200 705 lingua:
1208 672 1311 706 punica:
1321 674 1400 701 verba
1408 676 1527 710 protulit,
1539 677 1658 713 indigna-

866 711 965 739 tionem
977 721 1051 741 suam
1067 715 1203 749 professus
1215 724 1245 744 ea
1259 717 1392 753 libertate,
1410 728 1469 755 quae
1480 721 1564 749 virum
1581 711 1654 759 inge-

865 765 948 785 nuum
962 763 1041 793 atque
1051 760 1191 789 honestum
1205 762 1313 791 deceret
1326 772 1332 789 ε
1347 765 1419 799 quod
1436 766 1502 794 adeo
1516 767 1656 802 impatien-

866 806 907 830 ter
922 805 1055 838 tulerunt,
1080 811 1109 833 ut
1129 812 1189 834 ante
1209 808 1321 836 solutam
1344 811 1500 840 concionem
1523 821 1574 840 non
1598 814 1656 843 sine

864 850 980 878 motibus
992 851 1179 886 indignationis
1191 861 1220 881 ac
1234 854 1331 882 furoris
1346 856 1475 885 indicibus
1487 859 1656 888 excederent.

865 895 948 930 Hujus
970 898 1010 924 rei
1034 902 1116 925 testes
1141 899 1281 928 adfuerunt
1302 901 1499 931 Calliolicorum
1524 907 1656 941 nonnulli,

864 942 960 976 quibus
982 944 1082 978 pariter
1100 945 1215 978 egressis
1228 967 1236 979 ,
1258 947 1440 981 pavimentum
1455 951 1498 977 ubi
1517 955 1655 985 steterant,

864 987 933 1014 salsa
955 995 1023 1023 aqua
1041 989 1166 1017 Macrobii
1189 991 1278 1019 clerici
1297 992 1456 1029 abluerunt,
1479 997 1550 1031 quod
1571 998 1655 1032 ipsum

863 1032 992 1061 familiare
1001 1034 1054 1061 illis
1068 1036 1148 1063 fuisse
1158 1037 1234 1064 testis
1243 1037 1404 1072 estOptatus
1418 1040 1548 1075 (Optatus,
1558 1042 1655 1078 lib.6):

863 1086 941 1113 quem
957 1087 1020 1106 vero
1040 1080 1125 1107 locum
1148 1081 1381 1111 Circumcelliones
1403 1091 1612 1120 occupaverant,
1632 1087 1656 1116 is

862 1125 897 1152 ad
912 1126 1034 1153 eumdem
1048 1127 1155 1154 modum
1172 1136 1337 1164 nequaquam
1354 1131 1476 1165 expiatus
1491 1132 1547 1159 fuit.

898 1172 924 1199 6.
941 1172 1073 1200 Honorius
1085 1173 1243 1201 duodecimo
1264 1174 1392 1203 kalendas
1418 1176 1565 1206 februarias
1583 1187 1653 1214 pra:-

862 1218 945 1245 sentis
959 1218 1020 1245 anni
1034 1218 1117 1253 legem
1132 1220 1227 1254 posuit,
1237 1228 1287 1255 qua
1307 1221 1376 1248 inter
1389 1227 1485 1250 caetera
1502 1223 1586 1258 jubet,
1607 1232 1654 1252 eos

862 1264 906 1298 qui
919 1264 1080 1296 detinentur,
1094 1265 1192 1300 quique
1202 1266 1255 1292 alio
1262 1267 1430 1300 postmodum
1443 1273 1505 1296 sunt
1517 1270 1655 1298 traducen-

862 1310 888 1337 di
905 1310 1043 1345 utjudiciis
1053 1311 1237 1345 ethibeantur,
1254 1313 1325 1347 prius
1346 1315 1433 1349 rogari
1458 1322 1547 1343 coram
1571 1317 1654 1351 magi-

863 1356 1001 1389 stratibus,
1014 1357 1132 1384 velintne
1148 1357 1205 1384 dies
1222 1358 1327 1393 triginta
1343 1360 1369 1386 in
1380 1367 1410 1387 ea
1434 1360 1539 1388 civitate
1560 1362 1586 1389 in
1605 1370 1655 1397 qua

862 1402 1047 1436 comprehensi
1069 1407 1139 1435 sunt,
1163 1403 1212 1430 sub
1231 1404 1366 1431 moderata
1388 1406 1507 1433 custodia
1527 1407 1654 1442 residere,

863 1451 918 1474 tum
928 1452 953 1474 ut
962 1447 1116 1475 domesticis
1125 1448 1270 1475 rationibus
1280 1450 1427 1482 consulant,
1438 1456 1490 1478 tum
1501 1456 1528 1478 ut
1536 1457 1657 1487 sumptus

862 1491 912 1518 sibi
926 1493 1089 1519 necessarios
1101 1496 1209 1527 parent;
1226 1493 1312 1527 iisque
1327 1494 1390 1521 illud
1403 1495 1492 1530 spatii,
1505 1497 1526 1523 si
1540 1504 1572 1524 eo
1589 1498 1657 1525 velle

863 1537 901 1564 uti
914 1538 1071 1573 signiﬁcent,
1087 1546 1119 1565 ex
1136 1539 1192 1574 lege
1212 1546 1228 1565 a
1253 1539 1414 1573 Theodosio,
1438 1542 1516 1568 tertio
1531 1541 1658 1571 kalendas

861 1584 994 1619 januarias
1002 1584 1064 1611 anni
1076 1584 1253 1611 trecentesimi
1262 1586 1416 1620 octogesimi
1429 1588 1592 1623 promulgata
1604 1596 1657 1617 non

864 1630 954 1664 negari
961 1628 1035 1665 (Cod.
1045 1629 1129 1656 Tlteod
1133 1649 1139 1657 .
1144 1650 1151 1662 ,
1159 1630 1191 1657 de
1198 1629 1351 1657 Exhibendis
1357 1631 1394 1658 vel
1400 1633 1595 1661 transmittendis
1600 1634 1658 1668 reis,

864 1676 918 1711 lege
931 1676 965 1711 6)
979 1685 985 1701 ε
1004 1676 1044 1703 sin
1058 1683 1144 1710 secus,
1160 1676 1218 1704 illos
1231 1685 1246 1704 e
1259 1677 1368 1712 vestigio
1383 1685 1443 1705 cum
1462 1680 1659 1708 accusatoribus

864 1722 972 1756 perduci
987 1729 1046 1748 eum
1060 1722 1086 1748 in
1097 1722 1354 1757 locum,quijudicio
1361 1723 1395 1750 sit
1405 1724 1553 1752 destinatus
1564 1724 1657 1760 (lbid.,

865 1767 918 1803 lege
930 1766 968 1803 ὅ).
993 1767 1076 1802 Hujus
1098 1768 1262 1802 Augustinus
1277 1769 1343 1803 legis
1356 1769 1383 1796 in
1398 1770 1516 1804 pluribus
1531 1771 1659 1806 epistolis,

865 1821 943 1840 unam
956 1813 1129 1848 eamdemque
1140 1813 1174 1840 ob
1183 1821 1290 1841 causam
1302 1815 1419 1849 scriptis,
1435 1816 1556 1844 meminit
1564 1816 1660 1853 (Epist.

866 1859 1004 1893 115-115).
1019 1859 1160 1886 Faventins
1174 1867 1237 1894 ergo
1250 1860 1355 1895 quidam
1366 1861 1498 1889 conducto
1511 1862 1589 1894 saltu,
1600 1871 1661 1891 cum

865 1903 898 1931 ab
912 1904 969 1939 ejus
984 1911 1138 1939 possessore
1151 1905 1284 1939 quidpiam
1299 1905 1349 1932 sibi
1366 1906 1480 1940 timeret,
1502 1906 1620 1942 confugit
1635 1908 1662 1936 in

865 1950 1003 1977 ecclesiam
1019 1950 1226 1984 Hipponensem,
1237 1950 1324 1985 ibique
1337 1951 1465 1986 tantisper
1477 1957 1657 1980 commoratus

865 1999 917 2029 est,
931 1996 993 2023 dum
1007 1996 1140 2031 negotium
1151 1995 1223 2027 illud,
1238 2000 1344 2023 sanctus
1358 1996 1460 2024 Prtesul
1476 2002 1658 2032 componeret.

865 2042 905 2070 Re
915 2047 1002 2069 autem
1015 2050 1116 2069 moram
1131 2041 1261 2074 trahente,
1283 2042 1381 2069 sensim
1395 2041 1479 2070 factus
1491 2043 1566 2078 quasi
1581 2051 1657 2071 secu-

866 2089 929 2120 rior,
950 2089 990 2115 sui
1010 2088 1132 2115 servandi
1152 2093 1231 2122 atque
1245 2088 1313 2115 intra
1328 2088 1425 2116 limites
1437 2089 1556 2116 ecclesia:
1572 2090 1659 2117 conti-

867 2134 947 2162 nendi
960 2142 1050 2161 curam
1066 2133 1149 2161 ferme
1172 2133 1314 2168 adjecerat.
1335 2134 1403 2161 Hinc
1430 2133 1538 2168 factum,
1559 2139 1588 2162 ut
1600 2143 1662 2163 cum

866 2181 1008 2216 aliquando
1022 2181 1055 2208 ab
1067 2181 1162 2213 amico,
1176 2187 1289 2215 quocum
1303 2187 1355 2207 una
1372 2185 1535 2215 ctenaverat,
1551 2181 1660 2214 rediret,

866 2235 926 2254 cum
949 2227 1119 2254 Florentinus
1140 2226 1246 2262 quidam
1272 2226 1382 2253 Comitis
1410 2226 1506 2254 Africa:
1526 2227 1661 2261 apparitor

866 2280 926 2300 cum
938 2273 1043 2299 militari
1053 2280 1132 2299 manu
1141 2271 1322 2306 interciperet,
1334 2276 1371 2303 et,
1380 2271 1508 2299 incertum
1519 2279 1581 2306 quo,
1597 2279 1661 2307 per-

867 2318 992 2346 traheret.
1005 2318 1061 2352 Qua
1079 2318 1104 2344 in
1121 2325 1149 2344 re
1160 2325 1211 2344 non
1227 2321 1345 2345 servatas
1365 2317 1447 2345 fuisse
1466 2318 1548 2353 leges,
1565 2319 1662 2347 asserit

866 2365 1030 2401 Augustinus
1044 2363 1138 2400 (Epist.
1152 2362 1223 2399 115).
1240 2362 1275 2395 ls,
1289 2363 1334 2390 ubi
1354 2364 1467 2398 primum
1487 2363 1596 2399 hujusce
1616 2371 1662 2391 ra-

866 2416 927 2446 ptus
946 2411 1029 2437 factus
1050 2414 1091 2437 est
1115 2409 1223 2441 certior,
1248 2409 1322 2435 illum
1346 2409 1433 2436 statim
1447 2416 1496 2443 per
1508 2409 1662 2438 schedulam

866 2456 1010 2485 Cresconio
1036 2455 1151 2488 tribuno,
1173 2455 1215 2482 cui
1236 2455 1370 2489 provincia
1392 2455 1482 2482 tuendi
1504 2456 1662 2485 maritimam

867 2511 942 2531 oram
956 2502 1099 2530 commissa
1114 2501 1210 2534 fuerat,
1227 2501 1356 2528 nuntiavit
1366 2501 1458 2537 (Epist.
1470 2501 1532 2538 115)
1545 2510 1551 2529 :
1564 2502 1598 2529 ab
1611 2502 1664 2531 hoc

867 2548 942 2576 missi
957 2549 1057 2583 aliquot
1069 2555 1084 2575 e
1097 2548 1161 2580 suis,
1177 2547 1242 2574 nihil
1262 2555 1384 2582 reperere
1397 2547 1497 2582 (Epist.
1512 2548 1590 2583 115).
1613 2549 1663 2576 Po-

868 2599 939 2622 stero
954 2594 997 2622 die
1009 2602 1070 2622 cum
1081 2594 1230 2625 diluxissct.
1245 2593 1399 2620 Faventium
1415 2594 1440 2620 in
1458 2593 1538 2622 domo
1550 2594 1663 2629 quadam

868 2645 973 2668 noctem
997 2640 1093 2674 egisse,
1119 2647 1150 2667 ac
1162 2646 1267 2668 summo
1280 2646 1359 2666 mane
1377 2644 1479 2666 certum
1503 2640 1529 2666 in
1547 2640 1633 2667 locum
1647 2647 1664 2666 ι

869 2686 1023 2714 Florentino
1038 2686 1185 2713 traductum
1204 2685 1284 2712 fuisse
1298 2685 1460 2719 Augustinus
1470 2685 1609 2720 comperit.
1625 2685 1664 2712 Eo

869 2733 1009 2760 confestim
1019 2732 1116 2760 direxit
1128 2740 1207 2759 unum
1221 2739 1235 2758 e
1245 2731 1300 2758 suis
1313 2732 1474 2767 presbyteris
1489 2733 1596 2759 nomine
1603 2732 1663 2758 Cte-

870 2780 1004 2811 lestinum,
1019 2780 1076 2814 lege
1092 2779 1259 2814 Imperatoris
1281 2778 1448 2811 instructum,
1466 2778 1509 2812 qui
1533 2777 1664 2804 Florenti-

872 2833 935 2852 num
948 2825 982 2852 de
998 2825 1041 2851 illa
1055 2824 1219 2852 observanda
1240 2824 1420 2858 compellaret.
1446 2822 1574 2849 Recitavit
1587 2829 1610 2849 ei
1624 2822 1664 2850 le-

870 2879 930 2907 gem
944 2869 1121 2903 leestiuus;
1138 2870 1185 2897 sed
1200 2877 1232 2897 ne
1243 2870 1328 2905 potuit
1344 2868 1449 2903 quidem
1468 2867 1502 2894 ab
1523 2874 1555 2894 eo
1577 2867 1663 2902 impr»

872 2920 954 2952 traxe,
971 2921 999 2945 ut
1010 2916 1061 2946 sibi
1073 2917 1205 2952 captivum
1220 2914 1325 2942 videndi
1338 2916 1455 2949 potestas
1473 2913 1548 2941 ﬁeret
1562 2912 1662 2951 (Epist.
