3858 6378
598 464 725 526 sius,
751 460 888 517 Hist.
908 459 996 516 lib.
1013 459 1068 527 7,
1091 473 1206 530 cap.
1226 457 1340 528 b3),
1363 454 1484 513 inde
1504 456 1559 512 in
1582 456 1834 523 Africam,
1856 459 1902 514 si
1921 459 2172 514 Jornandi

595 555 891 621 credimus,
923 553 1204 610 invasurus
1233 551 1574 624 (Jornandes,
1611 550 1698 606 lib.
1730 552 1792 606 de
1817 551 1941 607 Reb.
1974 552 2170 624 σουλ).

591 647 765 705 Porro.
800 646 1060 703 malorum
1104 645 1324 701 istorum
1365 652 1510 700 metu
1536 645 1730 700 civium
1757 645 2170 716 Hipponensium

589 738 833 797 nOnnihil
850 737 1090 810 refriguit
1109 737 1296 808 pietas.
1314 736 1493 792 Multis
1508 737 1618 808 jam
1640 746 1785 793 retro
1805 741 1957 794 anuis
1978 741 2172 796 vestire

588 846 850 902 pauperes
877 837 1031 886 erant
1056 829 1228 896 soliti,
1265 829 1406 899 quod
1445 830 1602 884 etiam
1644 831 1864 895 absente
1889 831 2170 900 aliquando

585 923 883 994 Augustino
913 929 1166 991 praestare
1194 935 1304 975 non
1327 920 1637 976 omiserant.
1667 920 1776 976 Eos
1796 932 2009 976 sanctus
2032 923 2171 978 Prce—

583 1015 973 1084 sulantequam
995 1026 1114 1068 sese
1140 1011 1192 1066 in
1215 1012 1352 1068 viam
1374 1011 1544 1081 daret,
1567 1013 1843 1083 diligenter
1861 1015 2171 1069 adhortatus

582 1107 756 1162 fuerat
777 1147 793 1173 ,
826 1114 885 1161 ut
911 1105 1056 1175 pium
1081 1104 1210 1160 illud
1234 1120 1370 1176 opus
1393 1121 1490 1160 suo
1517 1121 1668 1160 more
1701 1116 2166 1176 prosequerentur,

583 1197 932 1254 nihilominus
954 1205 1129 1251 tamen
1158 1196 1210 1250 id
1234 1196 1494 1267 comperit
1519 1195 1817 1266 neglectum
1845 1196 1912 1250 ab
1931 1196 2032 1249 illis
2053 1196 2169 1250 luis.

579 1303 658 1345 se.
703 1288 1200 1357 Quamobrem,per
1235 1287 1440 1341 litteras
1484 1287 1564 1342 eis
1603 1294 1843 1341 amanter
1881 1286 2166 1341 admodum

579 1390 802 1438 conatur
828 1380 1166 1452 persuadere,
1199 1390 1255 1435 ut
1276 1378 1413 1434 idem
1435 1378 1736 1434 christiana:
1758 1379 2031 1434 charitatis
2051 1380 2169 1434 offi-

576 1473 716 1530 cium
746 1488 843 1542 pro
869 1472 979 1527 suis
1007 1471 1229 1541 quisque
1253 1470 1443 1540 Opibus
1461 1511 1477 1536 ,
1508 1470 1581 1524 uti
1606 1470 1814 1525 solebat
1837 1479 1988 1526 antea
2010 1513 2023 1537 ,
2058 1486 2166 1526 non

575 1561 835 1619 detrectet
853 1562 1106 1618 exhibere
1127 1560 1463 1631 impendente
1479 1560 1587 1630 jam
1605 1561 1757 1616 ruina
1777 1571 1832 1616 et
1846 1562 2166 1618 contritione

575 1653 780 1713 mundi.
811 1653 1049 1708 Imitetur
1074 1651 1249 1722 potius
1269 1651 1407 1715 illos,
1437 1651 1525 1720 qui
1555 1651 1758 1706 aedibus
1784 1653 1990 1706 ruinam
2013 1653 2167 1707 mini-

576 1747 832 1812 tantibus,
859 1745 1096 1800 fortunas
1117 1760 1242 1800 suas
1263 1746 1508 1799 tutiorem
1537 1745 1588 1799 iu
1614 1746 1787 1801 locum
1813 1746 2161 1806 transferunt:

574 1855 784 1896 memor
819 1839 1020 1894 scilicet
1053 1836 1330 1907 apostolici
1367 1837 1509 1892 illius
1534 1840 1891 1908 pronuntiati,
1919 1839 2166 1896 Dominus

573 1929 628 1985 in
648 1932 878 2000 proximo
899 1939 1004 1997 est,
1033 1929 1161 1984 nihil
1177 1929 1380 1984 solliciti
1408 1930 1606 2001 fueritis
1640 1929 1863 2001 (Philip.
1895 1947 1973 1998 tv,
2004 1933 2058 1999 5,
2086 1931 2161 2005 6).

570 2021 734 2079 Suam
765 2023 869 2079 illis
895 2023 1186 2079 absentiam
1217 2031 1408 2093 purgat
1435 2023 1488 2078 in
1517 2023 1776 2093 principio
1799 2025 2036 2094 epistolae
2054 2067 2070 2092 ,
2097 2026 2165 2081 ad

573 2128 690 2168 eam
711 2124 954 2170 coactum
981 2129 1041 2169 se
1065 2128 1188 2170 esse
1210 2127 1525 2169 asseverans
1549 2114 1668 2168 aliis
1695 2115 1888 2170 Christi
1911 2116 2165 2171 membris

571 2206 918 2262 subveniendi
960 2207 1312 2270 necessitate;
1349 2222 1453 2278 qua
1489 2208 1648 2262 etiam
1669 2247 1685 2274 ,
1718 2209 1818 2262 nisi
1850 2209 2164 2264 valetudinis

570 2296 875 2354 inﬁrmitate
916 2299 1103 2354 fuisset
1143 2297 1441 2368 prohibitus
1461 2339 1476 2364 ,
1506 2297 1571 2352 ad
1602 2298 1968 2367 trajiciendum
1995 2315 2160 2365 mare,

569 2391 712 2461 quod
749 2406 854 2446 non
884 2407 1007 2446 raro
1042 2391 1124 2446 sui
1164 2390 1383 2459 collega:
1425 2389 1692 2454 fecerant,
1725 2390 1970 2446 inductus
1997 2400 2159 2446 esset.

573 2481 760 2552 Neque
803 2482 912 2536 illic
943 2481 1247 2536 dissimulat
1274 2479 1569 2535 absentiam
1596 2479 1730 2535 hanc
1765 2496 1913 2534 suam
1949 2497 2163 2551 permo-

570 2572 708 2629 leste
749 2572 930 2627 tulisse
969 2571 1340 2642 Hipponenses
1374 2589 1388 2627 :
1419 2571 1559 2642 quod
1590 2571 1760 2642 ipsum
1801 2589 1904 2628 non
1941 2575 2080 2629 male
2110 2575 2161 2629 in

570 2675 794 2728 annum,
824 2671 884 2716 ut
905 2677 1027 2717 mox
1054 2661 1360 2716 dicebamus
1379 2703 1395 2730 ,
1423 2662 1998 2734 quadringentesimum
2022 2665 2163 2720 deci-

567 2772 718 2816 mum
747 2756 992 2828 quadrat.
1038 2755 1190 2811 Adde
1222 2771 1434 2826 quoque
1471 2757 1570 2812 sub
1599 2757 1791 2814 hiemis
1820 2757 2028 2814 initium
2056 2759 2160 2814 lar-

568 2850 760 2923 gienda
789 2850 952 2907 fuisse
982 2852 1299 2922 pauperibus
1324 2851 1661 2907 vestimenta.

559 2995 566 3002 .
639 2941 694 2997 5.
723 2940 835 2997 Hoc
856 2940 972 3012 ipso
994 2941 1236 2997 fortassis
1256 2941 1781 3013 quadringentesimo
1795 2942 2004 2999 decimo
2017 2941 2164 3000 Chri-

568 3033 638 3089 sti
660 3048 800 3087 anno
820 3033 1203 3102 qumstionibus
1226 3034 1463 3089 Dioscuri
1490 3033 1664 3090 facere
1687 3036 1816 3090 satis
1837 3037 2161 3106 Augustinus

568 3121 876 3193 aggreditur
907 3139 921 3177 :
949 3122 1379 3192 quandoquidem
1405 3137 1464 3178 se
1484 3123 1593 3193 jam
1620 3133 1729 3178 tum
1766 3135 1920 3182 aetate
1946 3142 2158 3195 canum,

569 3213 714 3285 quod
743 3213 794 3267 in
825 3212 1102 3268 hominem
1130 3213 1506 3283 quinquaginta
1534 3229 1627 3269 sex
1657 3230 1827 3270 annos
1859 3225 2040 3270 natum
2068 3233 2160 3272 ca-

570 3303 700 3360 dere
719 3311 913 3373 potest,
934 3319 1054 3359 esse
1077 3311 1298 3360 testatur
1321 3302 1512 3376 (Epist.
1534 3305 1658 3375 118,
1678 3322 1730 3359 n.
1747 3305 1801 3379 9)
1823 3323 1837 3372 ;
1867 3317 2024 3379 atque
2045 3319 2159 3365 orta

570 3397 661 3453 hic
683 3395 966 3452 occasione
992 3395 1201 3452 dicendi
1229 3395 1297 3452 de
1321 3395 1605 3464 barreticis,
1634 3399 1724 3468 qui
1753 3414 1844 3468 per
1871 3400 1923 3455 id
1951 3409 2160 3472 tempus

569 3487 1026 3544 tumultuabantur
1070 3488 1122 3542 in
1163 3488 1369 3555 Africa,
1409 3488 1581 3560 deque
1621 3490 1992 3561 Opinionibus,
2027 3510 2160 3564 quas

567 3593 748 3651 Opera:
768 3581 1000 3652 pretium
1027 3590 1142 3636 erat
1165 3596 1508 3652 cognoscere,
1537 3584 1856 3651 Donatistas,
1883 3587 2157 3644 Maximia-

574 3671 777 3738 nistas,
820 3681 875 3728 et
899 3673 1216 3728 Manichteos
1261 3675 1498 3731 nominat
1537 3674 1732 3744 (Ibid.,
1765 3696 1818 3732 η.
1851 3679 1975 3749 12),
2016 3681 2158 3735 nulla

571 3765 846 3821 mentione
882 3765 1072 3835 injecta
1101 3764 1502 3835 Pelagianorum
1540 3768 1942 3826 inimicorumve
1977 3773 2159 3841 gratiae

567 3854 796 3921 Christi,
828 3857 880 3911 in
923 3871 1058 3926 quos
1094 3857 1378 3912 concilium
1409 3873 1550 3912 anno
1577 3861 1820 3930 sequenti
1864 3861 2157 3932 cogendum

566 3948 686 4006 fuit.
713 3950 882 4005 Porro
901 3950 1185 4006 Dioscorus
1207 3949 1294 4006 ille
1311 3950 1523 4020 juvenis
1543 3959 1678 4018 erat,
1701 3968 1732 4007 e
1755 3953 1956 4008 Graecia
1977 3955 2158 4010 oriun—

566 4041 688 4105 dus,
713 4042 800 4111 qui
824 4049 1103 4112 postquam
1131 4042 1299 4112 prima
1319 4044 1625 4114 graecanicae
1647 4045 1840 4116 lingua:
1860 4046 2154 4103 rudimenta

566 4132 884 4199 imbibisset,
912 4134 1135 4189 Romam
1164 4148 1228 4189 ac
1253 4133 1374 4190 dein
1399 4135 1770 4208 Carthaginem
1789 4180 1803 4202 ,
1835 4155 1936 4208 qua
1965 4148 2074 4194 tum
2100 4141 2152 4195 in

566 4223 704 4279 urbe
743 4225 1084 4290 morabatur,
1129 4234 1352 4280 venerat
1390 4227 1567 4281 latinis
1604 4228 1795 4282 litteris
1831 4229 2154 4286 erudiendus

569 4313 756 4383 (Ibid.,
786 4331 875 4368 nn.
896 4315 950 4379 9,
980 4315 1089 4386 10).
1122 4315 1220 4370 Hic
1245 4315 1360 4370 aliis
1387 4317 1713 4386 quibuslibet
1732 4318 1988 4374 doctrinis
2015 4319 2156 4376 chri-

565 4405 794 4460 stianam
827 4405 1162 4475 praeferebat,
1194 4421 1418 4476 eamque
1447 4405 1938 4478 proﬁtebaturesse
1961 4411 2149 4478 solam,

562 4515 665 4570 qua
693 4509 874 4571 posset
899 4508 1115 4554 aeterna:
1142 4499 1264 4554 vita:
1289 4513 1412 4569 Spes
1437 4499 1616 4556 afferri
1660 4499 1819 4570 (Ibid.
1837 4545 1852 4568 ,
1885 4520 1937 4556 η.
1962 4503 2071 4575 Η).
2103 4502 2152 4560 Is

563 4589 724 4659 igitur
752 4607 872 4646 cum
913 4607 1039 4647 suos
1075 4592 1348 4647 revisurus
1370 4591 1480 4662 jam
1511 4601 1655 4648 esset
1691 4594 1742 4648 in
1779 4595 2050 4664 procinctu
2083 4595 2151 4650 ad

563 4682 907 4748 repetendam
935 4683 1196 4738 Graeciam
1239 4681 1440 4755 (Ibid.,
1477 4702 1566 4740 nn.
1604 4688 1669 4753 l,
1709 4688 1810 4758 2),
1851 4689 2147 4760 Augustino

564 4769 846 4838 quemdam
878 4771 1092 4826 nomine
1115 4773 1410 4829 Cerdonem
1440 4775 1741 4842 destinavit,
1769 4779 2151 4848 qumstionibus

563 4867 814 4914 onustum
835 4860 993 4930 longe
1011 4860 1357 4929 difficillimis,
1389 4873 1497 4920 tum
1523 4867 1574 4921 iu
1599 4867 1835 4939 dialogos
1853 4870 2146 4941 Ciceronis,

563 4961 625 5007 ut
665 4953 836 5007 varias
876 4953 1312 5024 philosophorum
1348 4958 1626 5026 Opiniones
1655 4961 2004 5033 intelligeret,
2036 4973 2146 5019 tum

563 5045 724 5100 etiam
755 5045 806 5098 in
840 5045 1122 5100 Oratorem
1152 5046 1388 5114 ejusdem
1419 5048 1604 5114 Tullii,
1639 5066 1703 5106 ac
1731 5052 1894 5108 libros
1920 5054 1987 5110 de
2011 5053 2148 5110 Ora-

563 5148 680 5194 tore
697 5138 887 5211 (lt‘pist.
905 5138 1048 5210 117).
1071 5139 1363 5194 Permirum
1382 5141 1674 5210 Augustino
1694 5143 1862 5198 visum
1885 5155 1986 5214 est,
2003 5147 2146 5217 quod

561 5230 663 5285 sibi
692 5240 768 5285 tot
786 5231 930 5285 curis
960 5238 1162 5283 tantum
1189 5245 1293 5284 non
1319 5231 1511 5285 obruto
1531 5231 1855 5302 qumstiones
1879 5252 2144 5308 propone-

560 5331 748 5378 rentur
777 5320 912 5377 adeo
936 5319 1179 5376 difficiles
1197 5361 1212 5383 ,
1241 5321 1309 5376 ab
1333 5323 1566 5393 episc0pi
1587 5323 1776 5378 studiis
1802 5334 1961 5395 atque
1982 5345 2144 5385 occu—

558 5415 860 5488 pationibus
887 5413 1023 5469 adeo
1055 5413 1416 5485 discrepantes
1434 5456 1450 5482 ,
1480 5429 1544 5470 ac
1572 5415 1622 5470 in
1650 5431 1712 5472 ea
1743 5417 1957 5474 demum
1984 5436 2142 5491 argu-

557 5519 759 5576 menta,
785 5523 905 5578 qute
933 5506 1016 5562 vel
1046 5515 1178 5562 tetas
1201 5522 1265 5561 ex
1294 5508 1547 5562 memoria
1576 5509 1858 5566 delcvisset
1877 5555 1891 5578 ,
1922 5514 2003 5568 vel
2031 5515 2140 5584 ipsa

556 5601 919 5673 cognitionum
951 5598 1120 5670 magis
1156 5600 1361 5654 utilium
1391 5601 1746 5658 oblitterasset
1775 5605 2138 5675 investigatio;

556 5704 778 5760 quaeque
807 5690 1002 5747 idcirco
1032 5691 1088 5746 in
1115 5700 1347 5747 mentem
1375 5693 1471 5761 ipsi
1501 5694 1795 5750 revocanda
1825 5695 2049 5752 fuissent
2073 5714 2139 5753 ex

559 5775 743 5847 libris,
775 5797 909 5850 quos
945 5798 1013 5839 ne
1052 5784 1289 5855 reperire
1329 5783 1542 5856 quidem
1578 5785 1820 5857 Hippone
1856 5790 2132 5861 potuisset.

1699 345 1857 401 VITA
1894 344 1953 400 S.
1993 345 2362 404 AUGUSTINI
2399 344 2718 404 EPISCOPI.
3276 333 3279 335 i
3679 365 3754 424 ω

2282 460 2414 516 Cum
2461 468 2638 516 autem
2685 458 2788 514 illae
2829 458 2898 514 ad
2937 457 3246 532 explendam
3283 462 3435 521 animi
3473 468 3748 533 curiositatem

2280 562 2581 623 spectarent
2606 567 2792 607 omnes
2811 593 2826 616 .
2856 553 3142 608 maximum
3170 555 3220 610 in
3247 557 3446 612 modum
3479 559 3748 624 abhorrebant

2276 645 2344 700 ab
2373 645 2628 700 institutis
2647 643 2912 715 episcopi:
2939 644 3088 715 cujus
3111 645 3240 702 illud
3267 648 3316 702 in
3342 650 3509 719 primis
3527 657 3668 720 refert,
3688 675 3745 713 cu-

2275 739 2500 794 riositati
2527 740 2746 795 nimium
2769 739 3102 812 indulgentes
3120 741 3382 800 cohibere.
3407 745 3554 802 Deum
3570 749 3698 820 ipsum
3712 755 3744 809 in

2274 829 2496 898 epistola
2526 846 2618 884 sua
2651 839 2838 888 testem
2873 831 3165 887 adducebat
3197 834 3489 903 Dioscorus,
3523 841 3746 900 omninose

2273 920 2339 974 ad
2369 937 2489 976 eum
2522 923 2948 993 interrogandum
2980 938 3140 994 super
3166 923 3310 981 hisce
3339 927 3485 982 rebus
3513 933 3745 990 necessitate

2271 1014 2623 1081 compulsum.
2651 1014 2984 1085 Quapropter
3011 1031 3128 1085 quae
3153 1015 3534 1074 obtestationem
3557 1020 3666 1076 illam
3686 1041 3742 1080 se.

2272 1103 2604 1172 quebantur,
2647 1121 2806 1175 quam
2845 1106 3195 1162 attentissime
3231 1107 3443 1176 perlegit
3470 1109 3549 1165 Vir
3577 1124 3740 1179 Sanctus,

2272 1193 2520 1247 nimirum
2541 1204 2616 1258 ut,
2635 1195 2761 1264 quid
2788 1195 2944 1251 isthic
2961 1206 3105 1252 esset
3121 1208 3224 1252 tam
3247 1199 3466 1268 urgentis
3484 1204 3741 1270 necessitatis,

2270 1297 2632 1354 cognosceret.
2663 1287 2821 1358 Atqui
2850 1287 3002 1342 facile
3029 1288 3372 1359 deprehendit
3395 1290 3442 1345 id
3467 1307 3642 1360 prorsus
3659 1296 3741 1350 nihil

2272 1377 2413 1432 aliud
2438 1393 2580 1445 esse,
2610 1379 2709 1433 nisi
2730 1380 2870 1449 quod
2892 1379 3172 1435 verebatur
3186 1379 3408 1451 juvenis,
3432 1397 3491 1438 ne
3510 1388 3739 1440 reversusin

2270 1471 2523 1540 patriam,
2556 1472 2600 1526 si
2631 1470 2767 1527 forte
2804 1471 2921 1528 istis
2962 1473 3337 1543 quaestionibus
3373 1473 3643 1543 respondere
3671 1491 3739 1530 non

2269 1571 2481 1632 posset,
2513 1578 2608 1633 pro
2638 1562 2786 1617 tardo
2810 1577 2875 1618 ac
2905 1563 3098 1619 stolido
3129 1563 3420 1618 haberetur.
3451 1562 3545 1617 Hoc
3566 1570 3648 1618 loco
3668 1583 3739 1620 rem

2269 1655 2458 1720 exarsi,
2486 1655 2560 1709 ait
2585 1657 2929 1726 Augustinus,
2960 1658 3027 1710 ad
3050 1656 3412 1710 rescribendum
3436 1657 3511 1710 tibi
3534 1673 3548 1710 :
3568 1658 3739 1711 hormia

2269 1745 2514 1815 languore
2540 1747 2696 1800 animi
2721 1747 2796 1800 tui
2820 1747 3087 1818 penetrasti
3114 1747 3234 1800 mihi
3261 1757 3438 1817 pectus,
3468 1756 3508 1800 et
3528 1747 3738 1818 irrupistiin

2268 1854 2417 1892 curas
2452 1856 2620 1906 meas,
2652 1849 2704 1892 ut
2743 1840 3063 1893 dissimulare
3100 1856 3203 1892 non
3242 1855 3454 1907 possem,
3494 1849 3739 1906 quantumuis

2267 1926 2408 1982 Deus
2431 1928 2714 1997 adjuvaret,
2746 1928 2934 1982 mederi
2961 1928 3083 1993 tibi;
3110 1945 3211 1982 non
3230 1938 3281 1981 ut
3302 1929 3360 1981 de
3383 1930 3471 1982 tuis
3486 1925 3738 1997 questionibus

2267 2020 2544 2073 enodandis
2570 2020 2978 2092 explitandisque
3014 2022 3316 2092 cogitarem,
3357 2020 3438 2075 sed
3470 2031 3516 2074 ut
3539 2021 3737 2091 felicitatem

2266 2118 2403 2163 tuam
2436 2113 2732 2183 pendentem
2768 2129 2829 2167 ea:
2863 2113 3048 2182 linguis
3077 2112 3335 2166 hominum
3363 2122 3493 2183 atque
3517 2121 3736 2166 nutantem

2267 2209 2368 2254 tam
2380 2204 2568 2274 infelici
2579 2203 2858 2258 retinaculo
2871 2204 3239 2276 abrumperent,
3256 2214 3300 2260 et
3314 2204 3496 2259 cuidam
3507 2204 3593 2258 sedi
3602 2204 3734 2258 omnino

2264 2295 2574 2350 inconcussa:
2601 2295 2864 2367 stabilique
2889 2297 3158 2368 religarem
3183 2295 3369 2369 (Epist.
3393 2295 3500 2359 118.
3527 2311 3568 2353 tt.
3592 2291 3647 2365 3).
3676 2292 3734 2346 llic

2267 2385 2424 2454 igitur
2453 2385 2802 2450 demonstrat,
2834 2385 3178 2456 cupiditatem
3219 2387 3332 2457 ejus
3371 2401 3547 2442 meram
3575 2398 3734 2439 esseta-

2267 2474 2518 2539 nitatem,
2552 2475 2638 2531 cui
2677 2477 2744 2531 ab
2782 2477 3043 2547 episcopis
3082 2493 3200 2531 mos
3239 2478 3378 2532 nullo
3406 2483 3539 2546 pacto
3562 2473 3736 2545 gerendus

2266 2576 2427 2623 esset.
2459 2569 2594 2636 Quin
2617 2569 2776 2624 etiam
2803 2569 3044 2626 eamdem
3073 2571 3207 2624 nulli
3235 2571 3346 2625 usui
3367 2569 3584 2632 futuram,
3603 2579 3736 2621 cumet

2267 2668 2508 2730 tempore
2537 2661 2860 2732 reperiretur
2891 2677 3049 2716 nemo
3069 2703 3082 2728 ,
3133 2663 3219 2733 qui
3267 2663 3532 2732 priscorum
3565 2658 3604 2714 id
3631 2670 3735 2728 genus

2266 2752 2728 2824 philosophorum,
2750 2769 2974 2825 quorum
2997 2753 3111 2810 fere
3137 2755 3218 2810 vel
3243 2755 3447 2810 nomina
3478 2751 3735 2808 oblivioncse

2266 2845 2412 2915 pulta
2437 2854 2637 2912 essent,
2665 2845 2920 2900 rimandis
2946 2845 3402 2917 disquirendisque
3425 2843 3646 2901 sententiis
3659 2852 3737 2908 opo-

2264 2951 2381 2991 ram
2409 2936 2617 2993 luderet
2645 2953 2794 2993 suam
2827 2956 2840 2992 :
2880 2937 2955 2993 illi
2995 2938 3213 3008 quidem
3238 2937 3466 2994 nonnihil
3489 2931 3733 2990 existimatio-

2265 3028 2350 3083 nis
2372 3043 2435 3084 ac
2457 3028 2706 3096 nominis,
2736 3029 2780 3083 si
2808 3045 2910 3100 qua
2938 3029 3055 3099 ejus
3080 3031 3159 3085 rei
3185 3046 3306 3086 cura
3334 3028 3514 3084 homini
3536 3023 3732 3080 christiano

2265 3133 2386 3174 esse
2415 3119 2664 3184 deberet,
2701 3119 2957 3175 accedere
2987 3136 3146 3191 posse
3177 3121 3434 3192 legendis,
3469 3117 3546 3189 qui
3577 3113 3734 3170 celebres

2263 3211 2554 3267 etiamnum
2583 3220 2754 3278 erant,
2783 3211 2984 3268 Graecis
3009 3211 3372 3282 philosophis;
3399 3219 3448 3265 at
3463 3224 3570 3264 vero
3585 3199 3732 3275 quodad

2263 3300 2537 3357 Ciceronis
2559 3303 2722 3357 libros
2743 3344 2758 3370 ,
2785 3303 2875 3372 qui
2904 3311 3015 3357 tum
3040 3305 3364 3374 negligenter
3381 3298 3617 3357 admodum
3632 3291 3732 3348 babe-

2262 3393 2457 3450 bantur
2481 3394 2620 3464 apud
2651 3394 2897 3460 Latinos,
2931 3394 2984 3450 id
3013 3411 3138 3450 eum
3173 3410 3266 3465 pro
3289 3403 3430 3450 certo
3457 3401 3602 3446 tenere
3619 3396 3730 3456 posse»

2261 3496 2532 3556 repertum
2561 3487 2624 3541 iri
2656 3487 2956 3555 neminem,
2986 3489 3074 3558 qui
3107 3503 3292 3544 eorum
3324 3488 3374 3542 in
3400 3482 3573 3541 Gracia
3595 3474 3734 3533 mentio
3792 3517 3793 3526 χ

2262 3593 2384 3632 nem
2413 3578 2631 3648 injiciat.
2665 3577 2894 3633 Facilius
2919 3581 3130 3650 quippe,
3163 3580 3328 3651 inquit
3353 3578 3438 3632 Vir
3460 3585 3644 3634 sanctus,
3664 3583 3732 3620 60f-

2262 3669 2457 3724 niculas
2479 3671 2532 3724 in
2553 3671 2728 3742 Africa
2753 3672 2992 3740 audieris,
3021 3689 3177 3743 quam
3202 3674 3252 3726 in
3276 3673 3373 3726 illis
3394 3668 3584 3742 partibus
3603 3665 3668 3716 hoc
3683 3672 3733 3730 go-

2260 3778 2356 3816 nus
2382 3763 2518 3818 vocis
2548 3760 2734 3831 (Ibid.,
2761 3780 2815 3816 n.
2837 3762 2914 3835 9).
2943 3764 3123 3830 Quare
3151 3765 3198 3819 ei
3227 3764 3404 3819 nititur
3423 3754 3685 3831 persuadere.
3701 3754 3733 3800 ul

2259 3854 2496 3909 scientia:
2522 3854 2752 3925 cuipiam
2785 3855 2952 3926 magis
2991 3857 3310 3912 necessariae
3345 3852 3559 3915 studeat,
3582 3839 3732 3909 exetnl)li

2258 3962 2417 4002 causa
2447 3947 2721 4003 hatreseon
2748 3947 3068 4019 cognitioni;
3103 3927 3318 4018 propter
3344 3960 3428 4002 eas
3454 3942 3638 4001 scilicet.
3659 3945 3732 4001 (1⁸1³³

2261 4048 2369 4094 tum
2395 4038 2697 4108 Orientem,
2729 4055 2834 4110 quo
2877 4039 2978 4094 iter
3018 4038 3108 4095 ille
3148 4037 3464 4102 destinabat,
3489 4025 3731 4088 infesubant.

2259 4131 2366 4188 Sed
2391 4131 2536 4186 illum
2563 4132 2725 4186 etiam
2753 4141 2911 4202 atque
2934 4129 3094 4191 etiam
3122 4131 3439 4193 adhortatur,
3465 4133 3514 4178 ut
3535 4115 3666 4192 pietati
3684 4113 3732 4164 in-

2256 4225 2490 4288 cumbat,
2518 4233 2572 4279 et
2591 4223 2876 4278 humilitati
2899 4224 2950 4278 in
2973 4224 3179 4293 primis,
3207 4226 3286 4278 cui
3309 4217 3473 4275 virtuti
3495 4211 3631 4270 inanis
3644 4205 3733 4261 illius

2259 4315 2608 4386 philosophia:
2645 4315 2877 4370 studium
2920 4314 3264 4370 vehementer
3296 4311 3586 4366 adversatur.
3611 4298 3655 4354 Ei
3683 4304 3731 4392 tt-

2257 4426 2378 4466 men
2403 4410 2658 4481 quasdam
2679 4407 3118 4480 philosophorum
3138 4407 3405 4478 opiniones
3423 4395 3618 4470 exponit,
3637 4397 3671 4444 et
3685 4396 3731 4437 Sic

2255 4500 2400 4556 velut
2444 4501 2496 4554 in
2535 4509 2839 4554 transcursu
2878 4499 2994 4569 ejus
3024 4500 3213 4569 partim
3250 4495 3433 4554 enodat
3466 4485 3729 4576 qttzestioncf;

2253 4609 2372 4664 qtae
2405 4607 2534 4648 vero
2562 4592 2628 4648 de
2666 4567 2951 4647 Platonicis
2980 4567 3168 4659 tradit,
3198 4607 3259 4647 ea
3287 4597 3405 4645 sunt
3434 4567 3730 4664 observatuij

2251 4659 2526 4754 ghissima.
2557 4682 2694 4750 Quin
2721 4683 2880 4738 etiam
2915 4683 2980 4738 ad
3011 4691 3206 4739 czetera
3245 4673 3561 4752 philosophiae
3591 4659 3730 4738 Pmble'

2251 4786 2416 4844 mata,
2442 4793 2560 4847 quae
2586 4792 2678 4831 sua
2707 4777 2758 4830 in
2785 4777 3132 4847 responsione
3163 4791 3268 4830 non
3291 4771 3530 4842 attigerat,
3552 4761 3730 4850 obscrﬂ:
3786 4839 3787 4848 χ

2251 4869 2513 4924 tiunculas
2539 4867 2820 4922 nonnullas
2837 4867 3057 4923 addidit.
3091 4867 3196 4922 Has
3219 4865 3274 4921 in
3299 4862 3474 4919 iisdem
3493 4848 3730 4912 membranis
3786 4887 3787 4904 η

2251 4962 2494 5032 scripsit,
2527 4961 2576 5014 iu
2617 4959 2808 5030 quibus
2846 4962 3063 5015 miserat
3100 4959 3188 5014 ille
3227 4971 3345 5012 suas
3379 4947 3661 5040 quaestiones:

2251 5029 2377 5107 vero
2403 5067 2520 5122 qua:
2547 5050 2613 5106 ad
2636 5029 2962 5106 rhetoricam
2989 5051 3314 5122 spectabant,
3343 5061 3402 5102 ea
3428 5043 3468 5098 si
3491 5029 3731 5132 suscepisti

2250 5141 2578 5214 explananda
2600 5184 2614 5206 ,
2643 5151 2851 5212 tempus
2877 5142 2928 5197 in
2956 5142 3116 5196 meris
3148 5139 3298 5211 nugis
3318 5146 3464 5206 atque
3489 5124 3656 5196 ineptiis
3675 5125 3728 5168 ῐε·

2249 5252 2367 5292 rere
2388 5237 2486 5290 sibi
2508 5237 2650 5290 visus
2669 5245 2830 5290 esset.
2859 5235 3110 5290 Dioscoro
3131 5232 3380 5305 significat
3399 5227 3528 5297 plura
3547 5217 3729 5289 P“mare

2248 5331 2348 5385 sibi
2376 5347 2482 5385 non
2509 5331 2719 5385 licuisse
2749 5348 2761 5383 :
2793 5330 2900 5384 imo
2924 5343 3023 5386 nec
3045 5343 3106 5384 ea
3133 5329 3243 5397 ipsa
3265 5324 3416 5380 fuisse
3433 5310 3725 5397 Pm‘i‘"r_"m’

2247 5421 2348 5475 nisi
2370 5421 2588 5476 morbus
2617 5421 2704 5475 ubi
2731 5420 2943 5489 paulum
2971 5392 3277 5479 remisisset,
3302 5410 3414 5470 eum
3439 5405 3497 5462 ad
3519 5392 3726 5498 dist‘fdcg'

2246 5515 2373 5571 dum
2418 5516 2657 5586 Hippone
2693 5484 2966 5569 reficiendi
3006 5511 3241 5582 corporis
3266 5505 3418 5578 gratia
3443 5484 3724 5562 compulisset.

2245 5607 2384 5664 Petit
2411 5623 2441 5662 a
2473 5608 2745 5669 Dioscmo,
2779 5615 2854 5670 ut,
2885 5620 2988 5676 qua
3017 5605 3219 5661 ratione
3241 5597 3495 5671 epistolam

2243 5701 2472 5772 ceperit,
2503 5700 2602 5754 sibi
2633 5701 2856 5754 nuntiet.
2901 5671 3070 5753 l’orro
3101 5711 3207 5766 quo
3244 5700 3462 5760 teml)ore
3497 5671 3722 5772 ulla“?

2246 5763 2521 5861 epistolam
2547 5789 2783 5848 Dioscori
2809 5790 2875 5847 ad
2901 5805 3022 5847 eum
3051 5763 3278 5861 pertulit,
3303 5780 3488 5840 inﬁrma
3505 5763 3721 5825 adbnct‘l‘
