1929 3187
67 191 112 221 893

66 250 168 279 tetudine
177 248 339 276 detinebatur
351 256 358 273 :
370 250 395 274 et
407 250 495 282 postea
509 245 586 273 etiam
599 246 655 281 ipso
666 246 692 272 in
704 246 771 277 loco,
784 244 829 272 ubi

67 296 179 324 liberioris
190 294 257 322 aeris
269 294 352 328 gratia
366 293 552 326 rusticabatur,
569 292 696 328 febriper
707 292 765 321 dies
778 293 828 320 ali-

66 346 120 377 quot
131 340 247 375 repetitus
262 339 321 367 fuit.
832 354 836 382 ε

96 389 119 416 4.
131 387 262 423 Epistulam
272 393 376 422 quoque
387 385 421 414 ad
433 386 603 414 Consentium
615 389 742 422 scriptam
755 394 827 420 rure,

67 442 110 470 quo
125 439 218 461 sanctus
236 433 280 460 Vir
298 432 330 460 ad
351 437 455 468 tempus
472 433 597 461 secedere
620 441 759 462 necessum
779 434 827 462 ha-

67 481 144 508 buerat
156 479 242 515 (Epist.
255 479 314 509 119,
328 487 354 505 rt.
367 479 404 513 1),
416 479 478 506 dum
492 479 580 507 adhuc
598 479 680 508 libros
692 480 726 508 de
739 480 828 508 Trini-

68 530 112 553 tate
120 524 276 561 componebat
290 523 385 559 (Epist.
398 524 459 558 120,
472 533 499 551 η.
512 524 566 561 15),
576 530 654 561 alque
668 530 724 553 tum
739 525 826 554 datam

66 579 116 599 esse
131 579 182 599 cum
205 570 357 605 reparandae
378 571 520 599 valetudini
543 571 673 605 vacabat,
698 572 827 607 suspicari

67 618 126 645 licet.
138 617 219 645 Verum
236 621 292 644 utut
306 621 348 644 est
361 616 395 644 de
410 622 528 652 tempore
536 639 543 651 ,
555 626 602 646 cur
612 626 643 646 ea
655 619 825 652 scriberetur,

66 664 89 691 id
99 664 121 691 in
131 672 195 691 musa
205 662 281 691 fuisse
293 663 451 698 reperimus.
468 664 626 693 Consentius
638 665 682 693 ille
692 665 718 693 in
734 666 827 693 insulis

64 709 193 744 quibusdam
202 730 209 743 ,
223 709 265 737 ubi
278 710 424 737 verisimile
437 710 542 745 quidem
552 715 593 738 est
605 719 664 739 eum
682 712 825 739 solitariam

64 754 235 788 ritamduxisse,
244 763 302 783 cum
311 755 403 783 multis
412 756 569 791 aliisagebat
578 756 673 793 (Epist.
681 757 741 790 119,
752 757 824 792 11.6).

62 800 181 829 induxerat
193 805 274 829 autem
286 801 407 829 animum
421 801 503 829 libros
516 802 611 836 edere,
627 802 671 830 ubi
686 803 769 831 Deum
784 803 825 830 in-

62 851 107 874 star
122 846 245 875 immensa:
258 847 395 882 cujusdam
409 848 487 880 lucis,
508 848 555 876 sed
569 853 656 876 tamen
676 856 824 884 corporete,

62 891 196 926 efﬁngebat:
207 900 257 928 quo
270 892 396 928 figmento
409 893 532 928 principii
546 893 605 921 loco
620 898 707 926 utens,
722 894 825 922 niteba-

60 940 98 963 tur
107 944 147 971 pro
156 945 199 964 suo
209 942 283 972 captu
296 945 356 965 cum
373 938 452 965 trium
466 938 491 965 in
503 938 558 965 Deo
571 946 754 973 personarutn,
769 943 825 966 tum

60 980 228 1010 incarnationis
240 983 403 1018 mysterium,
414 983 547 1018 explicare
561 983 588 1019 (1
591 985 654 1017 bid.,
667 994 693 1012 η.
708 985 745 1020 5).
762 985 826 1020 Ejus

64 1034 122 1054 vero
133 1027 156 1055 in
173 1028 322 1063 simplicitate
335 1035 397 1057 cum
412 1033 514 1057 tantum
528 1030 627 1058 inesset
641 1030 781 1065 probitatis
794 1039 826 1059 ac

64 1071 214 1100 demissionis
226 1073 307 1107 animi,
317 1079 347 1101 ut
361 1074 394 1101 ad
409 1075 529 1103 veritatis
545 1076 722 1111 cognitionem
737 1084 825 1104 mere-

60 1122 131 1144 retur
139 1116 246 1150 admitti,
261 1118 334 1146 libros
347 1126 412 1147 suos
430 1119 463 1147 ad
476 1121 653 1155 Augnsnnum
666 1121 823 1155 destinavit,

60 1161 85 1188 in
98 1169 126 1189 ea
136 1163 242 1197 epistola,
256 1172 310 1199 quae
324 1165 489 1200 praefationis
501 1168 558 1194 vice
571 1170 638 1199 erat,
654 1171 765 1195 testatus
775 1168 826 1196 sibi

59 1210 210 1244 propositum,
230 1210 399 1239 ﬂuctuantem
421 1219 496 1239 suam
517 1212 596 1240 fidem
619 1213 676 1248 ejus
696 1215 825 1242 sententia

59 1255 167 1287 stabilire,
182 1264 262 1292 neque
282 1258 343 1286 illos
355 1258 438 1286 libros
456 1266 489 1286 eo
509 1263 610 1286 tantum
625 1260 673 1287 abs
687 1267 716 1287 se
731 1260 827 1287 missos

59 1305 83 1328 ut
92 1301 235 1337 legerentur,
258 1303 305 1331 sed
319 1309 348 1331 ut
371 1304 436 1332 tanti
452 1304 574 1332 Doctoris
592 1305 691 1339 judicio
712 1305 827 1340 subjice-

59 1352 135 1374 rentur
143 1352 215 1383 atque
227 1348 434 1377 emendarentur
445 1348 540 1386 (Epist.
558 1349 619 1382 120,
638 1359 664 1377 η.
680 1350 716 1386 1).
730 1350 825 1378 Utrum

60 1397 108 1419 eum
120 1397 202 1428 postea
220 1401 251 1421 ex
267 1395 408 1422 Occasione
427 1394 472 1422 Vir
487 1399 595 1423 sanctus
608 1395 711 1428 viderit,
723 1400 768 1423 aut
781 1395 826 1423 lit-

61 1437 111 1465 teris
126 1443 219 1466 tantum
240 1440 371 1468 allocutus
390 1440 484 1474 fuerit,
511 1445 675 1476 compertum
697 1449 749 1468 non
768 1446 825 1474 est;

62 1483 143 1512 tametsi
156 1485 266 1519 primum
280 1493 295 1512 a
310 1485 361 1513 fide
381 1486 489 1521 propius
504 1486 612 1514 recedat
625 1495 632 1514 :
648 1494 739 1514 verum
752 1491 827 1514 utra-

61 1526 110 1555 libet
119 1529 211 1557 ratione
226 1529 324 1557 factum
339 1530 383 1563 sit,
394 1531 418 1558 ei
431 1531 503 1559 clare
514 1534 658 1566 aper-teque
670 1531 826 1565 declaravit,

61 1572 106 1608 eius
114 1582 210 1603 sensum
222 1576 248 1603 in
259 1575 417 1603 idololatriae
426 1576 571 1604 caecitatem
581 1577 716 1604 incurrere
728 1575 825 1611 (Epist.

62 1618 143 1652 £19,».
157 1619 200 1656 6);
219 1628 267 1649 nec
288 1621 373 1648 Deum
395 1621 515 1656 corporis
536 1621 621 1649 instar
642 1621 719 1649 nobis
738 1621 828 1649 animo

61 1665 204 1701 cogitandum
217 1674 285 1700 esse,
302 1667 350 1695 sed
365 1667 391 1694 in
411 1667 518 1694 modum
537 1667 647 1702 justitiae
660 1675 691 1695 ac
710 1668 826 1702 pietatis,

61 1718 153 1746 quarum
163 1713 229 1740 nulla
239 1718 280 1740 est
292 1714 380 1748 imago
393 1720 520 1748 corporea
533 1713 625 1749 (Ibid.,
637 1722 662 1740 η.
673 1714 712 1749 5).
725 1714 827 1741 Etcum

61 1756 162 1793 alioquin
178 1759 403 1791 animadverteret,
417 1759 559 1787 Consentio
572 1767 625 1787 non
638 1760 724 1787 solum
742 1759 828 1787 virtu-

64 1804 112 1830 tem
125 1810 177 1832 esse
188 1812 234 1832 non
248 1804 422 1838 mediocretn,
437 1805 485 1832 sed
499 1805 579 1832 etiam
594 1805 727 1840 ingenium
743 1804 830 1832 neuti-

62 1855 129 1883 quam
140 1851 323 1885 aspernandum
334 1871 342 1884 ,
355 1855 383 1878 et
394 1851 426 1878 iis
438 1858 543 1886 quoque
552 1872 560 1884 ,
575 1859 633 1886 quae
647 1855 718 1878 recte
733 1858 829 1878 conce-

61 1893 137 1928 ρὶιωι,
150 1896 243 1931 scripto
255 1897 439 1932 exprimendis
450 1897 584 1929 idoneum,
604 1904 695 1924 curam
710 1896 766 1931 ejus
782 1904 829 1932 ge-

61 1946 109 1968 rere
127 1943 254 1971 constituit
273 1943 444 1979 peculiarem.
467 1943 554 1977 Quare
577 1951 638 1970 eum
659 1948 780 1979 amanter
798 1951 830 1971 ac

62 1992 103 2013 non
114 1988 189 2016 semel
209 1988 345 2020 invitavit,
362 1992 392 2016 ut
403 1988 436 2016 ad
455 1996 485 2016 se
499 1989 612 2020 veniret,
634 1988 753 2024 quaedam
770 1996 830 2024 qua:

61 2031 144 2061 tuine:
161 2035 293 2069 opusculis
319 2035 404 2070 magis
424 2034 461 2062 illi
485 2034 661 2062 conducibilia
679 2034 828 2069 judicabat,

64 2076 156 2106 lecturus
182 2080 208 2107 in
231 2079 459 2108 emendatioribus
486 2079 621 2107 codicibus
648 2080 830 2115 (querebatur

66 2123 121 2150 enim
130 2124 279 2153 Consentius
289 2148 295 2158 ,
317 2133 345 2153 se
358 2126 383 2152 in
397 2125 615 2153 mendosissitnos
631 2125 765 2160 incidisse)
778 2134 785 2158 ;
799 2132 831 2152 ac

66 2168 100 2195 ubi
112 2170 227 2206 quidpiam
241 2171 403 2199 ostendisset
418 2171 495 2206 paulo
508 2171 657 2203 obscurius,
673 2171 730 2206 ejus
747 2179 829 2206 expo-

62 2213 162 2243 sitionem
174 2217 208 2244 ab
226 2225 256 2244 se
269 2224 361 2244 coram
383 2217 536 2250 auditurus;
550 2224 604 2252 quo
618 2216 657 2244 sic
675 2216 733 2243 viva
754 2223 830 2250 voce,

62 2260 131 2292 quoad
139 2262 219 2289 divina
236 2263 343 2290 bonitas
358 2262 495 2296 tribueret,
509 2262 628 2289 eruditus
644 2262 669 2289 in
684 2262 759 2289 libris
773 2263 831 2296 ipse

65 2304 110 2331 θυῖε
118 2309 205 2342 propria
224 2313 312 2336 errata
327 2315 376 2343 per
387 2315 417 2336 se
429 2308 582 2343 corrigeret.
599 2308 666 2342 Quin
680 2308 761 2335 etiam
774 2307 831 2342 jus-

64 2350 92 2377 sit
107 2359 171 2387 eum,
189 2356 279 2384 donec
303 2355 452 2391 Hipponem
474 2359 581 2383 vacaret
594 2355 738 2387 accedere,
755 2359 832 2382 notas

61 2396 143 2433 aliquas
157 2402 292 2436 prmfigere
314 2401 346 2429 iis
360 2401 439 2434 locis,
455 2409 523 2436 quos
544 2401 632 2428 minus
647 2400 831 2433 intellexisset,

61 2447 82 2469 III
101 2444 151 2473 illos
172 2447 341 2481 postmodum
368 2454 486 2482 praesens
513 2447 636 2482 pnesenti
660 2450 831 2481 proponeret.

60 2487 120 2521 Quod
132 2490 271 2520 Consentio
288 2492 447 2520 beneﬁcium
464 2492 602 2525 offerebat,
626 2492 651 2519 id
676 2499 740 2519 sane
760 2491 832 2519 haud

60 2542 168 2572 quaquam
182 2539 290 2575 vulgare
305 2543 364 2566 erat
380 2538 595 2565 existimandum.
614 2537 679 2565 Nam
694 2538 833 2573 quantavis

61 2587 118 2610 esset
129 2584 230 2618 utilitas,
248 2593 310 2620 qua:
322 2584 494 2619 colligebatur
506 2592 539 2611 ex
553 2583 692 2619 Augustini
710 2583 833 2618 scriptio-

64 2626 134 2662 "ibus,
144 2638 198 2658 eam
212 2636 302 2658 tamen
318 2631 400 2658 multo
419 2630 620 2657 lncnleutiorem
641 2629 831 2665 percipiebant,

62 2672 143 2705 Quivrl
153 2676 183 2704 ad
203 2677 309 2711 plebem
328 2676 403 2703 illtlm
420 2676 501 2703 verba
522 2675 673 2708 facientem,
696 2675 738 2702 vel
752 2674 777 2701 in
792 2674 833 2701 fa-

61 2717 140 2747 miliari
162 2730 308 2758 congressu
331 2721 463 2749 dicentem
486 2721 626 2748 audiebant
651 2719 786 2756 (Possint,
806 2720 834 2746 in

64 2761 109 2791 Vita
117 2767 229 2802 August.,
244 2777 266 2795 c.
280 2768 337 2803 31).
349 2769 465 2795 Delatam
481 2767 530 2795 sibi
544 2767 655 2802 gratiam
672 2766 741 2793 haud
754 2765 835 2793 dubio

60 2812 121 2842 tanti.
135 2817 223 2849 quanti
240 2824 284 2850 par
300 2816 361 2848 fuit,
376 2815 435 2842 lci-it
450 2814 608 2842 Consentius
620 2822 626 2841 :
638 2821 730 2841 verum
744 2812 835 2840 doceri

58 2862 83 2883 se
94 2858 122 2884 ab
131 2868 162 2887 eo
175 2866 227 2888 tam
245 2863 302 2889 viva
316 2869 381 2889 voce
394 2870 470 2896 quam
493 2862 592 2897 scripto
606 2861 745 2896 cupiebat;
763 2859 835 2895 quod

59 2903 182 2939 "eos,
201 2907 249 2944 qui
266 2915 359 2936 meum
378 2908 476 2936 insulas
490 2908 549 2936 illas
562 2908 724 2942 habitabant,
739 2908 834 2937 eodem

183 2953 296 2987 Sane-1'.
313 2957 449 2988 Ausus'r.
464 2958 488 2988 l.

5 3124 332 3187 δεμ-ι

746 183 847 211 LIBER
863 181 1006 213 SEXTUS.

882 249 975 270 errore
989 246 1143 271 tenerentur
1156 251 1208 273 non
1223 246 1299 281 pauci
1319 244 1415 285 (Epist.
1431 247 1493 285 119,
1515 260 1542 280 n.
1562 253 1600 289 6).
1616 254 1673 284 Re-

882 291 944 320 duci
956 299 986 320 se
999 293 1025 320 in
1035 293 1105 321 viam
1122 295 1205 323 sancti
1218 295 1286 324 illius
1301 298 1407 327 monitis
1423 299 1493 328 haud
1508 302 1573 330 satis
1589 302 1672 332 habe-
1715 311 1718 330 1

881 337 943 370 bat,
954 338 1006 366 nisi
1020 339 1064 374 qui
1077 339 1170 367 eodem
1186 340 1338 376 adjumento
1351 343 1520 380 indigebant,
1535 347 1553 374 ii
1566 355 1677 384 quoque.
1695 338 1718 365 λῨ

881 383 926 411 ἰΙΙο
941 386 1092 422 neutiquam
1113 387 1329 418 destituerentur.
1351 390 1463 426 Optabat
1475 393 1600 423 fratribus
1614 383 1672 425 suis
1715 406 1718 409 '

880 437 958 458 suum
973 432 1052 460 etiam
1067 441 1127 461 esse
1141 434 1328 470 Augustinum,
1342 437 1417 472 cujus
1431 440 1578 468 auctoritati
1590 441 1673 470 cede-
1716 442 1718 444 ⁷

880 481 950 509 rent,
964 483 1088 512 parerent
1100 479 1237 513 doctrinae,
1253 489 1358 509 summo
1370 490 1430 511 sese
1446 484 1589 513 subderent
1598 487 1674 523 inge-

880 522 935 549 nio.
950 522 1083 551 Familiari
1096 524 1305 561 disceptatione,
1321 535 1400 563 quam
1413 528 1438 556 ei
1453 534 1558 558 sanctus
1570 522 1674 560 Pracsul
1720 534 1722 537 ‘

881 575 929 602 pro
949 572 1058 603 patema
1079 577 1127 598 sua
1148 571 1310 607 benignitate
1330 573 1472 609 offerebat,
1496 576 1554 611 ejus
1576 576 1675 612 pudori

880 614 964 649 magis
976 616 1127 644 consultum
1138 617 1241 652 fuisset,
1253 627 1331 655 quam
1345 620 1502 650 refutatione
1513 623 1618 658 publica
1630 634 1637 652 :
1650 625 1675 653 is

880 667 953 694 vero,
972 669 1032 689 cum
1050 663 1146 691 animae
1160 671 1215 692 sua:
1230 666 1386 701 utilitatem,
1401 676 1454 696 non
1468 671 1559 698 steculi
1571 671 1671 707 fumos,

879 713 958 740 quam
971 707 1156 737 ardentissime
1167 715 1314 745 expeteret,
1326 714 1408 740 amari
1422 713 1488 741 nihil
1500 715 1587 743 inesse
1599 717 1625 744 in
1638 725 1673 746 eo

880 751 999 780 remedio
1007 754 1126 788 putabat,
1138 756 1208 790 quod
1220 756 1287 784 foret
1299 758 1350 785 sibi
1362 759 1538 795 conducibile,
1549 762 1674 798 quodque

881 801 935 824 tum
957 798 1023 831 sibi,
1045 803 1101 827 tum
1116 801 1175 828 aliis
1188 802 1324 830 caelestem
1339 803 1420 831 vitam
1431 825 1438 838 ,
1455 813 1486 833 ac
1500 805 1611 834 solidam
1624 814 1674 835 vc-

879 850 989 878 ramque
1002 845 1107 873 tandem
1127 847 1267 875 allaturum
1281 853 1362 877 esset.
1383 850 1474 885 Neque
1490 852 1562 879 enim
1580 853 1674 881 existi-

879 889 969 916 tnabat
981 889 1101 919 homines
1115 891 1172 920 fore
1185 892 1252 920 adeo
1264 895 1368 929 iniquos
1381 903 1470 923 rerum
1485 897 1672 933 mstimatores,

881 939 910 962 ut
922 943 993 970 eum,
1009 937 1080 972 quod
1090 938 1281 974 aliquantisper
1300 940 1325 968 in
1339 949 1431 969 errore
1448 942 1551 977 fuisset,
1567 945 1673 979 vitupe-

878 987 969 1023 rarent
989 982 1076 1016 potius
1091 1004 1098 1016 ,
1124 991 1202 1019 quam
1227 986 1297 1020 quod
1323 987 1384 1015 inde
1395 987 1429 1015 ad
1448 988 1568 1017 veritatis
1581 990 1672 1024 lucem

879 1026 1041 1060 emersisset,
1057 1029 1284 1058 commendarent.
1308 1031 1404 1066 Alypio
1425 1033 1568 1068 episcopo,
1591 1042 1674 1070 quem

880 1075 935 1098 tum
950 1072 1075 1100 reducem
1088 1081 1103 1101 e
1114 1081 1160 1101 sua
1176 1075 1202 1102 in
1218 1075 1399 1104 Mauritaniam
1414 1078 1578 1113 profectione
1591 1080 1673 1108 fuisse

880 1116 989 1144 credere
1000 1117 1072 1150 licet,
1084 1124 1200 1147 mentem
1215 1128 1289 1148 suam
1300 1122 1413 1156 aperuit,
1429 1131 1543 1158 eumque
1558 1125 1673 1159 rogavit,

881 1166 909 1189 ut
923 1162 973 1190 sibi
992 1162 1043 1190 hoc
1058 1163 1177 1192 beneﬁcii
1197 1165 1350 1200 impetraret
1363 1167 1397 1194 ab
1411 1167 1560 1203 Augustino
1572 1168 1674 1203 (ΠΜ,

881 1215 907 1234 η.
921 1207 958 1243 1).
980 1208 1055 1235 Hunc
1071 1209 1127 1244 ipse
1147 1215 1239 1245 postea
1253 1212 1393 1246 quaesitum
1406 1213 1497 1240 venit:
1512 1218 1540 1240 at
1558 1222 1611 1242 non
1624 1222 1674 1250 po-

881 1253 930 1280 tuit
942 1253 999 1288 ejus
1012 1259 1166 1290 conspectu,
1188 1256 1284 1284 nedum
1304 1257 1435 1293 colloquio
1448 1258 1508 1286 frui.
1524 1259 1590 1287 Nam
1608 1268 1675 1288 san-

881 1304 939 1327 ctus
962 1300 1061 1328 Prmsul
1083 1309 1145 1335 rus,
1172 1302 1217 1330 ubi
1237 1302 1330 1331 eodem
1347 1304 1447 1332 inloco
1460 1312 1522 1333 eum
1537 1305 1604 1334 forte
1624 1305 1676 1334 ali-

881 1346 997 1380 quandiu
1019 1347 1117 1374 morari
1139 1349 1297 1384 oportebat,
1325 1356 1495 1379 concesserat
1517 1352 1676 1381 necessitate

881 1392 993 1426 quadam
1013 1394 1177 1428 compulsus.
1192 1394 1264 1430 Ergo
1287 1395 1413 1431 longioris
1433 1405 1513 1425 morae
1534 1398 1678 1433 impatiens

882 1436 1039 1464 Consentius
1059 1446 1106 1472 per
1116 1439 1217 1466 litteras
1230 1441 1264 1467 ab
1279 1440 1326 1468 illo
1338 1441 1423 1476 petiit,
1444 1446 1473 1469 ut
1492 1443 1631 1478 opiniones
1643 1450 1677 1471 ac

883 1482 964 1510 libros
976 1490 1040 1511 suos
1055 1485 1153 1519 scripto
1167 1486 1311 1514 emendare
1325 1494 1377 1514 non
1390 1493 1553 1522 gravaretur.
1572 1488 1678 1523 Quibus

882 1527 956 1556 addit
969 1534 995 1556 et
1008 1529 1051 1557 illa
1063 1531 1144 1558 verba
1157 1540 1163 1558 :
1178 1531 1229 1558 Cur
1243 1540 1312 1567 ergo,
1327 1533 1374 1563 vir,
1391 1532 1511 1561 doctrina
1522 1534 1608 1569 hujut,
1619 1542 1678 1570 qua

882 1575 908 1601 in
919 1574 1019 1602 Christo
1038 1581 1085 1610 eu,
1106 1577 1213 1610 culmen,
1236 1586 1341 1613 arguere
1353 1579 1439 1614 palam
1451 1580 1627 1615 corrigendum
1644 1580 1679 1609 de

883 1626 973 1648 cetera
988 1621 1069 1656 ﬁlium
1086 1622 1196 1656 dubitas,
1210 1631 1266 1650 cum
1279 1625 1409 1651 sententia:
1421 1629 1471 1651 tua:
1484 1625 1607 1658 anchora,
1627 1625 1679 1653 nisi

883 1675 993 1694 morsum
1004 1668 1080 1695 altius
1091 1669 1214 1704 presserit,
1225 1678 1270 1697 nos
1284 1671 1376 1697 certius
1390 1671 1502 1698 stabilire
1523 1680 1574 1698 non
1596 1672 1678 1706 possit

884 1712 962 1748 (Ibid.
974 1734 981 1746 ,
994 1723 1020 1740 η.
1032 1714 1078 1748 6)?
1089 1714 1206 1750 Reliqua:
1220 1716 1318 1750 pariter
1332 1715 1442 1751 hujusce
1455 1716 1574 1751 epistola:
1587 1721 1679 1751 partes

885 1759 1059 1786 humilitatem
1075 1759 1212 1787 (lonsentii
1226 1760 1360 1793 referunt,
1374 1766 1401 1789 et
1413 1769 1466 1796 quo
1480 1762 1537 1796 ipse
1550 1762 1608 1789 loco
1624 1763 1680 1789 Au-

883 1805 981 1839 gustini
992 1805 1174 1833 auctoritatem
1189 1806 1376 1842 ingeniumque
1387 1806 1519 1841 habuerit,
1531 1807 1680 1842 magnificis

884 1855 911 1878 et
924 1851 1059 1886 prteclaris
1077 1852 1175 1886 passim
1190 1851 1306 1879 declarat
1320 1852 1419 1880 verbis.
1438 1851 1554 1887 Ingenue
1566 1852 1680 1880 conﬁte-

884 1895 979 1930 batur,
1003 1904 1032 1924 se
1044 1917 1051 1929 ,
1075 1904 1126 1931 qua
1145 1897 1247 1924 ratione
1265 1897 1446 1925 substantialis
1460 1905 1493 1926 ac
1510 1898 1568 1925 viva
1587 1898 1622 1925 sit
1632 1899 1679 1933 ju-

884 1942 966 1974 stitia,
981 1942 1099 1970 nondum
1116 1942 1276 1977 cogitatione
1295 1947 1445 1970 assecutum
1460 1952 1467 1969 :
1481 1943 1602 1978 adeoque
1624 1950 1679 1972 non

884 1987 1003 2022 potuisse
1014 1987 1141 2015 hactenus
1155 1987 1248 2020 Deum,
1260 1987 1284 2014 id
1298 1992 1348 2016 est.
1359 1987 1491 2015 virentem
1501 1992 1621 2015 naturam
1632 1987 1681 2022 ju-

883 2033 963 2061 stitia:
978 2033 1093 2060 similem
1107 2033 1233 2068 cogitare.
1249 2033 1416 2068 Quapropter
1437 2033 1610 2068 Augustinum
1628 2032 1681 2061 ob-

884 2078 1006 2106 secrabat
1020 2078 1046 2106 in
1060 2079 1161 2113 primis,
1175 2082 1203 2105 ut
1216 2078 1266 2106 sibi
1286 2078 1319 2106 ad
1334 2078 1543 2113 cognoscendam
1556 2078 1602 2106 Dei
1617 2078 1681 2107 uli-

885 2128 966 2151 tatem
991 2131 1022 2150 ac
1046 2123 1234 2151 discretionem
1254 2131 1426 2159 personamm
1439 2123 1524 2152 facem
1544 2123 1682 2159 prscferret

886 2168 981 2205 (Epist.
999 2170 1060 2204 120,
1082 2179 1109 2197 η.
1129 2169 1169 2206 2).
1191 2169 1250 2197 Jam
1267 2174 1356 2197 aowm
1375 2169 1445 2205 apud
1464 2169 1580 2197 animum
1602 2176 1682 2197 suum

885 2220 1024 2250 statuerat,
1040 2217 1128 2244 divina
1144 2217 1270 2253 mysteria
1286 2216 1386 2244 lumine
1403 2216 1475 2246 ﬁdei.
1491 2223 1543 2243 non
1559 2216 1681 2249 rationis,

885 2268 945 2288 esse
959 2261 1155 2296 cognoscenda.
1176 2260 1279 2296 Optatis
1292 2261 1349 2296 ejus
1366 2266 1474 2288 sanctus
1488 2261 1585 2288 Doctor
1601 2261 1683 2289 satis-

886 2306 948 2333 fecit
968 2307 1066 2341 scripta
1084 2307 1117 2333 ad
1139 2314 1200 2334 eum
1216 2306 1284 2334 bene
1305 2306 1381 2341 longa
1401 2305 1530 2342 cpistola,
1552 2305 1627 2340 cujus
1645 2312 1682 2334 ex

886 2351 1000 2379 lectione
1021 2356 1101 2387 atque
1125 2351 1233 2379 aliunde
1257 2352 1336 2379 etiam
1357 2351 1447 2387 petitis
1471 2351 1682 2380 institutionibus

886 2398 1011 2433 adjutus,
1042 2397 1252 2425 lucubrationem
1286 2405 1361 2425 suam
1395 2397 1498 2425 facilius
1525 2397 1683 2425 emendaret

887 2443 979 2479 (Ibid.,
993 2452 1020 2470 η.
1039 2442 1096 2479 20).
1120 2443 1253 2478 Principio
1272 2443 1407 2477 ostendit,
1428 2451 1481 2471 non
1500 2448 1573 2472 recte
1591 2442 1682 2471 facere

887 2490 960 2517 illum
970 2511 978 2523 ,
993 2490 1037 2525 qui
1053 2489 1140 2517 divina
1156 2490 1282 2525 mysteria
1297 2489 1444 2525 intelligere
1458 2497 1488 2517 se
1502 2496 1581 2524 posse
1591 2489 1684 2517 animo

887 2536 1086 2571 desponderet:
1103 2536 1187 2571 ipsam
1202 2536 1273 2563 enim
1294 2535 1373 2563 fidem
1396 2536 1499 2562 ratione
1521 2535 1579 2568 niti,
1602 2534 1684 2562 ratio-

889 2590 1004 2618 nemque
1025 2582 1058 2609 ad
1081 2582 1249 2617 percipienda
1268 2581 1405 2616 religionis
1424 2588 1530 2613 arcana,
1553 2584 1683 2615 quantum

888 2629 999 2664 quisque
1012 2628 1185 2663 intelligentia
1199 2627 1286 2660 valet,
1301 2626 1460 2658 conducere,
1473 2625 1618 2653 dummodo
1637 2624 1685 2651 illa

889 2674 1033 2709 prudenter
1045 2678 1164 2704 utamur.
1179 2679 1266 2707 neque
1281 2679 1392 2706 usquam
1405 2671 1605 2698 fundamentum
1621 2667 1684 2696 ﬁdei

888 2720 1054 2748 deseramus.
1069 2719 1153 2752 Quam
1168 2718 1202 2746 ob
1214 2725 1321 2745 causam
1335 2718 1378 2746 ille
1392 2721 1483 2745 auctor
1499 2720 1550 2748 est,
1565 2719 1592 2742 ut
1603 2715 1684 2742 istam

890 2771 962 2794 recte
977 2764 1143 2800 intelligendi
1163 2764 1314 2791 facultatem
1327 2762 1482 2790 ardentibus
1500 2767 1532 2788 ac
1548 2759 1600 2786 ﬁde
1613 2757 1684 2785 nixis

890 2813 1014 2849 precibus
1028 2820 1043 2840 a
1057 2813 1111 2839 Deo
1126 2810 1259 2846 efﬂagitet.
1275 2810 1336 2842 Ora,
1353 2808 1450 2843 inquit,
1465 2807 1562 2842 fortiter
1574 2809 1597 2831 et
1616 2802 1683 2838 [ide-

891 2861 957 2891 .‘itcr,
969 2865 995 2886 ut
1009 2859 1051 2885 det
1066 2857 1110 2884 tibi
1123 2856 1249 2884 Domitius
1262 2854 1481 2883 illuminationem,
1496 2858 1526 2876 ac
1539 2850 1574 2876 sic
1583 2857 1612 2876 ea
1625 2855 1684 2883 qua

891 2907 1031 2942 forinsecus
1048 2904 1148 2932 adhibet
1166 2902 1297 2938 diligentia
1316 2898 1475 2936 prwceploris
1493 2896 1544 2924 sive
1562 2894 1686 2931 dat-toria,

1331 2949 1483 2992 {Treize.)
