3838 6258
530 506 540 607 ξ
589 533 726 589 sima
749 529 839 585 illa
862 525 1166 585 christianos
1189 512 1463 592 religionis
1488 517 1687 573 lumina
1715 516 1992 587 Tagastam
2021 518 2180 588 petie-

590 633 740 690 rant,
775 622 878 678 nisi
909 629 967 675 ut
988 615 1268 688 Augustini
1303 620 1588 682 conspectu
1623 609 1992 681 eolloquioque
2032 609 2177 665 frue-

594 727 786 773 rentur
811 712 1004 787 (Epist.
1029 709 1151 772 126,
1178 706 1333 776 η.1).
1359 704 1558 760 Tamen
1582 702 1756 759 eidem
1778 711 1984 770 sancto,
2011 717 2180 773 quan-

594 810 792 866 tumvis
818 815 962 862 esset
985 802 1257 860 studiosus
1282 801 1574 855 amicorum
1603 799 1798 865 cultor,
1826 805 1987 868 atque
2016 796 2179 853 hosce

503 915 509 920 ‘
546 884 553 890 ’
597 901 866 960 invisendi
893 900 1061 970 gratia
1089 897 1364 968 pervolare
1388 895 1552 949 maria
1573 907 1632 948 se
1658 907 1815 963 posse
1839 899 2174 962 exoptasset,

590 1012 662 1052 ne
690 995 972 1065 Tagastam
997 989 1234 1061 quidem,
1259 996 1317 1042 ut
1337 995 1392 1043 et
1414 999 1508 1041 eos
1533 985 1805 1049 salutaret,
1838 991 1892 1038 et
1914 981 2024 1036 suis
2049 980 2180 1036 civi-

590 1089 694 1144 bus
719 1087 787 1142 de
816 1085 1096 1150 felicitate,
1147 1096 1267 1152 quae
1307 1079 1439 1149 ipsis
1479 1077 1760 1146 obtigerat,
1787 1074 2173 1146 gratularetur,

589 1179 837 1236 conferre
873 1190 994 1232 sese
1035 1176 1297 1245 integrum
1321 1170 1441 1226 fuit.
1470 1169 1752 1224 Adversari
1786 1166 2000 1237 quidem
2021 1164 2174 1220 vide-

589 1272 747 1328 batur
771 1270 942 1325 hiems
967 1282 1158 1337 aspera
1184 1274 1292 1320 tum
1315 1273 1370 1320 et
1391 1261 1690 1326 horrenda;
1723 1261 1920 1330 quippe
1953 1273 2076 1314 cum
2110 1271 2176 1313 eo

587 1371 736 1420 esset
760 1359 1081 1417 valetudinis
1113 1357 1296 1411 habitu
1322 1398 1338 1423 ,
1388 1363 1446 1410 ut
1487 1363 1674 1408 natura
1703 1351 1870 1422 frigus
1897 1349 2039 1406 ferre
2069 1363 2175 1403 non

590 1463 772 1526 posset
798 1471 811 1506 :
839 1467 902 1508 ea
934 1461 1110 1506 tamen
1134 1464 1221 1504 res
1240 1463 1362 1504 eum
1397 1463 1461 1502 ne
1502 1446 1782 1516 Tagastam
1810 1441 2177 1514 proficiscere-

589 1557 697 1614 tur,
727 1562 833 1603 non
875 1543 1168 1608 deterruit;
1210 1539 1305 1595 sed
1345 1555 1465 1594 eum
1503 1539 1711 1593 animos
1756 1532 2176 1605 Hipponensium

589 1648 832 1696 vertente
858 1651 999 1692 anno
1025 1631 1548 1707 quadringentesimo
1574 1629 1785 1684 decimo
1805 1625 2046 1682 absentia
2079 1637 2176 1678 sua

588 1731 822 1786 offensos
848 1729 1216 1799 comperisset,
1246 1725 1534 1780 arbitratus
1562 1732 1643 1778 est
1671 1720 1850 1776 oflicio
1877 1734 1940 1774 ac
1969 1716 2176 1772 muneri

586 1840 649 1880 se
689 1821 989 1878 defuturum
1031 1835 1166 1887 suo,
1207 1819 1250 1874 si
1279 1815 1665 1889 profectionem
1710 1813 1866 1867 aliam
1915 1820 2020 1864 tam
2066 1807 2175 1862 cito

586 1914 902 1983 susciperet.
942 1910 1202 1979 Quocirca
1231 1923 1389 1980 quam
1420 1906 1731 1962 servitutem
1772 1899 2026 1957 Ecclesia:
2063 1913 2174 1952 suae

586 2007 852 2074 debebat,
893 2022 1010 2063 eam
1051 2004 1312 2076 judicavit
1363 1999 1660 2072 voluptati,
1717 2011 1877 2068 quam
1930 1994 2174 2064 Tagasta:

586 2110 930 2172 percepturus
973 2107 1154 2163 esset,
1209 2092 1660 2164 anteponendam.
1715 2088 1862 2144 Datis
1912 2087 2069 2157 igitur
2104 2082 2174 2138 ad

584 2193 829 2249 Albinam
856 2231 871 2256 ,
904 2189 1186 2246 Pinianum
1212 2201 1276 2242 ac
1298 2185 1577 2239 Melaniam
1616 2177 1907 2238 excusandi
1942 2177 2024 2231 sui
2046 2189 2174 2246 ergo

584 2285 810 2352 litteris,
869 2289 1139 2347 testatur,
1189 2279 1402 2349 culpam
1447 2290 1604 2345 quam
1647 2271 1986 2333 incurrebat,
2029 2265 2172 2338 quod

582 2379 704 2432 illos
722 2392 830 2432 non
857 2375 1115 2429 inviseret
1139 2414 1154 2436 ,
1185 2385 1302 2427 eam
1325 2371 1494 2439 ipsam
1520 2367 1622 2421 sibi
1644 2380 1854 2436 poenam
1883 2378 2003 2417 esse
2021 2403 2035 2426 ,
2068 2375 2171 2430 qua

582 2468 794 2538 gravior
833 2465 1034 2534 imponi
1078 2471 1260 2534 posset
1287 2461 1338 2516 ei
1364 2460 1508 2515 nulla
1533 2475 1546 2511 :
1576 2457 1724 2512 addit
1752 2467 1926 2510 tamen
1956 2468 2172 2524 sperare

583 2575 677 2623 se,
709 2560 753 2614 si
777 2557 994 2629 Quidem
1025 2553 1288 2610 infelicior
1315 2553 1416 2619 sit,
1447 2566 1604 2622 quam
1632 2558 1691 2605 ut
1715 2548 1895 2603 videre
1921 2562 2014 2602 eos
2039 2546 2170 2616 Hip-

585 2665 722 2720 pone
747 2649 847 2704 sibi
870 2647 1170 2718 contingat,
1193 2660 1300 2700 non
1318 2643 1617 2700 defuturam
1640 2642 1992 2704 occasionem,
2017 2637 2170 2707 cujus

579 2740 840 2797 beneficio
874 2748 1162 2810 utcumque
1194 2737 1356 2802 liber,
1388 2749 1482 2790 eos
1502 2748 1836 2805 quacumque
1866 2731 1920 2786 in
1951 2731 2170 2801 regione

579 2831 776 2890 Africae
803 2831 960 2886 futuri
983 2831 1110 2894 sint,
1141 2828 1442 2884 conveniat.

648 2927 702 2981 ‘5.
744 2924 894 2980 Haud
926 2924 996 2978 ita
1019 2921 1229 2986 multis,
1258 2922 1332 2975 uti
1361 2919 1590 2982 videtur,
1621 2916 1808 2972 diebus
1840 2926 1958 2985 post
1987 2913 2166 2968 datam

579 3017 781 3070 hancce
804 3013 1084 3086 epistolam
1111 3013 1366 3066 Pinianus
1389 3026 1510 3064 cum
1546 3008 1769 3064 Melania
1792 3007 2005 3076 juniore
2034 3005 2164 3073 Ilip-

579 3120 774 3174 ponem
811 3105 978 3159 venit.
1017 3102 1152 3157 Cum
1183 3117 1310 3156 vero
1331 3142 1344 3165 ,
1377 3115 1498 3170 qua:
1538 3107 1658 3153 erat
1693 3098 1810 3167 ejus
1853 3095 2125 3149 humilitas
2147 3134 2162 3159 ,

583 3197 817 3262 timeret,
840 3211 908 3250 ne
930 3210 1091 3264 quam
1119 3194 1226 3247 vim
1256 3193 1324 3246 ab
1344 3190 1673 3260 Hipponensi
1701 3187 1897 3260 populo
1918 3187 2166 3258 Augusti-

582 3303 701 3354 nus,
725 3297 781 3343 et
809 3301 837 3340 a
867 3285 1250 3341 Barcinonensi
1276 3284 1550 3348 Paulinus,
1574 3282 1715 3353 passi
1743 3281 1983 3348 fuerant,
2015 3297 2163 3336 eam-

579 3379 701 3434 dem
736 3379 849 3448 ipse
878 3390 1090 3447 quoque
1116 3383 1388 3446 pateretur
1407 3414 1422 3438 ,
1463 3373 1621 3427 ﬁdem
1649 3372 1746 3426 sibi
1773 3371 1841 3425 ah
1869 3374 2165 3441 Augustino

579 3471 693 3524 dari
716 3470 901 3534 voluit,
933 3483 1053 3522 sese
1077 3467 1144 3522 ab
1170 3482 1234 3522 eo
1259 3467 1626 3536 presbyterum
1650 3465 1870 3524 invitum
1893 3480 2164 3535 nunquam

579 3560 880 3616 ordinatum
909 3559 971 3614 iri
1004 3559 1196 3631 (Epist.
1230 3555 1353 3623 126,
1377 3574 1429 3611 n.
1465 3557 1519 3627 1)
1551 3557 1716 3626 :quin
1745 3566 1800 3611 et
1825 3557 1922 3626 ipsi
1955 3557 2162 3626 pollici-

580 3663 665 3707 tus
687 3662 771 3708 est
800 3659 1014 3706 sanctus
1034 3650 1328 3720 Episcopus
1349 3691 1361 3713 ,
1392 3659 1447 3703 ut
1472 3663 1590 3704 eam
1613 3648 1922 3719 dignitatem
1962 3650 2163 3720 accipe-

584 3752 694 3807 ret,
725 3752 995 3797 auctorem
1021 3756 1081 3796 se
1102 3755 1165 3795 ac
1192 3755 1466 3796 suasorem
1496 3741 1543 3796 ei
1570 3756 1676 3794 non
1706 3739 1940 3796 futurum
1969 3740 2158 3810 (Ibid.,

576 3853 629 3889 η.
659 3834 736 3908 2).
764 3833 928 3906 Cujus
967 3834 1251 3904 promissi,
1294 3833 1481 3886 saltem
1524 3832 1667 3902 quod
1692 3833 1759 3887 ad
1808 3834 2160 3902 posteriorem

573 3938 778 3997 partem
803 3967 818 3991 ,
851 3927 1003 3980 testis
1031 3934 1227 3995 prteter
1266 3940 1428 3978 unum
1451 3965 1466 3991 ,
1501 3923 1642 3978 haud
1678 3923 1836 3978 dubie
1875 3925 2156 3995 Alypium,

576 4019 667 4089 qui
695 4028 806 4073 tum
838 4017 975 4072 forte
1001 4031 1120 4071 cum
1160 4015 1379 4070 Piniano
1405 4014 1646 4085 Hippone
1673 4014 2015 4082 versabatur,
2043 4015 2161 4070 nul-

574 4111 658 4166 lus
680 4111 795 4165 fuit.
838 4109 1090 4164 Pinianus
1123 4109 1306 4163 multis
1345 4109 1612 4180 variisque
1647 4110 1958 4166 muneribus
1988 4112 2159 4180 Augu-

572 4203 770 4258 stinum
796 4201 1034 4268 donavit,
1061 4201 1251 4271 quibus
1275 4200 1365 4255 hic
1389 4210 1545 4271 prout
1568 4201 1818 4271 judicavit
1850 4202 2158 4257 conducibi-

573 4295 676 4350 lius
722 4304 910 4362 utens,
958 4310 1020 4348 ea
1058 4297 1252 4362 partim
1293 4292 1504 4347 clericis
1527 4307 1590 4346 ac
1614 4291 1924 4357 monachis,
1966 4295 2156 4363 partim

572 4387 722 4442 laicis
743 4385 1058 4454 quibusdam
1088 4384 1448 4454 indigentibus
1477 4383 1749 4440 distribuit
1787 4384 1974 4456 (Ibid.,
1997 4403 2050 4441 η.
2073 4387 2152 4459 8).

569 4478 738 4533 Porro
767 4477 915 4533 hisce
939 4477 1130 4548 Opibus
1151 4517 1167 4543 ,
1195 4491 1326 4546 quas
1356 4477 1653 4547 Augustino
1670 4487 1827 4549 atque
1855 4480 2046 4552 Alypio
2068 4483 2157 4538 Pi-

572 4572 760 4626 nianus
785 4571 1045 4636 tradebat,
1077 4569 1272 4625 factum
1293 4613 1307 4636 ,
1349 4579 1406 4625 ut
1433 4571 1591 4627 ambo
1617 4572 1690 4626 illi
1712 4584 2044 4643 vererentur,
2084 4593 2154 4633 ne

571 4662 623 4715 in
653 4663 1003 4730 suspicionem
1037 4663 1230 4732 iniquae
1255 4662 1670 4732 dispensationis
1697 4668 2010 4727 inciderent.
2038 4672 2152 4739 Qua

569 4752 623 4805 in
647 4765 705 4806 re
725 4766 844 4805 cum
867 4751 996 4820 ipsis
1020 4751 1239 4806 minime
1265 4752 1534 4810 sufficeret
1557 4759 1897 4814 conscientia:
1923 4762 2151 4831 propria:

568 4841 951 4906 testimonium,
975 4841 1068 4896 sed
1092 4842 1381 4898 curandum
1405 4856 1549 4902 esset
1581 4860 1854 4918 praeterea,
1885 4861 1960 4918 ut,
1987 4868 2151 4924 quan-

568 4942 681 4987 tum
721 4931 1074 4988 abhorrerent
1102 4950 1132 4989 a
1163 4934 1339 4991 studio
1367 4937 1584 5008 privata:
1611 4941 1879 5008 utilitatis,
1915 4942 2146 4999 homini-

568 5021 665 5077 bus
686 5065 700 5089 ,
745 5037 880 5094 quos
907 5039 971 5078 ex
998 5023 1264 5080 dominico
1311 5038 1578 5098 praecepto
1603 5032 1815 5087 erudire
1839 5075 1854 5099 ,
1886 5034 2146 5103 quibusve

561 5114 631 5170 ad
664 5117 912 5186 pietatem
939 5119 1182 5188 exemplo
1221 5133 1319 5172 suo
1352 5123 1542 5190 praeire
1580 5126 1912 5189 tenebantur,
1941 5127 2142 5182 clarum

562 5217 918 5278 testatumque
963 5209 1248 5265 redderent
1289 5211 1481 5282 (Epist.
1516 5214 1639 5279 125,
1674 5232 1725 5268 n.
1764 5215 1851 5283 2),
1893 5217 2142 5274 collocuti

562 5300 688 5345 sunt
722 5291 791 5346 de
817 5291 919 5348 hoc
945 5293 1082 5348 inter
1107 5307 1200 5360 se,
1237 5303 1290 5349 et
1330 5311 1430 5366 qua
1460 5298 1667 5353 ratione
1704 5299 1954 5353 Ecclesiae
1980 5299 2101 5358 ﬁliis
2122 5344 2137 5369 ,

558 5383 666 5438 imo
691 5386 1106 5454 etadversariis,
1139 5388 1354 5457 planum
1379 5389 1645 5457 facerent,
1679 5393 1729 5444 in
1761 5391 2140 5449 administran-

557 5475 640 5530 dis
679 5477 835 5530 bonis
875 5477 1254 5532 ecclesiasticis
1293 5488 1499 5535 mentes
1520 5497 1641 5535 suas
1668 5482 1810 5536 nulla
1837 5485 2140 5554 cupiditatis

557 5575 651 5619 aut
677 5567 912 5621 avaritia:
939 5577 1062 5621 nota
1093 5569 1356 5636 inquinari
1380 5608 1393 5626 .
1425 5584 1602 5622 coram
1632 5570 1954 5627 conferendo
1979 5577 2140 5645 inqui-

557 5654 694 5708 siere
710 5653 890 5724 (lbid.,
916 5673 969 5709 n.
989 5659 1042 5723 1,
1061 5666 1108 5710 et
1129 5656 1291 5726 Epist.
1310 5657 1409 5711 126
1428 5699 1442 5721 ,
1466 5674 1518 5708 n.
1543 5658 1619 5724 9).
1645 5657 1772 5722 Quze
1789 5665 1962 5717 cautio
1977 5681 2137 5734 quam

561 5742 692 5812 ipsis
713 5748 1011 5799 necessaria
1043 5746 1249 5811 fuisset,
1293 5747 1459 5814 patuit
1483 5762 1546 5800 ex
1580 5750 1866 5806 tentatione
1887 5757 2135 5826 quadam,

561 5848 681 5907 qua:
712 5835 801 5889 Dei
835 5839 1093 5905 permissu
1121 5853 1223 5892 non
1253 5837 1418 5891 multo
1442 5850 1560 5909 post
1588 5849 1823 5912 tempore
1853 5847 2090 5918 contigit.

1733 400 1892 458 VITA
1929 400 1988 458 s.
2030 398 2400 458 AUGUSTINI
2439 395 2758 458 BPlSCOPl.
3653 425 3714 490 ιω

2354 517 2408 570 4.
2449 515 2667 572 Facmm
2693 517 2835 572 enim
2860 527 2962 587 est,
2989 529 3047 576 ut
3069 522 3406 586 ecclesiastico
3421 539 3552 593 εωῑυὶ
3569 549 3714 605 cumin.

2289 620 2552 668 teressent
2591 612 2875 683 aliquando
2896 629 2998 670 una
3022 630 3140 670 cum
3165 619 3342 693 Alypio
3368 624 3572 687 Pinianus
3590 650 3634 690 ac
3648 638 3709 696 lle-

2285 701 2448 770 lania,
2474 705 2718 758 universa
2739 703 2909 776 plebs,
2939 705 3162 762 necdum
3182 709 3398 770 dimissis
3417 721 3699 784 catechumenis

2284 794 2563 852 Pinianum
2589 797 2689 852 sibi
2725 798 2777 852 in
2815 799 3181 873 presbyterum
3226 805 3438 864 ordinari

2281 888 2524 943 moribus
2563 887 2823 960 ﬂagitaret
2862 889 3056 961 (Epist.
3085 892 3216 960 126,
3257 913 3339 952 nn.
3366 901 3469 970 1-5,
3490 904 3553 976 5).
3572 909 3629 962 Ad
3647 928 3712 966 eam

2283 979 2509 1035 accessit
2545 981 2871 1051 Augustinus
2896 1025 2911 1050 ,
2958 992 3012 1038 et
3048 1001 3292 1044 concessa
3314 1005 3476 1048 eorum
3500 997 3712 1059 clamoribus

2282 1069 2430 1162 brevi
2471 1086 2618 1126 mora
2642 1113 2659 1140 ,
2705 1072 2758 1127 id
2785 1072 2887 1128 sibi
2929 1077 3188 1148 integrum
3231 1096 3332 1136 non
3365 1098 3498 1154 esse,
3534 1103 3713 1162 propterea

2280 1161 2424 1232 quod
2453 1162 2677 1217 invitum
2709 1163 2856 1219 illum
2884 1165 2952 1221 ab
2971 1181 3029 1221 se
3050 1181 3402 1228 consecratum
3424 1191 3511 1231 non
3532 1177 3580 1232 iri
3599 1187 3715 1249 promi-

2281 1253 2473 1320 sisset,
2506 1254 2796 1311 declaravit
2822 1275 2834 1310 :
2865 1258 3127 1329 simulque
3161 1261 3383 1331 addidit,
3406 1265 3445 1320 si
3467 1280 3606 1325 contra
3623 1272 3714 1332 ﬁdem

2281 1358 2311 1398 a
2336 1360 2396 1400 se
2424 1345 2600 1401 datam
2633 1347 2909 1404 Pinianum
2937 1349 3195 1406 haberent
3221 1356 3573 1428 presbyterum,
3595 1362 3713 1420 forent

2281 1451 2340 1491 se
2368 1437 2543 1506 ipsum
2585 1439 2892 1510 episcopum
2923 1458 3029 1496 non
3061 1442 3332 1501 haberent.
3369 1447 3534 1516 Quibus
3555 1453 3656 1510 dictis
3677 1459 3712 1512 ad

2281 1529 2463 1585 sedem
2494 1545 2642 1585 suam
2672 1547 2731 1587 se
2755 1535 2978 1603 recepit,
3009 1549 3169 1604 quam
3198 1537 3250 1592 in
3280 1553 3343 1593 eo
3365 1539 3456 1595 loci
3475 1542 3716 1608 subsellia,et

2281 1636 2404 1676 mox
2429 1622 2664 1677 absidem
2691 1633 2843 1680 vocat
2870 1641 2885 1691 ;
2914 1627 3056 1698 quod
3084 1643 3250 1698 genus
3286 1640 3390 1686 erat
3413 1635 3588 1703 suggesti
3609 1639 3715 1692 multis

2278 1712 2530 1784 gradibus
2547 1714 2742 1770 editius
2759 1714 2943 1786 (Ibid,
2970 1735 3023 1772 n.
3047 1718 3121 1792 1).
3142 1721 3367 1775 Aderant
3381 1725 3716 1793 quoquePinianus

2281 1811 2337 1859 et
2363 1804 2586 1859 Melania
2610 1847 2624 1871 ,
2668 1806 2761 1860 sed
2808 1808 3048 1864 nonnihil
3079 1813 3268 1868 remoti
3309 1814 3372 1868 ah
3406 1815 3640 1886 Augustino,
3676 1820 3717 1871 ad

2279 1911 2438 1966 quem
2468 1907 2784 1968 augescente
2811 1902 3035 1956 tumultu
3062 1902 3184 1974 (nec
3209 1905 3345 1958 enim
3369 1921 3476 1960 eum
3494 1907 3634 1962 sedavit
3649 1912 3716 1962 An-

2282 1987 2465 2043 tistitis
2519 1990 2821 2064 responsio)
2866 2003 3211 2049 accesserunt
3259 1993 3433 2066 (Epist.
3479 1997 3581 2061 125,
3610 1998 3712 2066 ni).

2279 2078 2698 2150 Aliquantulum,
2741 2082 2911 2153 inquit
2943 2093 3161 2141 sanctus
3200 2086 3420 2153 Praesul,
3454 2089 3714 2159 inopinatum

2277 2172 2602 2240 responsione
2634 2174 2854 2228 cunctati
2876 2186 3027 2249 atque
3057 2177 3278 2246 turbati,
3316 2177 3434 2233 velut
3465 2180 3714 2250 ﬂammeum

2279 2261 2545 2332 paululum
2570 2282 2764 2336 pressa,
2796 2267 2976 2323 deinde
3002 2281 3259 2340 coeperunt
3278 2270 3424 2325 multo
3441 2273 3716 2325 ardentissimi.

2277 2357 2409 2422 tari;
2436 2358 2777 2414 existimantes
2796 2362 2908 2430 ﬁeri
2929 2380 3091 2434 posse,
3123 2373 3180 2419 ut
3207 2366 3284 2419 uel
3307 2365 3422 2418 mihi
3441 2374 3714 2435 coinquinat,

2277 2447 2408 2503 illud
2446 2466 2549 2504 non
2580 2467 2778 2507 servare
2817 2453 3160 2525 promissum,
3199 2456 3276 2510 uel
3307 2472 3382 2510 me
3407 2455 3717 2524 tenentcproaiui

2275 2539 2450 2608 ﬁdem,
2481 2540 2542 2593 ab
2568 2542 2669 2595 alio
2691 2544 2925 2614 episcopo
2947 2545 3288 2600 ordinaretur.
3309 2545 3526 2600 Dicebam
3542 2561 3607 2618 ego
3618 2545 3717 2615 quin

2274 2640 2537 2702 poterant,
2564 2634 2651 2704 qui
2674 2635 2742 2688 ad
2768 2652 2860 2690 nos
2883 2636 2936 2690 in
2963 2635 3190 2692 absidem
3216 2628 3579 2694 honoratiorem
3598 2637 3715 2709 gratio-

2277 2740 2358 2778 res
2383 2725 2730 2791 ascenderant,
2759 2745 2848 2782 nec
2867 2744 2899 2781 a
2925 2731 3162 2799 promissi
3187 2731 3291 2801 ﬁde
3319 2748 3394 2787 me
3415 2748 3536 2803 posse
3553 2729 3712 2792 dimoveri,

2274 2830 2362 2868 nec
2402 2817 2465 2869 ab
2511 2817 2613 2871 alio
2657 2819 2893 2890 episcopo
2918 2820 2970 2874 in
2999 2819 3235 2877 Ecclesia
3272 2824 3395 2878 mihi
3420 2821 3586 2887 tradita,
3606 2821 3720 2874 nisiut

2272 2907 2580 2980 interrogato
2605 2926 2666 2964 ac
2691 2912 3002 2981 permittente
3017 2953 3035 2980 ,
3064 2930 3216 2984 posse
3237 2915 3486 2978 ordinari;
3504 2911 3604 2985 quod
3619 2912 3646 2965 si
3660 2926 3720 2980 μσ-

2273 2999 2540 3064 mitterem,
2559 3017 2590 3054 a
2609 3001 2713 3070 ﬁde
2739 3002 3068 3058 nihilominus
3093 3005 3368 3060 deviarem.
3391 3005 3601 3060 Addebam
3613 3004 3719 3062 etiam.

2271 3091 2400 3146 nihil
2419 3109 2501 3146 eos
2530 3093 2687 3161 uelle,
2727 3097 2770 3150 si
2794 3097 3115 3151 ordinaretur
3144 3100 3364 3166 invitus,
3395 3100 3483 3154 nisi
3506 3107 3549 3152 ut
3568 3097 3722 3151 ordinata

2269 3181 2580 3238 abscederet.
2615 3183 2706 3238 Illi
2725 3188 2820 3240 hoc
2839 3204 2986 3257 posse
3006 3189 3120 3257 ﬁeri
3146 3207 3248 3245 non
3272 3189 3531 3246 credebant.
3552 3183 3722 3241 Μυιιὶιεόο

2269 3288 2384 3328 vero
2409 3293 2502 3345 pro
2521 3278 2765 3347 gradibus
2788 3280 3082 3348 constituta,
3119 3283 3375 3338 horrendo
3399 3292 3443 3338 et
3464 3277 3723 3354 pet-seram

2267 3368 2395 3422 simo
2428 3369 2709 3425 clamorum
2741 3373 2944 3442 fremitu
2981 3376 3033 3429 in
3062 3383 3241 3432 eadem
3275 3377 3511 3433 uoluntate
3535 3372 3724 3447 parum.

2270 3461 2483 3516 incertos
2523 3464 2685 3518 animi
2713 3466 3011 3538 consiliique
3055 3469 3278 3538 faciebat
3319 3468 3497 3544 (Epist.
3524 3460 3724 3530 126.13.!)-

2271 3549 2404 3605 Tum
2446 3568 2575 3608 vero
2613 3557 2840 3627 populus
2868 3560 3031 3613 multa
3059 3561 3305 3617 convicia
3333 3563 3385 3616 in
3407 3560 3612 3633 Alypium
3626 3551 3724 3621 coali'

2268 3657 2424 3709 cere,
2468 3646 2618 3715 quasi
2664 3664 2769 3702 non
2811 3649 2880 3704 ob
2922 3650 3066 3705 aliud
3109 3663 3333 3725 cuperet
3370 3654 3730 3708 Pinianumsecttl

2268 3733 2501 3790 retinere
2521 3776 2538 3802 ,
2585 3737 2686 3792 nisi
2715 3748 2772 3794 ut
2796 3739 2912 3809 ejus
2941 3743 3365 3799 munificentiam
3391 3759 3451 3798 ac
3475 3738 3728 3798 liberalitate!

2266 3825 2318 3879 in
2351 3829 2595 3897 proprios
2624 3845 2752 3886 usus
2781 3843 3135 3891 converteret.
3169 3836 3266 3892 His
3293 3837 3572 3909 gravissime
3589 3838 3731 3886 commo-

2267 3925 2352 3972 tus
2375 3930 2457 3974 est
2483 3921 2846 3993 Augustinus;
2878 3929 3088 3983 tametsi
3121 3946 3443 4002 quemquam
3466 3945 3493 3984 e
3513 3922 3662 3983 clericis
3680 3923 3731 3972 ιιι

2265 4012 2543 4068 monachis
2579 4017 2932 4084 praesentibus
2973 4019 3112 4075 haud
3161 4024 3501 4094 comperisset
3532 4032 3622 4073 esse
3646 4023 3733 4068 rt!ﬂ

2265 4099 2406 4155 illius
2435 4103 2641 4173 injuria:
2689 4106 2881 4179 (Epist.
2916 4110 3136 4176 125,11.
3168 4114 3248 4186 5),
3281 4113 3374 4168 sed
3406 4121 3577 4166 tantum
3599 4099 3731 4173 impeti-

2268 4201 2377 4247 tum
2406 4196 2613 4267 vulgus,
2641 4200 2782 4269 quod
2803 4215 3148 4272 compescere
3169 4222 3278 4261 non
3299 4207 3457 4260 valuit
3483 4201 3626 4277 (Ibid,
3642 4191 3734 4260 si).

2266 4288 2514 4359 quodque
2549 4299 2653 4346 tam
2695 4292 2894 4364 ingenti
2937 4304 3086 4351 reatu
3117 4313 3217 4367 per
3243 4299 3416 4370 Alypii
3439 4296 3651 4352 orationes
3667 4298 3733 4340 ηιθ-

2265 4391 2444 4436 reatur
2473 4381 2710 4450 absolvi,
2740 4386 3086 4444 vehementer
3124 4391 3277 4461 cupit
3297 4370 3494 4462 (Epist.
3524 4386 3613 4451 i965
3633 4399 3670 4433 ιιι
3693 4375 3736 4444 ll

2260 4471 2318 4526 In
2350 4472 2432 4529 his
2458 4474 2646 4543 turbis,
2681 4484 2788 4530 tum
2822 4477 2953 4547 ipse,
2984 4487 3093 4534 tum
3127 4482 3356 4552 Alypius
3379 4496 3440 4536 ac
3462 4479 3653 4536 Pinianus
3671 4480 3737 4521 non

2260 4565 2527 4620 immerito
2577 4577 2814 4623 extrema
2866 4570 3043 4625 omnia
3095 4573 3471 4630 formidabant.
3522 4561 3738 4626 Timeudtlll

2258 4658 2452 4726 quippe
2480 4667 2614 4721 erat.
2638 4675 2702 4712 ne
2727 4659 2884 4729 aliqui
2903 4663 3109 4731 perditi,
3139 4666 3217 4719 ait
3245 4664 3570 4736 Augustinus,
3588 4656 3649 4730 qui
3667 4645 3739 4704 ιιιί-

2256 4749 2461 4804 titudini
2484 4752 2629 4806 etiam
2658 4751 2901 4807 bonorum
2936 4756 3233 4826 plerumque
3261 4757 3536 4820 miscentur,
3570 4743 3742 4804 occaso"

2256 4841 2516 4894 seditionis
2563 4853 2609 4895 et
2649 4845 2793 4913 quasi
2827 4848 2988 4915 justas
3019 4847 3388 4918 indignationis
3411 4839 3670 4907 invented!
3685 4831 3742 4883 '5‘

2253 4949 2407 5003 quam
2426 4935 2523 4987 vim
2541 4936 2832 4990 sceleratam
2852 4939 3146 5008 rapinarum
3169 4941 3447 5012 cupiditate
3463 4925 3744 5010 prorumpat"

2255 5023 2445 5096 (Epist.
2474 5025 2596 5092 ηδ,
2623 5045 2676 5082 n.
2709 5029 2763 5096 5,
2787 5038 2833 5083 et
2854 5029 3021 5101 Epist.
3051 5025 3176 5100 ηδ’,
3210 5049 3266 5087 n.
3296 5034 3371 5103 1).

2324 5119 2378 5175 5.
2402 5120 2606 5175 Adduci
2634 5137 2739 5175 non
2766 5123 2936 5192 potuit
2958 5125 3210 5193 praesenti
3239 5125 3473 5196 periculo
3489 5112 3747 5191 Augustin“.

2251 5219 2314 5266 ut
2340 5212 2422 5266 vel
2453 5211 2624 5267 obiter
2650 5212 2868 5268 Piniano
2911 5214 3191 5282 suaderet,
3231 5217 3411 5288 populi
3436 5206 3747 5269 voiuutatimo-

2250 5318 2363 5357 rem
2391 5319 2606 5374 gerere,
2637 5305 2844 5358 tametsi
2881 5304 2982 5361 hoc
3012 5321 3070 5361 se
3109 5323 3216 5362 non
3263 5308 3535 5370 facturum,
3574 5301 3748 5356 σηοω·

2251 5402 2363 5448 tum
2387 5403 2518 5449 teste
2545 5404 2825 5465 praesente,
2850 5407 3034 5467 pactus
3055 5408 3218 5453 esset.
3246 5399 3519 5454 Abscedere
3529 5384 3749 5463 c09in

2249 5488 2418 5556 inquit
2439 5506 2452 5554 ;
2485 5489 2572 5543 sed
2595 5492 2908 5545 metuendum
2925 5492 3038 5562 fuit,
3056 5509 3115 5547 ne
3129 5493 3298 5565 magis
3318 5510 3396 5548 me
3410 5491 3592 5547 absente
3603 5474 3754 5538 αυοάη

2247 5577 2371 5648 quid
2425 5583 2608 5648 faceret
2642 5592 2688 5633 et
2725 5586 2996 5638 reuerentia
3030 5585 3226 5651 minor,
3274 5595 3321 5642 et
3374 5586 3514 5639 dolor
3549 5569 3752 5633 ardenti"-

2248 5667 2448 5725 Deinde
2487 5675 2528 5727 si
2569 5690 2683 5727 cum
2730 5679 2887 5743 fratre
2926 5678 3106 5748 Alypio
3132 5679 3444 5734 discederem
3482 5691 3562 5749 per
3584 5661 3756 5743 ρορκιυι

2249 5764 2604 5830 constipatum,
2638 5768 2912 5820 cavendum
2951 5772 3064 5840 fuit,
3111 5786 3173 5823 ne
3200 5773 3464 5840 quisquam
3487 5771 3536 5822 in
3559 5778 3652 5820 eiul
3680 5767 3756 5808 Μ’

2254 5869 2371 5904 num
2400 5854 2596 5908 mittere
2621 5859 2825 5910 auderet
2853 5875 2871 5912 .'
2899 5862 2940 5912 si
2961 5870 3122 5914 autem
3149 5863 3263 5915 sine
3290 5863 3379 5915 illo
3397 5902 3410 5924 ,
3437 5865 3542 5932 quis
3568 5855 3682 5927 fro”
3700 5854 3755 5900 ⁸·
