1929 3199
40 230 80 253 ια
298 243 307 257 ,
320 224 345 251 si
357 222 414 259 quid
426 222 448 250 ei
468 221 581 258 fortassis
600 221 722 248 accideret
737 229 746 248 :
760 226 783 248 et
798 220 835 248 vi-

42 272 114 299 deret
127 279 181 298 em
192 274 331 306 propterea
344 269 485 301 deseruisse,
496 272 524 295 ut
536 268 629 304 furenti
642 267 737 303 populo
750 267 835 295 trade-

42 317 135 345 retur!
150 316 219 343 Inter
241 316 291 343 hoe
314 321 390 343 mtas
411 323 477 342 meos
497 322 646 350 gravemque
666 321 796 341 maerorem
811 318 834 341 et

42 364 141 391 nullius
152 363 251 390 consilii
263 362 453 398 respirationem
463 382 470 393 ,
484 369 539 389 ecce
549 365 653 396 repente
666 365 742 396 atque
750 361 833 396 inopi-

43 415 100 436 nate
112 413 210 436 sanctus
222 407 295 443 filius
316 413 400 435 noster
412 406 537 434 Pinianus
552 406 626 433 mittit
638 406 672 433 ad
684 414 724 433 me
735 414 833 434 servum

42 455 101 487 Dei,
118 454 273 487 Bsrnabam,
294 453 340 488 qui
353 453 413 480 mihi
426 453 518 479 diceret
539 460 596 479 eum
618 460 645 479 se
661 451 723 479 velle
738 452 832 488 popqu

39 503 137 537 jurare,
158 499 222 535 quod
232 499 256 526 si
267 502 333 526 esset
346 499 475 525 ordinatus
486 497 577 524 invitus
588 506 619 525 ea:
631 497 718 532 Africa
731 498 832 525 omnino

42 547 190 578 discederet;
201 546 276 573 credo
285 566 293 578 ,
307 545 454 573 existimans
465 553 507 572 eos
516 565 526 578 ,
539 544 740 579 quandoquidem
761 545 831 579 peje-

43 602 102 621 rare
111 602 160 620 non
177 596 268 628 posset,
282 600 334 619 non
344 592 403 627 jam
420 591 526 618 utter-ius
546 591 703 626 infructuosa
716 599 830 627 perseve-

43 640 128 666 rantia
141 640 295 671 clamaturos,
311 638 346 664 ad
358 637 533 672 depellendum
546 637 603 664 hinc
612 637 747 670 hominem,
759 646 831 672 quem

41 684 128 712 saltm
139 683 278 711 deberemus
292 683 384 710 habere
399 683 517 710 vicinum.
533 682 599 709 Mihi
613 688 711 715 autem,
724 683 783 718 quia
794 683 831 710 vi-

40 731 142 758 debatur
153 730 358 757 vehementiorem
371 737 460 756 eorum
472 728 586 756 dolorem
602 733 658 763 post
671 728 737 756 hanc
752 730 828 764 jura-

41 778 128 804 u’anem
149 776 223 812 fixisse
235 775 398 802 metuendum
410 795 418 806 ,
433 774 503 808 apud
524 782 563 801 me
584 775 673 801 tacitus
693 774 770 801 habui
784 782 793 801 :
807 779 830 801 et

40 824 94 857 quia
114 821 187 849 simul
209 821 333 856 petierat,
348 825 376 846 ut
396 820 430 846 ad
443 828 500 847 eum
513 820 621 847 venirem
635 841 642 852 ,
656 828 706 847 non
730 820 827 847 distuli.

41 868 99 894 Cum
109 867 170 894 nsihi
183 866 287 894 dixisset
301 866 349 892 hoc
363 866 456 901 ipsum,
469 865 587 892 continuo
598 869 623 892 et
632 864 698 892 illud
712 865 829 900 adjunxit

39 914 116 941 ridens
133 913 265 948 jurationi.
284 912 353 947 quod
374 911 436 938 mihi
458 911 520 938 dum
541 911 575 938 ad
597 919 653 938 eum
674 920 761 947 pergo,
784 920 829 947 per

37 960 115 986 aliam
141 958 186 986 Dei
208 966 320 990 servum,
337 957 499 991 Timasium,
520 957 691 990 mandaverat,
708 958 740 984 de
760 965 828 993 prte-

38 1005 121 1032 sentia
143 1004 232 1032 scilicet
253 1013 299 1032 sua
313 1024 321 1036 ,
352 1003 404 1031 hoc
428 1008 484 1036 est,
515 1004 635 1038 Hippone
667 1012 697 1031 se
720 1011 827 1032 reman-

41 1059 151 1084 surum,
163 1051 184 1078 si
198 1051 220 1078 ei
233 1051 356 1078 clericatus
366 1050 494 1077 sarcinam
507 1050 601 1077 nolenti
615 1050 699 1078 nullus
714 1051 827 1085 impone-

36 1102 85 1123 ret.
110 1096 162 1124 Hic
179 1105 224 1133 ego
242 1097 268 1123 in
291 1096 359 1123 tantis
385 1097 510 1132 angustiis
538 1097 611 1132 quasi
631 1105 694 1123 aura
716 1098 827 1133 spirante

35 1146 163 1169 recreatus
175 1141 188 1178 (
200 1150 276 1177 nque
286 1141 349 1168 enim
363 1141 436 1177 potui
450 1141 487 1168 sic
498 1150 597 1176 sapere,
611 1146 638 1168 ut
653 1147 723 1169 tanto
735 1143 774 1169 vel
786 1147 827 1169 tu-

34 1187 112 1214 multu
126 1187 165 1214 vel
175 1186 309 1220 oﬂ’ensione
328 1187 410 1223 magis
429 1188 503 1214 everti
522 1187 610 1214 vellem
632 1187 770 1215 Ecclesium
785 1189 825 1215 cui

0 1238 1 1243 ‘
35 1233 117 1265 servio,
132 1241 209 1267 quam
219 1232 248 1259 id
259 1232 327 1267 quod
341 1241 356 1258 α
370 1232 416 1259 tali
432 1233 486 1260 viro
504 1233 574 1260 nobis
591 1232 741 1266 offerebatur
756 1234 823 1260 acci-

37 1276 101 1314 pere)
113 1278 178 1305 nihil
189 1279 211 1305 εἰ
224 1278 362 1313 respondi;
376 1278 421 1305 sed
440 1278 475 1304 ad
487 1281 590 1313 fratrem
605 1280 724 1313 Alypium
744 1281 824 1314 gradu

37 1324 188 1351 concitatiore
198 1325 308 1359 perrexi,
324 1325 395 1358 eique
407 1324 466 1358 quid
487 1324 589 1355 dixerit,
606 1325 669 1350 diri.
684 1326 714 1350 At
727 1325 781 1357 ille,
798 1331 824 1351 ut

38 1369 138 1396 diuino
148 1389 156 1401 ,
169 1369 286 1396 devitans
302 1377 333 1395 ne
345 1369 405 1403 quid
425 1378 451 1395 se
465 1374 566 1395 auctore
582 1370 651 1402 ﬁeret
665 1391 670 1400 ,
691 1370 757 1396 unde
771 1379 821 1403 ros,

37 1414 144 1442 Albinam
162 1414 322 1449 alloquitur,
348 1414 450 1448 putabat
466 1414 570 1447 o/fcndi,
589 1414 655 1440 llinc
672 1424 718 1447 me,
732 1415 821 1448 inquit,

37 1467 100 1487 nemo
110 1460 238 1487 consulat.
255 1459 312 1492 Quo
325 1460 412 1486 audito
422 1480 428 1492 ,
445 1460 478 1485 ad
495 1460 614 1494 populum
628 1461 821 1486 lttlttltllltttlllt'tll

40 1506 124 1540 perrai
136 1513 145 1532 :
156 1505 280 1541 factoque
293 1504 393 1532 silentio
402 1526 409 1538 ,
430 1505 490 1539 quid
504 1507 654 1539 promissum
678 1511 749 1535 (εδει,
765 1515 821 1532 cum

39 1551 190 1586 promtissime
200 1552 277 1579 etiam
285 1552 423 1586 jurationis
434 1553 530 1586 aperui.
548 1551 592 1578 Illi
607 1560 673 1583 vero,
687 1553 728 1586 qui
739 1553 820 1578 solum

40 1597 84 1632 q'us
95 1598 274 1633 presbyterium
289 1597 429 1632 cogitabant
453 1602 525 1631 atque
542 1597 672 1631 cupiebant
683 1619 689 1628 ,
709 1607 757 1623 non
774 1598 818 1629 ita,

41 1643 194 1679 Itpllabam,
208 1643 280 1678 quod
295 1643 404 1670 oblatum
424 1645 506 1678 fuerat
519 1648 685 1677 acceperunt;
699 1645 743 1669 sed
756 1645 820 1669 inter

41 1696 63 1715 κ
73 1688 251 1722 aliquantulum
262 1689 432 1720 mussitantes,
449 1689 585 1723 petiverunt
602 1693 625 1714 ut
639 1689 772 1715 adderetur
783 1691 820 1715 ciu

39 1734 88 1761 dan
97 1735 252 1770 promissioni
263 1735 480 1770 utquejttratiani,
489 1740 514 1760 ut
525 1736 545 1761 si
559 1736 659 1769 quando
671 1736 709 1761 illi
719 1736 751 1761 ad
762 1745 820 1761 sns-

40 1781 174 1816 cipiendum
198 1782 343 1808 clericatum
362 1782 500 1808 consentire
520 1783 662 1815 placuisset,
681 1783 779 1808 nonnisi
795 1783 820 1809 in

42 1826 95 1862 ipsa
108 1826 256 1861 Hipponemi
277 1828 383 1854 ecclesia
403 1828 549 1854 consentiret
566 1836 573 1853 :
594 1833 620 1854 ot
643 1828 691 1854 hoc
711 1837 740 1855 vn
763 1837 818 1862 spe,

41 1873 95 1907 quia
106 1880 150 1907 per
160 1873 232 1900 illam
248 1874 416 1908 praesentiant
429 1873 556 1900 creditum
571 1878 610 1900 cst
624 1882 683 1899 cum
698 1874 775 1900 etiam
788 1875 820 1901 ιιιί

40 1917 175 1945 clericatum
197 1918 399 1953 suscipiendum
422 1926 499 1952 posse
521 1919 732 1945 drsidcraulilms
755 1928 820 1946 con-

42 1965 134 1993 sentire.
150 1965 238 1992 Retuli
257 1966 290 1992 ad
305 1973 381 1996 eum;
403 1966 456 1992 sine
476 1966 628 1991 dubitatione
649 1966 745 1992 annuit.
770 1966 820 1992 lic-

42 2011 140 2037 nuntiari
152 2011 203 2038 illis
213 2019 225 2042 ;
235 2011 313 2038 laetati
325 2016 401 2043 sunt;
415 2016 437 2037 et
450 2019 507 2037 mos
514 2011 668 2045 jurationmn
685 2012 821 2045 pollicitam

43 2062 200 2091 vomunt.
218 2057 321 2084 Reverti
345 2057 377 2082 ad
392 2057 474 2089 [ilium
488 2062 611 2087 nostrum,
629 2058 821 2090 cumqueinvmi

47 2102 198 2135 πιαιωωη,
215 2103 368 2138 quibusnam
388 2102 466 2128 verbis
480 2103 658 2136 comprehendi
674 2108 754 2136 posset
777 2104 821 2129 illa

46 2155 96 2174 cum
235 2149 370 2184 promissio
383 2169 389 2179 ,
404 2153 506 2182 propter
521 2149 677 2174 necessitates
688 2149 819 2180 irruentes,

43 2201 95 2227 qua
102 2200 191 2230 ponat
201 2204 261 2223 eum
275 2200 303 2222 ut
315 2194 454 2221 abscederet
468 2203 565 2228 cogere.
581 2194 664 2220 Simul
677 2194 750 2220 etiam
761 2195 821 2227 quid

43 2241 125 2269 tim
140 2243 259 2274 ostendit,
282 2250 313 2268 ne
332 2242 386 2276 quis
398 2241 511 2267 irruisset
526 2240 622 2266 hostilis
638 2241 762 2273 incursus,
778 2242 820 2275 qui

47 2282 100 2314 aut
107 2287 251 2317 discessione
259 2287 386 2314 vitandus.
406 2286 507 2312 Volebat
521 2286 581 2311 addi
596 2291 681 2312 sancta
697 2286 818 2318 Melania,

47 2333 246 2363 ιιυὶιαογῦῑάὶ
259 2334 428 2361 causationem
442 2341 450 2359 :
465 2334 508 2359 sed
524 2333 592 2358 illius
607 2334 767 2365 responsion
781 2342 819 2359 re-

43 2380 151 2415 γνώσηι
167 2387 213 2410 est.
238 2381 295 2417 Ego
309 2385 393 2407 autent
407 2379 460 2406 diri
471 2401 477 2411 ,
493 2388 593 2414 grauem
615 2380 644 2405 ab
659 2380 701 2405 illo
724 2385 746 2404 cl
771 2388 820 2405 non

42 2429 234 2456 mundam
247 2435 351 2455 causata
364 2426 515 2453 necessitatis
534 2426 656 2460 ingestam
666 2445 672 2457 ,
690 2433 745 2458 qua‘
757 2425 820 2450 cives

42 2473 106 2502 diu
121 2475 245 2511 emigrare
263 2473 423 2508 compelleret
441 2480 449 2498 :
470 2472 513 2498 sed
530 2472 552 2497 si
569 2472 621 2497 lucc
643 2471 734 2505 papula
752 2472 819 2496 dire-

43 2523 124 2552 ναισ,
136 2520 274 2547 limandum
284 2526 346 2550 esse,
363 2526 394 2544 ne
407 2518 472 2544 male
484 2526 529 2544 nos
542 2517 647 2543 ominari
663 2518 820 2547 videremur;

41 2564 60 2589 si
80 2569 155 2592 mem
176 2565 223 2592 sub
268 2563 422 2591 necessitatis
453 2563 552 2589 nomine
588 2562 656 2595 ﬁeret
681 2563 817 2593 excttsatio,

43 2609 128 2638 ποι-Η
159 2611 350 2647 fraudulentam
391 2609 561 2636 necessitatem
594 2608 686 2642 putari.
718 2607 819 2634 Placuit

45 2660 118 2683 tam
133 2662 158 2684 It
174 2658 207 2684 de
225 2657 274 2684 hac
297 2665 326 2683 re
348 2655 437 2691 populi
459 2656 572 2681 animum
592 2655 778 2689 experiremur;
797 2659 820 2680 ct

44 2695 101 2728 nihil
117 2700 182 2730 Iliad
203 2710 280 2738 quam
306 2701 344 2734 id,
368 2701 434 2736 quod
458 2705 644 2734 putaveramus,
672 2700 818 2725 invenimus.

45 2744 103 2774 Νη
119 2756 174 2776 cum
187 2749 243 2784 ejus
264 2747 338 2774 verba
356 2755 371 2773 a
386 2747 491 2773 diacono
513 2747 579 2772 dicta
601 2746 771 2775 recitarentur,
797 2750 820 2771 et

45 2792 116 2820 πά
135 2794 303 2828 placuissent;
324 2792 366 2819 ubi
391 2800 480 2818 nomen
502 2792 655 2824 interpositae
670 2790 822 2816 necessitatis

45 2834 140 2866 'll'llil
150 2860 158 2873 ,
171 2840 289 2867 continuo
301 2838 465 2866 reclamatum
476 2842 511 2864 est
523 2858 529 2868 ,
540 2837 717 2872 promissioth
731 2836 820 2869 displi-

47 2880 221 2917 ιιυίῐυιιαι
239 2883 435 2914 recrudescente,
457 2888 478 2910 et
490 2883 552 2909 nihil
563 2883 633 2909 aliud
646 2890 719 2915 quam
733 2881 822 2916 fraude

671 193 675 196 ,
724 162 826 191 LIBER
845 161 991 191 SEXTUS.

1629 174 1684 203 409

887 227 970 247 secum
984 221 1027 256 agi
1048 223 1141 258 populo
1154 224 1318 254 eaistimante.
1334 227 1408 260 Quod
1424 236 1483 256 cum
1494 235 1596 258 sanctus
1610 232 1682 267 ﬁlius

886 271 969 294 noster
983 267 1093 301 vidisset,
1113 269 1190 304 jussit
1204 272 1262 298 inde
1273 274 1369 308 auferri
1391 282 1482 302 nomen
1507 278 1681 311 necessitatis;

885 322 1035 351 rursumque
1044 316 1079 342 ad
1090 316 1202 344 laetitiam
1213 318 1321 353 populus
1331 322 1455 348 remeavit.
1464 321 1498 349 Et
1509 331 1566 350 cum
1575 323 1679 352 lassitu-

886 360 969 387 dinem
982 369 1136 396 excusarem,
1145 364 1198 390 sine
1209 372 1248 391 me
1260 365 1295 392 ad
1306 365 1401 400 plebem
1411 368 1527 396 accedere
1535 369 1616 397 notuit
1624 378 1634 397 :
1641 371 1677 398 si-

884 407 939 434 mul
949 408 1108 435 accessimus.
1119 408 1190 437 Dixit
1201 410 1234 443 ei,
1246 419 1303 447 qua?
1314 420 1330 438 a
1342 411 1447 440 diacono
1459 414 1548 442 audita
1557 421 1639 449 erant,
1651 425 1681 444 se

884 454 1026 488 mandasse,
1037 464 1063 483 se
1072 457 1178 489 iurasse,
1185 465 1263 492 eaque
1274 465 1302 485 se
1309 466 1361 486 esse
1368 460 1677 497 facturumcontinuoque

884 500 969 526 omnia
981 508 1009 527 eo
1023 505 1117 534 tenore,
1128 511 1177 538 quo
1188 503 1333 537 dictaverat,
1346 509 1492 539 prosecutus
1502 511 1551 534 est.
1564 507 1679 543 Respon-

883 553 939 572 sum
945 551 991 579 est,
1001 546 1054 573 Deo
1067 548 1171 582 gratias,
1178 554 1201 575 et
1206 550 1310 584 petitum
1318 555 1345 577 ut
1353 555 1433 578 totum
1440 552 1562 587 scriptum
1567 554 1678 581 subscri-

883 590 992 618 beretur.
1004 592 1154 621 Dimisimus
1164 596 1363 630 catechumenos,
1376 598 1542 634 continuoque
1551 600 1676 635 scriptum

883 637 1037 671 subscripsit.
1052 638 1150 667 Deinde
1167 641 1218 676 peti
1230 642 1351 676 coepimus
1366 652 1412 671 nos
1425 645 1545 681 episcopi,
1560 654 1611 673 non
1632 655 1678 675 vo-

883 683 952 711 cibus
965 686 1063 720 populi,
1078 687 1122 713 sed
1140 692 1223 714 tamen
1238 697 1255 714 a
1268 689 1361 724 popqu
1383 698 1427 725 per
1441 690 1557 719 honestos
1576 692 1677 727 ﬁdeles,

882 734 910 756 ut
924 738 969 757 nos
978 739 1074 766 quoque
1086 732 1304 762 subscriberemus.
1323 734 1356 762 At
1375 735 1417 762 ubi
1431 736 1496 771 ccepi
1511 737 1676 771 subscribere,

881 782 968 804 sancta
982 777 1093 806 Melania
1100 780 1263 808 contradixit.
1277 781 1387 810 Miratus
1395 791 1452 811 sum
1458 792 1536 819 quare
1546 789 1598 811 tam
1607 794 1676 819 sero,

882 823 954 857 quasi
968 824 1159 858 promissionem
1172 826 1245 853 illam
1258 831 1282 854 et
1296 828 1453 863 jurationem
1467 838 1513 857 nos
1522 851 1530 864 ,
1547 839 1597 858 non
1614 832 1676 858 sub-

880 867 1022 902 scribendo,
1036 871 1119 905 facere
1131 879 1259 906 possemus
1271 873 1399 909 infectam.
1416 875 1470 909 Sed
1480 881 1564 903 tamen
1578 877 1676 904 obtem-

882 914 976 946 peravi,
983 922 1012 940 ac
1022 915 1058 941 sic
1066 917 1184 943 remansit
1195 925 1251 945 mea
1258 926 1308 946 non
1321 919 1396 954 plena
1407 921 1573 956 subscriptio;
1584 930 1629 956 nec
1637 923 1675 949 ul-

880 963 920 986 tra
932 960 1003 987 nobis
1015 962 1147 996 quisquam
1157 984 1164 995 ,
1184 968 1212 990 ut
1224 964 1444 999 subscriberemus,
1467 968 1562 1001 putavit
1574 968 1675 997 instan-

880 1005 939 1031 dum
957 1006 1052 1041 (Epist.
1065 1007 1139 1043 126).
1161 1008 1211 1036 Per
1233 1011 1380 1038 caslurbas
1390 1011 1494 1040 Albinae
1516 1014 1599 1040 sancti
1615 1014 1674 1048 lilii,

879 1050 1004 1078 Pinianus
1017 1052 1118 1080 scilicet
1132 1061 1163 1080 ac
1175 1054 1300 1088 Melania,
1313 1056 1358 1091 qui
1374 1062 1451 1084 erant
1468 1057 1495 1084 in
1508 1058 1610 1092 abside,
1625 1067 1674 1093 pa-

878 1096 930 1123 lam
943 1097 1028 1131 questi
1043 1102 1115 1130 sunt,
1129 1107 1181 1126 non
1195 1099 1378 1135 presbyterum
1392 1101 1428 1129 ab
1445 1102 1672 1139 Hipponensibus,

878 1141 925 1168 sed
939 1142 1072 1170 hominem
1086 1143 1195 1171 divitem
1209 1165 1216 1177 ,
1231 1146 1402 1179 pecuniarum
1424 1148 1568 1182 cupiditate
1589 1152 1675 1185 quaeri

878 1186 973 1223 (Epist.
982 1188 1042 1221 ηδ,
1055 1198 1081 1216 n.
1090 1189 1129 1226 2).
1141 1190 1174 1217 Et
1183 1190 1253 1219 hanc
1265 1193 1455 1227 narrationem,
1464 1199 1563 1229 praeter
1571 1196 1673 1224 omissa

877 1235 997 1269 quaedam
1012 1235 1145 1271 adjuncta,
1162 1245 1221 1272 quae
1234 1238 1267 1264 ad
1278 1245 1334 1265 rem
1343 1239 1408 1266 nihil
1421 1239 1549 1273 facerent,
1568 1242 1671 1277 ipsissi—

876 1288 947 1308 mani
958 1282 997 1309 rei
1008 1283 1145 1310 veritatem
1160 1291 1220 1311 esse
1231 1288 1344 1312 testatur
1354 1286 1516 1321 Augustinus
1528 1296 1534 1314 :
1551 1289 1673 1323 proinde-

876 1335 927 1362 que
949 1328 1089 1356 Pinianum
1112 1337 1199 1365 neque
1217 1338 1257 1363 se,
1282 1334 1312 1358 ut
1333 1330 1475 1366 ferebatur,
1492 1334 1672 1369 priociplente,

876 1380 962 1408 neque
984 1375 1083 1408 populo
1102 1380 1214 1410 cogente
1230 1376 1344 1411 jurasse,
1360 1377 1407 1405 sed
1430 1378 1515 1412 ipsum
1537 1387 1586 1414 per
1597 1388 1626 1408 se
1640 1388 1673 1409 ac

875 1425 969 1454 sponte
983 1427 1031 1450 sua
1046 1421 1071 1448 id
1084 1421 1222 1450 obtulisse.
1238 1422 1322 1457 Cujus
1329 1424 1368 1451 rei
1383 1424 1530 1452 Bamabam
1543 1433 1574 1453 ac
1583 1426 1672 1454 Tima-

874 1466 953 1497 sium,
970 1474 1037 1500 quos
1058 1466 1103 1494 ille
1117 1467 1235 1501 singulos
1256 1468 1289 1496 ad
1312 1476 1342 1496 se
1364 1470 1482 1502 miserat,
1499 1475 1580 1499 testes
1606 1472 1671 1500 citat

877 1511 971 1545 (Epist.
984 1512 1045 1544 l26,
1058 1521 1084 1539 η.
1102 1513 1140 1548 6).
1157 1513 1288 1549 Utrosque
1299 1515 1396 1543 vocitat
1412 1524 1504 1545 servos
1516 1517 1571 1550 Dei,
1589 1518 1615 1545 id
1628 1522 1670 1546 est

873 1558 1028 1586 monachos.
1050 1560 1092 1587 An
1114 1565 1201 1588 autem
1218 1561 1363 1595 Barnabas,
1388 1570 1467 1598 quem
1491 1564 1670 1599 appellatione

873 1605 956 1631 sancti
983 1604 1158 1638 cohonestat,
1188 1606 1256 1633 idem
1273 1606 1409 1635 habendus
1423 1608 1459 1635 sit
1478 1616 1510 1636 ac
1532 1610 1671 1645 presbyter

874 1649 918 1677 illc
934 1650 1111 1685 Hipponensis
1125 1651 1219 1686 (Epist.
1239 1651 1301 1683 215,
1315 1661 1341 1679 n.
1358 1652 1395 1688 l),
1412 1660 1490 1688 quem
1505 1654 1671 1689 Augustinus

873 1695 981 1723 familia:
996 1704 1052 1724 sua:
1071 1696 1240 1731 prmfcccrat,
1256 1703 1282 1725 et
1295 1698 1370 1733 cujus
1383 1699 1606 1727 existimationem
1619 1708 1670 1735 pu-

872 1742 941 1770 blice
957 1742 983 1770 in
993 1750 1116 1771 sermone
1128 1743 1242 1779 quodam
1253 1744 1369 1772 defendit
1380 1744 1475 1781 (Serm.
1486 1746 1538 1773 556
1548 1767 1554 1778 ,
1568 1754 1594 1773 η.
1612 1747 1668 1782 15),

873 1796 926 1816 non
941 1789 1093 1817 deﬁnimus.
1106 1790 1169 1817 Erat
1182 1798 1215 1817 eo
1230 1795 1350 1825 tempore
1365 1791 1496 1818 Timasius
1510 1792 1667 1825 monachus,

873 1834 918 1869 qui
931 1838 1039 1862 auctore
1053 1839 1133 1869 atque
1150 1835 1297 1869 impulsore
1312 1835 1418 1870 Pelagio
1433 1836 1552 1863 nuntium
1569 1836 1669 1864 mundo

873 1879 1013 1907 remiserat
1027 1879 1124 1915 (Epist.
1138 1880 1200 1911 177,
1217 1888 1243 1907 n.
1257 1880 1284 1915 6)
1296 1888 1303 1906 :
1318 1880 1364 1908 sed
1387 1881 1465 1916 hujus
1475 1890 1580 1909 rursum
1591 1882 1669 1910 nobis

874 1924 973 1952 incidet
986 1926 1096 1952 mentio.

909 1971 935 1998 6.
953 1970 1019 1998 Cum
1034 1971 1213 1998 habilaturum
1230 1978 1260 1999 se
1272 1971 1393 2006 Hippone
1406 1971 1531 1999 Pinianus
1540 1972 1667 2006 iurasset,

874 2017 967 2045 oborta
989 2017 1101 2052 quadam
1125 2017 1282 2044 necessitate
1304 2017 1357 2044 alio
1377 2017 1422 2044 die
1443 2017 1516 2044 illinc
1528 2018 1667 2045 discedere

874 2064 1050 2097 compellitur.
1067 2062 1141 2096 Quod
1157 2062 1200 2089 ubi
1214 2063 1329 2097 populus
1343 2063 1521 2098 Hipponensis
1531 2062 1665 2097 cognovit,

874 2109 943 2136 haud
958 2109 1127 2136 mediocriter
1139 2109 1325 2136 tumultuatum
1346 2113 1397 2142 est,
1414 2116 1445 2136 ac
1459 2109 1546 2137 multa
1561 2109 1666 2137 incale-

874 2155 1007 2190 scentibus
1021 2155 1116 2182 animis
1129 2154 1211 2187 dicta,
1233 2162 1293 2189 qua:
1305 2154 1383 2181 etiam
1405 2154 1504 2189 scripto
1519 2154 1667 2183 [nandanda

874 2205 1008 2227 curarunt.
1025 2200 1121 2227 Verum
1135 2207 1196 2227 cum
1210 2199 1373 2227 intellectum
1385 2203 1465 2232 esset,
1480 2199 1505 2226 id
1516 2200 1550 2226 al)
1562 2207 1594 2227 eo
1605 2207 1668 2234 pro-

873 2250 933 2280 pter
948 2246 1135 2272 necessitatem
1149 2246 1278 2280 privatam
1295 2253 1396 2272 necnon
1414 2246 1503 2272 animo
1513 2245 1666 2274 revertendi

874 2290 970 2317 factum
983 2299 990 2323 ;
1003 2298 1081 2317 nemo
1092 2290 1140 2317 luit
1150 2311 1158 2321 ,
1168 2291 1212 2325 qui
1220 2290 1270 2317 hoc
1279 2291 1338 2317 boni
1347 2299 1400 2318 non
1409 2291 1561 2318 consuleret
1569 2291 1666 2326 (Epist.

875 2335 936 2367 126,
945 2335 1169 2370 nn.6,l5).Ncque
1176 2335 1392 2363 enimconsilium
1402 2336 1558 2368 lucrat,cum
1567 2337 1668 2365 exsulis

873 2380 958 2408 instar
971 2380 1006 2407 ibi
1020 2380 1146 2413 retinere,
1164 2380 1211 2407 sed
1224 2381 1272 2408 sibi
1290 2381 1416 2416 putabant
1430 2382 1534 2409 abunde
1560 2383 1668 2410 satisfa-

873 2429 957 2457 ctum,
970 2425 1050 2452 modo
1059 2426 1154 2452 civium
1162 2425 1275 2459 aliorum
1283 2434 1357 2453 more
1369 2427 1496 2454 sedrmac
1502 2427 1666 2455 domicilium

873 2469 908 2497 ibi
921 2471 1078 2505 ﬁgerel,nec
1092 2479 1209 2506 unquam
1224 2471 1285 2499 inde
1299 2471 1457 2504 discederet,
1473 2473 1524 2500 nisi
1543 2481 1602 2500 cum
1619 2482 1667 2501 vo-

874 2514 974 2542 luntate
982 2515 1108 2543 redeundi
1121 2515 1214 2551 (Epist.
1231 2517 1293 2549 125,
1309 2525 1335 2543 n.
1349 2516 1386 2553 4).
1397 2517 1472 2551 Quod
1484 2523 1571 2546 autem
1582 2519 1666 2547 Baro-

874 2560 934 2587 nius
941 2561 1030 2592 refert,
1038 2560 1177 2589 Pinianum
1184 2561 1304 2596 Hippone
1314 2562 1432 2597 elapsum
1439 2570 1498 2590 esse
1504 2563 1666 2598 clanculum,

873 2611 901 2634 et
914 2606 1054 2640 Tagastam
1069 2614 1120 2634 una
1142 2614 1203 2634 cum
1216 2608 1271 2634 suis
1294 2615 1449 2639 reversum;
1469 2609 1565 2643 quippe
1580 2610 1623 2644 qui
1639 2617 1669 2637 se

853 2658 856 2661 '
874 2651 942 2686 ejus,
958 2652 990 2679 ad
1005 2652 1076 2687 quod
1091 2660 1140 2686 per
1151 2653 1204 2679 vim
1219 2657 1246 2680 et
1260 2659 1358 2680 metum
1374 2653 1498 2681 inductus
1510 2659 1591 2687 esset,
1607 2662 1667 2689 pro-
1680 2663 1686 2689 β

874 2698 946 2725 missi
966 2698 1094 2733 religione
1108 2706 1161 2725 non
1180 2699 1261 2726 teneri
1277 2699 1360 2733 probe
1377 2699 1456 2726 sciret
1472 2699 1617 2735 (Duronius,
1635 2699 1669 2725 ad

874 2751 970 2770 annum
994 2743 1077 2779 409);
1105 2744 1187 2778 ipsius
1210 2748 1250 2771 est
1269 2749 1295 2771 et
1316 2744 1410 2779 dogma
1433 2745 1554 2778 probare,
1574 2748 1601 2770 et
1629 2743 1691 2787 fa-Z

874 2793 958 2821 ctum,
973 2789 1043 2824 quod
1056 2794 1147 2821 contra
1174 2789 1345 2819 manifestam,
1367 2789 1507 2823 Augustini
1524 2787 1665 2814 auctorita-
1682 2796 1690 2829 ὲ

876 2839 929 2862 tem
944 2835 1039 2862 asserit
1049 2855 1056 2866 .
1075 2835 1202 2864 stabilire.
1221 2835 1284 2862 Rem
1299 2839 1386 2862 autem
1399 2833 1488 2867 iniquo
1503 2831 1591 2857 animo
1607 2831 1667 2865 tulit

877 2881 1088 2910 Pinianisocxus
1107 2882 1199 2910 Alb‘uw
1215 2902 1223 2915 ,
1250 2880 1409 2916 scripsitque
1430 2878 1462 2911 ad
1485 2876 1661 2914 Augusuuum
