3858 6386
868 594 1263 704 opportunitate
1298 594 1711 694 hospitalitatem
1741 626 2047 676 exerceant.
2078 615 2179 672 Ubi

594 743 728 787 sane
764 702 1044 799 episcopos
1082 720 1458 790 Carthaginem
1500 714 1809 771 Collationis
1836 726 1994 769 causa
2021 724 2177 765 acce-

590 335 701 399 £07

593 453 826 516 uberiori
851 450 1110 507 adversus
1130 459 1330 518 egenos
1350 440 1665 498 liberalitate
1689 437 1922 493 fulciant.
1951 433 2179 504 Impellit

592 557 852 620 praeterea
882 541 1181 604 auditores,
1230 546 1285 592 ut
1327 543 1535 604 arrepta
1571 530 1965 587 adventantium
1992 541 2178 620 servo-

497 813 505 819 ’
594 820 805 885 dentes,
827 818 912 873 vel
934 824 1079 872 certe
1103 812 1436 867 adhaerentes
1460 808 1537 863 eis
1560 805 1869 870 monachos,
1897 801 2179 873 signiﬁcari

493 922 503 930 ‘
594 924 759 968 nemo
783 907 1006 964 dubitet.
1035 902 1189 961 Unde
1227 901 1489 971 intelligas
1520 913 1582 954 ea
1627 897 1679 952 in
1717 895 1847 950 urbe
1875 907 2180 950 sermonem

595 1001 744 1058 hunc
788 996 1039 1055 habuisse
1082 993 1434 1064 Augustinum
1473 1008 1487 1044 :
1532 998 1587 1045 et
1629 987 1714 1043 hic
1749 999 1935 1042 revera
1958 984 2099 1038 illius
2126 983 2180 1036 in

598 1091 843 1165 proxime
872 1087 1132 1160 sequenti,
1164 1101 1320 1155 quem
1340 1082 1659 1153 Carthagine
1684 1078 2077 1150 pronuntiatum
2100 1076 2183 1130 in-

600 1181 763 1239 duhie
788 1188 1015 1244 constat,
1044 1178 1364 1233 mentionem
1394 1174 1516 1229 facit
1538 1174 1729 1245 (Serm.
1757 1170 1881 1235 558,
1910 1186 1963 1223 n.
1995 1166 2072 1238 6).

674 1273 728 1327 5.
757 1271 837 1326 Ad
864 1268 1171 1326 Collationis
1197 1266 1370 1321 locum
1392 1261 1650 1318 Catholici
1679 1277 1782 1316 non
1802 1257 2097 1329 composito
2115 1256 2183 1311 ad

602 1360 797 1420 fastum
844 1369 1097 1431 apparatu
1148 1373 1211 1412 ac
1250 1370 1476 1426 pompa,
1524 1353 1619 1409 sed
1663 1352 1853 1422 singuli
1892 1364 2089 1405 venere
2115 1348 2184 1404 ab

602 1451 961 1508 ostentatione
988 1448 1376 1504 Donatistarum
1406 1446 1560 1515 longe
1584 1442 1930 1498 abhorrentes
1961 1439 2181 1509 (Brevic.

603 1543 791 1599 Collat.
845 1542 906 1607 1,
943 1558 1057 1611 cap.
1102 1538 1229 1611 11):
1264 1538 1317 1594 hi
1355 1539 1550 1608 quippe
1595 1534 1963 1604 Carthaginem
2002 1531 2185 1603 quinta

604 1633 759 1699 feria,
792 1633 980 1705 quinto
1003 1631 1210 1688 decimo
1236 1628 1701 1697 kalendasjuuias,
1736 1633 1881 1680 tanta
1922 1640 2043 1679 cum
2068 1637 2185 1678 ma-

607 1723 943 1797 gniﬁcentia,
987 1730 1129 1776 tanta
1176 1720 1430 1775 comitum
1476 1718 1627 1773 turba
1671 1716 1895 1786 ingressi
1937 1723 2091 1779 sunt,
2127 1722 2188 1769 ut

605 1817 845 1872 omnium
872 1831 1076 1887 magna:
1106 1814 1243 1868 illius
1272 1812 1417 1867 urbis
1452 1811 1645 1865 civium
1684 1810 1866 1865 oculos
1889 1810 1940 1863 in
1972 1823 2031 1863 se
2054 1823 2186 1862 con-

606 1920 793 1961 versos
833 1905 1150 1961 distinerent
1193 1901 1395 1971 (Collat.
1426 1899 1666 1970 Carthag.
1692 1900 1718 1954 1
1738 1940 1752 1964 ,
1779 1916 1929 1970 capp.
1961 1898 2046 1961 14,
2072 1897 2185 1967 29).

608 1996 821 2068 Ipsique
848 1997 983 2052 adeo
1002 1997 1247 2067 jaetitant
1276 1994 1651 2064 Carthaginem
1673 2008 1909 2058 omnem,
1945 1992 2052 2046 imo
2073 1992 2191 2047 uni-

607 2103 818 2144 versam
840 2087 1093 2153 Africam,
1116 2085 1377 2141 adventus
1404 2084 1487 2139 sui
1516 2094 1701 2139 testem
1726 2097 1866 2148 esse,
1894 2083 1963 2137 ita
1986 2091 2042 2136 ut
2063 2082 2189 2136 nulli

610 2180 769 2236 liceat
792 2180 907 2250 ejus
934 2179 1013 2234 rei
1040 2178 1389 2249 ignorantiam
1428 2175 1739 2233 obtendere.
1784 2173 1998 2229 Addunt
2034 2173 2188 2227 indu-

608 2279 725 2326 ctos
750 2285 809 2327 se
831 2285 916 2335 eo,
946 2269 1086 2340 quod
1116 2268 1215 2324 sibi
1239 2268 1605 2323 denuntiatum
1626 2282 1655 2320 a
1677 2265 1981 2319 Marcellino
2000 2263 2188 2328 fuerat,

609 2362 819 2429 edicto,
860 2370 916 2417 ut
942 2377 1170 2432 propere
1196 2360 1575 2430 Carthaginem
1612 2358 1950 2421 advolarent;
1999 2371 2190 2422 senes,

609 2453 857 2523 quamvis
885 2461 1085 2507 exacta:
1113 2465 1175 2503 ac
1201 2450 1489 2520 decrepitre
1527 2450 1700 2503 aetatis
1720 2489 1735 2513 ,
1767 2462 1870 2502 non
1912 2462 2193 2503 excusasse

611 2540 1064 2603 imbecillitatem;
1094 2554 1266 2609 neque
1294 2539 1431 2594 ullos
1451 2541 1665 2594 relictos
1687 2539 1739 2592 in
1762 2538 2064 2610 provinciis,
2092 2538 2193 2594 nisi

611 2643 748 2699 quos
784 2628 1004 2684 adversa
1039 2627 1287 2684 valetudo
1320 2629 1582 2684 retinebat
1611 2629 1823 2683 invitos.
1856 2627 1922 2683 Et
1949 2638 2093 2683 certe
2116 2628 2194 2684 sic

614 2734 704 2776 res
723 2718 987 2775 habebat:
1017 2720 1211 2790 quippe
1243 2736 1426 2776 eorum
1455 2721 1652 2791 pn’mas
1680 2734 1805 2774 suos
1836 2734 2022 2797 omnes
2046 2718 2193 2787 abje-

611 2811 714 2868 ctis
732 2812 1053 2884 quibuslibet
1074 2812 1234 2874 rebus
1259 2828 1322 2869 eo
1347 2828 1666 2881 concurrere
1683 2812 1913 2880 iusserat
1932 2853 1946 2874 ,
1973 2820 2193 2867 testatus

611 2904 866 2960 nimirum
890 2919 984 2961 eos
1008 2905 1099 2976 qui
1131 2917 1254 2961 eum
1285 2905 1503 2977 reliquis
1527 2906 1709 2961 venire
1736 2905 2109 2973 detrectarent,
2142 2904 2192 2961 id

611 2995 846 3067 praesidii
872 3011 981 3051 sure
1001 3004 1280 3066 erepturus
1304 3013 1499 3063 causre,
1529 2996 1669 3067 quod
1695 2995 1951 3051 haberent
1980 2996 2193 3065 potissi-

609 3100 759 3141 mum
779 3084 884 3155 (Ad
904 3085 1197 3141 Donatium
1217 3098 1328 3158 post
1348 3087 1555 3152 Cottat.,
1570 3104 1624 3139 η.
1644 3086 1761 3153 41).
1783 3085 1963 3154 Itaque
1986 3100 2107 3140 cum
2126 3084 2194 3140 ad

614 3173 965 3235 Collationem
994 3175 1223 3250 publicis
1260 3177 1437 3232 GeStis
1461 3176 1633 3230 vocati
1664 3184 1806 3242 sunt,
1832 3176 2107 3230 adfuturos
2135 3191 2195 3232 se

613 3279 862 3339 prompto
882 3270 1061 3324 animo
1086 3266 1415 3335 promisere;
1448 3280 1547 3319 nec
1566 3265 1924 3320 Marcellinum
1940 3307 1956 3332 ,
1985 3267 2194 3322 tametsi

613 3357 932 3413 catholicam
970 3356 1283 3427 religionem
1323 3369 1444 3410 eum
1474 3354 1706 3424 proﬁteri
1736 3370 1840 3408 non
1870 3358 2190 3426 ignorarent,

607 3442 842 3514 iudicem
868 3446 920 3500 in
953 3445 1074 3502 fidei
1099 3458 1258 3502 causa
1285 3444 1628 3514 repudiavere
1654 3442 1962 3511 (Possidius,
1992 3447 2045 3499 in
2079 3445 2196 3501 Vita

593 3535 917 3607 Jugustini,
948 3552 994 3590 ο.
1026 3536 1126 3606 4).
1170 3535 1335 3589 Porro
1377 3534 1516 3604 quod
1556 3534 1634 3589 eis
1678 3545 1952 3605 tantopere
1996 3537 2193 3606 primas

611 3625 870 3697 Optimum
896 3628 949 3682 in
980 3641 1136 3683 causa
1159 3642 1255 3684 sua
1282 3626 1514 3682 futurum
1535 3628 1968 3693 commendabat,
1998 3630 2050 3683 id
2081 3631 2193 3685 Au-

609 3715 825 3787 gustino
854 3724 988 3772 teste
1013 3717 1143 3772 nihil
1173 3726 1289 3773 erat
1313 3716 1478 3783 aliud,
1511 3716 1610 3771 nisi
1636 3727 1696 3772 ut
1721 3718 1909 3772 darent
1934 3734 2152 3789 operam
2172 3761 2187 3787 ,

607 3820 716 3877 quo
729 3807 1143 3862 numerosissimi
1165 3822 1285 3863 esse
1304 3806 1608 3862 viderentur
1632 3807 1737 3877 (Ad
1763 3808 2055 3865 Donatistas
2081 3820 2194 3880 post

606 3894 819 3963 Collat.,
846 3914 898 3951 η.
920 3895 1033 3968 41).
1064 3896 1200 3966 Quin
1228 3898 1388 3950 etiam
1414 3897 1575 3951 variis
1601 3898 1869 3953 fraudibus
1892 3914 1954 3953 ac
1974 3900 2193 3955 menda-

604 3987 704 4042 ciis
757 4002 972 4043 suorum
1029 3988 1355 4058 ampliﬁcare
1400 3987 1789 4043 multitudinem
1835 3988 2187 4045 studuerunt:

603 4078 798 4148 quibus
823 4087 1002 4133 tamen
1029 4076 1290 4134 hactenus
1328 4086 1530 4134 tantum
1557 4080 1833 4148 profecere
1851 4121 1866 4145 ,
1898 4087 1957 4134 ut
1980 4080 2190 4136 ducenti

606 4167 939 4238 septuaginta
959 4183 1149 4224 novem
1173 4178 1598 4235 numerarentur,
1618 4170 1775 4239 paqu
1801 4170 2044 4226 videlicet
2064 4186 2191 4240 pau-

604 4255 779 4310 ciores
805 4270 964 4326 quam
994 4256 1249 4312 Catholici
1282 4256 1489 4327 (Collat.
1519 4257 1760 4327 Carthag.
1793 4260 1844 4323 1,
1890 4276 2005 4329 cap.
2038 4260 2187 4333 215),

602 4363 738 4418 quos
763 4347 831 4403 ad
857 4348 1117 4404 ducentos
1143 4350 1410 4419 octoginta
1433 4363 1526 4403 sex
1554 4359 1667 4403 erat
1697 4350 1937 4405 invenire
1968 4351 2186 4421 (Brevic.

602 4438 788 4495 Collat.
823 4441 847 4495 1
874 4482 888 4506 ,
920 4457 1036 4512 cap.
1067 4442 1166 4507 14,
1196 4450 1242 4495 et
1271 4440 1457 4496 Collat.
1489 4440 1730 4513 Carthag.
1771 4443 1796 4498 1
1824 4483 1839 4508 ,
1880 4460 1996 4515 cap.
2039 4444 2186 4518 214).

602 4529 807 4585 Praeter
833 4528 967 4596 hos,
1000 4538 1059 4585 ut
1082 4539 1198 4586 acta
1222 4530 1528 4587 Collationis
1564 4530 1809 4599 tradunt,
1848 4533 1937 4588 alii
1980 4550 2189 4607 quoque

603 4620 878 4676 catholica:
903 4621 1293 4678 communionis
1316 4623 1495 4694 viginti
1518 4639 1677 4695 supra
1694 4624 1951 4682 ducentos
1978 4625 2185 4700 (Callet.

603 4703 847 4779 Carthag.
874 4712 924 4774 1,
947 4727 1061 4782 cap.
1080 4712 1231 4783 215),
1254 4728 1351 4769 seu
1371 4715 1567 4781 verius,
1595 4731 1699 4771 non
1730 4717 1955 4787 amplius
1973 4727 2187 4773 centum

604 4797 789 4868 viginti
819 4798 1033 4871 (Brevic.
1063 4801 1248 4857 Cottat.
1293 4805 1319 4857 1
1341 4845 1356 4871 ,
1399 4822 1513 4877 cap.
1556 4807 1645 4878 14)
1665 4848 1681 4874 ,
1721 4823 1879 4878 quem
1909 4824 2188 4865 numerum

605 4888 966 4958 Augustinus,
1014 4905 1221 4947 necnon
1266 4896 1654 4965 manuscriptus
1690 4896 2001 4954 Collationis
2052 4899 2186 4956 liber

605 4974 880 5040 exhibent,
909 4976 962 5031 in
994 4980 1278 5048 provinciis
1300 4989 1391 5035 aut
1419 4982 1743 5049 inﬁrmitate,
1769 4996 1859 5040 aut
1886 4996 2183 5053 senectute,

605 5080 696 5125 aut
740 5070 845 5125 alia
887 5070 1133 5141 quapiam
1177 5073 1496 5129 necessitate
1546 5074 1747 5130 detenti
1799 5088 2183 5136 remanserant.

604 5159 780 5215 Fuere
803 5159 1021 5231 insuper
1035 5161 1263 5216 viduatae
1287 5162 1395 5217 suis
1418 5163 1730 5231 praesulibus
1754 5164 2006 5224 Ecclesia:
2033 5184 2188 5226 sexa-

600 5252 767 5320 ngta.
798 5252 874 5307 Ac
900 5252 1143 5323 proinde,
1170 5253 1215 5308 si
1244 5252 1504 5309 rationem
1526 5254 1593 5308 ad
1613 5270 1733 5311 eum
1750 5259 1964 5314 modum
1988 5262 2188 5317 subdu-

1725 319 1880 375 VITA
1916 318 1975 375 S.
2017 315 2376 375 AUGUSTINI
2416 313 2730 371 EPISCOPI.
3678 335 3748 395 ωδ

2284 431 2591 502 dringentos
2632 430 2897 487 antistites
2925 446 3019 502 per
3043 439 3202 489 totam
3237 434 3453 493 Africam
3473 454 3524 496 se
3542 456 3637 501 esse
3658 430 3757 517 pre-1

2283 522 2530 577 dicarunt
2558 522 2660 592 (Ad
2682 521 2976 577 Donatistae
3002 532 3109 592 post
3134 525 3335 594 Collat.,
3359 546 3409 583 η.
3435 531 3533 603 41).
3557 536 3746 599 Craterum

2282 614 2352 670 ab
2372 615 2436 668 iis
2456 613 2632 669 nullus
2651 614 2962 670 nominatim
2983 616 3301 687 designatus.
3323 621 3384 676 Et
3394 634 3508 678 sane
3521 624 3624 682 illud
3640 645 3747 700 quam

2283 705 2415 761 futili
2442 717 2498 762 et
2524 706 2696 777 inepta
2720 707 2951 762 vanitate
2975 708 3230 778 dicerent,
3255 713 3376 767 satis
3402 727 3626 788 superque
3643 737 3748 792 3pm.

2284 800 2433 854 rebat
2450 839 2467 864 ,
2508 814 2628 854 eum
2663 815 2729 855 ex
2764 800 3073 871 imposturis
3092 818 3222 873 quas
3246 810 3579 877 exaggerando
3600 827 3749 872 suorum

2284 905 2507 944 numero
2549 890 2924 958 adhibuerant,
2976 901 3084 947 tum
3112 909 3179 950 ex
3206 910 3271 951 eo
3293 898 3428 967 quod
3454 900 3566 956 solis
3587 910 3749 975 exceptis

2282 980 2495 1051 aegrotis
2521 979 2709 1036 deesse
2734 983 3000 1038 neminem
3020 1025 3035 1051 ,
3075 1000 3170 1040 sua
3200 985 3252 1040 in
3279 986 3480 1044 Notoria
3504 1003 3627 1048 erant
3645 1011 3748 1065 sper.

2287 1070 2487 1125 tissime
2511 1071 2755 1141 professi.

2355 1162 2409 1216 4.
2428 1161 2526 1218 Ubi
2545 1162 2915 1233 Carthaginem
2937 1166 3209 1237 utriusque
3223 1172 3579 1229 communionis
3590 1178 3749 1251 episcopi

2285 1252 2570 1319 advenere,
2596 1254 2928 1311 Marcellinus
2951 1258 3121 1313 altero
3148 1262 3317 1315 edicto
3334 1262 3748 1339 Collationislocum,

2290 1352 2499 1413 tempus
2533 1354 2691 1415 atque
2732 1347 2973 1403 ordinem
3018 1351 3288 1406 constituit
3325 1352 3519 1423 (Brevia.
3550 1356 3685 1412 Callet.
3709 1363 3746 1427 l,

2287 1450 2402 1505 cap.
2446 1435 2526 1506 5).
2574 1436 2844 1507 Simulque
2884 1438 3135 1495 adhibitis
3180 1443 3521 1512 cautionibus,
3557 1447 3749 1519 diligenter

2287 1528 2537 1597 providit,
2570 1544 2636 1583 ne
2656 1528 2763 1593 cui,
2791 1530 2933 1600 quod
2962 1532 3014 1586 in
3040 1532 3337 1591 Collatione
3363 1535 3570 1603 dixisset,
3593 1552 3750 1609 postmo-

2288 1616 2416 1672 dum
2454 1617 2637 1673 liceret
2663 1619 2906 1675 inﬁciari.
2949 1623 3194 1679 Decrevit
3218 1624 3387 1696 igitur,
3413 1628 3623 1700 cujusque
3644 1634 3749 1701 partis

2289 1707 2570 1779 episcopos
2592 1718 2819 1780 septem,
2844 1713 2936 1783 qui
2962 1713 3295 1784 disputarem
3310 1717 3439 1772 inter
3456 1733 3523 1785 se,
3540 1721 3593 1774 ab
3607 1722 3750 1790 reliquis

2290 1798 2540 1854 omnibus
2567 1801 2867 1872 eligendos;
2913 1804 3106 1874 quibus
3144 1806 3457 1864 adderentur
3486 1810 3556 1864 alii
3583 1811 3748 1879 totidem,

2291 1903 2425 1959 quos
2451 1889 2552 1945 illis
2577 1892 2877 1960 consulere,
2897 1894 3065 1950 sicubi
3092 1911 3179 1953 res
3206 1899 3459 1968 postulare
3482 1900 3687 1966 videretur,
3704 1902 3750 1956 li-

2293 1982 2478 2039 berum
2506 1983 2679 2052 foret;
2704 2002 2767 2042 ac
2792 1996 3047 2057 praeterea
3075 2000 3305 2059 quatuor
3330 1991 3434 2057 alii,
3464 1993 3539 2063 qui
3556 1992 3748 2049 Gestorum

2292 2077 2663 2146 eonscriptioni
2686 2088 2976 2149 pmessent
2999 2098 3014 2137 :
3042 2090 3098 2137 et
3113 2080 3350 2139 kalendis
3366 2083 3511 2151 juniis
3525 2086 3747 2139 convenien-

2293 2164 2417 2220 dum
2447 2166 2498 2221 in
2528 2167 2761 2225 thermas
2786 2170 3158 2242 Gargilianas;
3189 2174 3278 2244 qui
3311 2175 3448 2230 locus
3470 2184 3661 2245 tanquam
3676 2191 3748 2230 om-
3800 2186 3801 2189 ‘

2295 2256 2440 2310 nium
2461 2259 2691 2315 maxime
2711 2270 3037 2331 opportunus
3057 2263 3296 2321 delectus
3318 2263 3475 2321 fuerat
3497 2264 3655 2337 (Callet.
3675 2264 3750 2321 Ca-

2297 2346 2437 2418 thag.
2468 2350 2517 2415 1,
2546 2367 2661 2421 cap.
2695 2350 2807 2424 18).
2838 2353 2967 2409 Erat
2992 2355 3079 2411 hic
3107 2357 3161 2411 in
3198 2357 3327 2413 urbe
3364 2358 3516 2414 media
3535 2399 3549 2425 ,
3578 2359 3750 2427 spatiosis
3800 2346 3801 2407 Ῐ

2295 2437 2604 2506 admodum,
2632 2443 2807 2498 clarus
2831 2454 2884 2498 et
2911 2445 3141 2516 algidus,
3171 2460 3224 2504 et
3246 2464 3373 2506 sane
3395 2458 3491 2505 tam
3508 2449 3655 2505 celebri
3669 2464 3751 2503 con-

2296 2538 2456 2586 ventu
2484 2532 2637 2605 longe
2662 2535 3005 2606 dignissimus
3031 2557 3044 2593 :
3073 2539 3144 2596 de
3172 2556 3281 2612 quo
3318 2540 3643 2596 Thrasantundi
3663 2538 3750 2593 Van-

2296 2620 2538 2677 dalorum
2578 2625 2716 2694 regis
2744 2626 2887 2682 curis
2915 2637 3074 2699 atque
3112 2630 3366 2703 impensis
3394 2632 3599 2687 restituto
3618 2639 3751 2685 exstare

2297 2712 2620 2782 epigramma
2670 2716 2984 2773 observatur
3032 2718 3267 2792 (Rivius,
3313 2723 3363 2777 in
3416 2721 3517 2776 Vita
3550 2719 3749 2791 Augustini.

2298 2818 2415 2873 pag.
2464 2802 2613 2874 559).
2656 2804 2945 2877 Episcopos
2990 2824 3181 2867 omnes
3225 2820 3327 2867 tam
3366 2812 3750 2879 Catholicos,quam

2297 2892 2599 2949 Donatistas
2622 2910 2816 2966 capere
2837 2898 2977 2955 haud
3005 2900 3291 2958 difﬁculter
3320 2905 3575 2975 potuisset:
3597 2898 3749 2971 quando-

2296 2984 2508 3054 quidem
2536 3001 2600 3040 eo
2624 2988 2778 3043 simul
2804 2991 3033 3046 universi
3054 2992 3391 3050 intraverant.
3414 2996 3475 3049 At
3492 2993 3751 3064 quoniamma-

2295 3090 2430 3145 gnos
2476 3077 2576 3131 iste
2616 3094 2873 3135 numerus
2916 3082 3286 3142 confusionem
3319 3085 3517 3142 indubie
3541 3082 3748 3155 petierim,

2296 3168 2481 3221 statuit
2518 3168 2854 3227 Marcellinus
2871 3214 2889 3240 ,
2917 3182 2976 3228 ut
3004 3174 3374 3247 episcoporum
3400 3176 3589 3240 nemini,
3612 3179 3749 3243 prati“;

2296 3272 2453 3326 quam
2477 3259 2663 3330 viginti
2682 3269 2824 3328 octo,
2847 3264 2934 3319 vel
2961 3265 3173 3336 triginta
3195 3283 3285 3323 sex
3310 3267 3596 3330 memoratis,
3616 3259 3749 3333 permil-

2297 3355 2437 3402 tatur
2477 3349 2685 3417 aditus;
2733 3355 2986 3423 praisules
3026 3367 3213 3428 rogat,
3255 3357 3480 3414 subditos
3504 3356 3751 3427 pratmoneant

2296 3441 2393 3495 sibi
2412 3442 2657 3511 populos,
2681 3460 2749 3500 ne
2769 3444 2856 3501 die
2873 3445 3187 3505 Collationis
3198 3448 3380 3507 eodem
3402 3447 3673 3506 conveniant.
3685 3439 3749 3494 Hoc

2294 3532 2437 3587 addit
2465 3536 2601 3591 velle
2627 3553 2707 3604 se,
2738 3539 3009 3611 utriusque
3030 3544 3415 3599 communionis
3440 3545 3661 3614 episcopos
3677 3542 3749 3587 τίιιίθ

2295 3623 2433 3678 diem
2460 3641 2779 3698 congressus
2804 3632 3038 3700 polliceri
3062 3676 3078 3699 ,
3126 3651 3187 3692 se
3226 3644 3391 3690 ratum
3417 3633 3641 3688 habituros
3657 3619 3749 3694 quid“

2295 3715 2422 3785 quid
2450 3731 2480 3770 a
2502 3720 2736 3787 septenis
2761 3721 2826 3775 ad
2848 3722 3174 3793 colloquium
3203 3727 3383 3783 electis
3400 3724 3539 3781 fuerit
3554 3720 3749 3777 actitatum;

2294 3818 2453 3878 atque
2480 3812 2779 3868 confectum
2812 3815 2910 3870 hac
2933 3815 3000 3871 de
3026 3833 3085 3871 re
3114 3828 3289 3873 actum
3317 3860 3333 3885 ,
3373 3832 3427 3872 se
3463 3818 3691 3887 praesente.
3712 3800 3751 3855 ab

2294 3901 2540 3957 omnibus
2585 3904 2970 3975 obsignandum
3016 3908 3121 3964 sibi
3163 3909 3275 3964 dari
3314 3927 3326 3963 :
3366 3903 3585 3979 quidquid
3606 3900 3751 3955 dicunt.

2294 3991 2473 4044 statim
2501 3993 2642 4047 notis
2668 3995 2734 4049 ab
2769 3996 3065 4052 astantibus
3089 3998 3191 4053 sibi
3218 3997 3556 4068 execptoribus
3594 3984 3751 4060 publicis.

2294 4082 2559 4152 simulque
2581 4098 2611 4137 a
2640 4093 2866 4154 quatuor
2891 4085 2957 4141 de
2983 4097 3204 4159 utraque
3222 4098 3369 4160 parte
3383 4084 3572 4142 notariis
3587 4073 3753 4135 eculei!-

2292 4170 2440 4226 sﬁcis
2467 4172 2654 4232 scribi:
2685 4190 2819 4244 quos
2847 4176 3026 4242 etiam,
3052 4195 3122 4234 ne
3147 4194 3327 4234 eorum
3355 4177 3474 4231 ﬁdes
3499 4175 3543 4228 in
3566 4168 3751 4225 dubium:
3800 4164 3801 4239 ξ

2292 4276 2556 4332 quoquam
2582 4266 2821 4320 revocari
2846 4269 3033 4337 possit,
3064 4271 3304 4339 quaterni
3328 4268 3576 4325 Gestorum
3598 4250 3753 4315 conscri-
3800 4312 3801 4323 χ

2292 4353 2457 4421 ptioni
2487 4354 2721 4421 praefecti
2744 4357 2979 4427 episcopi
3010 4361 3255 4431 pervigili
3282 4375 3343 4415 ac
3366 4356 3562 4414 sollicita
3582 4351 3751 4404 obsem'
3800 4358 3801 4429 γ

2292 4444 2434 4498 tione
2458 4447 2779 4501 custodiant.
2809 4448 3071 4506 Praeterea
3093 4491 3107 4516 ,
3142 4466 3207 4507 ne
3230 4449 3431 4521 quando
3467 4447 3591 4502 hisce
3618 4434 3753 4493 actibus

2291 4535 2374 4590 vel
2401 4536 2619 4591 minima
2647 4541 3000 4610 corruptionis
3026 4544 3390 4599 mutationisve
3423 4532 3663 4596 criminatio
3681 4526 3750 4580 im-

2291 4625 2434 4697 pingi
2476 4636 2662 4709 queat,
2707 4645 2740 4685 a
2784 4631 3011 4702 singulis
3052 4635 3342 4689 antistitum
3370 4648 3429 4688 ea
3454 4620 3663 4685 subscribi
3680 4627 3753 4687 qua

2289 4718 2553 4773 dixerint:
2595 4720 2737 4791 quod
2778 4722 2918 4778 idem
2950 4741 3008 4781 se
3037 4726 3279 4796 primitus
3323 4724 3387 4780 ad
3426 4712 3753 4777 interloculiﬂliei
3800 4712 3801 4789 ξ

2288 4824 2413 4864 suas
2442 4813 2797 4880 praestiturum
2829 4817 3109 4884 promittit.
3132 4817 3368 4872 Tabellas
3390 4813 3587 4881 denique
3606 4802 3657 4859 ad
3677 4810 3752 4854 eum

2289 4899 2503 4956 modum
2532 4903 2825 4976 descriptas
2851 4915 2906 4961 et
2934 4907 3163 4979 digestas
3202 4924 3300 4964 una
3337 4922 3448 4963 cum
3480 4902 3753 4979 epist‘olwr",m

2288 4992 2706 5062 qualuordecim,
2739 5011 2870 5065 quos
2898 4998 2965 5053 ad
2988 4977 3378 5070 disceptandum
3398 4994 3653 5065 elegissent,
3676 4977 3755 5036 sub-

2288 5083 2662 5153 scriptionibus
2687 5087 2865 5142 statim
2888 5090 3090 5157 publice
3113 5090 3273 5163 afﬁgi,
3300 5106 3398 5160 quo
3414 5096 3464 5142 et
3484 5078 3680 5139 erunibus
3700 5078 3755 5167 ἥδε

2288 5174 2483 5246 legere,
2515 5185 2568 5231 et
2589 5178 2837 5234 universo
2859 5178 3254 5251 Carthaginensi
3278 5179 3458 5250 populo
3478 5177 3537 5229 de
3552 5169 3693 5225 iisdem
3708 5170 3745 5223 1“
3800 5196 3801 5211 ι

2288 5264 2467 5321 dicare
2491 5267 2672 5322 liceat.
2707 5267 2845 5323 Nam
2873 5287 2988 5324 cum
3008 5272 3097 5337 eis,
3120 5272 3277 5327 verba
3304 5278 3419 5325 sunt
3441 5253 3755 5321 Marcelliniﬂ‘
3800 5306 3801 5309 η

600 5357 727 5399 cere
755 5344 935 5409 libeat,
965 5345 1378 5417 quadringentos
1403 5346 1671 5417 sexaginta
1697 5363 1792 5404 sex
1816 5349 2185 5420 episcoporum
2280 5357 2505 5429 judicem
2529 5357 2722 5412 dederit
2748 5360 2979 5431 Augusta
3005 5362 3245 5433 dignatio.
3269 5358 3435 5431 quibus
3459 5350 3690 5424 inierim“
3704 5346 3755 5433 Te

2288 5462 2395 5504 esse
2423 5464 2517 5517 pro
2546 5450 2674 5503 tanti
2698 5452 2915 5507 nominis
2934 5425 3241 5507 veneratione
3266 5462 3519 5522 cognosco,
3544 5436 3640 5509 ﬁdei
3656 5425 3753 5485 καί·
3800 5430 3801 5499 ᾖ

2286 5540 2522 5595 citudinr's
2562 5558 2687 5597 mea:
2724 5543 2819 5597 hac
2856 5545 3245 5600 consideratione
3278 5537 3519 5614 prospexi.
3546 5545 3591 5585 ιιι
3619 5526 3753 5629 άδξωξ

2286 5631 2459 5684 vellem
2493 5632 2693 5701 judicio
2720 5634 2965 5705 judicari.
3010 5634 3093 5689 Ita
3131 5608 3310 5705 quippe
3345 5608 3504 5689 oculis,
3533 5635 3613 5674 non
3640 5608 3752 5705 50M

2288 5723 2423 5777 urbis
2463 5703 2918 5794 hujuscepverum
2958 5727 3106 5781 etiam
3147 5703 3380 5780 uniuersa:
3415 5708 3641 5789 provincia:
3662 5703 3750 5753 10"“
3800 5714 3801 5773 ξ

600 5435 987 5490 catholicon
1017 5436 1175 5491 sedes
1201 5438 1254 5490 in
1285 5436 1458 5491 Africa
1485 5438 1757 5495 exstitisse
1782 5439 2024 5496 dicamus
2043 5486 2058 5509 ,
2086 5459 2184 5500 ne-

594 5540 751 5583 cesse
776 5535 877 5585 est.
906 5528 1064 5601 Atqui
1090 5529 1337 5586 absentes
1363 5531 1663 5603 episc0pos,
1694 5545 2045 5608 vacantwque
2079 5538 2182 5595 Ec-

599 5616 791 5674 elesias
818 5618 916 5674 sibi
938 5621 1117 5690 plures
1143 5635 1262 5678 esse
1289 5637 1447 5693 quam
1470 5622 1776 5693 Catholieis,
1808 5627 1860 5682 in
1888 5629 2182 5685 Collatione

597 5704 863 5778 iactarent
883 5712 1225 5779 schismatici,
1255 5714 1343 5786 qui
1367 5725 1549 5786 postea
1570 5718 1728 5775 etiam
1755 5720 2031 5790 plusquam
2051 5736 2181 5792 qua-
