3858 6382
542 327 651 387 115

544 441 736 519 (Ibid,
755 455 870 510 cap.
901 433 1035 506 89);
1062 446 1185 489 cum
1211 437 1392 487 autem
1421 442 1529 486 non
1555 429 1708 501 pauci
1736 443 1832 500 per
1850 427 1995 519 varia
2020 426 2134 483 loca

551 518 780 607 dispersi
806 545 930 588 esse
953 534 1207 602 possent,
1241 523 1450 596 recepit
1475 521 1700 596 Alypius
1725 519 1846 576 illos
1879 518 2139 574 adductu-

550 644 669 684 rum
700 641 762 683 se
789 625 842 681 in
865 623 1008 679 diem
1035 619 1348 676 crastinum.
1397 617 1648 672 Attamen
1686 611 2002 669 introductis
2045 609 2130 677 iis,

547 719 636 790 qui
661 732 757 788 pro
772 714 982 771 foribus
999 711 1201 783 reperti
1216 717 1362 776 sunt,
1386 721 1624 779 quosque
1643 721 1709 760 ex
1725 705 2022 775 composito
2041 717 2136 758 vo-

545 819 695 866 catos
724 806 856 864 nulli
883 805 1221 868 dubitemus;
1267 815 1453 858 eorum
1478 814 1509 854 a
1537 798 1729 870 quibus
1775 797 2132 868 subscriptum

546 900 719 956 fuerat
746 897 1078 962 mandatum,
1127 895 1339 960 abesse,
1364 900 1562 963 praeter
1589 905 1685 946 eos
1709 890 1801 962 qui
1825 887 2133 960 Carthagini

545 992 893 1062 trag-rotabant,
915 996 1157 1059 repertus
1171 995 1254 1043 est
1275 999 1453 1041 nemo.
1473 982 1532 1039 In
1551 983 1654 1038 hoc
1681 982 2130 1053 subscriptionum

547 1082 796 1138 examine
817 1121 834 1148 ,
860 1077 1182 1135 sebismatici
1219 1075 1508 1133 Catltolicis
1543 1075 1672 1130 vitio
1699 1074 1900 1130 dabant
1925 1116 1940 1142 ,
1985 1072 2130 1145 quod

547 1174 604 1230 in
632 1189 739 1245 quo
764 1181 937 1228 tractu
961 1185 1097 1227 unus
1133 1177 1339 1224 tantum
1382 1176 1528 1224 esset
1563 1168 1799 1238 ipsorum
1827 1166 2128 1236 episcopus,

546 1264 624 1321 illi
677 1277 1055 1333 nonnunquam
1101 1261 1239 1316 duos
1296 1267 1388 1315 aut
1433 1259 1594 1314 etiam
1636 1258 1820 1329 plures
1873 1257 2134 1314 haberent

545 1355 736 1428 (Ibid.,
759 1372 909 1427 capp.
931 1355 1023 1421 65,
1053 1352 1201 1424 117)
1225 1370 1239 1406 :
1260 1360 1315 1406 at
1335 1348 1594 1406 Catholici
1619 1350 1756 1406 idem
1770 1365 1980 1421 quoque
1992 1349 2132 1421 apud

544 1448 680 1505 istos
693 1445 917 1502 inveniri
940 1444 1378 1501 demonstrabant
1403 1442 1589 1515 (Ibid.,
1606 1459 1719 1513 cap.
1737 1442 1860 1509 125,
1881 1443 1958 1497 vel
1986 1442 2128 1515 126).

551 1539 738 1594 Mutuo
755 1535 1172 1594 criminabantur
1195 1550 1333 1598 sese,
1351 1533 1492 1604 quod
1518 1534 1799 1605 episcopos
1823 1535 1873 1589 in
1898 1533 2058 1597 villis.
2079 1535 2131 1589 in

548 1629 727 1687 fundis
753 1639 810 1686 et
856 1629 1018 1702 agris,
1053 1629 1136 1686 vel
1173 1629 1224 1683 in
1254 1626 1468 1684 sedibus
1496 1628 1612 1682 sine
1643 1627 1794 1698 plebe
1826 1627 2132 1682 constituis-

546 1732 668 1780 sent
713 1721 899 1794 (Ibid,
944 1738 1096 1792 capp.
1127 1720 1251 1788 181,
1285 1719 1431 1792 182).
1471 1720 1706 1790 Denique
1750 1719 1851 1774 sibi
1881 1719 2130 1786 invicem,

547 1830 675 1886 quae
697 1814 786 1870 alii
807 1814 875 1870 ab
889 1813 1006 1868 aliis
1027 1813 1168 1883 passi
1186 1819 1358 1878 erant,
1376 1811 1610 1882 objicere
1640 1826 1743 1867 non
1771 1809 2091 1867 omittebant
2113 1827 2127 1865 :

545 1921 732 1961 verum
760 1904 1020 1974 ejusmodi
1049 1903 1443 1970 altercationes,
1474 1919 1592 1974 qua:
1612 1918 1643 1958 a
1673 1903 1891 1960 cardine
1911 1903 1991 1960 rei
2009 1911 2132 1958 tan-

547 2005 660 2050 tum
686 1995 995 2050 avertebant
1013 2037 1026 2058 ,
1055 1995 1411 2060 Marcellinus,
1442 1994 1616 2066 quoad
1656 1995 1708 2050 in
1736 2010 1794 2050 se
1819 2004 1955 2063 erat,
1983 2010 2132 2051 rese-

547 2087 722 2142 cabat.
769 2085 899 2142 Cum
926 2087 1226 2143 Felicianns
1266 2087 1606 2154 Mustitanus,
1645 2102 1677 2142 e
1719 2087 2136 2144 Maximianista-

546 2193 667 2234 rum
711 2178 982 2248 quondam
1022 2178 1283 2243 factione,
1331 2178 1723 2246 nominaretur,
1776 2179 1966 2235 institit
2007 2181 2136 2253 Aly-

547 2269 704 2341 pius,
753 2279 812 2324 ut
866 2285 989 2326 eum
1067 2271 1354 2327 Donatista:
1407 2286 1517 2326 suae
1573 2273 1966 2326 communionis
2013 2287 2135 2327 esse

547 2370 731 2432 aperte
785 2361 1162 2433 profiterentur
1201 2361 1418 2431 (Ibid.,
1450 2378 1566 2432 cap.
1608 2360 1747 2427 122;
1793 2361 1988 2416 Brevic.
2019 2361 2136 2416 Cof-

549 2453 642 2508 lat.
678 2455 730 2520 l,
777 2469 893 2522 cap.
925 2453 1071 2522 12);
1112 2452 1165 2506 id
1199 2467 1327 2507 vero
1355 2451 1428 2506 illi
1476 2462 1808 2507 recusarunt.
1841 2451 2134 2523 Episcopus

549 2542 626 2597 ibi
651 2543 886 2612 quidam,
919 2558 1014 2612 pro
1042 2542 1264 2596 Paulino
1293 2542 1542 2614 episcopo
1557 2541 1820 2598 catholico
1847 2552 2132 2614 prmsente,

549 2633 646 2689 sed
671 2633 874 2689 litteras
902 2633 1175 2689 nesciente
1192 2675 1208 2699 ,
1237 2631 1521 2689 subscribit
1545 2634 1564 2705 (
1585 2632 1766 2689 Collat.
1797 2634 2036 2706 Cart/tag.
2062 2637 2088 2691 1
2115 2676 2132 2702 ,

547 2739 666 2796 cap.
691 2725 793 2780 155
813 2725 856 2798 ).

619 2817 673 2873 5.
697 2817 825 2874 Post
839 2818 1058 2875 recitata
1074 2817 1464 2874 Catholicorum
1486 2820 1722 2874 omnium
1739 2819 1975 2887 nomina,
1995 2819 2133 2875 Mar-

547 2912 773 2968 cellinus
803 2911 1084 2982 episcopos
1112 2921 1266 2984 rogat
1302 2920 1360 2966 ut
1396 2911 1617 2968 sedeant
1656 2930 1668 2966 :
1701 2912 1841 2983 quod
1882 2913 2132 2967 nimirum

544 3001 650 3058 illis
677 3003 938 3058 stantibus
963 3004 1063 3074 ipsi
1089 3004 1277 3059 sedere
1316 3005 1599 3059 molestum
1629 3004 1715 3058 sit.
1747 3003 1992 3059 Oblatum
2033 3007 2131 3060 lio-

547 3109 734 3149 norem
761 3103 1010 3149 recusant
1034 3095 1340 3160 Donatistze,
1367 3095 1467 3149 sibi
1492 3095 1704 3149 interim
1727 3095 1962 3150 simulac
1990 3096 2132 3150 Mar-

547 3185 744 3240 cellino
761 3185 937 3240 verbis
961 3185 1367 3240 adblandientes
1391 3185 1928 3256 magnificentissimis
1946 3186 2127 3260 (Ibid.,

545 3293 696 3347 capp.
713 3277 835 3342 144,
861 3275 1005 3350 145).
1033 3277 1267 3332 Tametsi
1283 3287 1461 3332 autem
1478 3293 1600 3332 eum
1617 3277 1693 3331 sic
1713 3276 2002 3334 efferebant
2022 3279 2133 3334 lau-

544 3367 791 3433 dibus,ut
815 3367 1072 3434 dicerent,
1095 3368 1168 3422 ait
1182 3369 1526 3438 Augustinus,
1547 3369 1898 3438 honoriﬁcum,
1911 3373 2128 3442 justum,

544 3469 864 3527 reuerentem,
899 3460 1204 3531 benignum;
1250 3475 1463 3515 causam
1497 3470 1673 3518 tamen
1720 3474 1935 3533 propter
1970 3479 2128 3534 quam

543 3549 798 3619 agendam
824 3557 930 3604 tam
965 3551 1114 3606 multi
1140 3561 1517 3619 convenerant,
1553 3552 1692 3623 apud
1724 3568 1844 3608 eum
1871 3554 1954 3624 agi
1979 3555 2128 3611 nole-

541 3641 672 3696 bant
687 3639 901 3713 (Brevic.
923 3641 1107 3696 Collat.
1126 3643 1176 3709 1,
1196 3659 1309 3713 cap.
1331 3641 1441 3715 l3).
1465 3642 1652 3698 Adacti
1673 3655 1800 3700 sunt
1819 3645 1892 3699 illi
1915 3644 2127 3700 tandem

541 3733 846 3804 aliquando,
873 3743 930 3789 ut
958 3750 1055 3806 pro
1073 3750 1169 3790 sua
1197 3745 1348 3806 parte
1377 3737 1738 3807 disputaturos
1768 3739 2124 3806 instituerent,

544 3839 640 3880 seu
664 3825 841 3881 verius
861 3839 974 3892 eos,
999 3827 1189 3896 quibus
1219 3827 1372 3882 istam
1404 3830 1728 3896 provinciam
1760 3829 1870 3899 jam
1900 3829 2022 3885 inde
2059 3829 2127 3884 ab

538 3925 726 3974 octavo
787 3917 1038 3974 kalendas
1104 3919 1236 3990 junii
1294 3920 1667 3993 delegaverant
1696 3964 1709 3987 ,
1761 3923 2128 3978 renuntiarent

537 4007 750 4081 (Collat.
774 4010 1010 4083 Carthag.
1040 4014 1100 4079 1,
1127 4031 1242 4084 cap.
1284 4013 1433 4083 145).
1478 4013 1695 4069 Lectum
1745 4024 1828 4070 est
1862 4015 2021 4085 igitur
2047 4014 2126 4069 fa-

537 4111 682 4158 ctum
703 4118 765 4158 ea
784 4103 854 4159 de
873 4119 931 4158 re
951 4104 1281 4172 mandatum,
1305 4121 1410 4177 quo
1430 4107 1644 4177 quidem
1666 4108 1764 4162 soli
1784 4110 2126 4164 continentur

536 4203 740 4264 septem
783 4195 1100 4265 diSputaturi
1129 4215 1141 4250 :
1171 4214 1353 4253 verum
1381 4200 1516 4253 alios
1541 4217 1751 4272 quoque
1779 4211 2003 4272 septem,
2033 4205 2123 4274 qui

537 4285 802 4355 prioribus
851 4295 1034 4340 essent
1080 4301 1110 4340 a
1139 4289 1398 4354 consiliis,
1433 4291 1558 4345 item
1587 4301 1830 4360 quatuor,
1875 4308 1904 4346 a
1933 4293 2124 4364 quibus

537 4385 684 4445 gesta
713 4375 1128 4444 custodirentur,
1181 4378 1378 4433 electos
1406 4394 1548 4445 esse,
1592 4382 1916 4450 Augustinus
1940 4392 2124 4439 auctor

535 4477 618 4522 est
652 4469 842 4541 (Epist.
874 4469 996 4537 141,
1026 4487 1079 4525 n.
1109 4470 1210 4544 2);
1249 4471 1389 4543 quod
1434 4473 1604 4544 ipsum
1641 4474 1693 4528 in
1742 4475 1923 4545 prima:
1947 4475 2124 4532 Colla-

539 4563 697 4617 tionis
745 4564 891 4620 calce
944 4579 1255 4635 expressum
1307 4566 1454 4638 legas
1508 4565 1716 4642 (Collat.
1773 4567 2015 4642 Carthag.
2065 4571 2118 4636 1,

538 4668 654 4722 cap.
675 4652 831 4723 218).

609 4743 662 4798 4.
697 4744 917 4800 Lectum
959 4748 1265 4804 mandatum
1306 4760 1505 4808 secuta;
1532 4762 1659 4809 sunt
1681 4755 2117 4825 subscriptiones,

541 4847 673 4902 quas
703 4833 775 4888 illi
798 4834 973 4889 denuo
999 4839 1409 4907 confirmarunt;
1457 4843 1614 4914 idque
1642 4848 1952 4916 urgentibus
1998 4849 2119 4918 qui-

539 4923 658 4977 dem
689 4924 995 4990 Catholicis,
1027 4928 1120 4982 sed
1162 4931 1445 4987 Donatistis
1479 4934 1606 5002 ipsis
1643 4939 1815 4993 acrius
1850 4940 2011 4995 etiam
2041 4940 2121 4995 in-

539 5013 800 5068 stantibus
829 5013 1010 5084 (lbid.,
1042 5033 1191 5088 capp.
1220 5021 1343 5087 iss,
1379 5022 1498 5088 154,
1533 5025 1652 5087 165,
1685 5028 1838 5096 175).
1873 5031 1983 5086 Hoc
2030 5030 2117 5086 isti

538 5104 733 5159 obnixe
760 5121 790 5161 a
835 5106 1140 5164 Marcelliano
1183 5110 1554 5181 efflagitarunt,
1589 5118 1904 5185 praecipuam
1943 5137 2118 5178 caus:e

536 5211 647 5251 suae
689 5196 935 5253 fiduciam
961 5198 1014 5254 in
1045 5217 1266 5258 numero
1305 5219 1362 5259 se
1395 5207 1678 5274 repositam
1719 5209 1912 5268 habere
1945 5216 2115 5284 palam

538 5288 795 5357 professi;
825 5291 1066 5360 quamvis
1089 5308 1149 5348 ea
1176 5294 1243 5350 de
1268 5311 1326 5350 re
1355 5295 1760 5369 haudquaquam
1787 5303 1869 5371 agi
1899 5304 2117 5361 Marcel-

538 5379 678 5434 linus
716 5389 978 5446 moneret,
1010 5391 1168 5454 atque
1193 5385 1328 5441 adeo
1366 5387 1495 5442 satis
1524 5387 1822 5446 habiturum
1848 5408 1930 5460 se,
1959 5395 2118 5451 modo

541 5471 696 5538 primi
718 5471 903 5528 decem
934 5474 1294 5531 testimonium
1307 5477 1373 5532 de
1394 5486 1706 5535 cancrorum
1729 5483 2118 5555 subscriptione

541 5559 775 5627 ferrent;
806 5563 857 5618 in
906 5579 1012 5634 quo
1047 5580 1147 5620 nec
1175 5565 1573 5637 refragabantur
1599 5568 1857 5628 Catholici
1894 5593 1907 5628 :
1934 5591 2116 5633 verum

545 5651 828 5710 Donatistis
877 5673 1080 5714 morem
1119 5674 1304 5729 gerere
1342 5664 1593 5731 oportuit.
1639 5666 1738 5733 Qui
1782 5671 1940 5724 tertio
1981 5672 2118 5729 inter

544 5755 642 5798 eos
663 5746 780 5803 loco
807 5749 1116 5821 subscripsit
1141 5751 1312 5819 Felix,
1344 5754 1648 5826 episcopum
1676 5773 1734 5814 se
1759 5761 1902 5816 urbis
1934 5763 2116 5822 Roma:

1642 311 1803 367 VITA
1839 309 1896 366 S.
1936 303 2302 364 AUGUSTINI
2338 307 2661 368 EPISCOPI.
3653 341 3729 400 ηδ

2241 420 2520 493 professus
2544 435 2628 482 est
2666 423 2848 502 (Ibid.,
2878 447 2993 502 cap.
3026 432 3148 503 157)
3176 450 3188 487 :
3219 450 3384 510 neque
3407 440 3550 500 etiam
3570 445 3724 510 biect-

2243 513 2422 570 tbolici
2450 518 2644 611 morati
2694 529 2836 589 sunt,
2882 523 2982 577 nisi
3009 525 3150 594 quod
3193 541 3345 585 suum
3371 530 3635 594 Innocentio
3661 541 3720 611 jus

2239 606 2559 696 servandum
2587 609 2832 668 dixerunt
2855 610 3040 686 (lbid.,
3063 631 3210 688 capp.
3234 619 3352 686 l6l,
3377 619 3508 696 165).
3533 606 3726 696 Quorum-

2239 695 2362 752 dam
2389 699 2601 755 nomina
2628 702 2847 759 recitata
2870 714 3013 771 sunt,
3045 708 3135 778 qui
3162 710 3451 782 neutiquam
3470 729 3727 780 accesserant

2237 788 2613 864 Carthaginem
2647 836 2664 860 ,
2721 796 2819 852 sed
2861 812 3049 854 eorum
3081 799 3369 858 absentium
3411 806 3533 874 vice,
3576 818 3726 870 tametsi

2237 883 2545 940 mandatum
2587 901 2743 942 suum
2802 900 3069 960 praesentes
3123 895 3433 963 prtesentibus
3477 899 3725 972 dirigerent,

2239 975 2329 1031 alii
2377 977 2807 1050 subscripserant
2857 981 3074 1054 (Brevia.
3127 983 3307 1041 Collat.
3334 988 3385 1054 1,
3414 1005 3518 1057 cap.
3555 994 3644 1063 14).
3667 996 3727 1053 Sic

2240 1069 2475 1140 episcopi
2499 1071 2581 1126 sui
2610 1072 2751 1140 loco,
2774 1074 2865 1145 qui
2883 1084 3070 1146 captus
3089 1078 3255 1134 oculis
3277 1080 3451 1136 venire
3469 1085 3724 1154 nequiverat,

2237 1158 2483 1217 Manilius
2525 1163 2802 1236 presbyter
2827 1165 3085 1224 Bazienus
3112 1169 3450 1244 subscripsit,
3499 1190 3556 1231 ne
3591 1192 3725 1235 nomen

2235 1252 2450 1323 quidem
2478 1253 2595 1324 ejus
2615 1258 2918 1328 exprimens
2949 1259 3162 1329 (Collat.
3184 1260 3416 1336 Carthag.
3440 1267 3487 1331 1,
3509 1271 3721 1340 capram,

2237 1344 2397 1416 185).
2443 1345 2533 1402 Sic
2575 1362 2784 1420 quoque
2829 1350 3052 1408 Rufinus
3101 1354 3380 1428 presbyter
3427 1374 3513 1430 pro
3560 1362 3725 1420 antistite

2237 1450 2336 1490 suo
2359 1435 2572 1493 Juliano
2597 1439 2818 1497 absente
2846 1443 3228 1515 subscripsisse
3255 1458 3485 1518 repertus
3507 1459 3576 1506 est
3596 1451 3726 1525 (Ibid,

2237 1547 2386 1601 capp.
2413 1531 2536 1597 193,
2571 1533 2716 1605 195).
2747 1532 2879 1590 ltem
2900 1535 3134 1606 professi
3161 1548 3284 1594 sunt
3310 1539 3395 1595 alii
3413 1541 3627 1614 episc0pi,
3647 1561 3725 1599 ma-

2235 1639 2362 1679 num
2409 1639 2467 1681 se
2493 1635 2704 1697 rogatos
2722 1638 2951 1699 quatuor
2977 1645 3010 1685 e
3031 1631 3144 1686 suis
3178 1632 3390 1704 collegis
3426 1637 3722 1704 commodasse,

2238 1717 2328 1786 qui
2347 1717 2598 1784 adversa,
2620 1729 2676 1775 ut
2705 1723 3085 1791 praedicabant,
3116 1726 3412 1784 valetudine
3433 1728 3596 1785 detenti
3613 1730 3651 1786 in
3667 1731 3724 1786 iti-

2237 1825 2366 1865 nere
2386 1810 2594 1868 fuerant
2620 1813 2804 1885 (Ibid.,
2828 1834 2978 1889 capp.
3002 1818 3130 1884 208,
3151 1819 3300 1891 200).
3325 1821 3462 1877 Felix
3480 1822 3722 1880 Zummensis

2237 1916 2338 1958 nec
2361 1914 2602 1975 repertus
2632 1916 2716 1963 est
2757 1908 2892 1978 ipse,
2939 1925 3037 1965 nec
3059 1911 3180 1982 quis
3207 1912 3319 1982 ejus
3347 1915 3535 1970 nomine
3553 1915 3721 1971 subscri-

2239 1996 2462 2066 psisset;
2508 2007 2667 2070 atque
2709 2001 2844 2058 adeo
2872 2007 3282 2062 communicatis
3311 2007 3442 2063 inter
3467 2024 3517 2064 se
3551 2010 3723 2065 consiliis

2238 2087 2526 2145 Donatista;
2575 2091 2678 2148 huc
2722 2094 3011 2167 confugere
3051 2100 3223 2154 coacti
3265 2110 3415 2166 sunt,
3457 2110 3507 2156 ut
3539 2101 3721 2168 dicerent,

2237 2179 2380 2235 illius
2413 2182 2551 2239 forte
2577 2199 2642 2240 ac
2667 2185 2860 2243 Felicis
2895 2190 3176 2260 cujusdam
3205 2193 3528 2260 Lambiensis,
3551 2194 3620 2264 qui
3640 2203 3722 2248 tunc

2237 2280 2547 2349 aegrotabat,
2595 2283 2813 2339 confusa
2853 2283 3017 2341 fuisse
3045 2286 3266 2342 nomina
3309 2286 3477 2356 (Ibid,
3503 2286 3719 2358 appeto,

2237 2369 2367 2440 201)
2405 2390 2417 2426 :
2447 2373 2594 2443 prius
2619 2383 2797 2430 autem
2822 2376 3058 2460 Felicem
3077 2378 3231 2434 illum
3251 2379 3584 2434 Zummensem
3599 2379 3723 2432 morbo
3798 2397 3799 2432 γ

2238 2462 2484 2519 distineri
2514 2464 2911 2523 affirmaverant
2941 2467 3124 2542 (Ibid.,
3148 2487 3269 2544 cap.
3293 2472 3433 2543 114).
3453 2468 3722 2526 Νοηιιιεδὶιίο

2239 2552 2403 2610 fensis
2446 2556 2669 2614 antistes
2699 2559 3020 2628 catholicus,
3054 2577 3181 2618 cum
3215 2565 3457 2619 Donatum
3482 2562 3642 2617 videret
3659 2559 3722 2616 loci
3798 2585 3799 2596 ι

2237 2647 2508 2716 cujusdam
2527 2649 2716 2705 ditioni
2737 2665 2848 2707 suae
2861 2652 3057 2709 subditi
3072 2655 3385 2729 episcopum
3403 2671 3508 2712 sese
3529 2655 3722 2716 ferentem,
3798 2673 3799 2676 η

2238 2736 2311 2793 ibi
2339 2738 2539 2793 nullum
2565 2754 2687 2796 esse
2708 2756 2810 2798 nec
2838 2744 3144 2815 episcopum
3181 2762 3279 2802 nec
3298 2748 3400 2802 ullo
3422 2746 3724 2802 omninoltona-

2237 2827 2413 2920 tistam
2435 2833 2665 2887 asseruit
2691 2831 2878 2904 (Ibid.,
2905 2851 3057 2907 capp.
3083 2837 3218 2903 203,
3239 2838 3386 2910 204).
3416 2838 3632 2894 Asellicus
3644 2849 3725 2906 quo-
3798 2865 3799 2920 Τ

2237 2933 2340 2988 que
2373 2919 2724 2979 Tusuritanus
2757 2924 3041 2996 episcopus
3080 2927 3298 2998 juratus
3323 2929 3606 2986 asseveravit
3625 2926 3727 2981 tertio

2235 3009 2491 3070 kalendas
2535 3016 2723 3082 maias,
2755 3032 2861 3088 quo
2901 3017 2992 3074 die
3020 3035 3085 3075 ex
3131 3020 3449 3093 Arzugibus,
3494 3021 3660 3090 regione
3683 3015 3725 3068 ad

2236 3102 2431 3160 Africae
2460 3106 2737 3162 meridiem
2791 3109 2914 3174 sita,
2948 3109 3229 3179 profectus
3269 3121 3384 3178 est,
3427 3110 3723 3169 Victoriarum.

2236 3195 2325 3264 qui
2353 3195 2451 3250 sibi
2500 3197 2765 3268 Aqnensis
2812 3199 3213 3258 Donatistarum
3243 3204 3466 3276 episcopi
3492 3202 3653 3258 titulum
3670 3213 3723 3251 ar-

2235 3286 2474 3356 rogabat,
2505 3287 2876 3360 presbyterum
2899 3299 3107 3348 tantum
3138 3293 3322 3358 fuisse.
3339 3304 3485 3366 atque
3502 3292 3608 3348 adeo
3627 3289 3720 3343 illum

2237 3376 2288 3431 in
2307 3377 2495 3434 itinere
2505 3378 2827 3448 ordinatum,
2843 3384 3052 3439 tametsi
3066 3384 3313 3442 adulterii
3339 3386 3596 3456 postulatus
3613 3386 3719 3440 esset.

2233 3468 2384 3538 cujus
2402 3469 2573 3524 adhuc
2585 3471 3078 3546 penderetcognitio
3091 3476 3255 3550 (Ibid.
3266 3521 3281 3546 ,
3302 3495 3415 3552 cap.
3434 3478 3545 3543 207,
3559 3470 3720 3538 κ1208)ι

2305 3563 2356 3616 5.
2391 3562 2448 3618 ld
2480 3579 2640 3634 porro
2667 3566 2876 3624 videtnr
2921 3569 3208 3628 observatu
3250 3575 3400 3645 longe
3425 3571 3720 3644 dignissimum,

2231 3654 2372 3723 quod
2395 3654 2450 3709 in
2463 3655 2831 3722 Quodvultdeo
2845 3660 3126 3720 Cessitano
3137 3666 3385 3736 episcopo
3395 3665 3585 3735 contigit
3595 3657 3720 3734 (Ibid.

2232 3761 2382 3816 capp.
2407 3745 2512 3801 206
2531 3789 2544 3813 ,
2570 3747 2736 3821 207);
2765 3751 2818 3806 in
2847 3767 2954 3822 quo
2981 3755 3186 3812 scilicet
3213 3754 3593 3812 manifestissimi
3622 3763 3719 3805 men-

2230 3835 2366 3890 dacii
2405 3839 2630 3894 convicti
2687 3851 2814 3897 sunt
2859 3842 3056 3916 (Epist.
3088 3847 3218 3913 141,
3251 3865 3304 3902 n.
3337 3847 3407 3921 1).
3451 3845 3622 3902 Etenim
3643 3851 3722 3894 cum

2230 3925 2385 3983 istius
2413 3929 2648 4001 episcopi
2673 3932 3013 4004 subscriptio,
3033 3938 3256 4006 perinde
3280 3955 3342 3994 ac
3358 3940 3402 3995 si
3425 3938 3551 3993 illam
3572 3929 3724 3990 Cartha-

2229 4020 2352 4090 gine
2379 4031 2675 4091 exarasset,
2698 4024 2839 4082 inter
2864 4027 2998 4084 alias
3039 4029 3354 4098 haberetur,
3385 4047 3477 4087 nec
3498 4038 3641 4084 tamen
3665 4021 3723 4076 i119
3798 4020 3799 4098 ἷ

2229 4123 2330 4166 suo
2351 4113 2568 4169 nomine
2593 4115 2815 4172 recitato
2838 4120 3223 4190 responderet;
3253 4132 3309 4179 et
3335 4139 3450 4179 cum
3481 4121 3724 4192 quaereretur

2229 4202 2316 4258 ubi
2347 4213 2508 4272 esset,
2532 4207 2704 4263 subita
2727 4210 3124 4278 perturbatione
3161 4215 3362 4282 careati,
3401 4213 3492 4285 ipsi
3526 4217 3723 4267 eumwﬂ'

2229 4295 2352 4352 fessi
2383 4307 2508 4353 sunt
2545 4299 2597 4355 in
2625 4301 2818 4357 itinere
2843 4304 3125 4362 defecisse.
3160 4307 3227 4362 Et
3266 4324 3377 4362 cum
3410 4308 3642 4376 quaterent
3659 4293 3724 4350 σο·

2228 4389 2419 4454 tholici,
2435 4393 2686 4462 quomodo
2713 4397 2930 4465 potuerit
2949 4399 3087 4469 apud
3108 4399 3457 4472 Carthaginem
3471 4393 3718 4454 subscribere.

2227 4481 2313 4551 qui
2334 4485 2506 4549 fuerat
2545 4485 2600 4540 in
2649 4485 2824 4543 itinere
2864 4489 3170 4562 defunctus;
3223 4493 3301 4548 illi
3340 4493 3424 4548 diu
3444 4485 3721 4562 μκεωαωηιιιι

2228 4577 2524 4644 perturbati,
2556 4587 2604 4633 et
2631 4582 2903 4638 nescientes
2928 4587 3050 4656 quid
3079 4588 3449 4658 responderent.
3482 4581 3596 4637 Nam
3613 4573 3725 4647 ρτίπισ

2227 4665 2484 4734 dixerunt,
2529 4685 2634 4724 non
2657 4671 2724 4726 de
2749 4673 2880 4740 ipso,
2906 4676 2998 4730 sed
3023 4678 3087 4732 de
3112 4679 3216 4732 alio
3238 4679 3391 4749 fuisse
3412 4680 3668 4747 suggestum.
3685 4659 3727 4715 ΕΙ

2224 4773 2340 4812 cum
2364 4759 2614 4817 Catholici
2637 4774 2896 4834 putassent
2931 4768 2996 4824 de
3029 4770 3154 4836 alio,
3207 4771 3260 4824 id
3287 4778 3376 4834 cst,
3403 4768 3462 4822 de
3497 4761 3644 4819 clerico
3673 4767 3728 4807 ⁸⁸³
3798 4829 3799 4838 χ

2225 4848 2410 4917 dicere,
2433 4853 2522 4921 qui
2549 4870 2641 4924 pro
2662 4865 2858 4911 mortuo
2883 4859 3195 4916 subscribere
3215 4862 3402 4933 potuit;
3421 4854 3643 4928 amitam
3664 4851 3726 4906 τείν

2223 4948 2392 4994 utrum
2417 4943 2628 4999 clericus
2651 4962 2744 5001 suo
2771 4949 2991 5015 nomine,
3013 4967 3081 5005 an
3111 4951 3250 5006 illius
3268 4967 3357 5022 pro
3376 4958 3551 5003 mortuo
3565 4933 3728 4997 subsai—
3798 4933 3799 4960 ³

2225 5033 2397 5102 pserit.
2421 5033 2527 5091 Sed
2549 5046 2668 5106 post
2687 5055 2906 5110 magnas
2921 5045 3190 5114 angustias
3203 5037 3602 5114 perturbationis,
3618 5038 3730 5096 αιίιυο

2223 5123 2574 5182 inconstantis
2599 5139 2654 5185 et
2679 5132 2842 5186 variae
2866 5137 3232 5204 responsionis
3269 5151 3397 5201 suae,
3439 5123 3728 5200 respondﬂn‘
3798 5121 3799 5126 “

2223 5215 2390 5307 ipsum
2405 5219 2605 5288 quidem
2624 5223 2977 5292 subscripsisse
2994 5237 3308 5297 prementem,
3322 5240 3428 5280 cum
3444 5229 3592 5278 octavo

2224 5306 2318 5362 άαε
2333 5309 2512 5379 iunias
2537 5312 2830 5369 mandatum
2859 5317 3033 5386 ﬁeret;
3059 5318 3150 5374 sed
3174 5318 3406 5388 quoniam
3421 5327 3540 5384 ager
3561 5304 3727 5362 subscri-

2226 5410 2412 5469 pserat,
2439 5414 2739 5460 remeantem
2769 5408 2838 5461 ad
2865 5412 3074 5482 prapria
3114 5411 3169 5465 in
3192 5411 3364 5465 itinere
3386 5403 3611 5477 άεῙεάεεϐ·
3649 5391 3728 5482 θ’(θ
3798 5469 3799 5472 η

2224 5493 2398 5548 audito
2417 5493 2664 5552 Catholici
2685 5478 2930 5571 petierunt
2946 5478 3208 5575 superiora
3229 5516 3393 5556 eorum
3409 5495 3538 5552 verba
3559 5478 3727 5544 recitavit

2223 5594 2280 5639 ut
2327 5588 2441 5658 ipsa
2475 5589 2692 5644 uarietas
2728 5574 3040 5664 deprehensa
3067 5595 3373 5650 claresceret.
3405 5584 3540 5654 ουοίί
3568 5592 3660 5634 ⁶²¹⁹¹²
3679 5574 3728 5664 (θ’

2223 5688 2360 5733 ctum
2407 5682 2624 5751 fuisset,
2673 5693 2720 5739 et
2763 5660 2882 5742 inde
2923 5696 3187 5760 appareret
3219 5702 3365 5758 quam
3398 5691 3556 5754 parum
3589 5667 3667 5725 είδί
3687 5660 3724 5713 θ’
3798 5725 3799 5742 η

2225 5773 2478 5840 responsis
2529 5774 2634 5829 suis
2690 5784 3011 5848 constarent;
3048 5779 3271 5850 qumsivit
3312 5773 3560 5849 Cognitor:
3598 5765 3724 5815 ³⁸⁸³⁵
