3858 6402
122 443 218 502 41⁸1
829 441 840 444 ’
1475 427 1676 492 LIBER

1784 433 2001 494 IXTUS.

125 563 287 617 saltent
304 559 394 614 sub
419 555 517 611 Dei
534 553 884 623 testiﬁcatione
911 551 1190 621 ﬁrmarent,
1231 565 1345 603 cum
1369 549 1524 622 {uim
1557 549 1682 605 Car-

128 653 326 725 thagini,
353 650 557 722 quando
577 658 849 722 pauentes
875 646 1198 718 prmmtibus
1216 646 1601 712 mandaverunt,
1628 653 1684 698 ut

123 746 475 800 sul-scriberent.
507 741 609 798 Ubi
637 741 972 796 uehementius
1001 739 1296 810 perturbati,
1337 753 1437 794 nec
1475 753 1534 793 se
1563 751 1682 808 per.

119 839 246 906 jurio
274 837 466 905 illigare
503 835 643 900 ausi,
667 834 1034 904 responderunt
1061 847 1079 887 :
1112 831 1248 895 Quid
1285 831 1329 884 si
1353 840 1398 884 et
1436 831 1566 884 alius
1590 845 1682 898 pro

125 929 277 982 eodem
295 925 564 996 apposuit?
585 923 734 978 Hauc
754 939 922 978 eorum
941 923 1212 992 falsitatem
1233 921 1588 994 deprehensam
1599 921 1684 992 jw

124 1019 237 1073 dicio
252 1017 341 1072 Dei
354 1016 655 1084 relinquens,
661 1015 818 1083 jussit
837 1024 1015 1068 cetera
1033 1015 1237 1068 nomina
1248 1012 1446 1067 recitari
1461 1011 1678 1082 (Brevia.

126 1110 294 1166 Collat.
325 1110 374 1172 l,
401 1125 512 1179 cap.
544 1107 658 1177 N).
689 1107 864 1179 Atque
889 1108 957 1162 ita
989 1107 1308 1173 Donatistae,
1337 1105 1424 1176 qui
1449 1104 1682 1160 Catholi-

128 1217 296 1258 corum
336 1199 751 1269 subscriptiones
798 1198 997 1254 idcirco
1043 1198 1322 1252 voluerant
1363 1195 1677 1263 examinari,

129 1295 237 1364 quia
262 1293 404 1347 falsas
427 1292 477 1345 in
500 1291 580 1346 eis
601 1290 886 1346 nonnullas
907 1289 1240 1360 deprehendi
1265 1303 1420 1360 posse
1440 1286 1681 1344 credide-

127 1395 228 1440 rant
250 1385 346 1455 (Ad
369 1384 614 1438 Donatist.
645 1391 757 1454 post
777 1381 964 1436 Collat.
1011 1399 1066 1436 η.
1107 1380 1222 1452 56),
1254 1382 1366 1436 suis
1393 1395 1451 1435 se
1480 1379 1680 1434 retibus

130 1479 426 1546 implicuere.
453 1476 504 1530 ln
526 1475 629 1529 hac
651 1483 830 1529 autem
859 1474 1200 1529 contentione
1233 1488 1353 1528 cum
1390 1470 1681 1542 subfrigide

123 1568 316 1623 disisset
341 1567 649 1630 Petilianus,
681 1564 803 1619 Non
831 1575 904 1620 est
929 1566 1207 1620 humanum
1229 1564 1393 1617 mori?
1428 1563 1680 1618 continuo

123 1660 177 1712 ab
199 1658 372 1729 Alypio
392 1672 701 1728 responsum
719 1665 822 1720 est,
844 1655 1192 1710 Humanitatis
1207 1663 1280 1709 est
1310 1653 1460 1719 mori,
1493 1653 1581 1708 sed
1607 1653 1682 1707 in-

124 1749 420 1804 humanitatis
439 1759 504 1803 est
524 1749 704 1820 fallere
719 1746 1211 1820 (Collat.Carthag.l
1224 1790 1238 1813 ,
1253 1765 1367 1819 cap.
1381 1747 1531 1816 207).
1547 1747 1680 1801 Pcr-

123 1845 254 1898 lectis
270 1843 654 1897 Donatistarum
666 1857 726 1896 su
734 1840 1147 1911 bscriptionibus
1161 1840 1381 1912 Alypius
1406 1837 1678 1894 sexdecim

124 1933 284 1988 adhuc
308 1934 572 2004 episcopos
611 1931 926 1998 catholicos,
959 1932 1049 2002 qui
1093 1931 1401 1987 mandatum
1441 1929 1678 1986 subscri-

125 2024 319 2089 berent,
339 2033 514 2092 praeter
537 2032 763 2094 quatuor
777 2022 910 2078 alios
937 2022 989 2077 in
1016 2022 1150 2076 urbe
1167 2021 1354 2077 morbo
1371 2020 1676 2091 impeditos,

131 2113 491 2185 obtulit(lbid.,
518 2131 656 2185 capp.
682 2113 810 2184 212,
841 2113 989 2182 215).
1019 2115 1136 2181 Quo
1175 2114 1370 2168 factum
1411 2123 1493 2169 est
1536 2122 1594 2168 ut
1624 2114 1678 2169 in

127 2206 470 2276 episcoporum
492 2205 713 2260 omnium
739 2206 1110 2276 supputatione
1128 2205 1428 2260 Donatistas
1454 2219 1678 2260 numero

125 2299 376 2353 vincerent
402 2298 669 2353 Catholici.
707 2298 841 2352 Dein
871 2297 1150 2368 episcopos
1187 2313 1395 2364 omnes,
1440 2297 1678 2368 exceptis

121 2390 309 2460 triginta
327 2405 412 2446 sex
459 2391 585 2457 illis,
611 2391 705 2462 qui
731 2391 797 2446 ad
841 2389 1190 2445 Collationem
1221 2391 1404 2446 selecti
1444 2393 1674 2457 fuerant,

119 2482 396 2538 dimiserunt
409 2482 593 2558 (Ibid,
610 2501 728 2555 cap.
744 2483 892 2552 216).
910 2483 1014 2538 Sed
1038 2484 1286 2554 quoniam
1301 2483 1429 2538 hora
1455 2483 1677 2553 dieijam

123 2574 362 2630 undecima
411 2577 772 2646 praeterierat,
821 2575 922 2630 hoc
959 2584 1063 2642 est,
1119 2585 1267 2630 sexta
1313 2575 1677 2644 pomeridiana

119 2674 229 2726 ent,
252 2665 581 2722 Marcellinus
611 2667 681 2722 de
705 2667 932 2737 partium
956 2682 1219 2722 consensu
1239 2666 1589 2721 Collationem
1622 2667 1676 2722 in

121 2759 420 2828 perendinum
448 2761 622 2826 diem,
657 2760 907 2815 nimirum
949 2760 1002 2814 in
1033 2759 1174 2814 diem
1205 2759 1430 2824 sabbati,
1462 2759 1675 2815 tertium

120 2866 256 2906 nonas
273 2852 461 2923 junias,
491 2853 728 2919 distulit,
755 2861 814 2908 ut
840 2868 959 2923 qua:
988 2853 1126 2908 dicta
1158 2852 1366 2908 fuerant
1386 2862 1440 2907 et
1469 2862 1674 2908 tantum

126 2944 236 2998 notis
247 2957 470 3018 excepta,
496 2962 600 3017 per
621 2946 955 3016 interjectum
973 2945 1116 3001 illum
1135 2945 1277 3001 diem
1299 2945 1527 3000 exscribi
1550 2946 1676 3001 etin

127 3035 440 3094 dilucidiorem
459 3039 697 3094 formam
714 3039 881 3108 digeri
911 3047 1127 3109 possent
1165 3037 1350 3110 (Ibid,
1379 3056 1492 3109 cap.
1521 3036 1671 3110 2-l9).

180 3129 224 3184 6.
242 3130 507 3199 Postridie,
527 3141 724 3202 quarto
737 3131 981 3188 videlicet
1001 3146 1169 3186 nonas
1180 3131 1357 3200 junias
1369 3131 1490 3185 anni
1506 3129 1674 3186 undc-

127 3220 226 3274 cimi
247 3237 388 3292 supra
417 3222 1033 3293 quadringentesimum,
1064 3237 1183 3292 quae
1211 3231 1360 3276 sexta
1381 3232 1495 3277 erat
1524 3223 1673 3289 feria,

126 3320 294 3367 actores
321 3313 634 3380 Donatistze,
671 3313 1016 3369 defensorum
1049 3312 1304 3367 Ecclesia:
1342 3312 1578 3367 veritatis
1608 3314 1676 3368 ti-

125 3403 261 3458 tulum
281 3407 370 3461 sibi
393 3415 736 3478 arrogantes,
774 3405 1080 3461 Marcellino
1108 3404 1381 3460 Notoriam
1410 3405 1673 3471 obtulere,

123 3508 209 3564 qua
221 3510 327 3551 cum
337 3500 722 3568 exposuissent,
741 3498 975 3567 longiora
991 3512 1110 3552 esse
1124 3496 1414 3566 superioris
1424 3495 1678 3552 Collatio-

129 3591 202 3644 nis
231 3600 350 3657 acta,
372 3611 514 3666 quam
550 3605 607 3650 ut
634 3596 781 3650 brevi
809 3595 1255 3663 describerentur,
1279 3594 1674 3653 Catholicorum

129 3682 329 3738 mandati
345 3688 542 3756 copiam
573 3686 788 3742 interim
817 3685 915 3741 sibi
936 3686 1048 3740 fieri
1076 3687 1362 3756 petierunt,
1384 3697 1438 3741 ιιι
1466 3687 1530 3740 ad
1553 3702 1678 3756 pro-

123 3775 431 3842 pugnandam,
458 3793 627 3848 quam
650 3785 1018 3846 susceperant,
1049 3792 1282 3841 causam,
1308 3787 1483 3832 essent
1509 3779 1676 3848 parati

124 3859 287 3934 (Ibid,
345 3868 395 3934 ἲ,
446 3887 571 3940 cap.
631 3868 767 3940 12).
833 3868 999 3923 Iussit
1056 3868 1390 3923 Marcellinus
1444 3869 1674 3924 mandati

123 3959 377 4028 excinplum
416 3963 524 4016 illis
557 3962 674 4016 dari
704 3979 718 4012 :
753 3960 893 4031 quod
937 3961 1119 4030 utique
1163 3961 1217 4014 in
1259 3975 1442 4014 eorum
1470 3961 1676 4014 animos

125 4052 534 4117 perturbationem
564 4097 578 4121 ,
621 4065 679 4109 ut
727 4055 825 4124 ipsi
859 4053 1090 4108 confessi
1137 4062 1296 4120 sunt,
1348 4053 1530 4124 injecit
1569 4067 1675 4108 non

127 4141 351 4200 minimam
376 4146 570 4216 (lbid.,
597 4163 748 4217 capp.
779 4147 868 4212 55,
901 4146 1013 4216 56),
1043 4161 1164 4200 cum
1195 4161 1380 4201 revera
1401 4187 1416 4212 ,
1439 4144 1584 4215 quod
1626 4144 1674 4199 ei

133 4236 480 4304 responderent,
528 4237 664 4293 nihil
716 4241 1069 4292 succurreret.
1117 4236 1250 4291 Hinc
1293 4235 1676 4306 prosequenda:

134 4334 310 4390 postero
325 4328 423 4396 die,
457 4330 511 4384 id
547 4340 633 4384 est
659 4329 819 4384 tertio
850 4343 1016 4382 nonas
1057 4327 1234 4397 junias
1257 4367 1272 4393 ,
1325 4325 1632 4380 Collationis
1656 4367 1672 4394 ,

131 4424 417 4486 qmntumvis
439 4423 508 4479 ad
534 4423 587 4478 id
611 4423 774 4477 arctis
800 4436 859 4476 se
886 4419 1162 4491 promissis
1193 4418 1540 4488 obligassent,
1561 4433 1678 4472 mu-

130 4516 277 4566 tavere
301 4515 600 4577 consilium,
634 4520 915 4583 Sperantes
944 4511 1150 4565 scilicet
1177 4508 1312 4575 fore,
1353 4519 1409 4562 ut
1435 4524 1529 4579 per
1556 4524 1675 4563 mo-

137 4613 232 4655 Μ
248 4605 450 4676 aliquam
473 4608 687 4662 animos
717 4603 955 4672 recipere
987 4601 1088 4657 sibi
1114 4602 1314 4656 liceret.
1339 4602 1587 4656 Attamen
1608 4602 1676 4656 ad

139 4693 545 4765 colloquiilocum
573 4699 676 4752 hoc
695 4696 782 4750 die
798 4694 932 4765 junii
963 4694 1118 4748 tertio
1138 4708 1196 4748 se
1215 4692 1510 4758 contulere,
1527 4708 1593 4747 ex
1613 4693 1676 4748 iis

129 4784 304 4854 quidem
329 4791 422 4845 soli
454 4800 668 4860 septem
715 4787 1105 4856 disputatores;
1156 4801 1187 4840 e
1230 4783 1516 4840 Catholicis
1550 4799 1677 4840 vero

123 4878 376 4936 octodecim
402 4882 776 4952 delegatorum
815 4878 992 4933 nullus
1033 4877 1200 4932 defuit
1237 4876 1422 4951 (Ibid.,
1455 4893 1566 4947 mp.
1593 4876 1672 4949 2).

126 4963 312 5038 Rogavit
328 4971 503 5027 denuo
517 4971 873 5036 Marcellinus,
895 4971 970 5024 uti
991 4969 1256 5024 sederent.
1280 4969 1542 5025 Continuo
1560 4983 1675 5023 mo-

123 5072 214 5114 nent
239 5077 446 5132 gessere
481 5064 768 5120 Catholici.
807 5062 1006 5119 Verum
1046 5061 1336 5116 Donatistae
1373 5076 1480 5116 non
1515 5060 1676 5116 modo

123 5147 241 5206 hunc
264 5151 522 5210 honorem
551 5163 903 5225 respuerant,
931 5154 1026 5210 sed
1061 5154 1224 5208 etiam
1245 5152 1570 5222 iactitarunt,
1608 5168 1676 5208 ne

126 5253 224 5295 col
243 5243 526 5303 Catholicis
549 5262 650 5302 una
681 5246 948 5312 sederent,
975 5245 1168 5300 divinis
1203 5244 1406 5316 legibus
1425 5244 1523 5299 sibi
1552 5257 1674 5300 esse

128 5333 329 5394 vetitum.
359 5340 477 5396 Hoc
504 5341 694 5396 Patres
717 5339 963 5395 catholici
992 5338 1415 5399 dissimularunt,
1446 5348 1503 5393 ut
1526 5354 1593 5392 ne
1619 5339 1672 5393 in

124 5426 428 5486 toal’utandis
478 5431 553 5485 iis
593 5448 710 5502 quze
735 5430 798 5485 ad
838 5447 953 5488 rem
991 5430 1119 5485 nihil
1149 5429 1402 5496 lacerent,
1435 5429 1677 5486 luderent

125 5522 322 5588 “tmpus.
353 5523 640 5591 Extemplo
683 5531 856 5577 tamen
893 5537 1277 5578 consurrexere
1303 5536 1508 5576 omnes.
1537 5521 1676 5588 Quin

124 5615 169 5659 et
201 5610 322 5667 sede
348 5613 622 5668 removeri
649 5613 816 5682 jussa,
866 5613 1196 5670 Marcellinus
1241 5612 1353 5683 ipse
1405 5611 1457 5666 in
1514 5611 1677 5682 pedes

124 5702 269 5766 Itetit,
291 5703 574 5774 professus
591 5705 692 5760 sibi
707 5720 808 5760 non
829 5707 987 5764 licere
1002 5723 1095 5778 per
1116 5721 1236 5762 eam
1258 5704 1674 5771 venerationem,

125 5803 214 5862 qu
233 5797 659 5868 prosequebatur
685 5798 959 5864 antistites,
975 5798 1181 5864 sedere,
1199 5796 1324 5852 dum
1350 5796 1489 5852 idem
1509 5797 1679 5852 facere

125 5877 193 5942 illi
232 5895 548 5944 recusarent
576 5884 758 5960 (Ibid,
787 5905 933 5963 capp.
966 5891 1034 5959 5,
1073 5889 1151 5962 4).
1199 5888 1486 5948 Donatistae
1527 5901 1678 5952 suam

3273 445 3379 512 418

1794 551 2029 620 ipsorum
2052 557 2404 627 arrogantiam
2427 554 2528 614 hac
2543 560 2729 630 agendi
2749 561 2956 618 ratione
2977 562 3106 619 satis
3130 563 3372 624 declam-

1791 642 1937 698 bant.
1970 645 2265 718 thuidem
2289 649 2340 703 in
2368 650 2521 705 tertia
2546 651 2838 709 Collatione
2856 653 3114 711 Catholici
3155 673 3248 727 per
3275 674 3372 716 oc-

1789 737 2056 793 casionem
2085 741 2429 809 quarumdam
2461 742 2755 800 litterarum
2781 747 2849 802 ab
2893 748 2998 803 illis
3022 751 3369 821 scriptarum,

1787 828 1980 898 quibus
2026 833 2459 902 respondebant,
2499 834 2845 892 deridiculam
2895 839 3037 894 illam
3084 843 3370 900 vanitatem

1787 925 2149 992 perstrinxere
2174 943 2186 979 :
2217 926 2413 999 quippe
2439 942 2532 983 eos
2563 928 2869 999 Scripturas
2891 948 3166 1002 perperam
3205 937 3369 992 inter-
3450 925 3464 946 ⁷

1787 1017 2016 1084 pretari;
2053 1028 2146 1074 aut
2197 1020 2241 1074 si
2277 1030 2495 1092 propter
2545 1023 2703 1078 verba
2753 1023 2966 1094 psalmi,
3026 1024 3149 1080 Non
3188 1029 3293 1083 sedi
3318 1032 3370 1083 in

1786 1109 1997 1164 concilio
2024 1112 2316 1181 impiorum,
2363 1129 2565 1179 secum,
2615 1132 2750 1186 quos
2782 1118 3063 1188 impiorum
3097 1136 3369 1188 nuncupa-

1787 1200 1933 1257 tione
1976 1213 2186 1258 notatos
2229 1205 2516 1274 volebant,
2576 1210 2867 1266 consedere
2917 1211 3326 1281 prohiberentur
3351 1255 3368 1282 ,

1786 1307 1957 1363 neque
1982 1295 2144 1350 etiam
2186 1297 2236 1351 in
2259 1299 2503 1354 eumdem
2530 1300 2732 1371 ingredi
2760 1302 2934 1357 locum
2959 1303 3210 1360 debuisse
3245 1321 3370 1376 pro-

1787 1392 1905 1452 pter
1929 1387 2165 1455 proxime
2184 1399 2466 1461 sequentes
2486 1392 2724 1462 ejusdem
2757 1396 2945 1464 psalmi
2966 1412 3144 1466 voces,
3171 1397 3238 1452 Et
3256 1415 3370 1453 cum

1785 1475 1958 1546 iniqua
1978 1481 2260 1549 gerentibus
2290 1499 2390 1537 non
2415 1484 2633 1538 introibo
2663 1485 2834 1556 (Psal.
2868 1505 3002 1554 xxv,
3025 1491 3116 1559 4);
3157 1492 3370 1561 quando

1786 1582 1914 1621 vero
1936 1568 2046 1638 jam
2076 1583 2258 1626 secum
2299 1574 2488 1629 eodem
2523 1576 2745 1632 introire
2774 1579 2992 1636 minime
3017 1580 3367 1651 dubitassent,

1785 1660 2068 1726 quominus
2109 1663 2267 1717 etiam
2303 1665 2692 1734 consederant,
2723 1668 3018 1727 detrectare
3062 1673 3368 1744 neutiquam

1784 1748 1979 1806 debere
2010 1751 2228 1824 (Brevic.
2255 1753 2439 1812 Callet.
2477 1758 2530 1825 ’5,
2559 1776 2612 1812 n.
2643 1759 2752 1830 l8).

1856 1841 1910 1895 7.
1958 1843 2258 1900 Marcellino
2304 1847 2463 1918 igitur
2490 1849 2806 1921 ueterisque
2834 1853 3096 1910 stantibus
3130 1853 3363 1921 Notoria,

1783 1951 1940 2004 quam
1966 1938 2134 2006 pridie
2156 1939 2458 1996 obtulerant
2482 1943 2767 1997 Donatista:
2790 1945 3024 2014 perlecta
3051 1954 3132 2001 est
3156 1946 3365 2018 (Collat.

1782 2023 2022 2096 Cartltag.
2069 2026 2138 2093 2,
2193 2047 2308 2099 cap.
2363 2031 2474 2102 12).
2505 2031 2805 2090 Sciscitanti
2853 2035 3046 2092 deinde
3095 2037 3366 2106 Tribuno,

1783 2117 2037 2187 numquid
2091 2121 2257 2188 parati
2305 2133 2485 2177 essent
2527 2125 2760 2194 episc0pi
2808 2140 2902 2181 sua
2943 2129 3165 2198 quisque
3207 2128 3367 2184 verba

1782 2209 2119 2266 subscribere
2141 2212 2507 2287 (lbid.,c.l'5);
2538 2217 2707 2286 primo
2719 2218 2931 2287 quidem
2953 2219 3240 2274 Donatistae
3253 2235 3368 2274 mo-

1783 2303 1855 2356 ris
1898 2302 2000 2357 hoc
2047 2319 2167 2360 esse
2214 2316 2566 2375 negaverunt;
2607 2307 2800 2363 deinde
2844 2324 2974 2364 vero
3003 2317 3114 2364 tum
3144 2325 3368 2379 respon-

1781 2410 1936 2450 suros
1983 2413 2102 2453 sese
2152 2399 2417 2468 dixerunt,
2465 2416 2585 2456 eum
2633 2401 2731 2457 sibi
2775 2411 3044 2473 gestorum
3074 2404 3366 2474 superioris

1781 2488 2100 2560 collationis,
2146 2509 2264 2563 qum
2304 2493 2536 2549 nondum
2579 2494 2793 2548 omnino
2836 2495 3101 2567 descripta
3132 2497 3362 2567 fuerant,

1785 2583 2035 2637 traditum
2086 2595 2226 2639 esset
2274 2586 2575 2656 exemplum
2628 2605 2640 2640 :
2685 2602 2881 2656 cupere
2931 2587 3072 2642 enim
3117 2603 3177 2643 se
3222 2589 3367 2660 prius

1781 2691 1939 2745 quam
1970 2692 2054 2731 res
2083 2678 2216 2732 ultra
2253 2689 2672 2748 promoveretur,
2705 2694 2767 2734 ea
2797 2678 2973 2734 denuo
3010 2679 3210 2751 legere,
3237 2695 3367 2736 nec-

1781 2780 1885 2819 non
1927 2768 2239 2821 accuratiori
2279 2769 2481 2838 judicio
2525 2769 2866 2839 expendere,
2918 2771 3059 2840 quod
3105 2771 3284 2841 utique
3313 2772 3365 2827 in

1781 2858 2070 2927 exemplari
2114 2860 2254 2913 notis
2298 2869 2514 2914 exarato
2555 2861 2734 2916 minus
2780 2870 3042 2931 poterant,
3072 2869 3252 2932 utpote
3274 2863 3366 2932 qui

1779 2963 1872 3003 eas
1900 2964 2003 3003 non
2035 2960 2286 3015 nossent;
2332 2967 2451 3006 cum
2482 2952 2716 3023 alioquin
2763 2962 2917 3006 notas
2951 2953 3170 3007 alterius
3207 2953 3368 3008 sciret

1781 3055 1936 3094 nemo
1977 3038 2159 3113 (Ibid,
2186 3057 2336 3112 capp.
2376 3044 2463 3108 l6,
2491 3042 2582 3109 '20,
2612 3044 2699 3107 55,
2751 3043 2842 3110 58,
2876 3042 2986 3113 45).
3036 3043 3104 3098 Ει
3131 3043 3232 3098 hoc
3259 3060 3364 3099 non

1779 3133 1919 3186 aliud
1949 3143 2082 3197 erat,
2114 3151 2272 3205 quam
2326 3143 2536 3205 tempus
2585 3135 2818 3200 trahere,
2875 3151 2938 3190 ac
2983 3137 3364 3205 prolationibus

1781 3239 1939 3295 agere
1967 3227 2100 3280 velle
2136 3243 2204 3282 ne
2228 3227 2293 3282 ad
2319 3227 2573 3296 judicium
2603 3228 2872 3282 veniretur
2905 3225 3091 3297 (Ibid.,
3112 3245 3225 3300 cap.
3249 3227 3363 3299 36).

1780 3317 1963 3386 Itaque
1987 3317 2411 3388 respondebatur
2438 3334 2466 3371 a
2489 3317 2797 3383 Catholicis,
2822 3331 2916 3372 eos
2940 3319 2990 3372 in
3040 3318 3206 3387 prima
3241 3317 3366 3374 Col-

1781 3409 1995 3474 latione,
2020 3410 2066 3464 si
2091 3410 2215 3480 quid
2243 3417 2515 3480 gestorum
2549 3409 2855 3480 apographo
2883 3424 3015 3479 opus
3043 3417 3206 3475 esset,
3245 3423 3366 3479 pro-

1780 3501 1988 3569 spicere
2012 3499 2281 3564 debuisse,
2311 3515 2410 3554 nec
2440 3499 2679 3570 polliceri
2700 3513 2759 3554 se
2787 3500 2931 3570 prius
2949 3498 3015 3554 ad
3041 3498 3367 3570 colloquium

1781 3592 2066 3659 redituros,
2111 3607 2272 3662 quam
2301 3591 2401 3646 sibi
2435 3591 2503 3647 ad
2531 3592 2583 3647 id
2611 3591 2806 3661 paratis
2831 3605 2952 3648 esse
2976 3591 3198 3647 liceret:
3230 3607 3368 3648 nunc

1780 3699 1908 3740 vero
1949 3693 2068 3754 post
2106 3683 2264 3738 fidem
2301 3683 2478 3738 datam
2505 3683 2732 3753 amplius
2762 3684 3169 3753 procrastinare,
3209 3683 3368 3739 haud-

1779 3791 2040 3846 quaquam
2062 3776 2322 3846 integrum
2353 3789 2506 3841 esse;
2534 3774 2656 3829 illos
2686 3773 2855 3843 pridie
2887 3775 3002 3844 ejus
3026 3773 3130 3829 diei
3171 3772 3369 3830 Catho-

1782 3868 2006 3923 liCorum
2034 3868 2338 3922 mandatum
2368 3867 2603 3937 petiisse,
2631 3881 2730 3921 nec
2756 3865 2912 3920 ullius
2947 3876 3203 3935 praeterea
3228 3867 3365 3922 alte-

1782 3959 1890 4013 rius
1912 3959 1989 4014 rei
2011 3960 2336 4014 mentionem
2360 3957 2549 4014 fecisse
2570 3955 2755 4028 (Ibid.,
2777 3973 2892 4027 cap.
2911 3957 3023 4024 49).
3049 3956 3184 4024 Quin
3205 3959 3365 4012 etiam

1781 4052 2112 4121 superiorem
2149 4051 2503 4106 Collationem
2552 4051 2729 4119 potius
2773 4049 2828 4102 in
2867 4049 3205 4104 recensendis
3251 4050 3363 4120 epi-

1783 4156 2064 4210 scoporum
2095 4141 2592 4211 subscriptionibns,
2628 4148 2788 4210 atque
2808 4139 2860 4194 in
2888 4140 3007 4194 aliis
3036 4139 3361 4211 hujusmodi,

1781 4249 1937 4304 quam
1960 4234 2011 4288 in
2033 4250 2092 4288 re
2114 4233 2268 4288 ullius
2287 4233 2352 4288 ad
2376 4233 2642 4304 negotium
2661 4233 2934 4298 momenti,
2955 4232 3115 4288 fuisse
3134 4233 3365 4290 colloca-

1783 4334 1888 4380 tam
1908 4325 2068 4396 (Ibid.
2080 4367 2092 4390 ,
2111 4342 2224 4396 cap.
2241 4325 2355 4397 40).
2368 4323 2567 4382 Verum
2585 4324 2700 4379 istis
2719 4323 2936 4379 minime
2950 4325 3207 4390 contenti,
3220 4323 3362 4378 diem

1781 4416 2065 4473 Collationi
2093 4419 2438 4473 constitutum
2463 4418 2575 4487 jam
2609 4415 2732 4472 inde
2768 4431 2799 4470 a
2823 4424 3009 4486 quarto
3032 4415 3238 4469 decimo
3263 4414 3360 4469 ka-

1785 4508 2164 4579 lendasjunias
2188 4509 2425 4579 elapsum
2447 4523 2586 4571 esse,
2615 4504 3060 4577 quemadmodum
3089 4504 3258 4574 pridie
3283 4505 3362 4562 le-

1783 4609 1987 4664 cerant,
2033 4599 2260 4653 moleste
2302 4598 2639 4668 obiectabant
2684 4594 2870 4666 (Ibid.,
2911 4612 3062 4664 capp.
3101 4595 3201 4660 48,
3247 4595 3360 4668 50).

1787 4690 2022 4759 Denique
2051 4704 2172 4743 cum
2220 4689 2272 4742 in
2305 4687 2528 4757 petenda
2566 4686 2822 4741 dilatione
2846 4695 3080 4742 mentem
3113 4685 3365 4744 obfirma-

1786 4793 1924 4846 rent,
1951 4792 2011 4837 ut
2039 4782 2138 4837 hoc
2164 4781 2268 4836 illis
2303 4797 2332 4835 a
2363 4779 2541 4851 judice
2592 4779 2994 4845 concederetur,
3037 4783 3364 4850 Augustinus

1782 4875 2010 4931 obtinuit
2059 4872 2244 4945 (Ibid.,
2271 4890 2382 4944 cap.
2408 4870 2520 4944 56).
2552 4871 2618 4927 Et
2642 4872 2744 4943 ipsi
2769 4871 2984 4942 quidem
3013 4872 3152 4928 haud
3184 4874 3362 4945 iniqua

1785 4965 2155 5038 postulabant:
2179 4965 2273 5021 sed
2301 4978 2420 5019 cum
2449 4978 2507 5018 se
2536 4963 2703 5033 pridie
2727 4963 2990 5033 promisso
3013 4962 3078 5018 ad
3097 4963 3364 5034 agendum

1786 5059 1889 5114 hoc
1940 5058 2026 5114 die
2080 5056 2346 5128 negotium
2400 5054 2758 5126 obligassent;
2794 5055 2904 5125 jam
2947 5070 3050 5109 non
3095 5065 3238 5121 erat,
3267 5072 3366 5113 cur

1781 5147 2078 5204 istiusmodi
2130 5147 2513 5214 postulatorum
2560 5144 2840 5200 haberetur
2870 5145 2977 5200 ulla
3013 5145 3147 5201 ratio
3177 5144 3364 5220 (Ibid,

1782 5239 2024 5312 cap.66).
2047 5237 2154 5294 Illis
2177 5239 2352 5309 igitur,
2378 5236 2617 5307 quamvis
2641 5251 2822 5306 parum
2847 5235 3029 5291 libenti
3049 5237 3248 5305 animo,
3283 5248 3368 5294 ta-

1784 5349 1906 5389 men
1936 5331 2243 5387 dilationem
2271 5328 2488 5384 indulsit
2520 5327 2856 5382 Marcellinus
2884 5326 3068 5398 (Ibid.,
3096 5319 3211 5398 cap.
3235 5329 3358 5396 (il);

1783 5441 2012 5496 cumque
2040 5423 2230 5479 notarii
2257 5437 2378 5478 sese
2401 5420 2589 5476 eodem
2615 5419 2701 5476 die
2727 5421 3009 5491 castigatus
3027 5419 3250 5474 schedas
3269 5434 3365 5471 ex-

1783 5517 2020 5588 pleturos
2043 5513 2412 5584 promisissent
2435 5509 2616 5583 (Ibid,
2640 5527 2753 5582 cap.
2774 5510 2886 5582 65),
2912 5510 3201 5579 promisere
3216 5509 3364 5562 simi-

1785 5607 1906 5661 litcr
1929 5620 2021 5660 eas
2056 5621 2114 5660 se
2152 5604 2545 5673 subscripturos
2567 5601 2850 5656 Donatista:
2889 5598 3072 5668 (Ibid.,
3105 5613 3218 5666 cap.
3243 5597 3358 5668 64).

1787 5695 1898 5751 Hoc
1919 5705 2073 5764 pacto
2097 5703 2257 5764 caput
2283 5691 2411 5747 illud
2430 5732 2446 5759 ,
2468 5691 2553 5746 cui
2584 5691 2755 5760 primo
2781 5686 3020 5755 refragati
3042 5693 3215 5751 erant,
3241 5693 3362 5742 tan-

1785 5789 1905 5845 dem
1929 5788 2212 5857 aliquando
2226 5787 2488 5841 admisere
2505 5783 2609 5854 (Ad
2628 5781 2816 5836 Donat.
2838 5787 2946 5848 post
2961 5774 3148 5832 Collat.
3168 5795 3221 5832 η.
3247 5781 3361 5856 15).

1784 5883 1906 5944 Non
1934 5882 2080 5940 enim
2104 5895 2197 5938 eos
2222 5878 2472 5954 fugiebat,
2511 5875 2659 5950 quin,
2699 5875 2743 5929 si
2791 5871 2928 5926 dicta
2974 5870 3189 5944 propria
3229 5874 3362 5939 sub.

3843 5823 3845 5952 ί
