3858 6392
602 430 717 491 125

602 549 716 604 Hoc
734 548 807 603 illi
826 544 1340 609 animadverterunt,
1362 553 1534 611 neque
1559 538 1667 595 ullo
1692 536 1851 593 modo
1876 536 1976 592 sibi
1999 535 2175 591 value-

602 648 727 694 runt
783 647 1079 709 temperare
1110 678 1126 704 ,
1180 634 1307 705 quin
1352 631 1480 688 illud
1524 645 1664 702 aegre
1717 643 1775 684 se
1824 627 1964 683 ferre
2014 636 2175 681 testa-

601 735 804 793 rentur,
830 742 892 783 ac
915 727 1087 801 palam
1120 725 1359 781 dicerent
1391 740 1404 778 :
1437 722 1637 779 Sensim
1665 722 1718 775 in
1744 736 1952 775 cansam
1977 718 2176 773 induci-

602 835 718 873 mur
746 818 952 891 (Collat.
984 817 1222 888 Carthag.
1254 816 1289 871 5
1308 857 1322 880 .
1372 831 1486 884 cap.
1530 813 1625 868 151
1654 810 1694 884 ).
1725 811 1841 880 Quo
1868 809 2010 865 dicto
2052 810 2180 865 satis

604 916 789 979 aperte
813 907 1173 973 declarabant,
1193 905 1243 961 id
1270 904 1367 960 sibi
1395 904 1609 959 unicein
1640 902 1883 957 omnibus
1904 902 2014 956 suis
2039 899 2183 955 moli-

600 999 831 1054 tionibus
846 998 1191 1070 propositum,
1210 1011 1275 1051 ne
1290 994 1413 1065 quid
1428 994 1598 1059 fieret,
1617 991 1859 1058 efﬁcere;
1878 1000 2035 1062 alque
2045 989 2183 1045 adeo

601 1089 938 1146 dissimulare
991 1089 1293 1159 neutiquam
1340 1102 1533 1159 posse,
1590 1086 1715 1156 quin
1766 1084 1865 1139 sibi
1904 1085 2181 1139 veritatem

602 1180 792 1237 obesse
819 1183 1034 1236 scirent.
1061 1178 1286 1234 Easdem
1311 1179 1554 1249 querelas
1574 1177 1756 1248 paucis
1777 1175 2067 1246 interjectis
2088 1175 2185 1229 ite-

601 1279 724 1326 rant
744 1269 927 1340 (Ibid.,
958 1286 1074 1340 cap.
1112 1268 1261 1339 195).
1293 1267 1338 1322 0
1362 1268 1595 1322 violentia
1634 1266 1886 1333 veritatis,
1926 1265 2185 1320 exclamat

602 1361 929 1432 Augustinus
946 1403 960 1427 ,
1015 1362 1237 1435 quolibet
1259 1362 1466 1431 equuleo
1482 1403 1495 1426 ,
1525 1358 1820 1431 quibuslibet
1846 1358 2049 1429 ungulis
2074 1359 2183 1429 {or-

602 1452 701 1506 tior
754 1452 823 1506 ad
869 1451 1243 1523 exprimendam
1311 1450 1710 1522 confessionem!
1768 1448 1935 1521 Hujus
1995 1447 2186 1501 timoris

602 1545 973 1615 apertissimum
994 1561 1159 1599 vocem
1179 1545 1291 1617 quis
1310 1544 1375 1599 de
1397 1545 1600 1599 illorum
1619 1542 1791 1597 clauso
1818 1551 2012 1614 pectore
2035 1557 2188 1596 excu-

601 1644 758 1700 teret,
798 1644 844 1689 et
890 1652 991 1689 non
1031 1635 1143 1690 dico
1172 1636 1216 1689 si
1242 1651 1327 1689 eos
1368 1636 1515 1689 donis
1554 1636 1849 1707 largissimis
1876 1636 2185 1699 ditaremus,

602 1724 691 1778 sed
731 1724 776 1779 si
802 1741 885 1779 eos
932 1727 1091 1795 poenis
1131 1724 1487 1779 crudelissimis
1533 1726 1918 1796 torqueremus?
1958 1722 2189 1779 Clamant

614 1815 849 1884 pra‘clari
875 1816 969 1868 viri
986 1855 1002 1882 ,
1032 1816 1118 1887 qui
1143 1815 1211 1868 ad
1240 1817 1489 1887 agendum
1516 1815 1809 1869 videbantur
1846 1814 2020 1885 electi,
2051 1831 2111 1867 ac
2137 1830 2191 1869 se

606 1907 773 1978 potius
801 1908 868 1960 ad
896 1924 997 1961 non
1020 1907 1269 1978 agendum
1297 1908 1477 1962 electos
1520 1925 1626 1963 esse
1667 1916 1927 1975 testantur,
1968 1918 2013 1962 et
2060 1908 2188 1961 invi-

606 1998 746 2051 diose
777 1998 946 2069 judici
990 2008 1380 2063 conquerantur,
1423 2001 1605 2053 sensim
1641 2016 1694 2053 se
1726 2000 1777 2053 in
1807 2014 1972 2053 causa:
1998 1998 2192 2053 interna

608 2091 784 2146 deduci
815 2091 917 2165 (Ad
950 2090 1244 2146 Donatistas
1275 2101 1384 2162 post
1426 2091 1609 2146 Collat.
1648 2109 1700 2145 η.
1742 2092 1809 2146 45
1831 2093 1868 2161 ).
1902 2092 1947 2145 ο
1972 2108 2189 2161 magna,

606 2186 698 2237 sed
717 2198 816 2237 non
844 2184 1076 2237 miranda
1099 2184 1365 2254 confusio!
1389 2175 1591 2253 quando
1621 2184 1752 2237 enim
1780 2184 1976 2236 dwmon
2002 2182 2074 2235 sic
2103 2197 2193 2235 ea:-

606 2276 841 2331 orcistam
875 2277 1112 2332 timeret?
1142 2275 1326 2349 (Ibid.,
1358 2293 1411 2330 n.
1454 2275 1567 2347 di.)
1596 2275 1735 2345 Ergo
1756 2317 1771 2341 ,
1802 2284 1858 2329 ut
1878 2274 2194 2344 penitiorem

605 2368 748 2423 illam
804 2369 1199 2439 inquisitionem
1256 2368 1566 2431 eluderent,
1621 2367 1926 2420 Catlioliccs
1986 2373 2194 2436 pactam

606 2462 781 2515 standi
831 2462 959 2515 solis
987 2460 1273 2529 Scripturis
1322 2459 1516 2525 fidem,
1570 2458 1694 2513 dum
1736 2458 1933 2513 chartis
1976 2457 2196 2527 publicis

605 2563 844 2617 utuntur,
898 2553 1099 2607 violare
1149 2551 1506 2607 obtenderunt
1558 2550 1773 2621 (Collat.
1837 2550 2076 2621 Carthag.
2130 2549 2192 2616 5,

604 2659 721 2715 cap.
758 2642 901 2714 M9).
933 2642 1064 2698 Huic
1089 2642 1326 2713 petitioni
1351 2657 1663 2713 responsum
1692 2651 1774 2698 est
1796 2646 1862 2696 ab
1882 2642 2193 2711 Augustino,

606 2734 719 2789 suis
750 2733 1039 2788 Ecclesiam
1070 2748 1191 2789 esse
1234 2733 1580 2799 catholicam,
1613 2748 1808 2802 eosque
1836 2735 1903 2788 ad
1931 2732 2072 2786 illius
2098 2747 2196 2787 au-

606 2824 903 2878 ctoritatem
930 2823 1123 2878 divinis
1146 2824 1370 2895 eloquiis
1390 2823 1705 2879 firmandam
1728 2838 1940 2893 semper
1967 2838 2085 2878 esse
2113 2837 2199 2892 pa-

606 2915 928 2981 ratissimos;
963 2924 1019 2969 ut
1056 2925 1234 2970 autem
1263 2916 1406 2985 leges
1436 2916 1518 2971 vel
1565 2924 1710 2986 gesta
1742 2915 1827 2969 vel
1852 2929 2199 2985 qumcumque

606 3006 674 3061 de
697 3007 921 3062 archivis
947 3007 1169 3062 offerant
1188 3007 1475 3071 recitanda,
1498 3008 1565 3062 ab
1592 3007 1719 3077 ipsis
1739 3006 1855 3077 cogi
1889 3006 2197 3073 Donatistis,

608 3098 695 3167 qui
723 3099 869 3166 prius
900 3097 1092 3152 talibus
1133 3106 1313 3168 agunt.
1346 3098 1571 3152 Crimina
1598 3099 1763 3161 enim,
1798 3098 1998 3167 inquit,
2027 3097 2201 3151 dicunt

611 3189 927 3253 traditionis,
971 3198 1016 3241 et
1046 3205 1103 3241 ea
1131 3200 1216 3242 aut
1246 3206 1345 3242 non
1379 3188 1591 3257 probant
1618 3188 1863 3249 arcltivis.
1893 3197 1939 3242 et
1971 3187 2098 3241 nihil
2123 3188 2202 3241 di-

611 3287 767 3341 cunt;
795 3287 882 3331 aut
914 3277 1146 3345 probant,
1190 3289 1235 3331 et
1274 3280 1487 3331 archivis
1518 3296 1609 3332 nos
1638 3279 1853 3333 vicissim
1884 3295 2033 3350 agere
2059 3295 2199 3334 com-

616 3369 809 3439 pellunt
832 3366 1015 3439 (Ibid.,
1045 3385 1159 3438 cap.
1191 3369 1334 3439 155).
1361 3366 1454 3423 Cui
1482 3371 1811 3439 responsiOni
1837 3386 1956 3425 cum
1978 3371 2200 3427 Marcel-

612 3457 752 3513 linus
776 3469 916 3513 esset
941 3459 1252 3530 sull‘ragatus
1282 3459 1464 3533 (Ibid.,
1494 3478 1605 3533 cap.
1625 3462 1767 3533 156),
1790 3463 2073 3519 Donatistis
2096 3480 2200 3519 non

615 3552 941 3608 erubuerunt
982 3550 1161 3606 denuo
1188 3552 1255 3606 ad
1286 3552 1536 3621 rejectam
1574 3553 1681 3624 jam
1721 3554 1807 3609 diu
1841 3556 2109 3625 querelam
2136 3555 2203 3611 de

615 3643 904 3713 legatorum
932 3640 1265 3714 proferendis
1282 3643 1332 3697 in
1355 3642 1585 3698 medium
1612 3644 1873 3700 mandatis
1893 3645 2198 3719 confugere,

615 3736 708 3789 sed
734 3752 836 3789 non
864 3737 969 3790 alio
994 3745 1150 3806 atque
1176 3746 1329 3792 antea
1370 3752 1614 3795 successu
1645 3738 1830 3811 (Ibid.,
1862 3756 2015 3811 capp.
2060 3740 2197 3807 157,

617 3828 763 3898 161).
791 3829 957 3883 Jussit
990 3829 1170 3899 itaque
1209 3830 1541 3886 Marcellinus
1576 3840 1750 3885 actum
1772 3873 1787 3899 ,
1828 3847 1985 3902 quem
2023 3832 2200 3887 Dona-

615 3919 752 3973 tistm
780 3918 1097 3985 alierebant,
1143 3936 1284 3975 anno
1313 3921 1835 3992 quadringentesimo
1879 3923 2033 3979 tertio
2072 3938 2202 3980 con-

612 4010 827 4078 fectum,
849 4012 947 4083 legi
982 4011 1163 4083 (Ibid.,
1184 4030 1297 4081 cap.
1329 4014 1483 4086 m);
1529 4016 1839 4071 Catholicos
1866 4016 2076 4073 interim
2108 4034 2199 4073 ro-

610 4117 741 4171 gans
761 4146 774 4168 ,
804 4114 863 4157 ut
891 4119 984 4157 sua
1006 4145 1021 4167 ,
1054 4106 1263 4159 tametsi
1293 4108 1622 4177 antiquiora,
1653 4109 1851 4164 dill‘erri
1894 4119 2201 4180 paterentur

614 4191 797 4263 (Ibid.,
820 4211 933 4265 cap.
969 4197 1114 4265 170).
1141 4197 1358 4254 Peracta
1390 4215 1448 4254 ea
1479 4201 1722 4267 lectione,
1742 4202 2075 4258 Marcellinus
2100 4218 2197 4274 ap-

612 4300 798 4354 parere
823 4286 1034 4355 quidem
1063 4287 1192 4342 dixit
1218 4291 1469 4358 petitores
1489 4306 1607 4347 esse
1636 4292 1959 4360 Catholicos,
1989 4296 2200 4364 quando

611 4374 684 4430 illi
706 4376 1007 4432 schismatis
1030 4386 1191 4449 atque
1230 4378 1499 4436 haereseos
1542 4383 1741 4437 crimen
1785 4383 2070 4440 Donatistis
2094 4385 2197 4440 im-

611 4468 914 4539 pingerent;
963 4479 1364 4537 verumtamen,
1396 4488 1501 4543 quo
1543 4473 1609 4530 de
1638 4473 1736 4529 hac
1778 4491 1836 4530 re
1880 4485 2200 4533 statueretur

609 4561 812 4627 :equius
832 4601 845 4624 ,
873 4560 972 4615 alia
1004 4574 1120 4616 acta
1148 4563 1390 4619 similiter
1409 4579 1529 4620 esse
1554 4565 2023 4637 recitanda(lbid.,
2042 4585 2193 4641 capp.

611 4649 732 4713 177,
767 4652 911 4722 180).
956 4653 1071 4720 Quo
1112 4655 1237 4709 nihil
1284 4657 1459 4711 minus
1502 4660 1996 4731 tergiversatoribus
2024 4661 2197 4716 Dona-

613 4740 752 4794 tistis
777 4744 921 4797 cordi
952 4757 1084 4799 erat.
1110 4746 1445 4819 Quapmpter
1468 4750 1554 4805 hic
1574 4753 1732 4807 etiam
1755 4752 1821 4807 ad
1850 4752 2035 4808 solitas
2054 4764 2197 4809 artes

611 4830 916 4897 redierunt,
958 4844 1013 4889 et
1042 4838 1404 4895 cavillationes
1441 4842 1509 4897 de
1549 4845 1859 4917 praescripto
1883 4846 2003 4913 die,
2036 4861 2194 4917 quem

607 4924 845 4993 elapsum
873 4941 993 4981 esse
1016 4930 1389 5001 causabantur,
1418 4934 1484 4989 de
1509 4938 1777 5005 mandato,
1800 4939 1972 5010 deque
1993 4940 2197 4996 ratione

608 5014 928 5083 procedendi
957 5018 1321 5090 ingesserunt,
1353 5024 1539 5079 eadem
1569 5030 1828 5085 cantilena
1858 5047 2015 5087 aures
2041 5031 2195 5087 indc-

604 5104 847 5162 sinenter
875 5107 1263 5180 obtundentes,
1286 5123 1344 5168 ut
1365 5115 1564 5171 scilicet
1592 5119 1672 5172 vel
1700 5123 1918 5177 omnino
1943 5124 2019 5179 rei
2038 5133 2198 5195 caput

603 5199 963 5267 omitteretur,
984 5204 1070 5259 vel
1101 5206 1287 5261 saltem
1308 5247 1322 5273 ,
1351 5208 1442 5277 qui
1468 5216 1575 5263 tam
1606 5209 1761 5281 longa
1791 5221 2014 5284 tamque
2040 5216 2196 5287 plena

609 5288 800 5345 fastidii
832 5301 945 5347 acta
969 5295 1287 5365 perlegeret,
1319 5308 1461 5353 esset
1486 5316 1643 5355 nemo
1669 5300 1858 5373 (Ibid.,
1889 5322 2039 5376 capp.
2071 5307 2194 5374 l8l,

607 5382 732 5447 185,
762 5383 883 5448 188,
906 5384 1054 5456 215).
1082 5385 1217 5442 Vicit
1248 5398 1423 5445 tamen
1449 5391 1734 5463 aliquando
1765 5393 1975 5450 tandem
2000 5395 2197 5467 Cogni-

608 5483 691 5529 tor
717 5484 823 5530 tam
852 5477 1040 5550 longas
1064 5479 1452 5538 obstinationes
1472 5525 1487 5549 ,
1519 5492 1576 5539 et
1604 5485 1912 5541 relationem
1943 5488 2156 5543 Anulini
2178 5532 2194 5557 ,

604 5584 706 5638 qua
736 5568 1127 5628 Donatistarum
1150 5575 1395 5645 querelas
1417 5576 1483 5632 de
1508 5576 1790 5633 Caeciliano
1812 5579 1877 5636 ad
1898 5580 2200 5637 Constanti-

604 5678 730 5717 num
758 5662 1053 5734 deferebat,
1076 5668 1287 5724 recitari
1310 5671 1475 5726 voluit
1494 5669 1677 5744 (Ibid.,
1701 5690 1851 5746 capp.
1878 5676 2003 5742 2l6,
2027 5674 2193 5749 220):

605 5755 670 5808 ad
710 5772 943 5829 eumque
981 5762 1198 5818 modum
1236 5765 1302 5820 de
1340 5781 1497 5822 causa
1548 5768 1760 5824 tractari
1809 5780 2039 5841 emptum
2090 5781 2193 5827 est.

607 5842 841 5905 Perlecla
872 5852 1079 5911 Anulini
1110 5856 1177 5913 de
1197 5855 1477 5919 Czeciliano
1505 5862 1751 5936 epistola,
1772 5864 2198 5939 Donatistzetquo

1710 418 1869 475 VITA
1907 416 1968 474 S.
2006 403 2371 473 AUGUSTINI
2407 411 2729 472 EPISCOPI.
3180 402 3188 410 ’
3678 424 3747 493 ια

2298 529 2439 585 baud
2466 530 2623 586 dubie
2646 539 2984 585 occurrerent
3010 530 3072 586 iis
3096 546 3211 603 quae
3235 530 3350 589 inde
3372 533 3743 601 fuerantconsem.

2297 624 2437 694 tura)
2461 622 2811 694 Augustinum
2851 633 3132 694 rogarunt,
3170 640 3272 696 quo
3306 627 3499 685 nomine
3527 630 3744 694 defenderet

2304 714 2645 771 Carcilianum
2671 758 2685 782 ,
2717 716 2901 785 ejusne
2927 713 3061 769 illius
3085 724 3254 783 esset,
3276 732 3339 773 an
3367 733 3463 774 non
3481 719 3629 795 (Ibid.,
3647 744 3743 797 capp.

2290 806 2389 863 221
2419 850 2433 872 .
2460 807 2607 878 227).
2640 806 2841 875 Quibus
2884 806 3000 872 ille,
3046 807 3242 862 nullum
3268 824 3385 864 vere
3418 826 3474 866 ac
3507 814 3671 884 proprie
3687 833 3746 887 μ.

2285 909 2420 957 trem
2451 900 2534 956 vel
2559 909 2713 970 caput
2743 900 2795 954 in
2822 900 2902 955 his
2928 915 3046 970 quae
3082 899 3147 954 ad
3172 898 3323 955 fidem
3349 916 3405 956 ac
3431 902 3617 959 salutem
3640 910 3749 976 perti-

2286 1004 2495 1060 nerent,
2519 1004 2711 1064 praeter
2729 1008 2893 1047 unum
2918 990 3204 1057 Christum,
3231 1006 3497 1062 agnoscere
3516 994 3750 1053 Catholieos.

2287 1085 2590 1156 respondit;
2621 1100 2683 1141 ac
2725 1084 2949 1156 proinde
2974 1084 3113 1155 quod
3156 1100 3213 1139 se
3249 1085 3433 1141 Paulus
3457 1088 3742 1148 Corinthium

2288 1188 2492 1247 patrem
2534 1176 2768 1244 diceret,
2813 1191 3143 1247 nequaquam
3183 1175 3249 1231 ad
3284 1191 3400 1231 eum
3436 1177 3613 1233 modum
3638 1182 3745 1253 accipi

2288 1269 2486 1325 debere
2506 1312 2520 1335 ,
2549 1269 2643 1325 sed
2669 1278 2873 1324 tantum
2900 1268 3023 1339 quia
3052 1278 3195 1323 esset
3219 1266 3528 1338 dispensator
3550 1273 3746 1340 evangelici

2292 1360 2570 1417 ministerii
2598 1360 2780 1433 (Ibid.,
2808 1376 2956 1432 capp.
2985 1358 3112 1423 222,
3128 1357 3270 1430 242)
3299 1378 3311 1412 :
3337 1358 3625 1415 Caecilianum
3646 1360 3745 1430 igitur

2290 1467 2396 1508 non
2438 1453 2632 1524 patris,
2662 1468 2766 1508 non
2796 1452 3019 1519 matris,
3047 1451 3190 1522 quod
3228 1452 3299 1506 illi
3338 1452 3517 1509 insulse
3542 1453 3746 1523 interroga-

2290 1555 2509 1613 verant,
2550 1547 2725 1601 locum
2764 1544 3006 1600 obtinere
3030 1543 3169 1614 apud
3205 1543 3484 1600 Catholieos
3516 1543 3654 1615 (Ibid.,
3677 1562 3746 1615 cap.

2254 1692 2257 1693 ν
2290 1636 2454 1708 251),
2501 1636 2596 1691 sed
2643 1634 3012 1690 tantummodo
3041 1634 3253 1699 fratris,
3285 1635 3392 1690 sive
3416 1635 3523 1690 boni
3544 1634 3627 1690 sive
3646 1635 3747 1699 mali;

2294 1728 2397 1784 hoc
2424 1728 2565 1784 enim
2598 1726 2854 1783 Ecclesiae
2880 1725 3012 1782 nihil
3039 1724 3291 1782 oflicere:
3320 1726 3428 1796 ejus
3452 1741 3503 1782 se
3524 1726 3749 1782 causamde-

2294 1820 2547 1889 fendere,
2586 1819 2707 1891 quia
2751 1820 3089 1875 innocentem
3128 1834 3249 1874 eum
3294 1818 3639 1877 arbitrabantur:
3664 1828 3702 1872 at
3721 1819 3749 1871 si

2295 1926 2450 1967 secus
2475 1911 2633 1978 foret,
2663 1911 2762 1981 ipsi
2791 1908 2882 1965 uni
2910 1909 3121 1979 culpam
3150 1923 3296 1964 suam
3322 1908 3476 1963 fraudi
3506 1908 3665 1963 futuram
3688 1925 3698 1959 :
3718 1907 3751 1959 si

2295 2001 2491 2057 vellent
2517 1999 2813 2056 adversarii
2838 2000 2907 2055 ab
2934 2000 3051 2070 ejus
3076 1999 3407 2054 accusatione
3440 1997 3669 2063 discedere,
3690 2011 3749 2050 nec

2296 2108 2419 2149 eum
2464 2091 2777 2147 defensuros
2826 2106 3037 2162 quoque
3113 2088 3436 2155 Catholicos;
3505 2099 3626 2159 atque
3668 2086 3748 2140 adeo

2298 2198 2513 2238 causam
2566 2191 2712 2238 tanto
2761 2182 3057 2238 breviorem
3123 2182 3237 2237 fore
3296 2178 3476 2251 (Ibid.,
3517 2197 3630 2251 capp.
3664 2176 3745 2237 230.

2296 2273 2403 2329 252
2422 2316 2438 2341 ,
2512 2272 2663 2346 255).
2723 2273 2985 2329 Producta
3040 2280 3127 2329 est
3182 2272 3424 2328 diuticule
3464 2272 3557 2326 htec
3597 2270 3747 2338 ἀίδρυυ·

2300 2367 2373 2420 tio
2402 2384 2414 2419 :
2444 2382 2671 2437 cumque
2717 2366 2921 2421 interea
2966 2365 3306 2421 Marcellinus
3332 2362 3577 2419 Donatistis
3595 2375 3748 2415 nonnun-

2298 2470 2455 2525 quam
2509 2456 2856 2525 responderet
2892 2454 3067 2511 verbis
3097 2454 3398 2527 Augustini;
3425 2453 3646 2510 Petiliamis
3661 2451 3749 2503 illum

2302 2548 2654 2615 insimulavit,
2712 2548 2963 2619 dejerans
3011 2549 3135 2619 plus
3188 2564 3339 2621 sequo
3387 2548 3540 2604 favere
3566 2543 3749 2602 ϐιαιοϋὼ

2302 2639 2488 2713 (Ibid.,
2520 2658 2672 2712 capp.
2704 2640 2813 2697 255
2832 2684 2845 2707 ,
2874 2640 3023 2713 254).

2371 2734 2425 2788 4.
2455 2733 2828 2803 Augustinum,
2860 2734 2947 2788 ubi
2986 2735 3221 2790 sermoni
3259 2749 3357 2790 suo
3378 2732 3440 2789 de
3460 2729 3622 2803 paterni
3642 2725 3749 2781 nomi-

2303 2827 2387 2881 nis
2428 2826 2753 2897 proprietate
2784 2826 2942 2881 linem
2987 2826 3261 2897 imposuit,
3309 2825 3563 2881 Donatista:
3593 2815 3749 2875 scist

2303 2928 2447 2988 sunt,
2474 2936 2506 2975 a
2526 2936 2630 2991 quo
2644 2927 2786 2976 esset
2812 2920 2862 2975 in
2888 2920 3198 2991 episcopum
3215 2927 3529 2975 consecratus
3545 2912 3748 2988 (Ibid.,“?-

2303 3012 2454 3083 245).
2476 3012 2747 3067 Possidius
2772 3027 2921 3078 vero,
2940 3012 3103 3082 utqui
3129 3012 3301 3081 magni
3319 3010 3449 3065 illius
3468 3007 3550 3062 viri
3566 3008 3750 3075 prece?”-
3796 3054 3797 3083 ᾗ

2304 3104 2377 3159 ris
2402 3062 2483 3157 sui
2515 3112 2853 3173 perspectum
2885 3062 3107 3157 babei‘et
3149 3103 3399 3169 animum,
3428 3094 3653 3169 respondit,
3670 3102 3748 3203 εἴη·

2305 3210 2418 3251 sam
2450 3194 2749 3265 Augustini,
2781 3194 3185 3265 qualiscumque
3210 3194 3414 3250 tandem
3451 3191 3526 3246 illa
3557 3195 3671 3249 esset.
3696 3179 3749 3235 49‘

2307 3286 2625 3343 fendendam
2657 3288 2741 3343 hic
2759 3303 2862 3342 non
2888 3287 3190 3357 suscepisse
3224 3276 3746 3357 CatholicosUbidam.
3794 3328 3795 3357 Ξ

2304 3378 2453 3448 215).
2483 3377 2835 3433 Niliilosccius
2862 3387 3038 3433 tamen
3068 3378 3153 3433 illi
3184 3378 3440 3444 institere,
3465 3360 3752 3485 atquein
3793 3362 3795 3485 Α

2308 3470 2556 3541 Episcopi
2602 3469 2936 3525 ordinatione
2992 3486 3239 3540 qumrere
3292 3467 3546 3526 calumnia:
3586 3455 3752 3532 quidpiam

2306 3562 2637 3616 videbantur.
2656 3561 2755 3619 Ubi
2787 3570 2961 3619 tamen
2994 3561 3112 3633 ipse
3144 3578 3332 3617 manus
3361 3560 3451 3616 sibi
3472 3559 3498 3612 ‘a
3519 3547 3752 3624 Megalioinr

2306 3654 2506 3726 positas
2532 3654 2704 3727 palam
2725 3665 2869 3712 esset
2895 3655 3186 3725 professus,
3218 3654 3465 3722 simulque
3488 3649 3681 3718 rogassel.
3698 3636 3752 3689 [η’

2307 3745 2492 3801 berent
2516 3762 2584 3802 ne
2616 3746 2836 3817 aliquid,
2869 3746 3011 3813 quod
3039 3755 3228 3800 contra
3253 3744 3507 3806 dicerent;
3532 3738 3613 3792 alio
3632 3739 3754 3787 sermo-

2306 3852 2427 3893 nem
2470 3837 2806 3893 dctorserunt
2853 3836 3040 3907 (Ibid.,
3072 3853 3191 3909 cap.
3235 3835 3379 3907 247).
3419 3829 3630 3888 Libellum
3650 3823 3754 3888 ίιιιιω

2307 3930 2467 3985 totius
2491 3930 2701 3986 concilii
2730 3932 2813 3987 sui
2858 3930 3074 3985 nomine
3112 3908 3430 3991 obtulerunt,
3458 3938 3549 3996 quo
3577 3934 3627 3976 ex
3646 3916 3755 3968 nudo"

2307 4025 2541 4049 _:....:t-..-
2563 4025 2749 4049 .I:-.:..:-
2775 4024 2998 4049 ..-δικ-η.
3028 4023 3408 4049 -....ι-..,1-ι.η..ι
3448 4001 3753 4049 πηοίηνκῐιὶξὶιω

2305 4025 2545 4081 ritatibus
2559 4025 2753 4081 divinis
2775 4024 3000 4097 probare
3025 4023 3430 4086 contendebant,
3448 4025 3639 4089 pastores
3652 4001 3753 4060 ω³¹⁰⁵

2306 4117 2540 4172 maculas
2564 4132 2684 4173 esse
2707 4133 2769 4173 ac
2795 4132 2979 4172 laevos
3000 4115 3277 4183 Ecclesiae,
3296 4113 3440 4184 cujus
3461 4110 3506 4166 in
3528 4100 3756 4166 ﬁliisiml‘m'

2306 4207 2429 4263 bum
2460 4208 2658 4263 nullum
2689 4223 2809 4264 esse
2852 4217 3147 4279 oporteret,
3187 4208 3370 4262 saltem
3393 4197 3699 4273 deprehensum
3720 4193 3756 4235 π

2307 4301 2647 4356 manifestum
2677 4318 2691 4355 :
2734 4301 2971 4356 occultos
3003 4300 3147 4355 enim
3190 4299 3390 4370 aliquos
3425 4296 3474 4350 in
3520 4304 3571 4345 ea
3612 4280 3789 4370 Ῑιίίίῖτθθς

2304 4392 2416 4463 ipsa
2438 4393 2489 4446 vi
2510 4391 2748 4447 veritatis
2773 4389 2925 4446 fateri
2942 4366 3455 4462 cogebantur(lbid.,
3468 4398 3569 4453 cap.
3580 4371 3682 4441 349i
3695 4366 3760 4420 θ’θ’

2303 4485 2524 4539 claravit
2548 4484 2904 4551 Marcellinus,
2935 4484 3093 4539 istum
3116 4483 3347 4540 libellum
3382 4495 3479 4535 non
3504 4466 3763 4557 οωιιὶιιωεξιξ

2304 4575 2489 4645 partis,
2520 4574 2615 4629 sed
2645 4573 3013 4630 tantummodo
3041 4583 3243 4645 septem
3270 4572 3608 4641 disputatorum

2303 4640 2551 4724 debuiSse
2589 4667 2853 4722 conscribi
2883 4663 3066 4739 (Ibid.,
3096 4640 3211 4735 ἐαρ.
3236 4640 3363 4727 252,
3380 4656 3530 4729 255);
3556 4645 3659 4707 unde
3678 4640 3699 4743 Il

2303 4776 2420 4816 rum
2466 4768 2580 4816 erat
2616 4757 2923 4824 Catholicis,
2961 4758 3109 4813 illum
3157 4754 3455 4826 explodere,
3495 4755 3541 4803 et
3573 4744 3755 4835 quom?

2302 4854 2636 4919 recitaretur,
2665 4850 3023 4915 intercedere;
3054 4859 3109 4904 at
3137 4864 3204 4905 ne
3228 4846 3483 4903 minimam
3508 4834 3674 4911 quidem

2305 4960 2417 5000 ram
2434 4954 2526 4998 aut
2545 4943 2938 4999 cunctationem
2967 4941 3184 5011 injicere
3204 4939 3485 4999 voluerunl.
3507 4944 3565 4985 ιιθ
3577 4934 3755 5019 mum

2304 5045 2499 5099 torum.
2540 5034 2733 5105 quibus
2771 5032 3057 5089 utebantur
3093 5028 3397 5094 adversarii,
3438 5023 3546 5114 vim
3571 5016 3687 5114 l9?“

2301 5093 2609 5183 viderentur
2629 5125 2742 5198 (Ad
2757 5123 3010 5180 Donatist.
3036 5134 3147 5196 post
3183 5122 3361 5177 Collat.
3395 5136 3444 5172 η.
3472 5111 3572 5182 t9).
3590 5093 3711 5161 Libell

2304 5221 2461 5293 igitur
2485 5235 2640 5275 suum
2684 5218 2972 5275 Donatista:
2996 5226 3249 5275 curarunt
3277 5208 3532 5284 legendum
3553 5199 3609 5293 ab
3627 5203 3702 5249 uno

2303 5273 2854 5382 episcopis.
2892 5273 3179 5381 Legentcm
3216 5273 3684 5382 sine-'intcrruplill‘l‘c

2301 5364 2561 5459 eat‘lio—Iici
2576 5364 2830 5472 inquistet
2841 5364 2848 5365 ί
2860 5364 3107 5472 benignis
3121 5398 3334 5454 auribus
3353 5388 3607 5448 audierunt
3629 5364 3723 5443 (σου

2304 5495 2543 5568 Carthaq.
2566 5496 2623 5562 δ,
2648 5511 2799 5566 capp.
2817 5493 3082 5559 257-259,
3100 5490 3305 5561 81264).
3332 5475 3713 5568 scriptum“?

2305 5588 2395 5643 iud
2417 5605 2482 5644 eo
2494 5552 2685 5643 “animo
2709 5552 3077 5655 confecerant,
3097 5594 3153 5641 ut
3187 5552 3555 5638 Catbolicorum
3579 5552 3747 5655 manda}!

2302 5637 3342 5752 iis;'rgaaa;;.;'.;;.'.;.;'ea........
3370 5671 3540 5725 fuerat.
3563 5637 3749 5752 reslwf‘_‘_l

2305 5784 2444 5830 rent.
2478 5774 2636 5845 Atqui
2676 5773 3060 5829 demonstravit
3086 5766 3414 5840 Augustinus,
3436 5752 3552 5814 nihil
3567 5759 3666 5845 80.5..

2306 5868 2478 5927 eidem
2526 5836 2777 5924 mandato
2819 5836 3190 5931 satisfaceret;
3210 5858 3473 5918 attulisse;
3507 5836 3625 5917 il“0d

3725 4415 3787 4788 ﬂ

3678 4788 3785 5219 Ξ

3727 5219 3782 5501 ξ

3735 5501 3779 5706 ,ι

3658 5706 3779 6023 ii
