  <div class='ocr_page' id='page_1' title='image "/cluster/home/n/w/nwhite01/storage/ocr_20150623/32/uva.x000669813/222.png"; bbox 0 0 1929 3202; ppageno 0'>
   <div class='ocr_carea' id='block_1_1' title="bbox 62 212 105 241">
    <p class='ocr_par' dir='ltr' id='par_1_1' title="bbox 62 212 105 241">
     <span class='ocr_line' id='line_1_1' title="bbox 62 212 105 241; baseline -0.023 0"><span class='ocrx_word' id='word_1_1' title='bbox 62 212 105 241; x_wconf 66' lang='grc'><strong>495</strong></span> 
     </span>
    </p>
   </div>
   <div class='ocr_carea' id='block_1_2' title="bbox 62 267 825 304">
    <p class='ocr_par' dir='ltr' id='par_1_2' title="bbox 62 267 825 304">
     <span class='ocr_line' id='line_1_2' title="bbox 62 267 825 304; baseline -0.001 -7"><span class='ocrx_word' id='word_1_2' title='bbox 62 271 109 298; x_wconf 83' lang='lat' dir='ltr'><strong>sola</strong></span> <span class='ocrx_word' id='word_1_3' title='bbox 118 271 248 304; x_wconf 72' lang='lat' dir='ltr'><strong>utriusque</strong></span> <span class='ocrx_word' id='word_1_4' title='bbox 261 268 355 304; x_wconf 88' lang='lat' dir='ltr'><strong>scripti</strong></span> <span class='ocrx_word' id='word_1_5' title='bbox 365 268 471 296; x_wconf 93' lang='lat' dir='ltr'><strong>lectione</strong></span> <span class='ocrx_word' id='word_1_6' title='bbox 480 267 575 295; x_wconf 89' lang='lat' dir='ltr'><strong>clarum</strong></span> <span class='ocrx_word' id='word_1_7' title='bbox 586 272 642 295; x_wconf 88' lang='lat' dir='ltr'><strong>erat</strong></span> <span class='ocrx_word' id='word_1_8' title='bbox 650 268 756 300; x_wconf 79' lang='lat' dir='ltr'><strong>(Breric.</strong></span> <span class='ocrx_word' id='word_1_9' title='bbox 766 270 825 296; x_wconf 75' lang='lat' dir='ltr'><strong>Col-</strong></span> 
     </span>
    </p>
   </div>
   <div class='ocr_carea' id='block_1_3' title="bbox 63 314 825 350">
    <p class='ocr_par' dir='ltr' id='par_1_3' title="bbox 63 314 825 350">
     <span class='ocr_line' id='line_1_3' title="bbox 63 314 825 350; baseline 0.001 -8"><span class='ocrx_word' id='word_1_10' title='bbox 63 317 103 342; x_wconf 84' lang='lat' dir='ltr'><strong>lat.</strong></span> <span class='ocrx_word' id='word_1_11' title='bbox 116 316 140 349; x_wconf 77' lang='lat'><strong>3,</strong></span> <span class='ocrx_word' id='word_1_12' title='bbox 149 323 172 342; x_wconf 77' lang='grc' dir='ltr'><strong>κ.</strong></span> <span class='ocrx_word' id='word_1_13' title='bbox 186 314 240 349; x_wconf 80' lang='grc'><strong>10).</strong></span> <span class='ocrx_word' id='word_1_14' title='bbox 250 315 343 348; x_wconf 84' lang='lat' dir='ltr'><strong>Quare</strong></span> <span class='ocrx_word' id='word_1_15' title='bbox 354 315 560 350; x_wconf 84' lang='lat' dir='ltr'><strong>percommodum</strong></span> <span class='ocrx_word' id='word_1_16' title='bbox 570 315 665 342; x_wconf 87' lang='lat' dir='ltr'><strong>accidit</strong></span> <span class='ocrx_word' id='word_1_17' title='bbox 676 316 825 350; x_wconf 82' lang='lat' dir='ltr'><strong>Catholicis,</strong></span> 
     </span>
    </p>
   </div>
   <div class='ocr_carea' id='block_1_4' title="bbox 65 359 826 395">
    <p class='ocr_par' dir='ltr' id='par_1_4' title="bbox 65 359 826 395">
     <span class='ocr_line' id='line_1_4' title="bbox 65 359 826 395; baseline 0 -7"><span class='ocrx_word' id='word_1_18' title='bbox 65 366 89 389; x_wconf 88' lang='lat' dir='ltr'><strong>ut</strong></span> <span class='ocrx_word' id='word_1_19' title='bbox 98 368 165 388; x_wconf 84' lang='lat' dir='ltr'><strong>suum</strong></span> <span class='ocrx_word' id='word_1_20' title='bbox 179 359 296 394; x_wconf 83' lang='lat' dir='ltr'><strong>ipsorum</strong></span> <span class='ocrx_word' id='word_1_21' title='bbox 312 360 460 387; x_wconf 86' lang='lat' dir='ltr'><strong>mandatum</strong></span> <span class='ocrx_word' id='word_1_22' title='bbox 471 359 624 387; x_wconf 88' lang='lat' dir='ltr'><strong>adversariis</strong></span> <span class='ocrx_word' id='word_1_23' title='bbox 637 368 683 395; x_wconf 86' lang='lat' dir='ltr'><strong>per</strong></span> <span class='ocrx_word' id='word_1_24' title='bbox 692 361 826 388; x_wconf 86' lang='lat' dir='ltr'><strong>Notoriam</strong></span> 
     </span>
    </p>
   </div>
   <div class='ocr_carea' id='block_1_5' title="bbox 65 406 825 444">
    <p class='ocr_par' dir='ltr' id='par_1_5' title="bbox 65 406 825 444">
     <span class='ocr_line' id='line_1_5' title="bbox 65 406 825 444; baseline -0.001 -10"><span class='ocrx_word' id='word_1_25' title='bbox 65 406 237 444; x_wconf 75' lang='lat' dir='ltr'><strong>postulantibus</strong></span> <span class='ocrx_word' id='word_1_26' title='bbox 256 406 411 439; x_wconf 74' lang='lat' dir='ltr'><strong>edidissent,</strong></span> <span class='ocrx_word' id='word_1_27' title='bbox 432 406 581 441; x_wconf 84' lang='lat' dir='ltr'><strong>eisdemque</strong></span> <span class='ocrx_word' id='word_1_28' title='bbox 602 407 699 441; x_wconf 84' lang='lat' dir='ltr'><strong>pariter</strong></span> <span class='ocrx_word' id='word_1_29' title='bbox 718 407 825 442; x_wconf 83' lang='lat' dir='ltr'><strong>petitam</strong></span> 
     </span>
    </p>
   </div>
   <div class='ocr_carea' id='block_1_6' title="bbox 65 452 825 488">
    <p class='ocr_par' dir='ltr' id='par_1_6' title="bbox 65 452 825 488">
     <span class='ocr_line' id='line_1_6' title="bbox 65 452 825 488; baseline -0.004 -6"><span class='ocrx_word' id='word_1_30' title='bbox 65 453 239 483; x_wconf 82' lang='lat' dir='ltr'><strong>concessissent</strong></span> <span class='ocrx_word' id='word_1_31' title='bbox 247 458 353 488; x_wconf 90' lang='lat' dir='ltr'><strong>septem</strong></span> <span class='ocrx_word' id='word_1_32' title='bbox 368 453 468 481; x_wconf 90' lang='lat' dir='ltr'><strong>dierum</strong></span> <span class='ocrx_word' id='word_1_33' title='bbox 479 452 639 483; x_wconf 84' lang='lat' dir='ltr'><strong>dilationem.</strong></span> <span class='ocrx_word' id='word_1_34' title='bbox 654 461 705 488; x_wconf 91' lang='lat' dir='ltr'><strong>quo</strong></span> <span class='ocrx_word' id='word_1_35' title='bbox 720 453 757 480; x_wconf 82' lang='lat' dir='ltr'><strong>illi</strong></span> <span class='ocrx_word' id='word_1_36' title='bbox 771 454 825 480; x_wconf 80' lang='lat' dir='ltr'><strong>elu-</strong></span> 
     </span>
    </p>
   </div>
   <div class='ocr_carea' id='block_1_7' title="bbox 65 498 824 534">
    <p class='ocr_par' dir='ltr' id='par_1_7' title="bbox 65 498 824 534">
     <span class='ocr_line' id='line_1_7' title="bbox 65 498 824 534; baseline -0.003 -6"><span class='ocrx_word' id='word_1_37' title='bbox 65 500 179 528; x_wconf 77' lang='lat' dir='ltr'><strong>wbnta</strong></span> <span class='ocrx_word' id='word_1_38' title='bbox 192 499 305 534; x_wconf 82' lang='lat' dir='ltr'><strong>aliquam</strong></span> <span class='ocrx_word' id='word_1_39' title='bbox 325 506 357 527; x_wconf 90' lang='lat' dir='ltr'><strong>ac</strong></span> <span class='ocrx_word' id='word_1_40' title='bbox 370 507 416 533; x_wconf 88' lang='lat' dir='ltr'><strong>per</strong></span> <span class='ocrx_word' id='word_1_41' title='bbox 428 502 466 526; x_wconf 91' lang='lat' dir='ltr'><strong>tot.</strong></span> <span class='ocrx_word' id='word_1_42' title='bbox 477 498 533 526; x_wconf 88' lang='lat' dir='ltr'><strong>dies</strong></span> <span class='ocrx_word' id='word_1_43' title='bbox 546 499 695 526; x_wconf 87' lang='lat' dir='ltr'><strong>meditatam</strong></span> <span class='ocrx_word' id='word_1_44' title='bbox 715 507 824 533; x_wconf 82' lang='lat' dir='ltr'><strong>respon—</strong></span> 
     </span>
    </p>
   </div>
   <div class='ocr_carea' id='block_1_8' title="bbox 65 545 825 580">
    <p class='ocr_par' dir='ltr' id='par_1_8' title="bbox 65 545 825 580">
     <span class='ocr_line' id='line_1_8' title="bbox 65 545 825 580; baseline -0.003 -6"><span class='ocrx_word' id='word_1_45' title='bbox 65 547 149 574; x_wconf 74' lang='lat' dir='ltr'><strong>siam</strong></span> <span class='ocrx_word' id='word_1_46' title='bbox 161 545 283 573; x_wconf 65' lang='lat' dir='ltr'><strong>aferrent</strong></span> <span class='ocrx_word' id='word_1_47' title='bbox 296 554 301 571; x_wconf 85' lang='lat'><em>:</em></span> <span class='ocrx_word' id='word_1_48' title='bbox 316 545 444 580; x_wconf 90' lang='lat' dir='ltr'><strong>siquidem</strong></span> <span class='ocrx_word' id='word_1_49' title='bbox 458 545 518 572; x_wconf 90' lang='lat' dir='ltr'><strong>hinc</strong></span> <span class='ocrx_word' id='word_1_50' title='bbox 532 545 632 580; x_wconf 87' lang='lat' dir='ltr'><strong>liquido</strong></span> <span class='ocrx_word' id='word_1_51' title='bbox 642 550 699 572; x_wconf 83' lang='lat' dir='ltr'><strong>erat</strong></span> <span class='ocrx_word' id='word_1_52' title='bbox 711 545 825 572; x_wconf 88' lang='lat' dir='ltr'><strong>animad-</strong></span> 
     </span>
    </p>
   </div>
   <div class='ocr_carea' id='block_1_9' title="bbox 66 591 825 626">
    <p class='ocr_par' dir='ltr' id='par_1_9' title="bbox 66 591 825 626">
     <span class='ocr_line' id='line_1_9' title="bbox 66 591 825 626; baseline -0.003 -6"><span class='ocrx_word' id='word_1_53' title='bbox 66 596 161 624; x_wconf 67' lang='lat' dir='ltr'><strong>vertere,</strong></span> <span class='ocrx_word' id='word_1_54' title='bbox 179 591 269 626; x_wconf 78' lang='lat' dir='ltr'><strong>quibus</strong></span> <span class='ocrx_word' id='word_1_55' title='bbox 293 591 424 625; x_wconf 81' lang='lat' dir='ltr'><strong>capitibus</strong></span> <span class='ocrx_word' id='word_1_56' title='bbox 446 591 482 618; x_wconf 92' lang='lat' dir='ltr'><strong>illi</strong></span> <span class='ocrx_word' id='word_1_57' title='bbox 500 591 565 618; x_wconf 88' lang='lat' dir='ltr'><strong>nihil</strong></span> <span class='ocrx_word' id='word_1_58' title='bbox 589 592 709 626; x_wconf 86' lang='lat' dir='ltr'><strong>responsi</strong></span> <span class='ocrx_word' id='word_1_59' title='bbox 732 592 825 618; x_wconf 84' lang='lat' dir='ltr'><strong>darent</strong></span> 
     </span>
    </p>
   </div>
   <div class='ocr_carea' id='block_1_10' title="bbox 67 636 823 672">
    <p class='ocr_par' dir='ltr' id='par_1_10' title="bbox 67 636 823 672">
     <span class='ocr_line' id='line_1_10' title="bbox 67 636 823 672; baseline -0.001 -8"><span class='ocrx_word' id='word_1_60' title='bbox 67 636 129 672; x_wconf 74' lang='lat' dir='ltr'><strong>(qua:</strong></span> <span class='ocrx_word' id='word_1_61' title='bbox 138 643 190 664; x_wconf 84' lang='lat' dir='ltr'><strong>sane</strong></span> <span class='ocrx_word' id='word_1_62' title='bbox 198 643 324 671; x_wconf 81' lang='lat' dir='ltr'><strong>perquam</strong></span> <span class='ocrx_word' id='word_1_63' title='bbox 337 637 424 671; x_wconf 78' lang='lat' dir='ltr'><strong>gravia</strong></span> <span class='ocrx_word' id='word_1_64' title='bbox 437 637 533 671; x_wconf 86' lang='lat' dir='ltr'><strong>erant),</strong></span> <span class='ocrx_word' id='word_1_65' title='bbox 548 638 604 671; x_wconf 90' lang='lat' dir='ltr'><strong>ipsa</strong></span> <span class='ocrx_word' id='word_1_66' title='bbox 616 645 666 663; x_wconf 92' lang='lat' dir='ltr'><strong>non</strong></span> <span class='ocrx_word' id='word_1_67' title='bbox 681 637 761 664; x_wconf 84' lang='lat' dir='ltr'><strong>fuisse</strong></span> <span class='ocrx_word' id='word_1_68' title='bbox 773 645 823 664; x_wconf 81' lang='lat' dir='ltr'><strong>rne-</strong></span> 
     </span>
    </p>
   </div>
   <div class='ocr_carea' id='block_1_11' title="bbox 67 682 824 717">
    <p class='ocr_par' dir='ltr' id='par_1_11' title="bbox 67 682 824 717">
     <span class='ocr_line' id='line_1_11' title="bbox 67 682 824 717; baseline 0.001 -8"><span class='ocrx_word' id='word_1_69' title='bbox 67 682 145 710; x_wconf 65' lang='lat' dir='ltr'><strong>moriz</strong></span> <span class='ocrx_word' id='word_1_70' title='bbox 155 682 207 709; x_wconf 83' lang='lat' dir='ltr'><strong>vitio</strong></span> <span class='ocrx_word' id='word_1_71' title='bbox 220 683 413 716; x_wconf 58' lang='lat' dir='ltr'><strong>praetermissa:</strong></span> <span class='ocrx_word' id='word_1_72' title='bbox 423 682 469 710; x_wconf 89' lang='lat' dir='ltr'><strong>sed</strong></span> <span class='ocrx_word' id='word_1_73' title='bbox 479 683 549 717; x_wconf 89' lang='lat' dir='ltr'><strong>quod</strong></span> <span class='ocrx_word' id='word_1_74' title='bbox 557 687 645 710; x_wconf 78' lang='lat' dir='ltr'><strong>essent</strong></span> <span class='ocrx_word' id='word_1_75' title='bbox 655 683 824 717; x_wconf 84' lang='lat' dir='ltr'><strong>responsione</strong></span> 
     </span>
    </p>
   </div>
   <div class='ocr_carea' id='block_1_12' title="bbox 66 727 779 764">
    <p class='ocr_par' dir='ltr' id='par_1_12' title="bbox 66 727 779 764">
     <span class='ocr_line' id='line_1_12' title="bbox 66 727 779 764; baseline 0 -9"><span class='ocrx_word' id='word_1_76' title='bbox 66 727 124 755; x_wconf 91' lang='lat' dir='ltr'><strong>ni</strong></span> <span class='ocrx_word' id='word_1_77' title='bbox 132 728 254 762; x_wconf 83' lang='lat' dir='ltr'><strong>superiora</strong></span> <span class='ocrx_word' id='word_1_78' title='bbox 268 728 325 762; x_wconf 79' lang='lat' dir='ltr'><strong>(Ad</strong></span> <span class='ocrx_word' id='word_1_79' title='bbox 337 728 481 756; x_wconf 77' lang='lat' dir='ltr'><strong>Donatislas</strong></span> <span class='ocrx_word' id='word_1_80' title='bbox 497 735 551 763; x_wconf 75' lang='lat' dir='ltr'><strong>post</strong></span> <span class='ocrx_word' id='word_1_81' title='bbox 564 730 665 762; x_wconf 86' lang='lat' dir='ltr'><strong>Collat.,</strong></span> <span class='ocrx_word' id='word_1_82' title='bbox 683 739 707 755; x_wconf 84' lang='grc' dir='ltr'><strong>η.</strong></span> <span class='ocrx_word' id='word_1_83' title='bbox 724 729 779 764; x_wconf 70' lang='grc'><strong>49).</strong></span> 
     </span>
    </p>
   </div>
   <div class='ocr_carea' id='block_1_13' title="bbox 92 772 821 809">
    <p class='ocr_par' dir='ltr' id='par_1_13' title="bbox 92 772 821 809">
     <span class='ocr_line' id='line_1_13' title="bbox 92 772 821 809; baseline 0.001 -9"><span class='ocrx_word' id='word_1_84' title='bbox 92 772 114 801; x_wconf 84' lang='lat'><strong>5.</strong></span> <span class='ocrx_word' id='word_1_85' title='bbox 127 772 235 800; x_wconf 74' lang='lat' dir='ltr'><strong>Ret-italo</strong></span> <span class='ocrx_word' id='word_1_86' title='bbox 254 773 305 800; x_wconf 89' lang='lat' dir='ltr'><strong>isto</strong></span> <span class='ocrx_word' id='word_1_87' title='bbox 318 773 410 801; x_wconf 88' lang='lat' dir='ltr'><strong>codice</strong></span> <span class='ocrx_word' id='word_1_88' title='bbox 423 774 582 801; x_wconf 87' lang='lat' dir='ltr'><strong>schismatici</strong></span> <span class='ocrx_word' id='word_1_89' title='bbox 598 775 647 809; x_wconf 81' lang='lat' dir='ltr'><strong>ipsi</strong></span> <span class='ocrx_word' id='word_1_90' title='bbox 661 774 821 807; x_wconf 84' lang='lat' dir='ltr'><strong>Catholicos,</strong></span> 
     </span>
    </p>
   </div>
   <div class='ocr_carea' id='block_1_14' title="bbox 65 818 821 856">
    <p class='ocr_par' dir='ltr' id='par_1_14' title="bbox 65 818 821 856">
     <span class='ocr_line' id='line_1_14' title="bbox 65 818 821 856; baseline 0.001 -10"><span class='ocrx_word' id='word_1_91' title='bbox 65 823 88 846; x_wconf 77' lang='lat' dir='ltr'><strong>ut</strong></span> <span class='ocrx_word' id='word_1_92' title='bbox 97 818 117 846; x_wconf 89' lang='lat' dir='ltr'><strong>ei</strong></span> <span class='ocrx_word' id='word_1_93' title='bbox 127 819 318 854; x_wconf 82' lang='lat' dir='ltr'><strong>responderent,</strong></span> <span class='ocrx_word' id='word_1_94' title='bbox 332 819 531 854; x_wconf 85' lang='lat' dir='ltr'><strong>interpellarunt</strong></span> <span class='ocrx_word' id='word_1_95' title='bbox 545 819 651 856; x_wconf 85' lang='lat' dir='ltr'><strong>(Collat.</strong></span> <span class='ocrx_word' id='word_1_96' title='bbox 663 820 779 855; x_wconf 73' lang='lat' dir='ltr'><strong>Cari/mg.</strong></span> <span class='ocrx_word' id='word_1_97' title='bbox 796 821 821 851; x_wconf 81' lang='grc'><strong>5,</strong></span> 
     </span>
    </p>
   </div>
   <div class='ocr_carea' id='block_1_15' title="bbox 64 863 823 900">
    <p class='ocr_par' dir='ltr' id='par_1_15' title="bbox 64 863 823 900">
     <span class='ocr_line' id='line_1_15' title="bbox 64 863 823 900; baseline 0.003 -10"><span class='ocrx_word' id='word_1_98' title='bbox 64 872 111 899; x_wconf 76' lang='lat' dir='ltr'><strong>up.</strong></span> <span class='ocrx_word' id='word_1_99' title='bbox 120 863 177 899; x_wconf 72' lang='lat'><strong>260)</strong></span> <span class='ocrx_word' id='word_1_100' title='bbox 189 873 195 890; x_wconf 89' lang='lat'>:</span> <span class='ocrx_word' id='word_1_101' title='bbox 206 863 245 891; x_wconf 89' lang='lat' dir='ltr'><strong>his</strong></span> <span class='ocrx_word' id='word_1_102' title='bbox 255 864 376 892; x_wconf 86' lang='lat' dir='ltr'><strong>accidere</strong></span> <span class='ocrx_word' id='word_1_103' title='bbox 386 865 450 891; x_wconf 89' lang='lat' dir='ltr'><strong>nihil</strong></span> <span class='ocrx_word' id='word_1_104' title='bbox 460 870 561 899; x_wconf 81' lang='lat' dir='ltr'><strong>poterat</strong></span> <span class='ocrx_word' id='word_1_105' title='bbox 571 866 684 900; x_wconf 85' lang='lat' dir='ltr'><strong>optatius</strong></span> <span class='ocrx_word' id='word_1_106' title='bbox 695 874 701 897; x_wconf 89' lang='lat'><strong>;</strong></span> <span class='ocrx_word' id='word_1_107' title='bbox 714 873 823 900; x_wconf 88' lang='lat' dir='ltr'><strong>eamque</strong></span> 
     </span>
    </p>
   </div>
   <div class='ocr_carea' id='block_1_16' title="bbox 63 909 823 945">
    <p class='ocr_par' dir='ltr' id='par_1_16' title="bbox 63 909 823 945">
     <span class='ocr_line' id='line_1_16' title="bbox 63 909 823 945; baseline 0 -8"><span class='ocrx_word' id='word_1_108' title='bbox 63 909 204 945; x_wconf 80' lang='lat' dir='ltr'><strong>provinciam</strong></span> <span class='ocrx_word' id='word_1_109' title='bbox 217 910 385 945; x_wconf 77' lang='lat' dir='ltr'><strong>Augustinus,</strong></span> <span class='ocrx_word' id='word_1_110' title='bbox 398 911 502 938; x_wconf 81' lang='lat' dir='ltr'><strong>tametsi</strong></span> <span class='ocrx_word' id='word_1_111' title='bbox 522 916 648 945; x_wconf 76' lang='lat' dir='ltr'><strong>perpetuo</strong></span> <span class='ocrx_word' id='word_1_112' title='bbox 666 912 823 938; x_wconf 84' lang='lat' dir='ltr'><strong>interturba-</strong></span> 
     </span>
    </p>
   </div>
   <div class='ocr_carea' id='block_1_17' title="bbox 62 955 822 993">
    <p class='ocr_par' dir='ltr' id='par_1_17' title="bbox 62 955 822 993">
     <span class='ocr_line' id='line_1_17' title="bbox 62 955 822 993; baseline 0 -10"><span class='ocrx_word' id='word_1_113' title='bbox 62 955 262 988; x_wconf 65' lang='lat' dir='ltr'><strong>rentndversarii:</strong></span> <span class='ocrx_word' id='word_1_114' title='bbox 271 956 483 991; x_wconf 86' lang='lat' dir='ltr'><strong>suscepit(lbid.,</strong></span> <span class='ocrx_word' id='word_1_115' title='bbox 492 965 565 992; x_wconf 85' lang='lat' dir='ltr'><strong>capp.</strong></span> <span class='ocrx_word' id='word_1_116' title='bbox 579 957 640 988; x_wconf 73' lang='grc'><strong>264,</strong></span> <span class='ocrx_word' id='word_1_117' title='bbox 650 957 722 993; x_wconf 73' lang='grc'><strong>267).</strong></span> <span class='ocrx_word' id='word_1_118' title='bbox 736 957 768 984; x_wconf 83' lang='grc' dir='ltr'><strong>Ει</strong></span> <span class='ocrx_word' id='word_1_119' title='bbox 779 957 822 984; x_wconf 92' lang='lat' dir='ltr'><strong>illo</strong></span> 
     </span>
    </p>
   </div>
   <div class='ocr_carea' id='block_1_18' title="bbox 61 1000 822 1036">
    <p class='ocr_par' dir='ltr' id='par_1_18' title="bbox 61 1000 822 1036">
     <span class='ocr_line' id='line_1_18' title="bbox 61 1000 822 1036; baseline 0.001 -9"><span class='ocrx_word' id='word_1_120' title='bbox 61 1000 159 1036; x_wconf 83' lang='lat' dir='ltr'><strong>quidem</strong></span> <span class='ocrx_word' id='word_1_121' title='bbox 174 1005 274 1036; x_wconf 81' lang='lat' dir='ltr'><strong>urgente</strong></span> <span class='ocrx_word' id='word_1_122' title='bbox 287 1001 454 1029; x_wconf 84' lang='lat' dir='ltr'><strong>adversarios</strong></span> <span class='ocrx_word' id='word_1_123' title='bbox 466 1001 498 1029; x_wconf 90' lang='lat' dir='ltr'><strong>de</strong></span> <span class='ocrx_word' id='word_1_124' title='bbox 512 1002 585 1036; x_wconf 81' lang='lat' dir='ltr'><strong>palea</strong></span> <span class='ocrx_word' id='word_1_125' title='bbox 603 1002 739 1028; x_wconf 66' lang='lat' dir='ltr'><strong>dominicm</strong></span> <span class='ocrx_word' id='word_1_126' title='bbox 754 1009 822 1028; x_wconf 66' lang='lat' dir='ltr'><strong>area:</strong></span> 
     </span>
    </p>
   </div>
   <div class='ocr_carea' id='block_1_19' title="bbox 64 1046 823 1082">
    <p class='ocr_par' dir='ltr' id='par_1_19' title="bbox 64 1046 823 1082">
     <span class='ocr_line' id='line_1_19' title="bbox 64 1046 823 1082; baseline -0.001 -8"><span class='ocrx_word' id='word_1_127' title='bbox 64 1054 143 1082; x_wconf 79' lang='lat' dir='ltr'><strong>usque</strong></span> <span class='ocrx_word' id='word_1_128' title='bbox 153 1046 184 1074; x_wconf 82' lang='lat' dir='ltr'><strong>ad</strong></span> <span class='ocrx_word' id='word_1_129' title='bbox 193 1047 377 1075; x_wconf 84' lang='lat' dir='ltr'><strong>ventilationem</strong></span> <span class='ocrx_word' id='word_1_130' title='bbox 392 1048 537 1080; x_wconf 87' lang='lat' dir='ltr'><strong>toleranda,</strong></span> <span class='ocrx_word' id='word_1_131' title='bbox 562 1048 671 1082; x_wconf 81' lang='lat' dir='ltr'><strong>negabat</strong></span> <span class='ocrx_word' id='word_1_132' title='bbox 691 1048 823 1074; x_wconf 75' lang='lat' dir='ltr'><strong>Emeritus</strong></span> 
     </span>
    </p>
   </div>
   <div class='ocr_carea' id='block_1_20' title="bbox 63 1091 822 1129">
    <p class='ocr_par' dir='ltr' id='par_1_20' title="bbox 63 1091 822 1129">
     <span class='ocr_line' id='line_1_20' title="bbox 63 1091 822 1129; baseline 0.003 -11"><span class='ocrx_word' id='word_1_133' title='bbox 63 1099 147 1119; x_wconf 83' lang='lat' dir='ltr'><strong>aream</strong></span> <span class='ocrx_word' id='word_1_134' title='bbox 163 1091 189 1119; x_wconf 86' lang='lat' dir='ltr'><strong>in</strong></span> <span class='ocrx_word' id='word_1_135' title='bbox 200 1091 326 1128; x_wconf 73' lang='lat' dir='ltr'><strong>Evangelia</strong></span> <span class='ocrx_word' id='word_1_136' title='bbox 340 1092 391 1128; x_wconf 82' lang='lat' dir='ltr'><strong>legi</strong></span> <span class='ocrx_word' id='word_1_137' title='bbox 411 1092 501 1129; x_wconf 84' lang='lat' dir='ltr'><strong>(lbid.,</strong></span> <span class='ocrx_word' id='word_1_138' title='bbox 516 1101 571 1127; x_wconf 87' lang='lat' dir='ltr'><strong>cap.</strong></span> <span class='ocrx_word' id='word_1_139' title='bbox 585 1093 663 1127; x_wconf 68' lang='lat'><strong>262):</strong></span> <span class='ocrx_word' id='word_1_140' title='bbox 679 1093 724 1120; x_wconf 82' lang='lat' dir='ltr'><strong>sed</strong></span> <span class='ocrx_word' id='word_1_141' title='bbox 739 1093 822 1120; x_wconf 85' lang='lat' dir='ltr'><strong>citatis</strong></span> 
     </span>
    </p>
   </div>
   <div class='ocr_carea' id='block_1_21' title="bbox 61 1135 823 1173">
    <p class='ocr_par' dir='ltr' id='par_1_21' title="bbox 61 1135 823 1173">
     <span class='ocr_line' id='line_1_21' title="bbox 61 1135 823 1173; baseline 0 -9"><span class='ocrx_word' id='word_1_142' title='bbox 61 1144 92 1164; x_wconf 85' lang='lat' dir='ltr'><strong>ex</strong></span> <span class='ocrx_word' id='word_1_143' title='bbox 105 1135 198 1165; x_wconf 74' lang='lat' dir='ltr'><strong>Joanne</strong></span> <span class='ocrx_word' id='word_1_144' title='bbox 211 1137 291 1165; x_wconf 78' lang='lat' dir='ltr'><strong>verbis</strong></span> <span class='ocrx_word' id='word_1_145' title='bbox 299 1146 355 1165; x_wconf 84' lang='lat' dir='ltr'><strong>eum</strong></span> <span class='ocrx_word' id='word_1_146' title='bbox 366 1143 474 1165; x_wconf 87' lang='lat' dir='ltr'><strong>sanctus</strong></span> <span class='ocrx_word' id='word_1_147' title='bbox 486 1138 584 1165; x_wconf 70' lang='lat' dir='ltr'><strong>Pracsul</strong></span> <span class='ocrx_word' id='word_1_148' title='bbox 597 1139 703 1171; x_wconf 73' lang='lat' dir='ltr'><strong>revieit;</strong></span> <span class='ocrx_word' id='word_1_149' title='bbox 722 1139 823 1173; x_wconf 84' lang='lat' dir='ltr'><strong>ipsique</strong></span> 
     </span>
    </p>
   </div>
   <div class='ocr_carea' id='block_1_22' title="bbox 59 1183 824 1213">
    <p class='ocr_par' dir='ltr' id='par_1_22' title="bbox 59 1183 824 1213">
     <span class='ocr_line' id='line_1_22' title="bbox 59 1183 824 1213; baseline 0.001 -3"><span class='ocrx_word' id='word_1_150' title='bbox 59 1183 124 1211; x_wconf 86' lang='lat' dir='ltr'><strong>adeo</strong></span> <span class='ocrx_word' id='word_1_151' title='bbox 134 1183 263 1213; x_wconf 66' lang='lat' dir='ltr'><strong>Donatista:</strong></span> <span class='ocrx_word' id='word_1_152' title='bbox 271 1189 372 1212; x_wconf 85' lang='lat' dir='ltr'><strong>secreto</strong></span> <span class='ocrx_word' id='word_1_153' title='bbox 384 1185 526 1212; x_wconf 87' lang='lat' dir='ltr'><strong>Emeritum</strong></span> <span class='ocrx_word' id='word_1_154' title='bbox 537 1185 576 1211; x_wconf 89' lang='lat' dir='ltr'><strong>sui</strong></span> <span class='ocrx_word' id='word_1_155' title='bbox 586 1190 744 1212; x_wconf 85' lang='lat' dir='ltr'><strong>monuerunt</strong></span> <span class='ocrx_word' id='word_1_156' title='bbox 755 1192 824 1211; x_wconf 65' lang='lat' dir='ltr'><strong>erro</strong></span> 
     </span>
    </p>
   </div>
   <div class='ocr_carea' id='block_1_23' title="bbox 59 1228 822 1264">
    <p class='ocr_par' dir='ltr' id='par_1_23' title="bbox 59 1228 822 1264">
     <span class='ocr_line' id='line_1_23' title="bbox 59 1228 822 1264; baseline 0.003 -10"><span class='ocrx_word' id='word_1_157' title='bbox 59 1228 110 1255; x_wconf 83' lang='lat' dir='ltr'><strong>ris:</strong></span> <span class='ocrx_word' id='word_1_158' title='bbox 124 1236 196 1264; x_wconf 84' lang='lat' dir='ltr'><strong>quem</strong></span> <span class='ocrx_word' id='word_1_159' title='bbox 208 1229 308 1264; x_wconf 88' lang='lat' dir='ltr'><strong>quidem</strong></span> <span class='ocrx_word' id='word_1_160' title='bbox 322 1230 357 1257; x_wconf 89' lang='lat' dir='ltr'><strong>ita</strong></span> <span class='ocrx_word' id='word_1_161' title='bbox 371 1230 497 1262; x_wconf 83' lang='lat' dir='ltr'><strong>correxit,</strong></span> <span class='ocrx_word' id='word_1_162' title='bbox 513 1234 541 1256; x_wconf 90' lang='lat' dir='ltr'><strong>ut</strong></span> <span class='ocrx_word' id='word_1_163' title='bbox 554 1237 603 1257; x_wconf 82' lang='lat' dir='ltr'><strong>nec</strong></span> <span class='ocrx_word' id='word_1_164' title='bbox 615 1234 702 1257; x_wconf 86' lang='lat' dir='ltr'><strong>tamen</strong></span> <span class='ocrx_word' id='word_1_165' title='bbox 717 1230 822 1257; x_wconf 51' lang='lat' dir='ltr'><strong>haereti-</strong></span> 
     </span>
    </p>
   </div>
   <div class='ocr_carea' id='block_1_24' title="bbox 59 1274 823 1309">
    <p class='ocr_par' dir='ltr' id='par_1_24' title="bbox 59 1274 823 1309">
     <span class='ocr_line' id='line_1_24' title="bbox 59 1274 823 1309; baseline 0 -9"><span class='ocrx_word' id='word_1_166' title='bbox 59 1281 111 1301; x_wconf 68' lang='lat' dir='ltr'><strong>tam</strong></span> <span class='ocrx_word' id='word_1_167' title='bbox 127 1274 162 1301; x_wconf 78' lang='lat' dir='ltr'><strong>rei</strong></span> <span class='ocrx_word' id='word_1_168' title='bbox 171 1274 359 1302; x_wconf 78' lang='lat' dir='ltr'><strong>schismaticam</strong></span> <span class='ocrx_word' id='word_1_169' title='bbox 372 1275 491 1309; x_wconf 87' lang='lat' dir='ltr'><strong>posuerit</strong></span> <span class='ocrx_word' id='word_1_170' title='bbox 505 1275 717 1309; x_wconf 71' lang='lat' dir='ltr'><strong>perversitatem.</strong></span> <span class='ocrx_word' id='word_1_171' title='bbox 732 1274 823 1301; x_wconf 85' lang='lat' dir='ltr'><strong>Conti-</strong></span> 
     </span>
    </p>
   </div>
   <div class='ocr_carea' id='block_1_25' title="bbox 60 1318 823 1354">
    <p class='ocr_par' dir='ltr' id='par_1_25' title="bbox 60 1318 823 1354">
     <span class='ocr_line' id='line_1_25' title="bbox 60 1318 823 1354; baseline 0.001 -9"><span class='ocrx_word' id='word_1_172' title='bbox 60 1325 104 1346; x_wconf 80' lang='lat' dir='ltr'><strong>nuo</strong></span> <span class='ocrx_word' id='word_1_173' title='bbox 116 1318 180 1346; x_wconf 87' lang='lat' dir='ltr'><strong>enim</strong></span> <span class='ocrx_word' id='word_1_174' title='bbox 192 1319 302 1354; x_wconf 83' lang='lat' dir='ltr'><strong>subjecit</strong></span> <span class='ocrx_word' id='word_1_175' title='bbox 311 1320 394 1354; x_wconf 68' lang='lat' dir='ltr'><strong>palem</strong></span> <span class='ocrx_word' id='word_1_176' title='bbox 404 1320 510 1347; x_wconf 83' lang='lat' dir='ltr'><strong>nomine</strong></span> <span class='ocrx_word' id='word_1_177' title='bbox 523 1320 605 1347; x_wconf 88' lang='lat' dir='ltr'><strong>malos</strong></span> <span class='ocrx_word' id='word_1_178' title='bbox 616 1320 732 1347; x_wconf 86' lang='lat' dir='ltr'><strong>occultos</strong></span> <span class='ocrx_word' id='word_1_179' title='bbox 743 1320 823 1354; x_wconf 83' lang='lat' dir='ltr'><strong>signi-</strong></span> 
     </span>
    </p>
   </div>
   <div class='ocr_carea' id='block_1_26' title="bbox 62 1362 824 1399">
    <p class='ocr_par' dir='ltr' id='par_1_26' title="bbox 62 1362 824 1399">
     <span class='ocr_line' id='line_1_26' title="bbox 62 1362 824 1399; baseline 0.001 -9"><span class='ocrx_word' id='word_1_180' title='bbox 62 1362 123 1391; x_wconf 69' lang='lat' dir='ltr'><strong>ﬁcari</strong></span> <span class='ocrx_word' id='word_1_181' title='bbox 135 1362 237 1399; x_wconf 81' lang='lat' dir='ltr'><strong>(Conlra</strong></span> <span class='ocrx_word' id='word_1_182' title='bbox 253 1364 437 1397; x_wconf 79' lang='lat' dir='ltr'><strong>Gaudentium,</strong></span> <span class='ocrx_word' id='word_1_183' title='bbox 458 1365 501 1391; x_wconf 86' lang='lat' dir='ltr'><strong>lib.</strong></span> <span class='ocrx_word' id='word_1_184' title='bbox 520 1365 546 1397; x_wconf 71' lang='lat'><strong>2,</strong></span> <span class='ocrx_word' id='word_1_185' title='bbox 567 1374 592 1391; x_wconf 81' lang='grc' dir='ltr'><strong>η.</strong></span> <span class='ocrx_word' id='word_1_186' title='bbox 616 1366 652 1399; x_wconf 55' lang='lat' dir='ltr'><strong>xl).</strong></span> <span class='ocrx_word' id='word_1_187' title='bbox 671 1365 824 1399; x_wconf 82' lang='lat' dir='ltr'><strong>Quanquam</strong></span> 
     </span>
    </p>
   </div>
   <div class='ocr_carea' id='block_1_27' title="bbox 61 1407 822 1446">
    <p class='ocr_par' dir='ltr' id='par_1_27' title="bbox 61 1407 822 1446">
     <span class='ocr_line' id='line_1_27' title="bbox 61 1407 822 1446; baseline 0.003 -10"><span class='ocrx_word' id='word_1_188' title='bbox 61 1407 109 1436; x_wconf 72' lang='lat' dir='ltr'><strong>hate</strong></span> <span class='ocrx_word' id='word_1_189' title='bbox 127 1410 256 1444; x_wconf 84' lang='lat' dir='ltr'><strong>responsio</strong></span> <span class='ocrx_word' id='word_1_190' title='bbox 279 1410 306 1438; x_wconf 92' lang='lat' dir='ltr'><strong>in</strong></span> <span class='ocrx_word' id='word_1_191' title='bbox 331 1411 396 1438; x_wconf 86' lang='lat' dir='ltr'><strong>actis</strong></span> <span class='ocrx_word' id='word_1_192' title='bbox 417 1410 544 1438; x_wconf 83' lang='lat' dir='ltr'><strong>Petiliano</strong></span> <span class='ocrx_word' id='word_1_193' title='bbox 572 1411 693 1438; x_wconf 87' lang='lat' dir='ltr'><strong>tribuitur</strong></span> <span class='ocrx_word' id='word_1_194' title='bbox 717 1411 822 1446; x_wconf 83' lang='lat' dir='ltr'><strong>(Collat.</strong></span> 
     </span>
    </p>
   </div>
   <div class='ocr_carea' id='block_1_28' title="bbox 60 1451 825 1491">
    <p class='ocr_par' dir='ltr' id='par_1_28' title="bbox 60 1451 825 1491">
     <span class='ocr_line' id='line_1_28' title="bbox 60 1451 825 1491; baseline 0.003 -10"><span class='ocrx_word' id='word_1_195' title='bbox 60 1451 163 1491; x_wconf 69' lang='grc' dir='ltr'><strong>(ἔα-αις.</strong></span> <span class='ocrx_word' id='word_1_196' title='bbox 175 1455 202 1488; x_wconf 81' lang='grc'><strong>5,</strong></span> <span class='ocrx_word' id='word_1_197' title='bbox 217 1464 273 1491; x_wconf 85' lang='lat' dir='ltr'><strong>cap.</strong></span> <span class='ocrx_word' id='word_1_198' title='bbox 289 1455 363 1491; x_wconf 72' lang='lat'><strong>265).</strong></span> <span class='ocrx_word' id='word_1_199' title='bbox 375 1455 484 1483; x_wconf 84' lang='lat' dir='ltr'><strong>Tribuni</strong></span> <span class='ocrx_word' id='word_1_200' title='bbox 498 1456 602 1484; x_wconf 87' lang='lat' dir='ltr'><strong>tandem</strong></span> <span class='ocrx_word' id='word_1_201' title='bbox 615 1457 769 1484; x_wconf 85' lang='lat' dir='ltr'><strong>auctoritate</strong></span> <span class='ocrx_word' id='word_1_202' title='bbox 781 1459 825 1484; x_wconf 82' lang='lat' dir='ltr'><strong>vix</strong></span> 
     </span>
    </p>
   </div>
   <div class='ocr_carea' id='block_1_29' title="bbox 60 1498 825 1536">
    <p class='ocr_par' dir='ltr' id='par_1_29' title="bbox 60 1498 825 1536">
     <span class='ocr_line' id='line_1_29' title="bbox 60 1498 825 1536; baseline 0.003 -9"><span class='ocrx_word' id='word_1_203' title='bbox 60 1498 201 1536; x_wconf 73' lang='lat' dir='ltr'><strong>Alglltiuus</strong></span> <span class='ocrx_word' id='word_1_204' title='bbox 220 1501 343 1535; x_wconf 83' lang='lat' dir='ltr'><strong>obtinuit,</strong></span> <span class='ocrx_word' id='word_1_205' title='bbox 358 1507 389 1529; x_wconf 87' lang='lat' dir='ltr'><strong>ut</strong></span> <span class='ocrx_word' id='word_1_206' title='bbox 408 1502 457 1529; x_wconf 86' lang='lat' dir='ltr'><strong>sibi</strong></span> <span class='ocrx_word' id='word_1_207' title='bbox 472 1502 595 1529; x_wconf 86' lang='lat' dir='ltr'><strong>continua</strong></span> <span class='ocrx_word' id='word_1_208' title='bbox 617 1503 685 1530; x_wconf 88' lang='lat' dir='ltr'><strong>serie</strong></span> <span class='ocrx_word' id='word_1_209' title='bbox 706 1511 736 1530; x_wconf 87' lang='lat' dir='ltr'><strong>ac</strong></span> <span class='ocrx_word' id='word_1_210' title='bbox 755 1503 825 1530; x_wconf 92' lang='lat' dir='ltr'><strong>nullo</strong></span> 
     </span>
    </p>
   </div>
   <div class='ocr_carea' id='block_1_30' title="bbox 61 1544 823 1585">
    <p class='ocr_par' dir='ltr' id='par_1_30' title="bbox 61 1544 823 1585">
     <span class='ocr_line' id='line_1_30' title="bbox 61 1544 823 1585; baseline 0 -10"><span class='ocrx_word' id='word_1_211' title='bbox 61 1544 226 1582; x_wconf 62' lang='lat' dir='ltr'><strong>Whnte</strong></span> <span class='ocrx_word' id='word_1_212' title='bbox 245 1547 316 1583; x_wconf 89' lang='lat' dir='ltr'><strong>loqui</strong></span> <span class='ocrx_word' id='word_1_213' title='bbox 337 1547 429 1576; x_wconf 88' lang='lat' dir='ltr'><strong>liceret</strong></span> <span class='ocrx_word' id='word_1_214' title='bbox 442 1547 553 1585; x_wconf 75' lang='lat' dir='ltr'><strong>(Brevia.</strong></span> <span class='ocrx_word' id='word_1_215' title='bbox 573 1549 664 1575; x_wconf 85' lang='lat' dir='ltr'><strong>Collat.</strong></span> <span class='ocrx_word' id='word_1_216' title='bbox 681 1550 706 1582; x_wconf 79' lang='lat'><strong>3,</strong></span> <span class='ocrx_word' id='word_1_217' title='bbox 722 1558 747 1575; x_wconf 91' lang='lat' dir='ltr'><strong>n.</strong></span> <span class='ocrx_word' id='word_1_218' title='bbox 772 1549 823 1584; x_wconf 85' lang='lat' dir='ltr'><strong>l6).</strong></span> 
     </span>
    </p>
   </div>
   <div class='ocr_carea' id='block_1_31' title="bbox 60 1588 825 1629">
    <p class='ocr_par' dir='ltr' id='par_1_31' title="bbox 60 1588 825 1629">
     <span class='ocr_line' id='line_1_31' title="bbox 60 1588 825 1629; baseline 0.003 -10"><span class='ocrx_word' id='word_1_219' title='bbox 60 1588 197 1620; x_wconf 70' lang='lat' dir='ltr'><strong>Salonem</strong></span> <span class='ocrx_word' id='word_1_220' title='bbox 213 1599 301 1627; x_wconf 87' lang='lat' dir='ltr'><strong>suum,</strong></span> <span class='ocrx_word' id='word_1_221' title='bbox 315 1601 394 1629; x_wconf 88' lang='lat' dir='ltr'><strong>quem</strong></span> <span class='ocrx_word' id='word_1_222' title='bbox 412 1593 554 1622; x_wconf 83' lang='lat' dir='ltr'><strong>universim</strong></span> <span class='ocrx_word' id='word_1_223' title='bbox 568 1594 710 1621; x_wconf 82' lang='lat' dir='ltr'><strong>Catholicis</strong></span> <span class='ocrx_word' id='word_1_224' title='bbox 725 1594 825 1621; x_wconf 83' lang='lat' dir='ltr'><strong>adscri—</strong></span> 
     </span>
    </p>
   </div>
   <div class='ocr_carea' id='block_1_32' title="bbox 59 1634 827 1674">
    <p class='ocr_par' dir='ltr' id='par_1_32' title="bbox 59 1634 827 1674">
     <span class='ocr_line' id='line_1_32' title="bbox 59 1634 827 1674; baseline 0.003 -10"><span class='ocrx_word' id='word_1_225' title='bbox 59 1634 101 1669; x_wconf 79' lang='lat' dir='ltr'><strong>bit,</strong></span> <span class='ocrx_word' id='word_1_226' title='bbox 114 1637 186 1666; x_wconf 71' lang='lat' dir='ltr'><strong>nbis</strong></span> <span class='ocrx_word' id='word_1_227' title='bbox 196 1638 251 1673; x_wconf 76' lang='lat' dir='ltr'><strong>ipse</strong></span> <span class='ocrx_word' id='word_1_228' title='bbox 264 1638 368 1674; x_wconf 79' lang='lat' dir='ltr'><strong>redegit</strong></span> <span class='ocrx_word' id='word_1_229' title='bbox 380 1640 406 1666; x_wconf 94' lang='lat' dir='ltr'><strong>in</strong></span> <span class='ocrx_word' id='word_1_230' title='bbox 419 1639 615 1674; x_wconf 86' lang='lat' dir='ltr'><strong>compendium.</strong></span> <span class='ocrx_word' id='word_1_231' title='bbox 628 1640 681 1667; x_wconf 86' lang='lat' dir='ltr'><strong>lllic</strong></span> <span class='ocrx_word' id='word_1_232' title='bbox 694 1640 764 1666; x_wconf 91' lang='lat' dir='ltr'><strong>omni</strong></span> <span class='ocrx_word' id='word_1_233' title='bbox 776 1644 827 1666; x_wconf 87' lang='lat' dir='ltr'><strong>stu-</strong></span> 
     </span>
    </p>
   </div>
   <div class='ocr_carea' id='block_1_33' title="bbox 61 1679 827 1720">
    <p class='ocr_par' dir='ltr' id='par_1_33' title="bbox 61 1679 827 1720">
     <span class='ocr_line' id='line_1_33' title="bbox 61 1679 827 1720; baseline 0.005 -11"><span class='ocrx_word' id='word_1_234' title='bbox 61 1679 98 1709; x_wconf 74' lang='lat' dir='ltr'><strong>dio</strong></span> <span class='ocrx_word' id='word_1_235' title='bbox 112 1684 275 1719; x_wconf 63' lang='lat' dir='ltr'><strong>(ustionem</strong></span> <span class='ocrx_word' id='word_1_236' title='bbox 295 1684 364 1712; x_wconf 89' lang='lat' dir='ltr'><strong>hanc</strong></span> <span class='ocrx_word' id='word_1_237' title='bbox 388 1685 492 1712; x_wconf 89' lang='lat' dir='ltr'><strong>ﬁrmare</strong></span> <span class='ocrx_word' id='word_1_238' title='bbox 512 1685 670 1720; x_wconf 79' lang='lat' dir='ltr'><strong>aggreditur,</strong></span> <span class='ocrx_word' id='word_1_239' title='bbox 695 1686 827 1720; x_wconf 89' lang='lat' dir='ltr'><strong>improbos</strong></span> 
     </span>
    </p>
   </div>
   <div class='ocr_carea' id='block_1_34' title="bbox 61 1725 827 1765">
    <p class='ocr_par' dir='ltr' id='par_1_34' title="bbox 61 1725 827 1765">
     <span class='ocr_line' id='line_1_34' title="bbox 61 1725 827 1765; baseline 0.003 -10"><span class='ocrx_word' id='word_1_240' title='bbox 61 1725 98 1755; x_wconf 67' lang='lat' dir='ltr'><strong>He</strong></span> <span class='ocrx_word' id='word_1_241' title='bbox 107 1727 140 1756; x_wconf 77' lang='lat' dir='ltr'><strong>ab</strong></span> <span class='ocrx_word' id='word_1_242' title='bbox 150 1729 266 1758; x_wconf 72' lang='lat' dir='ltr'><strong>Ecclesia</strong></span> <span class='ocrx_word' id='word_1_243' title='bbox 279 1730 433 1758; x_wconf 88' lang='lat' dir='ltr'><strong>manifestos</strong></span> <span class='ocrx_word' id='word_1_244' title='bbox 445 1730 554 1765; x_wconf 87' lang='lat' dir='ltr'><strong>perinde</strong></span> <span class='ocrx_word' id='word_1_245' title='bbox 566 1735 644 1765; x_wconf 86' lang='lat' dir='ltr'><strong>atque</strong></span> <span class='ocrx_word' id='word_1_246' title='bbox 659 1730 775 1758; x_wconf 86' lang='lat' dir='ltr'><strong>occultos</strong></span> <span class='ocrx_word' id='word_1_247' title='bbox 789 1736 827 1757; x_wconf 87' lang='lat' dir='ltr'><strong>to-</strong></span> 
     </span>
    </p>
   </div>
   <div class='ocr_carea' id='block_1_35' title="bbox 60 1770 826 1810">
    <p class='ocr_par' dir='ltr' id='par_1_35' title="bbox 60 1770 826 1810">
     <span class='ocr_line' id='line_1_35' title="bbox 60 1770 826 1810; baseline 0.004 -10"><span class='ocrx_word' id='word_1_248' title='bbox 60 1770 204 1807; x_wconf 62' lang='lat' dir='ltr'><strong>lerat-imae</strong></span> <span class='ocrx_word' id='word_1_249' title='bbox 218 1782 308 1803; x_wconf 86' lang='lat' dir='ltr'><strong>eorum</strong></span> <span class='ocrx_word' id='word_1_250' title='bbox 325 1776 451 1810; x_wconf 86' lang='lat' dir='ltr'><strong>peccatis,</strong></span> <span class='ocrx_word' id='word_1_251' title='bbox 473 1776 516 1810; x_wconf 89' lang='lat' dir='ltr'><strong>qui</strong></span> <span class='ocrx_word' id='word_1_252' title='bbox 537 1784 595 1804; x_wconf 90' lang='lat' dir='ltr'><strong>cum</strong></span> <span class='ocrx_word' id='word_1_253' title='bbox 616 1776 667 1803; x_wconf 81' lang='lat' dir='ltr'><strong>illis</strong></span> <span class='ocrx_word' id='word_1_254' title='bbox 680 1781 826 1809; x_wconf 75' lang='lat' dir='ltr'><strong>versantur,</strong></span> 
     </span>
    </p>
   </div>
   <div class='ocr_carea' id='block_1_36' title="bbox 61 1815 827 1855">
    <p class='ocr_par' dir='ltr' id='par_1_36' title="bbox 61 1815 827 1855">
     <span class='ocr_line' id='line_1_36' title="bbox 61 1815 827 1855; baseline 0.003 -10"><span class='ocrx_word' id='word_1_255' title='bbox 61 1815 228 1847; x_wconf 69' lang='lat' dir='ltr'><strong>bonusinﬁci.</strong></span> <span class='ocrx_word' id='word_1_256' title='bbox 241 1820 330 1848; x_wconf 74' lang='lat' dir='ltr'><strong>Exstat</strong></span> <span class='ocrx_word' id='word_1_257' title='bbox 353 1821 438 1848; x_wconf 85' lang='lat' dir='ltr'><strong>adhuc</strong></span> <span class='ocrx_word' id='word_1_258' title='bbox 459 1821 484 1848; x_wconf 92' lang='lat' dir='ltr'><strong>in</strong></span> <span class='ocrx_word' id='word_1_259' title='bbox 500 1822 564 1849; x_wconf 86' lang='lat' dir='ltr'><strong>actis</strong></span> <span class='ocrx_word' id='word_1_260' title='bbox 578 1821 731 1848; x_wconf 86' lang='lat' dir='ltr'><strong>Collationis</strong></span> <span class='ocrx_word' id='word_1_261' title='bbox 752 1822 827 1855; x_wconf 77' lang='lat' dir='ltr'><strong>hujus</strong></span> 
     </span>
    </p>
   </div>
   <div class='ocr_carea' id='block_1_37' title="bbox 63 1864 827 1903">
    <p class='ocr_par' dir='ltr' id='par_1_37' title="bbox 63 1864 827 1903">
     <span class='ocr_line' id='line_1_37' title="bbox 63 1864 827 1903; baseline 0.004 -12"><span class='ocrx_word' id='word_1_262' title='bbox 63 1864 182 1893; x_wconf 78' lang='lat' dir='ltr'><strong>orationis</strong></span> <span class='ocrx_word' id='word_1_263' title='bbox 189 1865 282 1894; x_wconf 75' lang='lat' dir='ltr'><strong>initium</strong></span> <span class='ocrx_word' id='word_1_264' title='bbox 296 1867 405 1903; x_wconf 87' lang='lat' dir='ltr'><strong>(Collat.</strong></span> <span class='ocrx_word' id='word_1_265' title='bbox 418 1867 535 1903; x_wconf 85' lang='lat' dir='ltr'><strong>Carthag.</strong></span> <span class='ocrx_word' id='word_1_266' title='bbox 556 1868 582 1900; x_wconf 75' lang='grc'><strong>5,</strong></span> <span class='ocrx_word' id='word_1_267' title='bbox 597 1876 653 1901; x_wconf 86' lang='lat' dir='ltr'><strong>cap.</strong></span> <span class='ocrx_word' id='word_1_268' title='bbox 669 1867 747 1901; x_wconf 68' lang='lat' dir='ltr'><strong>28l);</strong></span> <span class='ocrx_word' id='word_1_269' title='bbox 765 1868 827 1894; x_wconf 60' lang='lat' dir='ltr'><strong>reli«</strong></span> 
     </span>
    </p>
   </div>
   <div class='ocr_carea' id='block_1_38' title="bbox 60 1913 827 1948">
    <p class='ocr_par' dir='ltr' id='par_1_38' title="bbox 60 1913 827 1948">
     <span class='ocr_line' id='line_1_38' title="bbox 60 1913 827 1948; baseline -0.001 -8"><span class='ocrx_word' id='word_1_270' title='bbox 60 1916 184 1946; x_wconf 66' lang='lat' dir='ltr'><strong>qurere,</strong></span> <span class='ocrx_word' id='word_1_271' title='bbox 198 1919 245 1940; x_wconf 87' lang='lat' dir='ltr'><strong>una</strong></span> <span class='ocrx_word' id='word_1_272' title='bbox 256 1920 315 1941; x_wconf 90' lang='lat' dir='ltr'><strong>cum</strong></span> <span class='ocrx_word' id='word_1_273' title='bbox 333 1913 404 1941; x_wconf 83' lang='lat' dir='ltr'><strong>serie</strong></span> <span class='ocrx_word' id='word_1_274' title='bbox 423 1918 537 1945; x_wconf 81' lang='lat' dir='ltr'><strong>actuum,</strong></span> <span class='ocrx_word' id='word_1_275' title='bbox 555 1921 665 1948; x_wconf 80' lang='lat' dir='ltr'><strong>quorum</strong></span> <span class='ocrx_word' id='word_1_276' title='bbox 678 1918 772 1947; x_wconf 65' lang='lat' dir='ltr'><strong>printer</strong></span> <span class='ocrx_word' id='word_1_277' title='bbox 786 1921 827 1939; x_wconf 83' lang='lat' dir='ltr'><strong>ar-</strong></span> 
     </span>
    </p>
   </div>
   <div class='ocr_carea' id='block_1_39' title="bbox 61 1954 828 1993">
    <p class='ocr_par' dir='ltr' id='par_1_39' title="bbox 61 1954 828 1993">
     <span class='ocr_line' id='line_1_39' title="bbox 61 1954 828 1993; baseline -0.003 -8"><span class='ocrx_word' id='word_1_278' title='bbox 61 1954 186 1986; x_wconf 71' lang='lat' dir='ltr'><strong>titulorum</strong></span> <span class='ocrx_word' id='word_1_279' title='bbox 207 1957 295 1986; x_wconf 84' lang='lat' dir='ltr'><strong>titulos</strong></span> <span class='ocrx_word' id='word_1_280' title='bbox 314 1958 379 1985; x_wconf 83' lang='lat' dir='ltr'><strong>nihil</strong></span> <span class='ocrx_word' id='word_1_281' title='bbox 401 1963 531 1993; x_wconf 87' lang='lat' dir='ltr'><strong>superest,</strong></span> <span class='ocrx_word' id='word_1_282' title='bbox 544 1959 736 1986; x_wconf 80' lang='lat' dir='ltr'><strong>desiderantur.</strong></span> <span class='ocrx_word' id='word_1_283' title='bbox 754 1958 828 1991; x_wconf 84' lang='lat' dir='ltr'><strong>Quod</strong></span> 
     </span>
    </p>
   </div>
   <div class='ocr_carea' id='block_1_40' title="bbox 61 2003 827 2037">
    <p class='ocr_par' dir='ltr' id='par_1_40' title="bbox 61 2003 827 2037">
     <span class='ocr_line' id='line_1_40' title="bbox 61 2003 827 2037; baseline 0 -7"><span class='ocrx_word' id='word_1_284' title='bbox 61 2005 136 2030; x_wconf 73' lang='lat' dir='ltr'><strong>am</strong></span> <span class='ocrx_word' id='word_1_285' title='bbox 155 2008 261 2032; x_wconf 75' lang='lat' dir='ltr'><strong>sanctus</strong></span> <span class='ocrx_word' id='word_1_286' title='bbox 279 2003 376 2032; x_wconf 88' lang='lat' dir='ltr'><strong>Doctor</strong></span> <span class='ocrx_word' id='word_1_287' title='bbox 387 2003 499 2037; x_wconf 78' lang='lat' dir='ltr'><strong>dixerat,</strong></span> <span class='ocrx_word' id='word_1_288' title='bbox 514 2004 656 2031; x_wconf 79' lang='lat' dir='ltr'><strong>selninatos</strong></span> <span class='ocrx_word' id='word_1_289' title='bbox 672 2003 697 2030; x_wconf 93' lang='lat' dir='ltr'><strong>iu</strong></span> <span class='ocrx_word' id='word_1_290' title='bbox 712 2003 827 2030; x_wconf 81' lang='lat' dir='ltr'><strong>Ecclesia</strong></span> 
     </span>
    </p>
   </div>
   <div class='ocr_carea' id='block_1_41' title="bbox 62 2048 827 2085">
    <p class='ocr_par' dir='ltr' id='par_1_41' title="bbox 62 2048 827 2085">
     <span class='ocr_line' id='line_1_41' title="bbox 62 2048 827 2085; baseline -0.005 -7"><span class='ocrx_word' id='word_1_291' title='bbox 62 2048 270 2084; x_wconf 51' lang='lat' dir='ltr'><strong>“diabolo,</strong></span> <span class='ocrx_word' id='word_1_292' title='bbox 280 2050 306 2078; x_wconf 89' lang='lat' dir='ltr'><strong>id</strong></span> <span class='ocrx_word' id='word_1_293' title='bbox 316 2051 351 2078; x_wconf 89' lang='lat' dir='ltr'><strong>illi</strong></span> <span class='ocrx_word' id='word_1_294' title='bbox 360 2050 482 2077; x_wconf 85' lang='lat' dir='ltr'><strong>refellere</strong></span> <span class='ocrx_word' id='word_1_295' title='bbox 492 2050 647 2077; x_wconf 89' lang='lat' dir='ltr'><strong>studuerunt</strong></span> <span class='ocrx_word' id='word_1_296' title='bbox 655 2049 744 2085; x_wconf 86' lang='lat' dir='ltr'><strong>(Ibid.,</strong></span> <span class='ocrx_word' id='word_1_297' title='bbox 753 2058 827 2083; x_wconf 75' lang='lat' dir='ltr'><strong>capp.</strong></span> 
     </span>
    </p>
   </div>
   <div class='ocr_carea' id='block_1_42' title="bbox 61 2092 828 2133">
    <p class='ocr_par' dir='ltr' id='par_1_42' title="bbox 61 2092 828 2133">
     <span class='ocr_line' id='line_1_42' title="bbox 61 2092 828 2133; baseline -0.004 -9"><span class='ocrx_word' id='word_1_298' title='bbox 61 2092 196 2133; x_wconf 57' lang='grc' dir='ltr'><strong>ηυδε).</strong></span> <span class='ocrx_word' id='word_1_299' title='bbox 216 2095 346 2124; x_wconf 80' lang='lat' dir='ltr'><strong>Catholici</strong></span> <span class='ocrx_word' id='word_1_300' title='bbox 360 2104 422 2124; x_wconf 91' lang='lat' dir='ltr'><strong>vero</strong></span> <span class='ocrx_word' id='word_1_301' title='bbox 437 2103 496 2123; x_wconf 92' lang='lat' dir='ltr'><strong>cum</strong></span> <span class='ocrx_word' id='word_1_302' title='bbox 515 2096 620 2123; x_wconf 85' lang='lat' dir='ltr'><strong>aliunde</strong></span> <span class='ocrx_word' id='word_1_303' title='bbox 641 2095 710 2122; x_wconf 89' lang='lat' dir='ltr'><strong>idem</strong></span> <span class='ocrx_word' id='word_1_304' title='bbox 730 2095 828 2122; x_wconf 89' lang='lat' dir='ltr'><strong>contir-</strong></span> 
     </span>
    </p>
   </div>
   <div class='ocr_carea' id='block_1_43' title="bbox 63 2140 828 2176">
    <p class='ocr_par' dir='ltr' id='par_1_43' title="bbox 63 2140 828 2176">
     <span class='ocr_line' id='line_1_43' title="bbox 63 2140 828 2176; baseline -0.003 -8"><span class='ocrx_word' id='word_1_305' title='bbox 63 2144 164 2176; x_wconf 66' lang='lat' dir='ltr'><strong>IIIII,</strong></span> <span class='ocrx_word' id='word_1_306' title='bbox 173 2146 230 2171; x_wconf 81' lang='lat' dir='ltr'><strong>tum</strong></span> <span class='ocrx_word' id='word_1_307' title='bbox 245 2142 287 2170; x_wconf 89' lang='lat' dir='ltr'><strong>vel</strong></span> <span class='ocrx_word' id='word_1_308' title='bbox 299 2142 414 2170; x_wconf 81' lang='lat' dir='ltr'><strong>maxime</strong></span> <span class='ocrx_word' id='word_1_309' title='bbox 426 2142 581 2169; x_wconf 87' lang='lat' dir='ltr'><strong>auctoritate</strong></span> <span class='ocrx_word' id='word_1_310' title='bbox 590 2140 714 2176; x_wconf 81' lang='lat' dir='ltr'><strong>Cypriani</strong></span> <span class='ocrx_word' id='word_1_311' title='bbox 726 2140 828 2174; x_wconf 79' lang='lat' dir='ltr'><strong>cpisco-</strong></span> 
     </span>
    </p>
   </div>
   <div class='ocr_carea' id='block_1_44' title="bbox 62 2185 829 2223">
    <p class='ocr_par' dir='ltr' id='par_1_44' title="bbox 62 2185 829 2223">
     <span class='ocr_line' id='line_1_44' title="bbox 62 2185 829 2223; baseline -0.01 -4"><span class='ocrx_word' id='word_1_312' title='bbox 62 2185 97 2219; x_wconf 73' lang='grc' dir='ltr'><strong><em>Ρῖι</em></strong></span> <span class='ocrx_word' id='word_1_313' title='bbox 110 2193 177 2222; x_wconf 75' lang='grc' dir='ltr'><strong>φι-</strong></span> <span class='ocrx_word' id='word_1_314' title='bbox 189 2188 216 2216; x_wconf 84' lang='lat' dir='ltr'><strong>iu</strong></span> <span class='ocrx_word' id='word_1_315' title='bbox 235 2187 329 2223; x_wconf 76' lang='lat' dir='ltr'><strong>primis</strong></span> <span class='ocrx_word' id='word_1_316' title='bbox 347 2187 397 2215; x_wconf 82' lang='lat' dir='ltr'><strong>sibi</strong></span> <span class='ocrx_word' id='word_1_317' title='bbox 410 2187 571 2214; x_wconf 86' lang='lat' dir='ltr'><strong>venerationi</strong></span> <span class='ocrx_word' id='word_1_318' title='bbox 594 2194 654 2213; x_wconf 86' lang='lat' dir='ltr'><strong>esse</strong></span> <span class='ocrx_word' id='word_1_319' title='bbox 669 2185 829 2213; x_wconf 82' lang='lat' dir='ltr'><strong>schismatiei</strong></span> 
     </span>
    </p>
   </div>
   <div class='ocr_carea' id='block_1_45' title="bbox 62 2230 829 2268">
    <p class='ocr_par' dir='ltr' id='par_1_45' title="bbox 62 2230 829 2268">
     <span class='ocr_line' id='line_1_45' title="bbox 62 2230 829 2268; baseline -0.007 -6"><span class='ocrx_word' id='word_1_320' title='bbox 62 2237 110 2266; x_wconf 70' lang='grc' dir='ltr'><strong>Ρη</strong></span> <span class='ocrx_word' id='word_1_321' title='bbox 119 2231 284 2262; x_wconf 56' lang='lat' dir='ltr'><strong>lababant.</strong></span> <span class='ocrx_word' id='word_1_322' title='bbox 300 2233 382 2268; x_wconf 84' lang='lat' dir='ltr'><strong>Cujus</strong></span> <span class='ocrx_word' id='word_1_323' title='bbox 395 2233 499 2268; x_wconf 85' lang='lat' dir='ltr'><strong>quidem</strong></span> <span class='ocrx_word' id='word_1_324' title='bbox 513 2232 608 2265; x_wconf 85' lang='lat' dir='ltr'><strong>verbis,</strong></span> <span class='ocrx_word' id='word_1_325' title='bbox 623 2231 725 2266; x_wconf 87' lang='lat' dir='ltr'><strong>quoties</strong></span> <span class='ocrx_word' id='word_1_326' title='bbox 735 2238 765 2259; x_wconf 91' lang='lat' dir='ltr'><strong>ea</strong></span> <span class='ocrx_word' id='word_1_327' title='bbox 780 2230 829 2258; x_wconf 85' lang='lat' dir='ltr'><strong>sibi</strong></span> 
     </span>
    </p>
   </div>
   <div class='ocr_carea' id='block_1_46' title="bbox 61 2274 828 2313">
    <p class='ocr_par' dir='ltr' id='par_1_46' title="bbox 61 2274 828 2313">
     <span class='ocr_line' id='line_1_46' title="bbox 61 2274 828 2313; baseline -0.005 -6"><span class='ocrx_word' id='word_1_328' title='bbox 61 2274 248 2312; x_wconf 52' lang='lat' dir='ltr'><strong>manu,</strong></span> <span class='ocrx_word' id='word_1_329' title='bbox 269 2285 330 2306; x_wconf 89' lang='lat' dir='ltr'><strong>cum</strong></span> <span class='ocrx_word' id='word_1_330' title='bbox 345 2277 505 2313; x_wconf 83' lang='lat' dir='ltr'><strong>respondere</strong></span> <span class='ocrx_word' id='word_1_331' title='bbox 523 2285 607 2312; x_wconf 88' lang='lat' dir='ltr'><strong>neque</strong></span> <span class='ocrx_word' id='word_1_332' title='bbox 630 2277 767 2309; x_wconf 87' lang='lat' dir='ltr'><strong>auderent,</strong></span> <span class='ocrx_word' id='word_1_333' title='bbox 782 2284 828 2303; x_wconf 88' lang='lat' dir='ltr'><strong>ne-</strong></span> 
     </span>
    </p>
   </div>
   <div class='ocr_carea' id='block_1_47' title="bbox 66 2323 830 2359">
    <p class='ocr_par' dir='ltr' id='par_1_47' title="bbox 66 2323 830 2359">
     <span class='ocr_line' id='line_1_47' title="bbox 66 2323 830 2359; baseline -0.009 -3"><span class='ocrx_word' id='word_1_334' title='bbox 66 2323 243 2359; x_wconf 49' lang='grc' dir='ltr'><strong>Νῖκαι,</strong></span> <span class='ocrx_word' id='word_1_335' title='bbox 256 2325 405 2354; x_wconf 86' lang='lat' dir='ltr'><strong>renuebant</strong></span> <span class='ocrx_word' id='word_1_336' title='bbox 420 2328 507 2352; x_wconf 88' lang='lat' dir='ltr'><strong>tamen</strong></span> <span class='ocrx_word' id='word_1_337' title='bbox 521 2324 578 2359; x_wconf 88' lang='lat' dir='ltr'><strong>ejus</strong></span> <span class='ocrx_word' id='word_1_338' title='bbox 599 2323 746 2350; x_wconf 85' lang='lat' dir='ltr'><strong>auctoritati</strong></span> <span class='ocrx_word' id='word_1_339' title='bbox 768 2330 830 2349; x_wconf 87' lang='lat' dir='ltr'><strong>con-</strong></span> 
     </span>
    </p>
   </div>
   <div class='ocr_carea' id='block_1_48' title="bbox 65 2360 830 2407">
    <p class='ocr_par' dir='ltr' id='par_1_48' title="bbox 65 2360 830 2407">
     <span class='ocr_line' id='line_1_48' title="bbox 65 2360 830 2407; baseline -0.005 -9"><span class='ocrx_word' id='word_1_340' title='bbox 288 2370 380 2399; x_wconf 86' lang='lat' dir='ltr'><strong>Collat.</strong></span> <span class='ocrx_word' id='word_1_341' title='bbox 395 2371 422 2403; x_wconf 80' lang='lat'><strong>&#39;5,</strong></span> <span class='ocrx_word' id='word_1_342' title='bbox 434 2379 461 2397; x_wconf 80' lang='grc' dir='ltr'><strong>η.</strong></span> <span class='ocrx_word' id='word_1_343' title='bbox 475 2370 518 2402; x_wconf 72' lang='grc'><strong>20,</strong></span> <span class='ocrx_word' id='word_1_344' title='bbox 530 2374 553 2396; x_wconf 86' lang='lat' dir='ltr'><strong>et</strong></span> <span class='ocrx_word' id='word_1_345' title='bbox 565 2369 603 2396; x_wconf 80' lang='lat' dir='ltr'><strong>Ad</strong></span> <span class='ocrx_word' id='word_1_346' title='bbox 615 2368 761 2395; x_wconf 81' lang='lat' dir='ltr'><strong>Donatistas</strong></span> <span class='ocrx_word' id='word_1_347' title='bbox 777 2373 830 2403; x_wconf 79' lang='lat' dir='ltr'><strong>post</strong></span> 
     </span>
    </p>
   </div>
   <div class='ocr_carea' id='block_1_49' title="bbox 61 2412 827 2453">
    <p class='ocr_par' dir='ltr' id='par_1_49' title="bbox 61 2412 827 2453">
     <span class='ocr_line' id='line_1_49' title="bbox 61 2412 827 2453; baseline -0.003 -10"><span class='ocrx_word' id='word_1_348' title='bbox 61 2412 142 2443; x_wconf 55' lang='grc' dir='ltr'><strong>σου.</strong></span> <span class='ocrx_word' id='word_1_349' title='bbox 157 2424 183 2444; x_wconf 73' lang='grc' dir='ltr'><strong>ι.</strong></span> <span class='ocrx_word' id='word_1_350' title='bbox 203 2417 262 2453; x_wconf 77' lang='grc'><strong>10).</strong></span> <span class='ocrx_word' id='word_1_351' title='bbox 285 2417 326 2445; x_wconf 79' lang='lat' dir='ltr'><strong>Ad</strong></span> <span class='ocrx_word' id='word_1_352' title='bbox 346 2416 404 2444; x_wconf 65' lang='lat' dir='ltr'><strong>hrec</strong></span> <span class='ocrx_word' id='word_1_353' title='bbox 426 2415 576 2444; x_wconf 90' lang='lat' dir='ltr'><strong>Catholicos</strong></span> <span class='ocrx_word' id='word_1_354' title='bbox 595 2415 827 2447; x_wconf 87' lang='lat' dir='ltr'><strong>calumniabantur,</strong></span> 
     </span>
    </p>
   </div>
   <div class='ocr_carea' id='block_1_50' title="bbox 58 2452 830 2496">
    <p class='ocr_par' dir='ltr' id='par_1_50' title="bbox 58 2452 830 2496">
     <span class='ocr_line' id='line_1_50' title="bbox 58 2452 830 2496; baseline -0.005 -5"><span class='ocrx_word' id='word_1_355' title='bbox 58 2452 209 2496; x_wconf 52' lang='lat' dir='ltr'><strong>ﬁnitas</strong></span> <span class='ocrx_word' id='word_1_356' title='bbox 233 2452 349 2491; x_wconf 78' lang='lat' dir='ltr'><strong>existere</strong></span> <span class='ocrx_word' id='word_1_357' title='bbox 369 2462 501 2490; x_wconf 71' lang='lat' dir='ltr'><strong>Ecclesiae</strong></span> <span class='ocrx_word' id='word_1_358' title='bbox 524 2461 691 2494; x_wconf 88' lang='lat' dir='ltr'><strong>docuissent,</strong></span> <span class='ocrx_word' id='word_1_359' title='bbox 720 2468 830 2496; x_wconf 87' lang='lat' dir='ltr'><strong>quarum</strong></span> 
     </span>
    </p>
   </div>
   <div class='ocr_carea' id='block_1_51' title="bbox 58 2495 831 2542">
    <p class='ocr_par' dir='ltr' id='par_1_51' title="bbox 58 2495 831 2542">
     <span class='ocr_line' id='line_1_51' title="bbox 58 2495 831 2542; baseline -0.005 -6"><span class='ocrx_word' id='word_1_360' title='bbox 58 2495 129 2542; x_wconf 45' lang='grc' dir='ltr'>ᾇ</span> <span class='ocrx_word' id='word_1_361' title='bbox 139 2507 222 2536; x_wconf 61' lang='lat' dir='ltr'><strong>Ilua</strong></span> <span class='ocrx_word' id='word_1_362' title='bbox 233 2503 354 2536; x_wconf 72' lang='lat' dir='ltr'><strong>mortalis</strong></span> <span class='ocrx_word' id='word_1_363' title='bbox 363 2511 444 2535; x_wconf 81' lang='lat' dir='ltr'><strong>esset.</strong></span> <span class='ocrx_word' id='word_1_364' title='bbox 455 2506 519 2540; x_wconf 65' lang='lat' dir='ltr'><strong>Quae</strong></span> <span class='ocrx_word' id='word_1_365' title='bbox 530 2506 676 2534; x_wconf 87' lang='lat' dir='ltr'><strong>criminatio</strong></span> <span class='ocrx_word' id='word_1_366' title='bbox 686 2513 718 2533; x_wconf 91' lang='lat' dir='ltr'><strong>eo</strong></span> <span class='ocrx_word' id='word_1_367' title='bbox 730 2495 831 2532; x_wconf 85' lang='lat' dir='ltr'><strong>niteba-</strong></span> 
     </span>
    </p>
   </div>
   <div class='ocr_carea' id='block_1_52' title="bbox 12 2548 831 2589">
    <p class='ocr_par' dir='ltr' id='par_1_52' title="bbox 12 2548 831 2589">
     <span class='ocr_line' id='line_1_52' title="bbox 12 2548 831 2589; baseline -0.007 -6"><span class='ocrx_word' id='word_1_368' title='bbox 176 2557 339 2589; x_wconf 67' lang='lat' dir='ltr'><strong>prasentem</strong></span> <span class='ocrx_word' id='word_1_369' title='bbox 352 2551 477 2580; x_wconf 79' lang='lat' dir='ltr'><strong>Ecclesiae</strong></span> <span class='ocrx_word' id='word_1_370' title='bbox 491 2556 598 2583; x_wconf 84' lang='lat' dir='ltr'><strong>statum,</strong></span> <span class='ocrx_word' id='word_1_371' title='bbox 611 2551 637 2578; x_wconf 91' lang='lat' dir='ltr'><strong>in</strong></span> <span class='ocrx_word' id='word_1_372' title='bbox 650 2559 701 2586; x_wconf 91' lang='lat' dir='ltr'><strong>quo</strong></span> <span class='ocrx_word' id='word_1_373' title='bbox 714 2551 831 2578; x_wconf 79' lang='lat' dir='ltr'><strong>mortalis</strong></span> 
     </span>
    </p>
   </div>
   <div class='ocr_carea' id='block_1_53' title="bbox 13 2590 829 2638">
    <p class='ocr_par' dir='ltr' id='par_1_53' title="bbox 13 2590 829 2638">
     <span class='ocr_line' id='line_1_53' title="bbox 13 2590 829 2638; baseline -0.006 -9"><span class='ocrx_word' id='word_1_374' title='bbox 13 2612 15 2616; x_wconf 82' lang='lat'><strong><em>-</em></strong></span> <span class='ocrx_word' id='word_1_375' title='bbox 56 2590 437 2638; x_wconf 34' lang='grc' dir='ltr'><strong>ὶίρέῌεαιιιοωίηἱῢυεωοηί</strong></span> <span class='ocrx_word' id='word_1_376' title='bbox 443 2598 562 2626; x_wconf 74' lang='lat' dir='ltr'><strong>obnoxiis</strong></span> <span class='ocrx_word' id='word_1_377' title='bbox 568 2602 701 2631; x_wconf 85' lang='lat' dir='ltr'><strong>constans,</strong></span> <span class='ocrx_word' id='word_1_378' title='bbox 711 2606 725 2624; x_wconf 90' lang='lat' dir='ltr'><strong>a</strong></span> <span class='ocrx_word' id='word_1_379' title='bbox 734 2597 829 2629; x_wconf 81' lang='lat' dir='ltr'><strong>futuro,</strong></span> 
     </span>
    </p>
   </div>
   <div class='ocr_carea' id='block_1_54' title="bbox 13 2635 832 2684">
    <p class='ocr_par' dir='ltr' id='par_1_54' title="bbox 13 2635 832 2684">
     <span class='ocr_line' id='line_1_54' title="bbox 13 2635 832 2684; baseline -0.006 -9"><span class='ocrx_word' id='word_1_380' title='bbox 13 2637 17 2662; x_wconf 38' lang='grc' dir='ltr'>ί</span> <span class='ocrx_word' id='word_1_381' title='bbox 227 2644 365 2681; x_wconf 84' lang='lat' dir='ltr'><strong>regnaturi</strong></span> <span class='ocrx_word' id='word_1_382' title='bbox 375 2643 608 2672; x_wconf 82' lang='lat' dir='ltr'><strong>suntmortalitatis</strong></span> <span class='ocrx_word' id='word_1_383' title='bbox 617 2643 717 2678; x_wconf 76' lang='lat' dir='ltr'><strong>legibus</strong></span> <span class='ocrx_word' id='word_1_384' title='bbox 726 2644 832 2678; x_wconf 88' lang='lat' dir='ltr'><strong>expedi—</strong></span> 
     </span>
    </p>
   </div>
   <div class='ocr_carea' id='block_1_55' title="bbox 16 2685 859 2729">
    <p class='ocr_par' dir='ltr' id='par_1_55' title="bbox 16 2685 859 2729">
     <span class='ocr_line' id='line_1_55' title="bbox 16 2685 859 2729; baseline -0.004 -10"><span class='ocrx_word' id='word_1_385' title='bbox 16 2700 17 2706; x_wconf 59' lang='grc' dir='ltr'><strong>η</strong></span> <span class='ocrx_word' id='word_1_386' title='bbox 58 2685 830 2729; x_wconf 50' lang='grc' dir='ltr'><strong>ιὶέαῆηιΑυςιιειίηυε(σοιιαι.οανιιιιιρ.5,ςαρρλεδ,</strong></span> <span class='ocrx_word' id='word_1_387' title='bbox 857 2685 859 2687; x_wconf 73' lang='grc'><em>’</em></span> 
     </span>
    </p>
   </div>
   <div class='ocr_carea' id='block_1_56' title="bbox 86 2732 864 2774">
    <p class='ocr_par' dir='ltr' id='par_1_56' title="bbox 86 2732 864 2774">
     <span class='ocr_line' id='line_1_56' title="bbox 86 2732 864 2774; baseline -0.004 -10"><span class='ocrx_word' id='word_1_388' title='bbox 86 2732 224 2774; x_wconf 40' lang='lat' dir='ltr'><strong>id)“.</strong></span> <span class='ocrx_word' id='word_1_389' title='bbox 237 2734 331 2764; x_wconf 77' lang='grc' dir='ltr'><strong>σοιιαι.</strong></span> <span class='ocrx_word' id='word_1_390' title='bbox 346 2735 374 2769; x_wconf 74' lang='lat'><strong>3,</strong></span> <span class='ocrx_word' id='word_1_391' title='bbox 386 2743 430 2762; x_wconf 90' lang='lat' dir='ltr'><strong>nn.</strong></span> <span class='ocrx_word' id='word_1_392' title='bbox 446 2734 489 2767; x_wconf 77' lang='grc'><strong>16,</strong></span> <span class='ocrx_word' id='word_1_393' title='bbox 505 2733 559 2771; x_wconf 84' lang='lat' dir='ltr'><strong>l9).</strong></span> <span class='ocrx_word' id='word_1_394' title='bbox 576 2735 673 2761; x_wconf 81' lang='lat' dir='ltr'><strong>Verum</strong></span> <span class='ocrx_word' id='word_1_395' title='bbox 692 2734 760 2761; x_wconf 82' lang='lat' dir='ltr'><strong>haud</strong></span> <span class='ocrx_word' id='word_1_396' title='bbox 777 2742 833 2761; x_wconf 91' lang='lat' dir='ltr'><strong>ma-</strong></span> <span class='ocrx_word' id='word_1_397' title='bbox 856 2738 864 2774; x_wconf 15' lang='grc' dir='ltr'><strong>ξι</strong></span> 
     </span>
    </p>
   </div>
   <div class='ocr_carea' id='block_1_57' title="bbox 103 2779 832 2817">
    <p class='ocr_par' dir='ltr' id='par_1_57' title="bbox 103 2779 832 2817">
     <span class='ocr_line' id='line_1_57' title="bbox 103 2779 832 2817; baseline -0.007 -7"><span class='ocrx_word' id='word_1_398' title='bbox 103 2779 206 2814; x_wconf 63' lang='grc' dir='ltr'><strong>Πιὴῑε</strong></span> <span class='ocrx_word' id='word_1_399' title='bbox 225 2781 362 2817; x_wconf 76' lang='lat' dir='ltr'><strong>negotium</strong></span> <span class='ocrx_word' id='word_1_400' title='bbox 377 2779 426 2808; x_wconf 85' lang='lat' dir='ltr'><strong>fuit</strong></span> <span class='ocrx_word' id='word_1_401' title='bbox 439 2780 595 2808; x_wconf 83' lang='lat' dir='ltr'><strong>calumniam</strong></span> <span class='ocrx_word' id='word_1_402' title='bbox 608 2779 751 2807; x_wconf 86' lang='lat' dir='ltr'><strong>dissolvere</strong></span> <span class='ocrx_word' id='word_1_403' title='bbox 766 2788 772 2805; x_wconf 93' lang='lat'>:</span> <span class='ocrx_word' id='word_1_404' title='bbox 792 2783 832 2805; x_wconf 87' lang='lat' dir='ltr'><strong>et-</strong></span> 
     </span>
    </p>
   </div>
   <div class='ocr_carea' id='block_1_58' title="bbox 12 2816 834 2862">
    <p class='ocr_par' dir='ltr' id='par_1_58' title="bbox 12 2816 834 2862">
     <span class='ocr_line' id='line_1_58' title="bbox 12 2816 834 2862; baseline -0.005 -7"><span class='ocrx_word' id='word_1_405' title='bbox 202 2832 253 2854; x_wconf 76' lang='lat' dir='ltr'><strong>sua</strong></span> <span class='ocrx_word' id='word_1_406' title='bbox 263 2816 346 2862; x_wconf 73' lang='lat' dir='ltr'><strong>ipsius</strong></span> <span class='ocrx_word' id='word_1_407' title='bbox 358 2825 439 2854; x_wconf 82' lang='lat' dir='ltr'><strong>verba</strong></span> <span class='ocrx_word' id='word_1_408' title='bbox 451 2825 532 2861; x_wconf 87' lang='lat' dir='ltr'><strong>relegi</strong></span> <span class='ocrx_word' id='word_1_409' title='bbox 549 2825 675 2860; x_wconf 84' lang='lat' dir='ltr'><strong>petiisset,</strong></span> <span class='ocrx_word' id='word_1_410' title='bbox 692 2833 724 2853; x_wconf 87' lang='lat' dir='ltr'><strong>eo</strong></span> <span class='ocrx_word' id='word_1_411' title='bbox 736 2825 834 2852; x_wconf 86' lang='lat' dir='ltr'><strong>redacti</strong></span> 
     </span>
    </p>
   </div>
   <div class='ocr_carea' id='block_1_59' title="bbox 53 2866 834 2911">
    <p class='ocr_par' dir='ltr' id='par_1_59' title="bbox 53 2866 834 2911">
     <span class='ocr_line' id='line_1_59' title="bbox 53 2866 834 2911; baseline -0.003 -12"><span class='ocrx_word' id='word_1_412' title='bbox 53 2866 288 2911; x_wconf 58' lang='lat' dir='ltr'><strong>nim,</strong></span> <span class='ocrx_word' id='word_1_413' title='bbox 306 2875 337 2900; x_wconf 84' lang='lat' dir='ltr'><strong>ut</strong></span> <span class='ocrx_word' id='word_1_414' title='bbox 349 2878 403 2900; x_wconf 84' lang='lat' dir='ltr'><strong>non</strong></span> <span class='ocrx_word' id='word_1_415' title='bbox 424 2871 493 2907; x_wconf 88' lang='lat' dir='ltr'><strong>quod</strong></span> <span class='ocrx_word' id='word_1_416' title='bbox 513 2871 558 2899; x_wconf 87' lang='lat' dir='ltr'><strong>ille</strong></span> <span class='ocrx_word' id='word_1_417' title='bbox 572 2871 683 2904; x_wconf 85' lang='lat' dir='ltr'><strong>dixerat,</strong></span> <span class='ocrx_word' id='word_1_418' title='bbox 699 2870 745 2898; x_wconf 86' lang='lat' dir='ltr'><strong>sed</strong></span> <span class='ocrx_word' id='word_1_419' title='bbox 765 2870 834 2905; x_wconf 89' lang='lat' dir='ltr'><strong>quod</strong></span> 
     </span>
    </p>
   </div>
   <div class='ocr_carea' id='block_1_60' title="bbox 47 2910 832 2954">
    <p class='ocr_par' dir='ltr' id='par_1_60' title="bbox 47 2910 832 2954">
     <span class='ocr_line' id='line_1_60' title="bbox 47 2910 832 2954; baseline -0.006 -7"><span class='ocrx_word' id='word_1_420' title='bbox 47 2910 587 2954; x_wconf 59' lang='lat' dir='ltr'><strong>&#39;Iii‘eégluvuat,aecusarem((:ouaz.</strong></span> <span class='ocrx_word' id='word_1_421' title='bbox 598 2916 716 2951; x_wconf 82' lang='lat' dir='ltr'><strong>Curthag.</strong></span> <span class='ocrx_word' id='word_1_422' title='bbox 724 2917 748 2950; x_wconf 83' lang='lat'><strong>5,</strong></span> <span class='ocrx_word' id='word_1_423' title='bbox 759 2924 832 2951; x_wconf 78' lang='lat' dir='ltr'><strong>capp.</strong></span> 
     </span>
    </p>
   </div>
   <div class='ocr_carea' id='block_1_61' title="bbox 158 2962 499 2995">
    <p class='ocr_par' dir='ltr' id='par_1_61' title="bbox 158 2962 499 2995">
     <span class='ocr_line' id='line_1_61' title="bbox 158 2962 499 2995; baseline 0 0"><span class='ocrx_word' id='word_1_424' title='bbox 158 2962 284 2995; x_wconf 71' lang='lat' dir='ltr'><strong>&#39;Saxc&#39;r.</strong></span> <span class='ocrx_word' id='word_1_425' title='bbox 311 2963 448 2995; x_wconf 78' lang='lat' dir='ltr'><strong>Auaosr.</strong></span> <span class='ocrx_word' id='word_1_426' title='bbox 472 2963 499 2995; x_wconf 77' lang='lat'><strong>1.</strong></span> 
     </span>
    </p>
   </div>
   <div class='ocr_carea' id='block_1_62' title="bbox 718 205 974 237">
    <p class='ocr_par' dir='ltr' id='par_1_62' title="bbox 718 205 974 237">
     <span class='ocr_line' id='line_1_62' title="bbox 718 205 974 237; baseline 0.004 -3"><span class='ocrx_word' id='word_1_427' title='bbox 718 205 815 236; x_wconf 77' lang='lat' dir='ltr'><strong>LIBER</strong></span> <span class='ocrx_word' id='word_1_428' title='bbox 835 205 974 237; x_wconf 80' lang='lat' dir='ltr'><strong>SEXTUS.</strong></span> 
     </span>
    </p>
   </div>
   <div class='ocr_carea' id='block_1_63' title="bbox 1614 222 1668 251">
    <p class='ocr_par' dir='ltr' id='par_1_63' title="bbox 1614 222 1668 251">
     <span class='ocr_line' id='line_1_63' title="bbox 1614 222 1668 251; baseline 0.019 -1"><span class='ocrx_word' id='word_1_429' title='bbox 1614 222 1668 251; x_wconf 70' lang='grc'><strong>426</strong></span> 
     </span>
    </p>
   </div>
   <div class='ocr_carea' id='block_1_64' title="bbox 880 267 1667 308">
    <p class='ocr_par' dir='ltr' id='par_1_64' title="bbox 880 267 1667 308">
     <span class='ocr_line' id='line_1_64' title="bbox 880 267 1667 308; baseline 0.02 -15"><span class='ocrx_word' id='word_1_430' title='bbox 880 268 942 301; x_wconf 68' lang='lat'><strong>284,</strong></span> <span class='ocrx_word' id='word_1_431' title='bbox 956 267 1032 303; x_wconf 76' lang='lat'><strong>285).</strong></span> <span class='ocrx_word' id='word_1_432' title='bbox 1045 268 1131 304; x_wconf 88' lang='lat' dir='ltr'><strong>Atque</strong></span> <span class='ocrx_word' id='word_1_433' title='bbox 1149 269 1182 298; x_wconf 85' lang='lat' dir='ltr'><strong>ad</strong></span> <span class='ocrx_word' id='word_1_434' title='bbox 1197 269 1257 299; x_wconf 82' lang='lat' dir='ltr'><strong>eum</strong></span> <span class='ocrx_word' id='word_1_435' title='bbox 1272 273 1378 302; x_wconf 90' lang='lat' dir='ltr'><strong>modum</strong></span> <span class='ocrx_word' id='word_1_436' title='bbox 1394 276 1532 306; x_wconf 82' lang='lat' dir='ltr'><strong>terminata</strong></span> <span class='ocrx_word' id='word_1_437' title='bbox 1557 279 1667 308; x_wconf 87' lang='lat' dir='ltr'><strong>videba-</strong></span> 
     </span>
    </p>
   </div>
   <div class='ocr_carea' id='block_1_65' title="bbox 881 314 1687 358">
    <p class='ocr_par' dir='ltr' id='par_1_65' title="bbox 881 314 1687 358">
     <span class='ocr_line' id='line_1_65' title="bbox 881 314 1687 358; baseline 0.016 -17"><span class='ocrx_word' id='word_1_438' title='bbox 881 318 924 341; x_wconf 90' lang='lat' dir='ltr'><strong>tur</strong></span> <span class='ocrx_word' id='word_1_439' title='bbox 937 314 1062 342; x_wconf 82' lang='lat' dir='ltr'><strong>Ecclesiae</strong></span> <span class='ocrx_word' id='word_1_440' title='bbox 1073 323 1162 350; x_wconf 88' lang='lat' dir='ltr'><strong>causa,</strong></span> <span class='ocrx_word' id='word_1_441' title='bbox 1183 317 1209 344; x_wconf 91' lang='lat' dir='ltr'><strong>in</strong></span> <span class='ocrx_word' id='word_1_442' title='bbox 1229 325 1279 353; x_wconf 90' lang='lat' dir='ltr'><strong>qua</strong></span> <span class='ocrx_word' id='word_1_443' title='bbox 1299 319 1349 347; x_wconf 90' lang='lat' dir='ltr'><strong>hoc</strong></span> <span class='ocrx_word' id='word_1_444' title='bbox 1362 320 1410 348; x_wconf 91' lang='lat' dir='ltr'><strong>sibi</strong></span> <span class='ocrx_word' id='word_1_445' title='bbox 1431 329 1592 358; x_wconf 85' lang='lat' dir='ltr'><strong>proposuere</strong></span> <span class='ocrx_word' id='word_1_446' title='bbox 1613 314 1687 358; x_wconf 49' lang='grc' dir='ltr'><strong>(ζα-ξ</strong></span> 
     </span>
    </p>
   </div>
   <div class='ocr_carea' id='block_1_66' title="bbox 881 360 1664 406">
    <p class='ocr_par' dir='ltr' id='par_1_66' title="bbox 881 360 1664 406">
     <span class='ocr_line' id='line_1_66' title="bbox 881 360 1664 406; baseline 0.017 -19"><span class='ocrx_word' id='word_1_447' title='bbox 881 360 980 406; x_wconf 83' lang='lat' dir='ltr'><strong>tholici,</strong></span> <span class='ocrx_word' id='word_1_448' title='bbox 994 361 1072 406; x_wconf 85' lang='lat' dir='ltr'><strong>nullis</strong></span> <span class='ocrx_word' id='word_1_449' title='bbox 1083 369 1141 390; x_wconf 87' lang='lat' dir='ltr'><strong>eam</strong></span> <span class='ocrx_word' id='word_1_450' title='bbox 1150 364 1284 396; x_wconf 86' lang='lat' dir='ltr'><strong>maculari,</strong></span> <span class='ocrx_word' id='word_1_451' title='bbox 1300 372 1350 393; x_wconf 86' lang='lat' dir='ltr'><strong>nec</strong></span> <span class='ocrx_word' id='word_1_452' title='bbox 1360 366 1502 401; x_wconf 80' lang='lat' dir='ltr'><strong>Caeciliani,</strong></span> <span class='ocrx_word' id='word_1_453' title='bbox 1513 378 1563 398; x_wconf 88' lang='lat' dir='ltr'><strong>nec</strong></span> <span class='ocrx_word' id='word_1_454' title='bbox 1572 372 1664 406; x_wconf 84' lang='lat' dir='ltr'><strong>cujus-</strong></span> 
     </span>
    </p>
   </div>
   <div class='ocr_carea' id='block_1_67' title="bbox 879 404 1664 452">
    <p class='ocr_par' dir='ltr' id='par_1_67' title="bbox 879 404 1664 452">
     <span class='ocr_line' id='line_1_67' title="bbox 879 404 1664 452; baseline 0.019 -22"><span class='ocrx_word' id='word_1_455' title='bbox 879 404 921 452; x_wconf 79' lang='lat' dir='ltr'><strong>vis</strong></span> <span class='ocrx_word' id='word_1_456' title='bbox 940 405 1049 452; x_wconf 79' lang='lat' dir='ltr'><strong>alterius</strong></span> <span class='ocrx_word' id='word_1_457' title='bbox 1068 406 1152 442; x_wconf 80' lang='lat' dir='ltr'><strong>culpis</strong></span> <span class='ocrx_word' id='word_1_458' title='bbox 1175 407 1365 438; x_wconf 84' lang='lat' dir='ltr'><strong>demonstrare.</strong></span> <span class='ocrx_word' id='word_1_459' title='bbox 1387 411 1426 439; x_wconf 80' lang='lat' dir='ltr'><strong>Ac</strong></span> <span class='ocrx_word' id='word_1_460' title='bbox 1445 412 1588 443; x_wconf 84' lang='lat' dir='ltr'><strong>Donatistae</strong></span> <span class='ocrx_word' id='word_1_461' title='bbox 1604 404 1664 452; x_wconf 77' lang='lat' dir='ltr'><strong>ipsi</strong></span> 
     </span>
    </p>
   </div>
   <div class='ocr_carea' id='block_1_68' title="bbox 878 449 1662 496">
    <p class='ocr_par' dir='ltr' id='par_1_68' title="bbox 878 449 1662 496">
     <span class='ocr_line' id='line_1_68' title="bbox 878 449 1662 496; baseline 0.018 -20"><span class='ocrx_word' id='word_1_462' title='bbox 878 449 1003 485; x_wconf 88' lang='lat' dir='ltr'><strong>placitum</strong></span> <span class='ocrx_word' id='word_1_463' title='bbox 1024 451 1087 480; x_wconf 91' lang='lat' dir='ltr'><strong>illud</strong></span> <span class='ocrx_word' id='word_1_464' title='bbox 1110 453 1216 481; x_wconf 88' lang='lat' dir='ltr'><strong>tandem</strong></span> <span class='ocrx_word' id='word_1_465' title='bbox 1238 462 1379 490; x_wconf 87' lang='lat' dir='ltr'><strong>agnovere,</strong></span> <span class='ocrx_word' id='word_1_466' title='bbox 1402 464 1463 485; x_wconf 90' lang='lat' dir='ltr'><strong>cum</strong></span> <span class='ocrx_word' id='word_1_467' title='bbox 1481 459 1507 486; x_wconf 88' lang='lat' dir='ltr'><strong>in</strong></span> <span class='ocrx_word' id='word_1_468' title='bbox 1528 449 1662 496; x_wconf 79' lang='lat' dir='ltr'><strong>angustias</strong></span> 
     </span>
    </p>
   </div>
   <div class='ocr_carea' id='block_1_69' title="bbox 878 496 1663 542">
    <p class='ocr_par' dir='ltr' id='par_1_69' title="bbox 878 496 1663 542">
     <span class='ocr_line' id='line_1_69' title="bbox 878 496 1663 542; baseline 0.017 -20"><span class='ocrx_word' id='word_1_469' title='bbox 878 496 1007 542; x_wconf 67' lang='lat' dir='ltr'><strong>compulsi</strong></span> <span class='ocrx_word' id='word_1_470' title='bbox 1020 496 1271 528; x_wconf 84' lang='lat' dir='ltr'><strong>Maximianistarum</strong></span> <span class='ocrx_word' id='word_1_471' title='bbox 1283 500 1391 530; x_wconf 86' lang='lat' dir='ltr'><strong>historia</strong></span> <span class='ocrx_word' id='word_1_472' title='bbox 1400 502 1499 538; x_wconf 78' lang='lat' dir='ltr'><strong>(Epist.</strong></span> <span class='ocrx_word' id='word_1_473' title='bbox 1515 506 1576 540; x_wconf 74' lang='lat' dir='ltr'><strong>Ml,</strong></span> <span class='ocrx_word' id='word_1_474' title='bbox 1585 516 1612 534; x_wconf 81' lang='grc' dir='ltr'><strong>η.</strong></span> <span class='ocrx_word' id='word_1_475' title='bbox 1625 508 1642 535; x_wconf 89' lang='lat'><strong><em>6</em></strong></span> <span class='ocrx_word' id='word_1_476' title='bbox 1654 518 1663 542; x_wconf 83' lang='lat'><strong>;</strong></span> 
     </span>
    </p>
   </div>
   <div class='ocr_carea' id='block_1_70' title="bbox 877 540 1664 587">
    <p class='ocr_par' dir='ltr' id='par_1_70' title="bbox 877 540 1664 587">
     <span class='ocr_line' id='line_1_70' title="bbox 877 540 1664 587; baseline 0.018 -19"><span class='ocrx_word' id='word_1_477' title='bbox 877 540 975 570; x_wconf 70' lang='lat' dir='ltr'><strong>Brevia.</strong></span> <span class='ocrx_word' id='word_1_478' title='bbox 998 543 1089 571; x_wconf 83' lang='lat' dir='ltr'><strong>Collat.</strong></span> <span class='ocrx_word' id='word_1_479' title='bbox 1105 545 1132 580; x_wconf 78' lang='lat'><strong>3,</strong></span> <span class='ocrx_word' id='word_1_480' title='bbox 1153 555 1195 574; x_wconf 86' lang='lat' dir='ltr'><strong>nn.</strong></span> <span class='ocrx_word' id='word_1_481' title='bbox 1216 547 1310 582; x_wconf 69' lang='lat'><strong>21—25,</strong></span> <span class='ocrx_word' id='word_1_482' title='bbox 1328 554 1353 576; x_wconf 83' lang='lat' dir='ltr'><strong>et</strong></span> <span class='ocrx_word' id='word_1_483' title='bbox 1376 549 1434 587; x_wconf 77' lang='lat'><strong>27),</strong></span> <span class='ocrx_word' id='word_1_484' title='bbox 1449 551 1500 579; x_wconf 82' lang='lat' dir='ltr'><strong>sibi</strong></span> <span class='ocrx_word' id='word_1_485' title='bbox 1514 560 1529 580; x_wconf 87' lang='lat' dir='ltr'><strong>a</strong></span> <span class='ocrx_word' id='word_1_486' title='bbox 1552 540 1664 582; x_wconf 80' lang='lat' dir='ltr'><strong>veritate</strong></span> 
     </span>
    </p>
   </div>
   <div class='ocr_carea' id='block_1_71' title="bbox 877 587 1664 634">
    <p class='ocr_par' dir='ltr' id='par_1_71' title="bbox 877 587 1664 634">
     <span class='ocr_line' id='line_1_71' title="bbox 877 587 1664 634; baseline 0.019 -21"><span class='ocrx_word' id='word_1_487' title='bbox 877 587 957 634; x_wconf 79' lang='lat' dir='ltr'><strong>verba</strong></span> <span class='ocrx_word' id='word_1_488' title='bbox 971 588 1026 622; x_wconf 90' lang='lat' dir='ltr'><strong>illa,</strong></span> <span class='ocrx_word' id='word_1_489' title='bbox 1037 597 1095 625; x_wconf 72' lang='lat' dir='ltr'><strong>quae</strong></span> <span class='ocrx_word' id='word_1_490' title='bbox 1108 592 1185 620; x_wconf 89' lang='lat' dir='ltr'><strong>toties</strong></span> <span class='ocrx_word' id='word_1_491' title='bbox 1194 592 1246 620; x_wconf 92' lang='lat' dir='ltr'><strong>illis</strong></span> <span class='ocrx_word' id='word_1_492' title='bbox 1258 593 1417 629; x_wconf 80' lang='lat' dir='ltr'><strong>Augustinus</strong></span> <span class='ocrx_word' id='word_1_493' title='bbox 1427 597 1539 632; x_wconf 83' lang='lat' dir='ltr'><strong>oggerit,</strong></span> <span class='ocrx_word' id='word_1_494' title='bbox 1549 599 1664 634; x_wconf 83' lang='lat' dir='ltr'><strong>exprimi</strong></span> 
     </span>
    </p>
   </div>
   <div class='ocr_carea' id='block_1_72' title="bbox 877 632 1664 679">
    <p class='ocr_par' dir='ltr' id='par_1_72' title="bbox 877 632 1664 679">
     <span class='ocr_line' id='line_1_72' title="bbox 877 632 1664 679; baseline 0.017 -20"><span class='ocrx_word' id='word_1_495' title='bbox 877 632 947 666; x_wconf 83' lang='lat' dir='ltr'><strong>passi</strong></span> <span class='ocrx_word' id='word_1_496' title='bbox 968 639 1038 668; x_wconf 92' lang='lat' dir='ltr'><strong>sunt,</strong></span> <span class='ocrx_word' id='word_1_497' title='bbox 1058 635 1193 670; x_wconf 89' lang='lat' dir='ltr'><strong>nimirum,</strong></span> <span class='ocrx_word' id='word_1_498' title='bbox 1210 637 1265 665; x_wconf 83' lang='lat' dir='ltr'><strong>Nec</strong></span> <span class='ocrx_word' id='word_1_499' title='bbox 1283 647 1360 667; x_wconf 75' lang='lat' dir='ltr'><strong>causa</strong></span> <span class='ocrx_word' id='word_1_500' title='bbox 1379 649 1470 673; x_wconf 68' lang='lat' dir='ltr'><strong>cauae,</strong></span> <span class='ocrx_word' id='word_1_501' title='bbox 1491 651 1536 670; x_wconf 84' lang='lat' dir='ltr'><strong>nec</strong></span> <span class='ocrx_word' id='word_1_502' title='bbox 1556 632 1664 679; x_wconf 75' lang='lat' dir='ltr'><strong>persona</strong></span> 
     </span>
    </p>
   </div>
   <div class='ocr_carea' id='block_1_73' title="bbox 878 681 1662 722">
    <p class='ocr_par' dir='ltr' id='par_1_73' title="bbox 878 681 1662 722">
     <span class='ocr_line' id='line_1_73' title="bbox 878 681 1662 722; baseline 0.017 -17"><span class='ocrx_word' id='word_1_503' title='bbox 878 686 991 713; x_wconf 75' lang='lat' dir='ltr'><strong>persona:</strong></span> <span class='ocrx_word' id='word_1_504' title='bbox 1004 681 1254 719; x_wconf 75' lang='lat' dir='ltr'><strong>prwjudicat(Epist.</strong></span> <span class='ocrx_word' id='word_1_505' title='bbox 1267 684 1329 718; x_wconf 74' lang='lat' dir='ltr'><strong>Ml,</strong></span> <span class='ocrx_word' id='word_1_506' title='bbox 1338 694 1364 712; x_wconf 85' lang='grc' dir='ltr'><strong>η.</strong></span> <span class='ocrx_word' id='word_1_507' title='bbox 1379 686 1410 719; x_wconf 86' lang='lat'><strong>6;</strong></span> <span class='ocrx_word' id='word_1_508' title='bbox 1424 686 1508 721; x_wconf 76' lang='lat' dir='ltr'><strong>Epist.</strong></span> <span class='ocrx_word' id='word_1_509' title='bbox 1520 688 1580 721; x_wconf 69' lang='grc'><strong>142,</strong></span> <span class='ocrx_word' id='word_1_510' title='bbox 1591 698 1618 717; x_wconf 83' lang='grc' dir='ltr'><strong>η.</strong></span> <span class='ocrx_word' id='word_1_511' title='bbox 1627 690 1662 722; x_wconf 79' lang='grc'><strong>5;</strong></span> 
     </span>
    </p>
   </div>
   <div class='ocr_carea' id='block_1_74' title="bbox 877 724 1662 769">
    <p class='ocr_par' dir='ltr' id='par_1_74' title="bbox 877 724 1662 769">
     <span class='ocr_line' id='line_1_74' title="bbox 877 724 1662 769; baseline 0.018 -19"><span class='ocrx_word' id='word_1_512' title='bbox 877 724 916 750; x_wconf 82' lang='lat' dir='ltr'><strong>Ad</strong></span> <span class='ocrx_word' id='word_1_513' title='bbox 922 724 1069 753; x_wconf 68' lang='lat' dir='ltr'><strong>Donatista;</strong></span> <span class='ocrx_word' id='word_1_514' title='bbox 1078 732 1134 762; x_wconf 79' lang='lat' dir='ltr'><strong>post</strong></span> <span class='ocrx_word' id='word_1_515' title='bbox 1144 728 1247 762; x_wconf 88' lang='lat' dir='ltr'><strong>Collat.,</strong></span> <span class='ocrx_word' id='word_1_516' title='bbox 1263 739 1288 758; x_wconf 85' lang='grc' dir='ltr'><strong>η.</strong></span> <span class='ocrx_word' id='word_1_517' title='bbox 1299 730 1344 765; x_wconf 75' lang='grc'><strong>24,</strong></span> <span class='ocrx_word' id='word_1_518' title='bbox 1360 730 1431 768; x_wconf 87' lang='lat' dir='ltr'><strong>etc.).</strong></span> <span class='ocrx_word' id='word_1_519' title='bbox 1445 732 1535 769; x_wconf 88' lang='lat' dir='ltr'><strong>Itaque</strong></span> <span class='ocrx_word' id='word_1_520' title='bbox 1546 742 1662 769; x_wconf 87' lang='lat' dir='ltr'><strong>pronun-</strong></span> 
     </span>
    </p>
   </div>
   <div class='ocr_carea' id='block_1_75' title="bbox 878 770 1662 814">
    <p class='ocr_par' dir='ltr' id='par_1_75' title="bbox 878 770 1662 814">
     <span class='ocr_line' id='line_1_75' title="bbox 878 770 1662 814; baseline 0.017 -18"><span class='ocrx_word' id='word_1_521' title='bbox 878 770 951 798; x_wconf 89' lang='lat' dir='ltr'><strong>tiavit</strong></span> <span class='ocrx_word' id='word_1_522' title='bbox 974 771 1150 807; x_wconf 83' lang='lat' dir='ltr'><strong>Marcellinus,</strong></span> <span class='ocrx_word' id='word_1_523' title='bbox 1171 780 1249 810; x_wconf 85' lang='lat' dir='ltr'><strong>caput</strong></span> <span class='ocrx_word' id='word_1_524' title='bbox 1273 776 1324 804; x_wconf 90' lang='lat' dir='ltr'><strong>hoc</strong></span> <span class='ocrx_word' id='word_1_525' title='bbox 1337 778 1459 813; x_wconf 86' lang='lat' dir='ltr'><strong>ampliori</strong></span> <span class='ocrx_word' id='word_1_526' title='bbox 1482 779 1662 814; x_wconf 88' lang='lat' dir='ltr'><strong>disputatione</strong></span> 
     </span>
    </p>
   </div>
   <div class='ocr_carea' id='block_1_76' title="bbox 877 816 1662 856">
    <p class='ocr_par' dir='ltr' id='par_1_76' title="bbox 877 816 1662 856">
     <span class='ocr_line' id='line_1_76' title="bbox 877 816 1662 856; baseline 0.017 -15"><span class='ocrx_word' id='word_1_527' title='bbox 877 822 930 842; x_wconf 90' lang='lat' dir='ltr'><strong>non</strong></span> <span class='ocrx_word' id='word_1_528' title='bbox 951 816 1084 852; x_wconf 84' lang='lat' dir='ltr'><strong>indigere,</strong></span> <span class='ocrx_word' id='word_1_529' title='bbox 1103 825 1135 846; x_wconf 87' lang='lat' dir='ltr'><strong>ac</strong></span> <span class='ocrx_word' id='word_1_530' title='bbox 1154 826 1184 847; x_wconf 85' lang='lat' dir='ltr'><strong>se</strong></span> <span class='ocrx_word' id='word_1_531' title='bbox 1207 824 1346 856; x_wconf 88' lang='lat' dir='ltr'><strong>postquam</strong></span> <span class='ocrx_word' id='word_1_532' title='bbox 1367 823 1418 850; x_wconf 87' lang='lat' dir='ltr'><strong>alia</strong></span> <span class='ocrx_word' id='word_1_533' title='bbox 1436 824 1524 851; x_wconf 86' lang='lat' dir='ltr'><strong>omnia</strong></span> <span class='ocrx_word' id='word_1_534' title='bbox 1542 825 1662 854; x_wconf 87' lang='lat' dir='ltr'><strong>discussa</strong></span> 
     </span>
    </p>
   </div>
   <div class='ocr_carea' id='block_1_77' title="bbox 876 863 1663 908">
    <p class='ocr_par' dir='ltr' id='par_1_77' title="bbox 876 863 1663 908">
     <span class='ocr_line' id='line_1_77' title="bbox 876 863 1663 908; baseline 0.014 -19"><span class='ocrx_word' id='word_1_535' title='bbox 876 867 975 908; x_wconf 80' lang='lat' dir='ltr'><strong>essent,</strong></span> <span class='ocrx_word' id='word_1_536' title='bbox 989 863 1023 891; x_wconf 90' lang='lat' dir='ltr'><strong>de</strong></span> <span class='ocrx_word' id='word_1_537' title='bbox 1036 872 1068 892; x_wconf 90' lang='lat' dir='ltr'><strong>eo</strong></span> <span class='ocrx_word' id='word_1_538' title='bbox 1081 873 1185 901; x_wconf 90' lang='lat' dir='ltr'><strong>quoquc</strong></span> <span class='ocrx_word' id='word_1_539' title='bbox 1199 866 1312 895; x_wconf 88' lang='lat' dir='ltr'><strong>laturum</strong></span> <span class='ocrx_word' id='word_1_540' title='bbox 1327 876 1386 897; x_wconf 86' lang='lat' dir='ltr'><strong>esse</strong></span> <span class='ocrx_word' id='word_1_541' title='bbox 1404 871 1563 899; x_wconf 86' lang='lat' dir='ltr'><strong>sententiam</strong></span> <span class='ocrx_word' id='word_1_542' title='bbox 1580 881 1587 899; x_wconf 86' lang='lat'>:</span> <span class='ocrx_word' id='word_1_543' title='bbox 1606 872 1663 908; x_wconf 88' lang='lat' dir='ltr'><strong>jam</strong></span> 
     </span>
    </p>
   </div>
   <div class='ocr_carea' id='block_1_78' title="bbox 875 907 1664 951">
    <p class='ocr_par' dir='ltr' id='par_1_78' title="bbox 875 907 1664 951">
     <span class='ocr_line' id='line_1_78' title="bbox 875 907 1664 951; baseline 0.014 -17"><span class='ocrx_word' id='word_1_544' title='bbox 875 907 956 943; x_wconf 83' lang='lat' dir='ltr'><strong>igitur</strong></span> <span class='ocrx_word' id='word_1_545' title='bbox 985 908 1135 938; x_wconf 86' lang='lat' dir='ltr'><strong>schismatts</strong></span> <span class='ocrx_word' id='word_1_546' title='bbox 1163 919 1270 940; x_wconf 86' lang='lat' dir='ltr'><strong>causam</strong></span> <span class='ocrx_word' id='word_1_547' title='bbox 1304 917 1383 949; x_wconf 88' lang='lat' dir='ltr'><strong>atque</strong></span> <span class='ocrx_word' id='word_1_548' title='bbox 1409 915 1538 951; x_wconf 87' lang='lat' dir='ltr'><strong>originem</strong></span> <span class='ocrx_word' id='word_1_549' title='bbox 1562 918 1664 945; x_wconf 84' lang='lat' dir='ltr'><strong>exami-</strong></span> 
     </span>
    </p>
   </div>
   <div class='ocr_carea' id='block_1_79' title="bbox 875 952 1664 995">
    <p class='ocr_par' dir='ltr' id='par_1_79' title="bbox 875 952 1664 995">
     <span class='ocr_line' id='line_1_79' title="bbox 875 952 1664 995; baseline 0.016 -17"><span class='ocrx_word' id='word_1_550' title='bbox 875 952 990 980; x_wconf 84' lang='lat' dir='ltr'><strong>nandam</strong></span> <span class='ocrx_word' id='word_1_551' title='bbox 1005 954 1015 989; x_wconf 96' lang='lat'><strong>(</strong></span> <span class='ocrx_word' id='word_1_552' title='bbox 1024 954 1115 982; x_wconf 79' lang='lat' dir='ltr'><strong>Collat.</strong></span> <span class='ocrx_word' id='word_1_553' title='bbox 1130 955 1250 992; x_wconf 82' lang='lat' dir='ltr'><strong>Carthag.</strong></span> <span class='ocrx_word' id='word_1_554' title='bbox 1266 958 1292 991; x_wconf 78' lang='lat'><strong>3,</strong></span> <span class='ocrx_word' id='word_1_555' title='bbox 1305 967 1362 993; x_wconf 86' lang='lat' dir='ltr'><strong>cap.</strong></span> <span class='ocrx_word' id='word_1_556' title='bbox 1375 959 1449 995; x_wconf 74' lang='lat'><strong>289).</strong></span> <span class='ocrx_word' id='word_1_557' title='bbox 1471 961 1589 990; x_wconf 87' lang='lat' dir='ltr'><strong>Instabat</strong></span> <span class='ocrx_word' id='word_1_558' title='bbox 1599 970 1664 990; x_wconf 89' lang='lat' dir='ltr'><strong>con-</strong></span> 
     </span>
    </p>
   </div>
   <div class='ocr_carea' id='block_1_80' title="bbox 876 1000 1663 1044">
    <p class='ocr_par' dir='ltr' id='par_1_80' title="bbox 876 1000 1663 1044">
     <span class='ocr_line' id='line_1_80' title="bbox 876 1000 1663 1044; baseline 0.017 -20"><span class='ocrx_word' id='word_1_559' title='bbox 876 1000 917 1044; x_wconf 84' lang='lat' dir='ltr'><strong>tra</strong></span> <span class='ocrx_word' id='word_1_560' title='bbox 931 1003 1040 1034; x_wconf 86' lang='lat' dir='ltr'><strong>utraque</strong></span> <span class='ocrx_word' id='word_1_561' title='bbox 1056 1007 1128 1035; x_wconf 86' lang='lat' dir='ltr'><strong>pars,</strong></span> <span class='ocrx_word' id='word_1_562' title='bbox 1145 1006 1174 1029; x_wconf 87' lang='lat' dir='ltr'><strong>ut</strong></span> <span class='ocrx_word' id='word_1_563' title='bbox 1185 1002 1219 1030; x_wconf 90' lang='lat' dir='ltr'><strong>de</strong></span> <span class='ocrx_word' id='word_1_564' title='bbox 1233 1011 1389 1040; x_wconf 87' lang='lat' dir='ltr'><strong>unaquaque</strong></span> <span class='ocrx_word' id='word_1_565' title='bbox 1410 1013 1450 1039; x_wconf 90' lang='lat' dir='ltr'><strong>re,</strong></span> <span class='ocrx_word' id='word_1_566' title='bbox 1472 1008 1562 1035; x_wconf 86' lang='lat' dir='ltr'><strong>statim</strong></span> <span class='ocrx_word' id='word_1_567' title='bbox 1583 1013 1663 1044; x_wconf 81' lang='lat' dir='ltr'><strong>atque</strong></span> 
     </span>
    </p>
   </div>
   <div class='ocr_carea' id='block_1_81' title="bbox 875 1043 1660 1089">
    <p class='ocr_par' dir='ltr' id='par_1_81' title="bbox 875 1043 1660 1089">
     <span class='ocr_line' id='line_1_81' title="bbox 875 1043 1660 1089; baseline 0.017 -19"><span class='ocrx_word' id='word_1_568' title='bbox 875 1043 1023 1089; x_wconf 79' lang='lat' dir='ltr'><strong>absolutum</strong></span> <span class='ocrx_word' id='word_1_569' title='bbox 1043 1051 1114 1074; x_wconf 88' lang='lat' dir='ltr'><strong>esset</strong></span> <span class='ocrx_word' id='word_1_570' title='bbox 1132 1047 1189 1082; x_wconf 87' lang='lat' dir='ltr'><strong>ejus</strong></span> <span class='ocrx_word' id='word_1_571' title='bbox 1205 1056 1326 1083; x_wconf 86' lang='lat' dir='ltr'><strong>examen,</strong></span> <span class='ocrx_word' id='word_1_572' title='bbox 1340 1053 1524 1086; x_wconf 88' lang='lat' dir='ltr'><strong>pronuntiaret</strong></span> <span class='ocrx_word' id='word_1_573' title='bbox 1542 1043 1660 1089; x_wconf 70' lang='lat' dir='ltr'><strong>(Bretiic.</strong></span> 
     </span>
    </p>
   </div>
   <div class='ocr_carea' id='block_1_82' title="bbox 876 1088 1662 1132">
    <p class='ocr_par' dir='ltr' id='par_1_82' title="bbox 876 1088 1662 1132">
     <span class='ocr_line' id='line_1_82' title="bbox 876 1088 1662 1132; baseline 0.018 -17"><span class='ocrx_word' id='word_1_574' title='bbox 876 1088 968 1116; x_wconf 85' lang='lat' dir='ltr'><strong>Collat.</strong></span> <span class='ocrx_word' id='word_1_575' title='bbox 982 1090 1009 1123; x_wconf 75' lang='grc' dir='ltr'>δ,</span> <span class='ocrx_word' id='word_1_576' title='bbox 1029 1099 1055 1117; x_wconf 88' lang='lat' dir='ltr'><strong>n.</strong></span> <span class='ocrx_word' id='word_1_577' title='bbox 1073 1092 1120 1127; x_wconf 71' lang='grc' dir='ltr'><strong>ει)</strong></span> <span class='ocrx_word' id='word_1_578' title='bbox 1134 1101 1141 1119; x_wconf 76' lang='grc' dir='ltr'>ε</span> <span class='ocrx_word' id='word_1_579' title='bbox 1154 1097 1181 1120; x_wconf 87' lang='lat' dir='ltr'><strong>at</strong></span> <span class='ocrx_word' id='word_1_580' title='bbox 1203 1093 1258 1127; x_wconf 90' lang='lat' dir='ltr'><strong>ille,</strong></span> <span class='ocrx_word' id='word_1_581' title='bbox 1274 1094 1325 1123; x_wconf 92' lang='lat' dir='ltr'><strong>hoc</strong></span> <span class='ocrx_word' id='word_1_582' title='bbox 1346 1103 1393 1130; x_wconf 88' lang='lat' dir='ltr'><strong>per</strong></span> <span class='ocrx_word' id='word_1_583' title='bbox 1414 1097 1487 1132; x_wconf 81' lang='lat' dir='ltr'><strong>leges</strong></span> <span class='ocrx_word' id='word_1_584' title='bbox 1504 1088 1557 1126; x_wconf 70' lang='lat' dir='ltr'><strong>non</strong></span> <span class='ocrx_word' id='word_1_585' title='bbox 1580 1100 1662 1129; x_wconf 87' lang='lat' dir='ltr'><strong>licere</strong></span> 
     </span>
    </p>
   </div>
   <div class='ocr_carea' id='block_1_83' title="bbox 875 1135 1663 1180">
    <p class='ocr_par' dir='ltr' id='par_1_83' title="bbox 875 1135 1663 1180">
     <span class='ocr_line' id='line_1_83' title="bbox 875 1135 1663 1180; baseline 0.016 -20"><span class='ocrx_word' id='word_1_586' title='bbox 875 1135 1029 1180; x_wconf 82' lang='lat' dir='ltr'><strong>respondit;</strong></span> <span class='ocrx_word' id='word_1_587' title='bbox 1053 1143 1084 1164; x_wconf 90' lang='lat' dir='ltr'><strong>ac</strong></span> <span class='ocrx_word' id='word_1_588' title='bbox 1096 1137 1191 1172; x_wconf 86' lang='lat' dir='ltr'><strong>judicis</strong></span> <span class='ocrx_word' id='word_1_589' title='bbox 1207 1138 1324 1167; x_wconf 88' lang='lat' dir='ltr'><strong>ofﬁcium</strong></span> <span class='ocrx_word' id='word_1_590' title='bbox 1338 1147 1407 1175; x_wconf 88' lang='lat' dir='ltr'><strong>esse,</strong></span> <span class='ocrx_word' id='word_1_591' title='bbox 1432 1142 1465 1170; x_wconf 91' lang='lat' dir='ltr'><strong>de</strong></span> <span class='ocrx_word' id='word_1_592' title='bbox 1480 1147 1535 1171; x_wconf 92' lang='lat' dir='ltr'><strong>toto</strong></span> <span class='ocrx_word' id='word_1_593' title='bbox 1555 1145 1663 1180; x_wconf 85' lang='lat' dir='ltr'><strong>negotio</strong></span> 
     </span>
    </p>
   </div>
   <div class='ocr_carea' id='block_1_84' title="bbox 875 1178 1662 1224">
    <p class='ocr_par' dir='ltr' id='par_1_84' title="bbox 875 1178 1662 1224">
     <span class='ocr_line' id='line_1_84' title="bbox 875 1178 1662 1224; baseline 0.015 -18"><span class='ocrx_word' id='word_1_594' title='bbox 875 1178 954 1207; x_wconf 88' lang='lat' dir='ltr'><strong>simul</strong></span> <span class='ocrx_word' id='word_1_595' title='bbox 976 1181 1044 1208; x_wconf 84' lang='lat' dir='ltr'><strong>ferre</strong></span> <span class='ocrx_word' id='word_1_596' title='bbox 1070 1184 1245 1217; x_wconf 85' lang='lat' dir='ltr'><strong>sententiam,</strong></span> <span class='ocrx_word' id='word_1_597' title='bbox 1267 1190 1434 1222; x_wconf 91' lang='lat' dir='ltr'><strong>mentemque</strong></span> <span class='ocrx_word' id='word_1_598' title='bbox 1458 1196 1548 1222; x_wconf 86' lang='lat' dir='ltr'><strong>suam,</strong></span> <span class='ocrx_word' id='word_1_599' title='bbox 1573 1178 1662 1224; x_wconf 84' lang='lat' dir='ltr'><strong>quoad</strong></span> 
     </span>
    </p>
   </div>
   <div class='ocr_carea' id='block_1_85' title="bbox 876 1225 1661 1270">
    <p class='ocr_par' dir='ltr' id='par_1_85' title="bbox 876 1225 1661 1270">
     <span class='ocr_line' id='line_1_85' title="bbox 876 1225 1661 1270; baseline 0.014 -18"><span class='ocrx_word' id='word_1_600' title='bbox 876 1225 984 1254; x_wconf 89' lang='lat' dir='ltr'><strong>omnino</strong></span> <span class='ocrx_word' id='word_1_601' title='bbox 993 1234 1070 1255; x_wconf 59' lang='lat' dir='ltr'><strong>(ausa</strong></span> <span class='ocrx_word' id='word_1_602' title='bbox 1082 1233 1189 1263; x_wconf 86' lang='lat' dir='ltr'><strong>peracta</strong></span> <span class='ocrx_word' id='word_1_603' title='bbox 1200 1229 1243 1264; x_wconf 88' lang='lat' dir='ltr'><strong>sit,</strong></span> <span class='ocrx_word' id='word_1_604' title='bbox 1254 1232 1392 1267; x_wconf 89' lang='lat' dir='ltr'><strong>premere(</strong></span> <span class='ocrx_word' id='word_1_605' title='bbox 1402 1232 1492 1261; x_wconf 83' lang='lat' dir='ltr'><strong>Collat.</strong></span> <span class='ocrx_word' id='word_1_606' title='bbox 1502 1233 1620 1270; x_wconf 81' lang='lat' dir='ltr'><strong>Carthag.</strong></span> <span class='ocrx_word' id='word_1_607' title='bbox 1633 1236 1661 1269; x_wconf 79' lang='lat'><strong>3,</strong></span> 
     </span>
    </p>
   </div>
   <div class='ocr_carea' id='block_1_86' title="bbox 875 1270 1115 1308">
    <p class='ocr_par' dir='ltr' id='par_1_86' title="bbox 875 1270 1115 1308">
     <span class='ocr_line' id='line_1_86' title="bbox 875 1270 1115 1308; baseline 0.013 -11"><span class='ocrx_word' id='word_1_608' title='bbox 875 1276 952 1306; x_wconf 74' lang='lat' dir='ltr'><strong>capp.</strong></span> <span class='ocrx_word' id='word_1_609' title='bbox 964 1270 1027 1305; x_wconf 74' lang='lat'><strong>292,</strong></span> <span class='ocrx_word' id='word_1_610' title='bbox 1041 1272 1115 1308; x_wconf 72' lang='grc' dir='ltr'><strong>δη).</strong></span> 
     </span>
    </p>
   </div>
   <div class='ocr_carea' id='block_1_87' title="bbox 913 1315 1661 1359">
    <p class='ocr_par' dir='ltr' id='par_1_87' title="bbox 913 1315 1661 1359">
     <span class='ocr_line' id='line_1_87' title="bbox 913 1315 1661 1359; baseline 0.015 -17"><span class='ocrx_word' id='word_1_611' title='bbox 913 1315 940 1343; x_wconf 83' lang='lat'><strong>6.</strong></span> <span class='ocrx_word' id='word_1_612' title='bbox 955 1315 1020 1343; x_wconf 90' lang='lat' dir='ltr'><strong>Cum</strong></span> <span class='ocrx_word' id='word_1_613' title='bbox 1040 1317 1169 1353; x_wconf 86' lang='lat' dir='ltr'><strong>originem</strong></span> <span class='ocrx_word' id='word_1_614' title='bbox 1189 1324 1216 1347; x_wconf 90' lang='lat' dir='ltr'><strong>et</strong></span> <span class='ocrx_word' id='word_1_615' title='bbox 1237 1327 1343 1349; x_wconf 85' lang='lat' dir='ltr'><strong>causam</strong></span> <span class='ocrx_word' id='word_1_616' title='bbox 1357 1321 1460 1350; x_wconf 90' lang='lat' dir='ltr'><strong>discidii</strong></span> <span class='ocrx_word' id='word_1_617' title='bbox 1480 1324 1591 1359; x_wconf 86' lang='lat' dir='ltr'><strong>primam</strong></span> <span class='ocrx_word' id='word_1_618' title='bbox 1610 1333 1661 1353; x_wconf 84' lang='lat' dir='ltr'><strong>ex-</strong></span> 
     </span>
    </p>
   </div>
   <div class='ocr_carea' id='block_1_88' title="bbox 877 1359 1662 1403">
    <p class='ocr_par' dir='ltr' id='par_1_88' title="bbox 877 1359 1662 1403">
     <span class='ocr_line' id='line_1_88' title="bbox 877 1359 1662 1403; baseline 0.017 -17"><span class='ocrx_word' id='word_1_619' title='bbox 877 1359 974 1394; x_wconf 88' lang='lat' dir='ltr'><strong>plorari</strong></span> <span class='ocrx_word' id='word_1_620' title='bbox 997 1361 1076 1389; x_wconf 89' lang='lat' dir='ltr'><strong>vellet</strong></span> <span class='ocrx_word' id='word_1_621' title='bbox 1098 1362 1273 1397; x_wconf 85' lang='lat' dir='ltr'><strong>Marcellinus,</strong></span> <span class='ocrx_word' id='word_1_622' title='bbox 1299 1366 1324 1393; x_wconf 92' lang='lat' dir='ltr'><strong>id</strong></span> <span class='ocrx_word' id='word_1_623' title='bbox 1343 1368 1485 1401; x_wconf 89' lang='lat' dir='ltr'><strong>quominus</strong></span> <span class='ocrx_word' id='word_1_624' title='bbox 1506 1369 1590 1403; x_wconf 86' lang='lat' dir='ltr'><strong>ﬁeret,</strong></span> <span class='ocrx_word' id='word_1_625' title='bbox 1614 1371 1662 1398; x_wconf 87' lang='lat' dir='ltr'><strong>ob-</strong></span> 
     </span>
    </p>
   </div>
   <div class='ocr_carea' id='block_1_89' title="bbox 878 1405 1662 1450">
    <p class='ocr_par' dir='ltr' id='par_1_89' title="bbox 878 1405 1662 1450">
     <span class='ocr_line' id='line_1_89' title="bbox 878 1405 1662 1450; baseline 0.014 -18"><span class='ocrx_word' id='word_1_626' title='bbox 878 1405 967 1433; x_wconf 85' lang='lat' dir='ltr'><strong>nixius</strong></span> <span class='ocrx_word' id='word_1_627' title='bbox 981 1406 1123 1436; x_wconf 74' lang='lat' dir='ltr'><strong>Donatista:</strong></span> <span class='ocrx_word' id='word_1_628' title='bbox 1143 1409 1272 1438; x_wconf 87' lang='lat' dir='ltr'><strong>obsistere</strong></span> <span class='ocrx_word' id='word_1_629' title='bbox 1289 1418 1427 1447; x_wconf 79' lang='lat' dir='ltr'><strong>cmperunt</strong></span> <span class='ocrx_word' id='word_1_630' title='bbox 1439 1411 1552 1450; x_wconf 78' lang='grc' dir='ltr'><strong>(Βνευίε.</strong></span> <span class='ocrx_word' id='word_1_631' title='bbox 1570 1415 1662 1443; x_wconf 84' lang='lat' dir='ltr'><strong>Collat.</strong></span> 
     </span>
    </p>
   </div>
   <div class='ocr_carea' id='block_1_90' title="bbox 877 1450 1664 1495">
    <p class='ocr_par' dir='ltr' id='par_1_90' title="bbox 877 1450 1664 1495">
     <span class='ocr_line' id='line_1_90' title="bbox 877 1450 1664 1495; baseline 0.014 -18"><span class='ocrx_word' id='word_1_632' title='bbox 877 1450 904 1483; x_wconf 83' lang='lat'><strong>&#39;5,</strong></span> <span class='ocrx_word' id='word_1_633' title='bbox 919 1459 946 1478; x_wconf 84' lang='grc' dir='ltr'><strong><em>η.</em></strong></span> <span class='ocrx_word' id='word_1_634' title='bbox 964 1450 1030 1488; x_wconf 79' lang='lat' dir='ltr'><strong>2i);</strong></span> <span class='ocrx_word' id='word_1_635' title='bbox 1051 1452 1117 1480; x_wconf 86' lang='lat' dir='ltr'><strong>adeo</strong></span> <span class='ocrx_word' id='word_1_636' title='bbox 1140 1458 1167 1481; x_wconf 89' lang='lat' dir='ltr'><strong>ut</strong></span> <span class='ocrx_word' id='word_1_637' title='bbox 1187 1454 1246 1489; x_wconf 91' lang='lat' dir='ltr'><strong>ejus</strong></span> <span class='ocrx_word' id='word_1_638' title='bbox 1265 1456 1314 1490; x_wconf 90' lang='lat' dir='ltr'><strong>rei,</strong></span> <span class='ocrx_word' id='word_1_639' title='bbox 1335 1461 1425 1492; x_wconf 89' lang='lat' dir='ltr'><strong>utpote</strong></span> <span class='ocrx_word' id='word_1_640' title='bbox 1445 1466 1503 1493; x_wconf 74' lang='lat' dir='ltr'><strong>qua:</strong></span> <span class='ocrx_word' id='word_1_641' title='bbox 1525 1460 1664 1495; x_wconf 88' lang='lat' dir='ltr'><strong>episcopos</strong></span> 
     </span>
    </p>
   </div>
   <div class='ocr_carea' id='block_1_91' title="bbox 877 1497 1662 1536">
    <p class='ocr_par' dir='ltr' id='par_1_91' title="bbox 877 1497 1662 1536">
     <span class='ocr_line' id='line_1_91' title="bbox 877 1497 1662 1536; baseline 0.014 -13"><span class='ocrx_word' id='word_1_642' title='bbox 877 1497 1050 1532; x_wconf 87' lang='lat' dir='ltr'><strong>contingeret,</strong></span> <span class='ocrx_word' id='word_1_643' title='bbox 1063 1498 1197 1527; x_wconf 84' lang='lat' dir='ltr'><strong>Christum</strong></span> <span class='ocrx_word' id='word_1_644' title='bbox 1211 1508 1291 1528; x_wconf 92' lang='lat' dir='ltr'><strong>unum</strong></span> <span class='ocrx_word' id='word_1_645' title='bbox 1308 1501 1424 1536; x_wconf 88' lang='lat' dir='ltr'><strong>judicem</strong></span> <span class='ocrx_word' id='word_1_646' title='bbox 1439 1511 1498 1532; x_wconf 84' lang='lat' dir='ltr'><strong>esse</strong></span> <span class='ocrx_word' id='word_1_647' title='bbox 1519 1512 1662 1533; x_wconf 83' lang='lat' dir='ltr'><strong>causaren-</strong></span> 
     </span>
    </p>
   </div>
   <div class='ocr_carea' id='block_1_92' title="bbox 878 1543 1663 1586">
    <p class='ocr_par' dir='ltr' id='par_1_92' title="bbox 878 1543 1663 1586">
     <span class='ocr_line' id='line_1_92' title="bbox 878 1543 1663 1586; baseline 0.014 -18"><span class='ocrx_word' id='word_1_648' title='bbox 878 1544 939 1575; x_wconf 90' lang='lat' dir='ltr'><strong>tur;</strong></span> <span class='ocrx_word' id='word_1_649' title='bbox 962 1550 1064 1571; x_wconf 90' lang='lat' dir='ltr'><strong>necnon</strong></span> <span class='ocrx_word' id='word_1_650' title='bbox 1083 1543 1232 1573; x_wconf 87' lang='lat' dir='ltr'><strong>Catholicos</strong></span> <span class='ocrx_word' id='word_1_651' title='bbox 1251 1551 1376 1575; x_wconf 82' lang='lat' dir='ltr'><strong>vocarent</strong></span> <span class='ocrx_word' id='word_1_652' title='bbox 1397 1548 1424 1575; x_wconf 92' lang='lat' dir='ltr'><strong>in</strong></span> <span class='ocrx_word' id='word_1_653' title='bbox 1440 1549 1575 1582; x_wconf 88' lang='lat' dir='ltr'><strong>invidiam,</strong></span> <span class='ocrx_word' id='word_1_654' title='bbox 1591 1551 1663 1586; x_wconf 89' lang='lat' dir='ltr'><strong>quod</strong></span> 
     </span>
    </p>
   </div>
   <div class='ocr_carea' id='block_1_93' title="bbox 879 1588 1664 1629">
    <p class='ocr_par' dir='ltr' id='par_1_93' title="bbox 879 1588 1664 1629">
     <span class='ocr_line' id='line_1_93' title="bbox 879 1588 1664 1629; baseline 0.011 -15"><span class='ocrx_word' id='word_1_655' title='bbox 879 1595 937 1615; x_wconf 82' lang='lat' dir='ltr'><strong>eam</strong></span> <span class='ocrx_word' id='word_1_656' title='bbox 955 1588 988 1615; x_wconf 82' lang='lat' dir='ltr'><strong>ad</strong></span> <span class='ocrx_word' id='word_1_657' title='bbox 1004 1588 1148 1617; x_wconf 87' lang='lat' dir='ltr'><strong>humanum</strong></span> <span class='ocrx_word' id='word_1_658' title='bbox 1166 1590 1280 1619; x_wconf 84' lang='lat' dir='ltr'><strong>tribunal</strong></span> <span class='ocrx_word' id='word_1_659' title='bbox 1302 1592 1460 1621; x_wconf 86' lang='lat' dir='ltr'><strong>detulissent</strong></span> <span class='ocrx_word' id='word_1_660' title='bbox 1475 1593 1582 1629; x_wconf 88' lang='lat' dir='ltr'><strong>(Collat.</strong></span> <span class='ocrx_word' id='word_1_661' title='bbox 1598 1596 1664 1623; x_wconf 85' lang='lat' dir='ltr'><strong>Car-</strong></span> 
     </span>
    </p>
   </div>
   <div class='ocr_carea' id='block_1_94' title="bbox 879 1633 1665 1671">
    <p class='ocr_par' dir='ltr' id='par_1_94' title="bbox 879 1633 1665 1671">
     <span class='ocr_line' id='line_1_94' title="bbox 879 1633 1665 1671; baseline 0.011 -12"><span class='ocrx_word' id='word_1_662' title='bbox 879 1633 982 1669; x_wconf 77' lang='lat' dir='ltr'><strong>thag.5,</strong></span> <span class='ocrx_word' id='word_1_663' title='bbox 996 1642 1070 1670; x_wconf 85' lang='lat' dir='ltr'><strong>capp.</strong></span> <span class='ocrx_word' id='word_1_664' title='bbox 1085 1635 1148 1668; x_wconf 70' lang='lat'><strong>245,</strong></span> <span class='ocrx_word' id='word_1_665' title='bbox 1161 1635 1236 1671; x_wconf 76' lang='grc'><strong>297).</strong></span> <span class='ocrx_word' id='word_1_666' title='bbox 1251 1636 1307 1664; x_wconf 80' lang='lat' dir='ltr'><strong>Huc</strong></span> <span class='ocrx_word' id='word_1_667' title='bbox 1319 1638 1398 1665; x_wconf 87' lang='lat' dir='ltr'><strong>etiam</strong></span> <span class='ocrx_word' id='word_1_668' title='bbox 1409 1639 1500 1667; x_wconf 88' lang='lat' dir='ltr'><strong>solitas</strong></span> <span class='ocrx_word' id='word_1_669' title='bbox 1511 1640 1665 1668; x_wconf 85' lang='lat' dir='ltr'><strong>inserebant</strong></span> 
     </span>
    </p>
   </div>
   <div class='ocr_carea' id='block_1_95' title="bbox 879 1680 1663 1720">
    <p class='ocr_par' dir='ltr' id='par_1_95' title="bbox 879 1680 1663 1720">
     <span class='ocr_line' id='line_1_95' title="bbox 879 1680 1663 1720; baseline 0.009 -13"><span class='ocrx_word' id='word_1_670' title='bbox 879 1680 999 1714; x_wconf 80' lang='lat' dir='ltr'><strong>querelas</strong></span> <span class='ocrx_word' id='word_1_671' title='bbox 1013 1680 1047 1709; x_wconf 94' lang='lat' dir='ltr'><strong>de</strong></span> <span class='ocrx_word' id='word_1_672' title='bbox 1060 1682 1289 1716; x_wconf 86' lang='lat' dir='ltr'><strong>persecutionibus</strong></span> <span class='ocrx_word' id='word_1_673' title='bbox 1305 1691 1370 1719; x_wconf 88' lang='lat' dir='ltr'><strong>quas</strong></span> <span class='ocrx_word' id='word_1_674' title='bbox 1383 1686 1485 1720; x_wconf 88' lang='lat' dir='ltr'><strong>perpeti</strong></span> <span class='ocrx_word' id='word_1_675' title='bbox 1502 1686 1663 1716; x_wconf 90' lang='lat' dir='ltr'><strong>viderentur.</strong></span> 
     </span>
    </p>
   </div>
   <div class='ocr_carea' id='block_1_96' title="bbox 880 1724 1664 1763">
    <p class='ocr_par' dir='ltr' id='par_1_96' title="bbox 880 1724 1664 1763">
     <span class='ocr_line' id='line_1_96' title="bbox 880 1724 1664 1763; baseline 0.01 -11"><span class='ocrx_word' id='word_1_676' title='bbox 880 1724 934 1753; x_wconf 90' lang='lat' dir='ltr'><strong>Sed</strong></span> <span class='ocrx_word' id='word_1_677' title='bbox 947 1724 1078 1754; x_wconf 85' lang='lat' dir='ltr'><strong>Catholici</strong></span> <span class='ocrx_word' id='word_1_678' title='bbox 1088 1726 1180 1755; x_wconf 86' lang='lat' dir='ltr'><strong>eadem</strong></span> <span class='ocrx_word' id='word_1_679' title='bbox 1192 1728 1245 1761; x_wconf 86' lang='lat' dir='ltr'><strong>illa,</strong></span> <span class='ocrx_word' id='word_1_680' title='bbox 1264 1736 1322 1763; x_wconf 72' lang='lat' dir='ltr'><strong>qua:</strong></span> <span class='ocrx_word' id='word_1_681' title='bbox 1335 1733 1387 1756; x_wconf 83' lang='lat' dir='ltr'><strong>tam</strong></span> <span class='ocrx_word' id='word_1_682' title='bbox 1399 1729 1527 1759; x_wconf 88' lang='lat' dir='ltr'><strong>invidiose</strong></span> <span class='ocrx_word' id='word_1_683' title='bbox 1538 1732 1664 1759; x_wconf 89' lang='lat' dir='ltr'><strong>crimina—</strong></span> 
     </span>
    </p>
   </div>
   <div class='ocr_carea' id='block_1_97' title="bbox 879 1770 1665 1813">
    <p class='ocr_par' dir='ltr' id='par_1_97' title="bbox 879 1770 1665 1813">
     <span class='ocr_line' id='line_1_97' title="bbox 879 1770 1665 1813; baseline 0.01 -15"><span class='ocrx_word' id='word_1_684' title='bbox 879 1770 985 1804; x_wconf 87' lang='lat' dir='ltr'><strong>bantur,</strong></span> <span class='ocrx_word' id='word_1_685' title='bbox 1006 1779 1053 1799; x_wconf 89' lang='lat' dir='ltr'><strong>cos</strong></span> <span class='ocrx_word' id='word_1_686' title='bbox 1075 1773 1176 1808; x_wconf 86' lang='lat' dir='ltr'><strong>priores</strong></span> <span class='ocrx_word' id='word_1_687' title='bbox 1198 1773 1336 1802; x_wconf 87' lang='lat' dir='ltr'><strong>admisisse</strong></span> <span class='ocrx_word' id='word_1_688' title='bbox 1359 1780 1549 1805; x_wconf 88' lang='lat' dir='ltr'><strong>monstrarunt.</strong></span> <span class='ocrx_word' id='word_1_689' title='bbox 1572 1777 1665 1813; x_wconf 85' lang='lat' dir='ltr'><strong>Neque</strong></span> 
     </span>
    </p>
   </div>
   <div class='ocr_carea' id='block_1_98' title="bbox 880 1817 1666 1855">
    <p class='ocr_par' dir='ltr' id='par_1_98' title="bbox 880 1817 1666 1855">
     <span class='ocr_line' id='line_1_98' title="bbox 880 1817 1666 1855; baseline 0.011 -12"><span class='ocrx_word' id='word_1_690' title='bbox 880 1817 931 1844; x_wconf 89' lang='lat' dir='ltr'><strong>illis</strong></span> <span class='ocrx_word' id='word_1_691' title='bbox 946 1817 1087 1853; x_wconf 87' lang='lat' dir='ltr'><strong>quidquam</strong></span> <span class='ocrx_word' id='word_1_692' title='bbox 1101 1818 1208 1854; x_wconf 78' lang='lat' dir='ltr'><strong>profuit,</strong></span> <span class='ocrx_word' id='word_1_693' title='bbox 1222 1819 1292 1855; x_wconf 88' lang='lat' dir='ltr'><strong>quod</strong></span> <span class='ocrx_word' id='word_1_694' title='bbox 1302 1819 1550 1850; x_wconf 88' lang='lat' dir='ltr'><strong>Circumcellionum</strong></span> <span class='ocrx_word' id='word_1_695' title='bbox 1563 1824 1666 1852; x_wconf 85' lang='lat' dir='ltr'><strong>scelera</strong></span> 
     </span>
    </p>
   </div>
   <div class='ocr_carea' id='block_1_99' title="bbox 881 1862 1667 1904">
    <p class='ocr_par' dir='ltr' id='par_1_99' title="bbox 881 1862 1667 1904">
     <span class='ocr_line' id='line_1_99' title="bbox 881 1862 1667 1904; baseline 0.008 -14"><span class='ocrx_word' id='word_1_696' title='bbox 881 1862 1032 1891; x_wconf 89' lang='lat' dir='ltr'><strong>dictitarent</strong></span> <span class='ocrx_word' id='word_1_697' title='bbox 1045 1863 1110 1892; x_wconf 91' lang='lat' dir='ltr'><strong>nihil</strong></span> <span class='ocrx_word' id='word_1_698' title='bbox 1127 1864 1161 1892; x_wconf 90' lang='lat' dir='ltr'><strong>ad</strong></span> <span class='ocrx_word' id='word_1_699' title='bbox 1179 1866 1317 1901; x_wconf 88' lang='lat' dir='ltr'><strong>episcopos</strong></span> <span class='ocrx_word' id='word_1_700' title='bbox 1332 1867 1482 1901; x_wconf 87' lang='lat' dir='ltr'><strong>pertinere;</strong></span> <span class='ocrx_word' id='word_1_701' title='bbox 1505 1869 1667 1904; x_wconf 81' lang='lat' dir='ltr'><strong>quaiiquui-</strong></span> 
     </span>
    </p>
   </div>
   <div class='ocr_carea' id='block_1_100' title="bbox 881 1907 1668 1949">
    <p class='ocr_par' dir='ltr' id='par_1_100' title="bbox 881 1907 1668 1949">
     <span class='ocr_line' id='line_1_100' title="bbox 881 1907 1668 1949; baseline 0.009 -14"><span class='ocrx_word' id='word_1_702' title='bbox 881 1907 941 1936; x_wconf 86' lang='lat' dir='ltr'><strong>dem</strong></span> <span class='ocrx_word' id='word_1_703' title='bbox 955 1908 1067 1937; x_wconf 89' lang='lat' dir='ltr'><strong>furiosos</strong></span> <span class='ocrx_word' id='word_1_704' title='bbox 1082 1909 1142 1937; x_wconf 86' lang='lat' dir='ltr'><strong>illos</strong></span> <span class='ocrx_word' id='word_1_705' title='bbox 1155 1910 1267 1938; x_wconf 87' lang='lat' dir='ltr'><strong>ducibus</strong></span> <span class='ocrx_word' id='word_1_706' title='bbox 1280 1918 1371 1938; x_wconf 91' lang='lat' dir='ltr'><strong>eorum</strong></span> <span class='ocrx_word' id='word_1_707' title='bbox 1388 1912 1491 1940; x_wconf 89' lang='lat' dir='ltr'><strong>clericis</strong></span> <span class='ocrx_word' id='word_1_708' title='bbox 1505 1917 1543 1940; x_wconf 89' lang='lat' dir='ltr'><strong>tot</strong></span> <span class='ocrx_word' id='word_1_709' title='bbox 1562 1918 1668 1949; x_wconf 88' lang='lat' dir='ltr'><strong>tamque</strong></span> 
     </span>
    </p>
   </div>
   <div class='ocr_carea' id='block_1_101' title="bbox 881 1952 1668 1987">
    <p class='ocr_par' dir='ltr' id='par_1_101' title="bbox 881 1952 1668 1987">
     <span class='ocr_line' id='line_1_101' title="bbox 881 1952 1668 1987; baseline 0.008 -6"><span class='ocrx_word' id='word_1_710' title='bbox 881 1952 1013 1982; x_wconf 87' lang='lat' dir='ltr'><strong>horrenda</strong></span> <span class='ocrx_word' id='word_1_711' title='bbox 1026 1955 1095 1982; x_wconf 88' lang='lat' dir='ltr'><strong>mala</strong></span> <span class='ocrx_word' id='word_1_712' title='bbox 1108 1956 1273 1984; x_wconf 90' lang='lat' dir='ltr'><strong>commisisse</strong></span> <span class='ocrx_word' id='word_1_713' title='bbox 1282 1957 1428 1985; x_wconf 89' lang='lat' dir='ltr'><strong>constabat.</strong></span> <span class='ocrx_word' id='word_1_714' title='bbox 1453 1957 1515 1986; x_wconf 73' lang='lat' dir='ltr'><strong>llaec</strong></span> <span class='ocrx_word' id='word_1_715' title='bbox 1534 1963 1620 1987; x_wconf 87' lang='lat' dir='ltr'><strong>autem</strong></span> <span class='ocrx_word' id='word_1_716' title='bbox 1633 1959 1668 1987; x_wconf 87' lang='lat' dir='ltr'><strong>de</strong></span> 
     </span>
    </p>
   </div>
   <div class='ocr_carea' id='block_1_102' title="bbox 882 2000 1668 2039">
    <p class='ocr_par' dir='ltr' id='par_1_102' title="bbox 882 2000 1668 2039">
     <span class='ocr_line' id='line_1_102' title="bbox 882 2000 1668 2039; baseline 0.008 -13"><span class='ocrx_word' id='word_1_717' title='bbox 882 2000 1064 2027; x_wconf 86' lang='lat' dir='ltr'><strong>vexationibus</strong></span> <span class='ocrx_word' id='word_1_718' title='bbox 1077 2004 1156 2036; x_wconf 86' lang='lat' dir='ltr'><strong>atque</strong></span> <span class='ocrx_word' id='word_1_719' title='bbox 1168 2001 1272 2036; x_wconf 88' lang='lat' dir='ltr'><strong>injuriis</strong></span> <span class='ocrx_word' id='word_1_720' title='bbox 1286 2003 1466 2030; x_wconf 88' lang='lat' dir='ltr'><strong>controversia</strong></span> <span class='ocrx_word' id='word_1_721' title='bbox 1482 2004 1585 2039; x_wconf 86' lang='lat' dir='ltr'><strong>longius</strong></span> <span class='ocrx_word' id='word_1_722' title='bbox 1607 2011 1668 2039; x_wconf 84' lang='lat' dir='ltr'><strong>pro-</strong></span> 
     </span>
    </p>
   </div>
   <div class='ocr_carea' id='block_1_103' title="bbox 882 2044 1666 2084">
    <p class='ocr_par' dir='ltr' id='par_1_103' title="bbox 882 2044 1666 2084">
     <span class='ocr_line' id='line_1_103' title="bbox 882 2044 1666 2084; baseline 0.005 -12"><span class='ocrx_word' id='word_1_723' title='bbox 882 2044 959 2072; x_wconf 89' lang='lat' dir='ltr'><strong>ducta</strong></span> <span class='ocrx_word' id='word_1_724' title='bbox 972 2050 1012 2073; x_wconf 89' lang='lat' dir='ltr'><strong>est</strong></span> <span class='ocrx_word' id='word_1_725' title='bbox 1026 2054 1032 2071; x_wconf 93' lang='lat'><em>:</em></span> <span class='ocrx_word' id='word_1_726' title='bbox 1049 2053 1140 2073; x_wconf 90' lang='lat' dir='ltr'><strong>verum</strong></span> <span class='ocrx_word' id='word_1_727' title='bbox 1155 2053 1215 2074; x_wconf 86' lang='lat' dir='ltr'><strong>cum</strong></span> <span class='ocrx_word' id='word_1_728' title='bbox 1229 2046 1395 2074; x_wconf 87' lang='lat' dir='ltr'><strong>Marcellinus</strong></span> <span class='ocrx_word' id='word_1_729' title='bbox 1415 2048 1584 2083; x_wconf 69' lang='lat' dir='ltr'><strong>prtecepisset</strong></span> <span class='ocrx_word' id='word_1_730' title='bbox 1605 2056 1666 2084; x_wconf 61' lang='lat' dir='ltr'><strong>pro»</strong></span> 
     </span>
    </p>
   </div>
   <div class='ocr_carea' id='block_1_104' title="bbox 882 2090 1667 2128">
    <p class='ocr_par' dir='ltr' id='par_1_104' title="bbox 882 2090 1667 2128">
     <span class='ocr_line' id='line_1_104' title="bbox 882 2090 1667 2128; baseline 0.006 -10"><span class='ocrx_word' id='word_1_731' title='bbox 882 2091 934 2118; x_wconf 84' lang='lat' dir='ltr'><strong>lata</strong></span> <span class='ocrx_word' id='word_1_732' title='bbox 958 2099 974 2119; x_wconf 87' lang='lat' dir='ltr'><strong>a</strong></span> <span class='ocrx_word' id='word_1_733' title='bbox 997 2090 1140 2119; x_wconf 90' lang='lat' dir='ltr'><strong>Catholicis</strong></span> <span class='ocrx_word' id='word_1_734' title='bbox 1156 2091 1330 2120; x_wconf 86' lang='lat' dir='ltr'><strong>instrumenta</strong></span> <span class='ocrx_word' id='word_1_735' title='bbox 1351 2093 1411 2128; x_wconf 87' lang='lat' dir='ltr'><strong>legi,</strong></span> <span class='ocrx_word' id='word_1_736' title='bbox 1434 2094 1492 2121; x_wconf 90' lang='lat' dir='ltr'><strong>ﬁnis</strong></span> <span class='ocrx_word' id='word_1_737' title='bbox 1512 2094 1536 2122; x_wconf 87' lang='lat' dir='ltr'><strong>ei</strong></span> <span class='ocrx_word' id='word_1_738' title='bbox 1559 2094 1667 2123; x_wconf 87' lang='lat' dir='ltr'><strong>tandem</strong></span> 
     </span>
    </p>
   </div>
   <div class='ocr_carea' id='block_1_105' title="bbox 881 2136 1668 2174">
    <p class='ocr_par' dir='ltr' id='par_1_105' title="bbox 881 2136 1668 2174">
     <span class='ocr_line' id='line_1_105' title="bbox 881 2136 1668 2174; baseline 0.003 -10"><span class='ocrx_word' id='word_1_739' title='bbox 881 2136 1021 2172; x_wconf 87' lang='lat' dir='ltr'><strong>impositus</strong></span> <span class='ocrx_word' id='word_1_740' title='bbox 1040 2136 1097 2164; x_wconf 92' lang='lat' dir='ltr'><strong>fuit.</strong></span> <span class='ocrx_word' id='word_1_741' title='bbox 1114 2137 1191 2165; x_wconf 83' lang='lat' dir='ltr'><strong>Salva</strong></span> <span class='ocrx_word' id='word_1_742' title='bbox 1204 2145 1263 2173; x_wconf 83' lang='lat' dir='ltr'><strong>ergo</strong></span> <span class='ocrx_word' id='word_1_743' title='bbox 1280 2145 1356 2165; x_wconf 74' lang='lat' dir='ltr'><strong>causa</strong></span> <span class='ocrx_word' id='word_1_744' title='bbox 1375 2137 1504 2171; x_wconf 75' lang='lat' dir='ltr'><strong>Ecclesiw,</strong></span> <span class='ocrx_word' id='word_1_745' title='bbox 1520 2140 1668 2174; x_wconf 79' lang='lat' dir='ltr'><strong>conﬁrmata</strong></span> 
     </span>
    </p>
   </div>
   <div class='ocr_carea' id='block_1_106' title="bbox 882 2182 1668 2219">
    <p class='ocr_par' dir='ltr' id='par_1_106' title="bbox 882 2182 1668 2219">
     <span class='ocr_line' id='line_1_106' title="bbox 882 2182 1668 2219; baseline 0.003 -11"><span class='ocrx_word' id='word_1_746' title='bbox 882 2186 905 2208; x_wconf 86' lang='lat' dir='ltr'><strong>et</strong></span> <span class='ocrx_word' id='word_1_747' title='bbox 917 2182 1151 2210; x_wconf 81' lang='lat' dir='ltr'><strong>incommutabililer</strong></span> <span class='ocrx_word' id='word_1_748' title='bbox 1163 2182 1215 2217; x_wconf 69' lang='lat' dir='ltr'><strong>ﬁxa</strong></span> <span class='ocrx_word' id='word_1_749' title='bbox 1222 2191 1252 2209; x_wconf 87' lang='lat' dir='ltr'><strong>ac</strong></span> <span class='ocrx_word' id='word_1_750' title='bbox 1262 2182 1380 2217; x_wconf 82' lang='lat' dir='ltr'><strong>stabilita,</strong></span> <span class='ocrx_word' id='word_1_751' title='bbox 1393 2188 1511 2219; x_wconf 81' lang='lat' dir='ltr'><strong>tanquam</strong></span> <span class='ocrx_word' id='word_1_752' title='bbox 1522 2192 1599 2218; x_wconf 73' lang='lat' dir='ltr'><strong>supra</strong></span> <span class='ocrx_word' id='word_1_753' title='bbox 1609 2185 1668 2219; x_wconf 77' lang='lat' dir='ltr'><strong>[un-</strong></span> 
     </span>
    </p>
   </div>
   <div class='ocr_carea' id='block_1_107' title="bbox 882 2227 1667 2263">
    <p class='ocr_par' dir='ltr' id='par_1_107' title="bbox 882 2227 1667 2263">
     <span class='ocr_line' id='line_1_107' title="bbox 882 2227 1667 2263; baseline 0.001 -9"><span class='ocrx_word' id='word_1_754' title='bbox 882 2227 1027 2254; x_wconf 85' lang='lat' dir='ltr'><strong>damentum</strong></span> <span class='ocrx_word' id='word_1_755' title='bbox 1045 2231 1121 2262; x_wconf 74' lang='lat' dir='ltr'><strong>petra:</strong></span> <span class='ocrx_word' id='word_1_756' title='bbox 1137 2236 1212 2263; x_wconf 79' lang='lat' dir='ltr'><strong>quam</strong></span> <span class='ocrx_word' id='word_1_757' title='bbox 1228 2233 1308 2262; x_wconf 77' lang='lat' dir='ltr'><strong>porta:</strong></span> <span class='ocrx_word' id='word_1_758' title='bbox 1327 2229 1466 2263; x_wconf 78' lang='lat' dir='ltr'><strong>inferorum</strong></span> <span class='ocrx_word' id='word_1_759' title='bbox 1479 2236 1530 2255; x_wconf 89' lang='lat' dir='ltr'><strong>non</strong></span> <span class='ocrx_word' id='word_1_760' title='bbox 1550 2229 1667 2255; x_wconf 76' lang='lat' dir='ltr'><strong>vincant:</strong></span> 
     </span>
    </p>
   </div>
   <div class='ocr_carea' id='block_1_108' title="bbox 883 2272 1668 2308">
    <p class='ocr_par' dir='ltr' id='par_1_108' title="bbox 883 2272 1668 2308">
     <span class='ocr_line' id='line_1_108' title="bbox 883 2272 1668 2308; baseline 0.003 -9"><span class='ocrx_word' id='word_1_761' title='bbox 883 2272 930 2299; x_wconf 87' lang='lat' dir='ltr'><strong>hac</strong></span> <span class='ocrx_word' id='word_1_762' title='bbox 937 2281 996 2308; x_wconf 81' lang='lat' dir='ltr'><strong>ergo</strong></span> <span class='ocrx_word' id='word_1_763' title='bbox 1010 2273 1090 2306; x_wconf 71' lang='lat' dir='ltr'><strong>salva,</strong></span> <span class='ocrx_word' id='word_1_764' title='bbox 1102 2273 1263 2308; x_wconf 81' lang='lat' dir='ltr'><strong>Augustinus</strong></span> <span class='ocrx_word' id='word_1_765' title='bbox 1271 2273 1364 2308; x_wconf 90' lang='lat' dir='ltr'><strong>inquit,</strong></span> <span class='ocrx_word' id='word_1_766' title='bbox 1375 2274 1485 2301; x_wconf 76' lang='lat' dir='ltr'><strong>venimus</strong></span> <span class='ocrx_word' id='word_1_767' title='bbox 1492 2278 1516 2300; x_wconf 89' lang='lat' dir='ltr'><strong>et</strong></span> <span class='ocrx_word' id='word_1_768' title='bbox 1525 2274 1559 2300; x_wconf 88' lang='lat' dir='ltr'><strong>ad</strong></span> <span class='ocrx_word' id='word_1_769' title='bbox 1565 2282 1668 2301; x_wconf 80' lang='lat' dir='ltr'><strong>causam</strong></span> 
     </span>
    </p>
   </div>
   <div class='ocr_carea' id='block_1_109' title="bbox 883 2318 1667 2354">
    <p class='ocr_par' dir='ltr' id='par_1_109' title="bbox 883 2318 1667 2354">
     <span class='ocr_line' id='line_1_109' title="bbox 883 2318 1667 2354; baseline 0 -8"><span class='ocrx_word' id='word_1_770' title='bbox 883 2318 1020 2351; x_wconf 67' lang='lat' dir='ltr'><strong>Cacilinni,</strong></span> <span class='ocrx_word' id='word_1_771' title='bbox 1030 2319 1087 2354; x_wconf 85' lang='lat' dir='ltr'><strong>jam</strong></span> <span class='ocrx_word' id='word_1_772' title='bbox 1094 2319 1184 2351; x_wconf 79' lang='lat' dir='ltr'><strong>securi,</strong></span> <span class='ocrx_word' id='word_1_773' title='bbox 1191 2318 1311 2353; x_wconf 80' lang='lat' dir='ltr'><strong>quidquid</strong></span> <span class='ocrx_word' id='word_1_774' title='bbox 1317 2318 1360 2345; x_wconf 80' lang='lat' dir='ltr'><strong>ille</strong></span> <span class='ocrx_word' id='word_1_775' title='bbox 1369 2319 1519 2346; x_wconf 75' lang='lat' dir='ltr'><strong>inveniretur</strong></span> <span class='ocrx_word' id='word_1_776' title='bbox 1527 2319 1667 2348; x_wconf 75' lang='lat' dir='ltr'><strong>admisisse.</strong></span> 
     </span>
    </p>
   </div>
   <div class='ocr_carea' id='block_1_110' title="bbox 884 2363 1671 2400">
    <p class='ocr_par' dir='ltr' id='par_1_110' title="bbox 884 2363 1671 2400">
     <span class='ocr_line' id='line_1_110' title="bbox 884 2363 1671 2400; baseline 0.001 -9"><span class='ocrx_word' id='word_1_777' title='bbox 884 2363 918 2391; x_wconf 85' lang='lat' dir='ltr'><strong>Et</strong></span> <span class='ocrx_word' id='word_1_778' title='bbox 931 2364 1051 2398; x_wconf 68' lang='lat' dir='ltr'><strong>diximus,</strong></span> <span class='ocrx_word' id='word_1_779' title='bbox 1066 2364 1144 2391; x_wconf 82' lang='lat' dir='ltr'><strong>Salva</strong></span> <span class='ocrx_word' id='word_1_780' title='bbox 1157 2372 1233 2391; x_wconf 78' lang='lat' dir='ltr'><strong>causa</strong></span> <span class='ocrx_word' id='word_1_781' title='bbox 1247 2363 1375 2397; x_wconf 75' lang='lat' dir='ltr'><strong>Ecclesite,</strong></span> <span class='ocrx_word' id='word_1_782' title='bbox 1389 2364 1430 2390; x_wconf 85' lang='lat' dir='ltr'><strong>cui</strong></span> <span class='ocrx_word' id='word_1_783' title='bbox 1443 2364 1507 2391; x_wconf 81' lang='lat' dir='ltr'><strong>nihil</strong></span> <span class='ocrx_word' id='word_1_784' title='bbox 1520 2365 1671 2400; x_wconf 77' lang='lat' dir='ltr'><strong>prtejudicat</strong></span> 
     </span>
    </p>
   </div>
   <div class='ocr_carea' id='block_1_111' title="bbox 884 2408 1670 2446">
    <p class='ocr_par' dir='ltr' id='par_1_111' title="bbox 884 2408 1670 2446">
     <span class='ocr_line' id='line_1_111' title="bbox 884 2408 1670 2446; baseline 0 -9"><span class='ocrx_word' id='word_1_785' title='bbox 884 2414 1011 2446; x_wconf 78' lang='lat' dir='ltr'><strong>peccatum</strong></span> <span class='ocrx_word' id='word_1_786' title='bbox 1024 2408 1163 2442; x_wconf 63' lang='lat' dir='ltr'><strong>Ceciliani,</strong></span> <span class='ocrx_word' id='word_1_787' title='bbox 1183 2408 1309 2436; x_wconf 77' lang='lat' dir='ltr'><strong>videamus</strong></span> <span class='ocrx_word' id='word_1_788' title='bbox 1321 2412 1345 2435; x_wconf 85' lang='lat' dir='ltr'><strong>et</strong></span> <span class='ocrx_word' id='word_1_789' title='bbox 1362 2409 1441 2444; x_wconf 74' lang='lat' dir='ltr'><strong>ipsius</strong></span> <span class='ocrx_word' id='word_1_790' title='bbox 1458 2417 1570 2443; x_wconf 69' lang='lat' dir='ltr'><strong>causam,</strong></span> <span class='ocrx_word' id='word_1_791' title='bbox 1586 2410 1670 2445; x_wconf 77' lang='lat' dir='ltr'><strong>qualis</strong></span> 
     </span>
    </p>
   </div>
   <div class='ocr_carea' id='block_1_112' title="bbox 883 2454 1670 2491">
    <p class='ocr_par' dir='ltr' id='par_1_112' title="bbox 883 2454 1670 2491">
     <span class='ocr_line' id='line_1_112' title="bbox 883 2454 1670 2491; baseline -0.001 -8"><span class='ocrx_word' id='word_1_792' title='bbox 883 2456 924 2483; x_wconf 84' lang='lat' dir='ltr'><strong>sit.</strong></span> <span class='ocrx_word' id='word_1_793' title='bbox 933 2456 963 2483; x_wconf 90' lang='lat' dir='ltr'><strong>Si</strong></span> <span class='ocrx_word' id='word_1_794' title='bbox 967 2455 1133 2482; x_wconf 77' lang='lat' dir='ltr'><strong>invenerimus</strong></span> <span class='ocrx_word' id='word_1_795' title='bbox 1138 2462 1194 2482; x_wconf 80' lang='lat' dir='ltr'><strong>eum</strong></span> <span class='ocrx_word' id='word_1_796' title='bbox 1201 2454 1371 2487; x_wconf 81' lang='lat' dir='ltr'><strong>innocentem;</strong></span> <span class='ocrx_word' id='word_1_797' title='bbox 1376 2455 1432 2489; x_wconf 86' lang='lat' dir='ltr'><strong>jam</strong></span> <span class='ocrx_word' id='word_1_798' title='bbox 1440 2462 1483 2482; x_wconf 69' lang='lat' dir='ltr'><strong>vos</strong></span> <span class='ocrx_word' id='word_1_799' title='bbox 1491 2455 1533 2482; x_wconf 81' lang='lat' dir='ltr'><strong>ubi</strong></span> <span class='ocrx_word' id='word_1_800' title='bbox 1539 2455 1617 2489; x_wconf 76' lang='lat' dir='ltr'><strong>eritis,</strong></span> <span class='ocrx_word' id='word_1_801' title='bbox 1625 2456 1670 2491; x_wconf 76' lang='lat' dir='ltr'><strong>qui</strong></span> 
     </span>
    </p>
   </div>
   <div class='ocr_carea' id='block_1_113' title="bbox 884 2500 1670 2537">
    <p class='ocr_par' dir='ltr' id='par_1_113' title="bbox 884 2500 1670 2537">
     <span class='ocr_line' id='line_1_113' title="bbox 884 2500 1670 2537; baseline -0.001 -8"><span class='ocrx_word' id='word_1_802' title='bbox 884 2507 907 2530; x_wconf 86' lang='lat' dir='ltr'><strong>et</strong></span> <span class='ocrx_word' id='word_1_803' title='bbox 917 2503 943 2529; x_wconf 89' lang='lat' dir='ltr'><strong>in</strong></span> <span class='ocrx_word' id='word_1_804' title='bbox 952 2502 1009 2537; x_wconf 77' lang='lat' dir='ltr'><strong>ipsa</strong></span> <span class='ocrx_word' id='word_1_805' title='bbox 1017 2501 1127 2528; x_wconf 83' lang='lat' dir='ltr'><strong>humana</strong></span> <span class='ocrx_word' id='word_1_806' title='bbox 1138 2500 1264 2528; x_wconf 82' lang='lat' dir='ltr'><strong>calumnia</strong></span> <span class='ocrx_word' id='word_1_807' title='bbox 1274 2500 1416 2534; x_wconf 74' lang='lat' dir='ltr'><strong>defecistis?</strong></span> <span class='ocrx_word' id='word_1_808' title='bbox 1428 2500 1458 2527; x_wconf 88' lang='lat' dir='ltr'><strong>Si</strong></span> <span class='ocrx_word' id='word_1_809' title='bbox 1466 2505 1550 2528; x_wconf 80' lang='lat' dir='ltr'><strong>autent</strong></span> <span class='ocrx_word' id='word_1_810' title='bbox 1556 2501 1670 2529; x_wconf 80' lang='lat' dir='ltr'><strong>inventus</strong></span> 
     </span>
    </p>
   </div>
   <div class='ocr_carea' id='block_1_114' title="bbox 884 2545 1670 2584">
    <p class='ocr_par' dir='ltr' id='par_1_114' title="bbox 884 2545 1670 2584">
     <span class='ocr_line' id='line_1_114' title="bbox 884 2545 1670 2584; baseline -0.003 -8"><span class='ocrx_word' id='word_1_811' title='bbox 884 2549 960 2584; x_wconf 76' lang='lat' dir='ltr'><strong>fuerit</strong></span> <span class='ocrx_word' id='word_1_812' title='bbox 969 2555 1071 2580; x_wconf 75' lang='lat' dir='ltr'><strong>uocate,</strong></span> <span class='ocrx_word' id='word_1_813' title='bbox 1081 2547 1103 2574; x_wconf 74' lang='lat' dir='ltr'><strong>si</strong></span> <span class='ocrx_word' id='word_1_814' title='bbox 1109 2547 1223 2574; x_wconf 76' lang='lat' dir='ltr'><strong>inuentus</strong></span> <span class='ocrx_word' id='word_1_815' title='bbox 1233 2545 1308 2581; x_wconf 81' lang='lat' dir='ltr'><strong>fuerit</strong></span> <span class='ocrx_word' id='word_1_816' title='bbox 1315 2553 1371 2573; x_wconf 74' lang='lat' dir='ltr'><strong>reue</strong></span> <span class='ocrx_word' id='word_1_817' title='bbox 1377 2553 1387 2578; x_wconf 89' lang='lat'><strong><em>;</em></strong></span> <span class='ocrx_word' id='word_1_818' title='bbox 1397 2553 1441 2572; x_wconf 85' lang='lat' dir='ltr'><strong>nec</strong></span> <span class='ocrx_word' id='word_1_819' title='bbox 1454 2546 1491 2573; x_wconf 76' lang='lat' dir='ltr'><strong>sic</strong></span> <span class='ocrx_word' id='word_1_820' title='bbox 1504 2546 1562 2573; x_wconf 82' lang='lat' dir='ltr'><strong>uicti</strong></span> <span class='ocrx_word' id='word_1_821' title='bbox 1570 2554 1670 2580; x_wconf 70' lang='lat' dir='ltr'><strong>sumus,</strong></span> 
     </span>
    </p>
   </div>
   <div class='ocr_carea' id='block_1_115' title="bbox 884 2590 1670 2631">
    <p class='ocr_par' dir='ltr' id='par_1_115' title="bbox 884 2590 1670 2631">
     <span class='ocr_line' id='line_1_115' title="bbox 884 2590 1670 2631; baseline -0.003 -9"><span class='ocrx_word' id='word_1_822' title='bbox 884 2596 944 2631; x_wconf 84' lang='lat' dir='ltr'><strong>quia</strong></span> <span class='ocrx_word' id='word_1_823' title='bbox 949 2594 1069 2622; x_wconf 79' lang='lat' dir='ltr'><strong>unitatem</strong></span> <span class='ocrx_word' id='word_1_824' title='bbox 1074 2593 1203 2626; x_wconf 69' lang='lat' dir='ltr'><strong>Ecclcsiw,</strong></span> <span class='ocrx_word' id='word_1_825' title='bbox 1210 2600 1266 2628; x_wconf 71' lang='lat' dir='ltr'><strong>qua:</strong></span> <span class='ocrx_word' id='word_1_826' title='bbox 1275 2592 1365 2619; x_wconf 76' lang='lat' dir='ltr'><strong>invicta</strong></span> <span class='ocrx_word' id='word_1_827' title='bbox 1370 2596 1413 2624; x_wconf 80' lang='lat' dir='ltr'><strong>est,</strong></span> <span class='ocrx_word' id='word_1_828' title='bbox 1421 2590 1569 2619; x_wconf 74' lang='lat' dir='ltr'><strong>obtinemus.</strong></span> <span class='ocrx_word' id='word_1_829' title='bbox 1580 2592 1670 2620; x_wconf 75' lang='lat' dir='ltr'><strong>Ini-cn-</strong></span> 
     </span>
    </p>
   </div>
   <div class='ocr_carea' id='block_1_116' title="bbox 885 2636 1672 2677">
    <p class='ocr_par' dir='ltr' id='par_1_116' title="bbox 885 2636 1672 2677">
     <span class='ocr_line' id='line_1_116' title="bbox 885 2636 1672 2677; baseline -0.006 -8"><span class='ocrx_word' id='word_1_830' title='bbox 885 2645 925 2669; x_wconf 71' lang='lat' dir='ltr'><strong>tua</strong></span> <span class='ocrx_word' id='word_1_831' title='bbox 929 2641 961 2669; x_wconf 75' lang='lat' dir='ltr'><strong>ait</strong></span> <span class='ocrx_word' id='word_1_832' title='bbox 967 2648 1068 2677; x_wconf 79' lang='lat' dir='ltr'><strong>prorsus</strong></span> <span class='ocrx_word' id='word_1_833' title='bbox 1076 2647 1146 2671; x_wconf 85' lang='lat' dir='ltr'><strong>reus;</strong></span> <span class='ocrx_word' id='word_1_834' title='bbox 1152 2638 1276 2666; x_wconf 83' lang='lat' dir='ltr'><strong>hominem</strong></span> <span class='ocrx_word' id='word_1_835' title='bbox 1282 2638 1425 2670; x_wconf 82' lang='lat' dir='ltr'><strong>anathema,</strong></span> <span class='ocrx_word' id='word_1_836' title='bbox 1432 2636 1526 2665; x_wconf 79' lang='lat' dir='ltr'><strong>Christi</strong></span> <span class='ocrx_word' id='word_1_837' title='bbox 1530 2637 1672 2665; x_wconf 71' lang='lat' dir='ltr'><strong>Ecclesium</strong></span> 
     </span>
    </p>
   </div>
   <div class='ocr_carea' id='block_1_117' title="bbox 886 2682 1672 2720">
    <p class='ocr_par' dir='ltr' id='par_1_117' title="bbox 886 2682 1672 2720">
     <span class='ocr_line' id='line_1_117' title="bbox 886 2682 1672 2720; baseline -0.008 -5"><span class='ocrx_word' id='word_1_838' title='bbox 886 2696 936 2715; x_wconf 89' lang='lat' dir='ltr'><strong>non</strong></span> <span class='ocrx_word' id='word_1_839' title='bbox 957 2686 1054 2714; x_wconf 78' lang='lat' dir='ltr'><strong>desero.</strong></span> <span class='ocrx_word' id='word_1_840' title='bbox 1071 2684 1127 2712; x_wconf 84' lang='lat' dir='ltr'><strong>Hoc</strong></span> <span class='ocrx_word' id='word_1_841' title='bbox 1149 2683 1262 2720; x_wconf 74' lang='lat' dir='ltr'><strong>fecimus,</strong></span> <span class='ocrx_word' id='word_1_842' title='bbox 1284 2682 1395 2710; x_wconf 61' lang='lat' dir='ltr'><strong>diximus</strong></span> <span class='ocrx_word' id='word_1_843' title='bbox 1408 2690 1417 2709; x_wconf 91' lang='lat'><em>:</em></span> <span class='ocrx_word' id='word_1_844' title='bbox 1431 2683 1548 2718; x_wconf 79' lang='lat' dir='ltr'><strong>deinceps</strong></span> <span class='ocrx_word' id='word_1_845' title='bbox 1569 2690 1624 2709; x_wconf 85' lang='lat' dir='ltr'><strong>eum</strong></span> <span class='ocrx_word' id='word_1_846' title='bbox 1636 2682 1672 2708; x_wconf 80' lang='lat' dir='ltr'><strong>ad</strong></span> 
     </span>
    </p>
   </div>
   <div class='ocr_carea' id='block_1_118' title="bbox 886 2727 1667 2766">
    <p class='ocr_par' dir='ltr' id='par_1_118' title="bbox 886 2727 1667 2766">
     <span class='ocr_line' id='line_1_118' title="bbox 886 2727 1667 2766; baseline -0.009 -6"><span class='ocrx_word' id='word_1_847' title='bbox 886 2732 966 2760; x_wconf 84' lang='lat' dir='ltr'><strong>altare</strong></span> <span class='ocrx_word' id='word_1_848' title='bbox 983 2732 1046 2759; x_wconf 82' lang='lat' dir='ltr'><strong>inter</strong></span> <span class='ocrx_word' id='word_1_849' title='bbox 1064 2730 1203 2766; x_wconf 74' lang='lat' dir='ltr'><strong>episcopos,</strong></span> <span class='ocrx_word' id='word_1_850' title='bbox 1218 2736 1280 2764; x_wconf 72' lang='lat' dir='ltr'><strong>quos</strong></span> <span class='ocrx_word' id='word_1_851' title='bbox 1291 2728 1377 2763; x_wconf 67' lang='lat' dir='ltr'><strong>fideles</strong></span> <span class='ocrx_word' id='word_1_852' title='bbox 1388 2732 1412 2755; x_wconf 77' lang='lat' dir='ltr'><strong>et</strong></span> <span class='ocrx_word' id='word_1_853' title='bbox 1430 2728 1572 2755; x_wconf 80' lang='lat' dir='ltr'><strong>innocentes</strong></span> <span class='ocrx_word' id='word_1_854' title='bbox 1586 2727 1667 2754; x_wconf 81' lang='lat' dir='ltr'><strong>credi-</strong></span> 
     </span>
    </p>
   </div>
   <div class='ocr_carea' id='block_1_119' title="bbox 886 2770 1672 2811">
    <p class='ocr_par' dir='ltr' id='par_1_119' title="bbox 886 2770 1672 2811">
     <span class='ocr_line' id='line_1_119' title="bbox 886 2770 1672 2811; baseline -0.01 -7"><span class='ocrx_word' id='word_1_855' title='bbox 886 2785 952 2811; x_wconf 75' lang='lat' dir='ltr'><strong>ntus,</strong></span> <span class='ocrx_word' id='word_1_856' title='bbox 963 2785 1014 2804; x_wconf 85' lang='lat' dir='ltr'><strong>non</strong></span> <span class='ocrx_word' id='word_1_857' title='bbox 1032 2774 1198 2802; x_wconf 76' lang='lat' dir='ltr'><strong>recitabimus.</strong></span> <span class='ocrx_word' id='word_1_858' title='bbox 1224 2773 1279 2800; x_wconf 85' lang='lat' dir='ltr'><strong>Hoc</strong></span> <span class='ocrx_word' id='word_1_859' title='bbox 1299 2772 1380 2800; x_wconf 75' lang='lat' dir='ltr'><strong>solum</strong></span> <span class='ocrx_word' id='word_1_860' title='bbox 1402 2772 1514 2808; x_wconf 79' lang='lat' dir='ltr'><strong>fecimus.</strong></span> <span class='ocrx_word' id='word_1_861' title='bbox 1538 2770 1672 2805; x_wconf 79' lang='lat' dir='ltr'><strong>Numquid</strong></span> 
     </span>
    </p>
   </div>
   <div class='ocr_carea' id='block_1_120' title="bbox 888 2815 1671 2859">
    <p class='ocr_par' dir='ltr' id='par_1_120' title="bbox 888 2815 1671 2859">
     <span class='ocr_line' id='line_1_120' title="bbox 888 2815 1671 2859; baseline -0.013 -9"><span class='ocrx_word' id='word_1_862' title='bbox 888 2826 988 2859; x_wconf 83' lang='lat' dir='ltr'><strong>propter</strong></span> <span class='ocrx_word' id='word_1_863' title='bbox 1000 2820 1161 2849; x_wconf 57' lang='lat' dir='ltr'><strong>Gallianum</strong></span> <span class='ocrx_word' id='word_1_864' title='bbox 1172 2819 1348 2855; x_wconf 74' lang='lat' dir='ltr'><strong>rebaptizaturi</strong></span> <span class='ocrx_word' id='word_1_865' title='bbox 1360 2818 1418 2846; x_wconf 67' lang='lat' dir='ltr'><strong>estis</strong></span> <span class='ocrx_word' id='word_1_866' title='bbox 1431 2817 1514 2845; x_wconf 71' lang='lat' dir='ltr'><strong>orbem</strong></span> <span class='ocrx_word' id='word_1_867' title='bbox 1528 2820 1649 2842; x_wconf 78' lang='lat' dir='ltr'><strong>terrarum</strong></span> <span class='ocrx_word' id='word_1_868' title='bbox 1657 2815 1671 2840; x_wconf 85' lang='lat'><strong><em>?</em></strong></span> 
     </span>
    </p>
   </div>
   <div class='ocr_carea' id='block_1_121' title="bbox 891 2860 1670 2898">
    <p class='ocr_par' dir='ltr' id='par_1_121' title="bbox 891 2860 1670 2898">
     <span class='ocr_line' id='line_1_121' title="bbox 891 2860 1670 2898; baseline -0.013 -3"><span class='ocrx_word' id='word_1_869' title='bbox 891 2868 946 2895; x_wconf 84' lang='lat' dir='ltr'><strong>Hac</strong></span> <span class='ocrx_word' id='word_1_870' title='bbox 957 2867 1087 2895; x_wconf 73' lang='lat' dir='ltr'><strong>securitate</strong></span> <span class='ocrx_word' id='word_1_871' title='bbox 1100 2866 1234 2893; x_wconf 68' lang='lat' dir='ltr'><strong>constituta</strong></span> <span class='ocrx_word' id='word_1_872' title='bbox 1244 2869 1268 2891; x_wconf 83' lang='lat' dir='ltr'><strong>et</strong></span> <span class='ocrx_word' id='word_1_873' title='bbox 1281 2865 1391 2898; x_wconf 75' lang='lat' dir='ltr'><strong>firmata,</strong></span> <span class='ocrx_word' id='word_1_874' title='bbox 1406 2862 1479 2897; x_wconf 69' lang='lat' dir='ltr'><strong>capit</strong></span> <span class='ocrx_word' id='word_1_875' title='bbox 1492 2860 1582 2887; x_wconf 79' lang='lat' dir='ltr'><strong>discuti</strong></span> <span class='ocrx_word' id='word_1_876' title='bbox 1591 2867 1670 2886; x_wconf 81' lang='lat' dir='ltr'><strong>causa</strong></span> 
     </span>
    </p>
   </div>
   <div class='ocr_carea' id='block_1_122' title="bbox 889 2904 1670 2947">
    <p class='ocr_par' dir='ltr' id='par_1_122' title="bbox 889 2904 1670 2947">
     <span class='ocr_line' id='line_1_122' title="bbox 889 2904 1670 2947; baseline -0.014 -5"><span class='ocrx_word' id='word_1_877' title='bbox 889 2913 1016 2943; x_wconf 74' lang='lat' dir='ltr'><strong>chiliani</strong></span> <span class='ocrx_word' id='word_1_878' title='bbox 1031 2912 1132 2947; x_wconf 83' lang='lat' dir='ltr'><strong>(Serm.</strong></span> <span class='ocrx_word' id='word_1_879' title='bbox 1144 2911 1206 2944; x_wconf 77' lang='lat'><strong>559,</strong></span> <span class='ocrx_word' id='word_1_880' title='bbox 1221 2919 1246 2937; x_wconf 78' lang='grc' dir='ltr'><strong>ιι.</strong></span> <span class='ocrx_word' id='word_1_881' title='bbox 1264 2908 1303 2944; x_wconf 88' lang='lat'><strong>6).</strong></span> <span class='ocrx_word' id='word_1_882' title='bbox 1318 2908 1434 2936; x_wconf 78' lang='lat' dir='ltr'><strong>Recitata</strong></span> <span class='ocrx_word' id='word_1_883' title='bbox 1446 2910 1488 2934; x_wconf 87' lang='lat' dir='ltr'><strong>est</strong></span> <span class='ocrx_word' id='word_1_884' title='bbox 1505 2905 1584 2940; x_wconf 89' lang='lat' dir='ltr'><strong>igitur</strong></span> <span class='ocrx_word' id='word_1_885' title='bbox 1597 2904 1670 2933; x_wconf 64' lang='lat' dir='ltr'><strong>Anu~</strong></span> 
     </span>
    </p>
   </div>
   <div class='ocr_carea' id='block_1_123' title="bbox 1391 2951 1597 2993">
    <p class='ocr_par' dir='ltr' id='par_1_123' title="bbox 1391 2951 1597 2993">
     <span class='ocr_line' id='line_1_123' title="bbox 1391 2951 1597 2993; baseline -0.01 -10"><span class='ocrx_word' id='word_1_886' title='bbox 1391 2951 1597 2993; x_wconf 65' lang='lat' dir='ltr'><strong>munione.)</strong></span> 
     </span>
    </p>
   </div>
   <div class='ocr_carea' id='block_1_124' title="bbox 1682 334 1688 362">
    <p class='ocr_par' dir='ltr' id='par_1_124' title="bbox 1682 334 1688 362">
     <span class='ocr_line' id='line_1_124' title="bbox 1682 334 1688 362; baseline 0 0"><span class='ocrx_word' id='word_1_887' title='bbox 1682 334 1688 362; x_wconf 71' lang='grc' dir='ltr'><em>ἱ</em></span> 
     </span>
    </p>
   </div>
   <div class='ocr_carea' id='block_1_125' title="bbox 1682 2979 1697 2997">
    <p class='ocr_par' dir='ltr' id='par_1_125' title="bbox 1682 2979 1697 2997">
     <span class='ocr_line' id='line_1_125' title="bbox 1682 2979 1697 2997; baseline 0 -3"><span class='ocrx_word' id='word_1_888' title='bbox 1682 2979 1697 2997; x_wconf 56' lang='grc' dir='ltr'><em>ῥ</em></span> 
     </span>
    </p>
   </div>
  </div>
