3858 6416
461 514 476 565 i

464 621 469 655 Ι

527 439 628 498 451

465 534 476 614 ζ
526 559 713 605 verum
741 557 772 599 a
807 542 1043 600 Tribuno
1069 542 1444 613 impetraturos
1470 549 1529 593 se
1553 536 1838 607 sperabant
1861 534 2099 591 eamdem

524 640 847 701 libertatem,
867 649 1026 706 quam
1050 649 1081 689 a
1106 630 1453 688 Constantino
1472 643 1568 698 per
1593 626 1965 682 hascelitteras
1985 641 2105 696 per-

456 749 459 751 '
525 731 746 787 missam
772 727 900 798 ipsis
915 740 1034 782 esse
1053 722 1267 794 patebat
1294 739 1307 775 :
1336 720 1429 777 sed
1461 719 1551 775 ille
1583 716 1724 773 aliud
1758 717 1857 773 sibi
1897 716 1963 771 ab
1994 716 2101 770 Ilo-

522 822 682 880 norio
708 826 1029 892 praeceptum
1066 830 1184 872 esse
1222 813 1496 885 respondit
1524 810 1730 884 (Collat.
1775 809 2012 880 Carthag.
2044 809 2099 875 5,

524 930 677 986 capp.
725 911 850 976 155,
887 907 1051 978 552).
1092 908 1265 975 Atque
1297 904 1431 959 adeo
1479 902 1610 957 nihil
1646 900 1788 955 aliud
1833 900 2100 954 consecuti

523 1016 650 1062 sunt
677 1002 897 1074 prolatis
917 1008 995 1055 tot
1018 996 1402 1059 instrumentis,
1436 993 1538 1049 nisi
1563 1002 1621 1048 ut
1656 993 1801 1062 ipsos
1829 991 2103 1046 damnatos

524 1097 693 1153 fuisse
740 1094 914 1165 palam
953 1091 1134 1154 fieret;
1166 1087 1430 1156 simulque
1458 1084 1901 1139 convincerentur
1942 1094 2099 1151 quam

523 1187 709 1258 inique
736 1182 1024 1240 Catholicis
1044 1178 1226 1235 odium
1252 1185 1306 1232 et
1325 1176 1573 1231 invidiam
1601 1182 1815 1245 propter
1836 1173 1889 1227 id
1918 1170 2099 1227 conci-

524 1283 760 1340 tassent;
783 1272 923 1343 quod
946 1269 1086 1341 apud
1112 1268 1488 1339 Imperatorem
1509 1280 1723 1321 causam
1743 1263 1973 1333 egissent
1996 1261 2104 1315 Ec-

524 1369 734 1432 clesite;
758 1380 880 1420 cum
903 1370 957 1419 et
984 1362 1085 1432 ipsi
1103 1360 1444 1417 Caecilianum
1473 1372 1504 1411 a
1533 1354 1822 1426 majoribus
1836 1354 1947 1409 suis
1965 1351 2104 1422 apud

528 1455 931 1513 Constantinum
957 1451 1255 1507 faterentur
1281 1455 1607 1512 accusatum,
1636 1446 1803 1515 iisque
1831 1443 2103 1514 agentibus

523 1548 594 1604 ab
619 1549 709 1603 illo
734 1546 1059 1610 damnatum,
1087 1542 1189 1598 etsi
1216 1538 1560 1603 mendaciter,
1587 1537 1890 1607 jactitarent
1910 1533 2100 1605 (Epist.

528 1639 650 1704 141,
683 1654 735 1690 n.
772 1636 848 1707 8).
883 1633 999 1690 Jam
1038 1632 1350 1687 videbantur
1384 1629 1572 1683 afferre
1601 1626 1731 1681 nihil
1754 1640 1931 1695 posse,
1962 1622 2104 1693 quod

522 1728 817 1785 Ecclesiam
842 1722 1159 1781 cumulatius
1179 1721 1453 1791 adjuvaret
1480 1736 1492 1772 :
1516 1717 1802 1772 attulerunt
1831 1723 2025 1778 tamen,
2050 1720 2107 1768 et

523 1836 634 1877 non
670 1834 824 1874 secus
866 1832 929 1872 ac
964 1815 1172 1869 Balaam
1206 1812 1375 1867 invito
1408 1809 1589 1864 animo
1628 1806 1719 1862 Dei
1753 1804 1944 1874 populo
1970 1802 2106 1858 bene

523 1918 768 1981 precatus
793 1917 904 1971 est;
937 1906 1015 1961 sic
1040 1905 1126 1960 isti
1156 1913 1340 1958 contra
1369 1902 1696 1956 voluntatem
1726 1896 1962 1968 partibus
1999 1895 2104 1949 Ec-

523 2002 699 2056 clesiae
726 1998 1018 2063 catholicae,
1046 1998 1155 2052 Deo
1184 1994 1557 2064 compellente,
1580 1992 1771 2046 mirum
1802 1991 1854 2044 in
1885 1988 2102 2044 modum

523 2090 787 2144 faverunt.
815 2087 1019 2157 Quippe
1049 2086 1102 2140 in
1133 2100 1248 2140 rem
1270 2083 1523 2138 Ecclesiae
1551 2088 1684 2145 erat,
1709 2079 1942 2134 Felicem
1972 2092 2104 2148 quo-

524 2197 631 2254 que
656 2181 1071 2250 Aptungensem,
1098 2193 1126 2230 a
1155 2190 1258 2248 quo
1276 2174 1448 2230 fuerat
1475 2173 1750 2229 ordinatus
1766 2171 2101 2235 Caecilianus,

524 2272 862 2329 innocentem
910 2269 1275 2325 demonstrare
1315 2284 1327 2318 :
1377 2266 1526 2335 cujus
1567 2263 1781 2334 quidem
1824 2263 1900 2316 rei
1934 2261 2103 2315 docu-

524 2371 703 2419 menta
728 2359 1011 2417 Catholicis
1050 2357 1116 2412 ad
1152 2371 1365 2411 manum
1405 2363 1578 2419 erant,
1611 2362 1663 2407 ut
1692 2367 1775 2418 ea,
1807 2351 1898 2405 ubi
1926 2365 2101 2405 causa:

522 2454 659 2509 ratio
698 2454 749 2507 id
794 2452 1101 2521 postularet,
1134 2449 1512 2517 depromerem
1541 2464 1553 2498 :
1588 2458 1757 2514 neque
1787 2450 1962 2497 tamen
2003 2442 2105 2496 illis

522 2545 745 2600 forsitan
788 2542 869 2596 usi
904 2548 1104 2605 essent,
1154 2536 1364 2608 quando
1410 2535 1540 2590 satis
1586 2532 1797 2588 aliunde
1825 2530 2104 2587 manifesta

525 2642 643 2689 erat
679 2630 945 2686 Caeciliani
973 2628 1293 2684 innocentia.
1324 2626 1429 2682 Sed
1462 2626 1606 2696 ipsos
1638 2625 1925 2679 Donatistae
1962 2637 2102 2693 prte-

522 2730 817 2788 verterunt,
853 2728 906 2776 et
929 2718 1284 2784 Constantini,
1313 2716 1454 2788 quod
1493 2715 1726 2770 facturos
1756 2715 1874 2769 illos
1898 2727 2106 2783 speras-

523 2821 607 2869 set
633 2826 811 2877 nemo,
838 2811 1038 2865 litteras
1068 2809 1121 2864 in
1154 2808 1330 2863 medio
1359 2821 1603 2877 posuere,
1631 2805 1842 2874 quibus,
1864 2802 2103 2859 discussa

520 2919 697 2970 causa,
732 2902 963 2960 Felicem
991 2918 1021 2956 a
1048 2899 1344 2955 traditionis
1382 2899 1605 2955 crimine
1636 2897 1914 2953 liberatum
1941 2896 2104 2951 fuisse

523 2996 875 3068 agnoscebat;
916 2994 1162 3064 idemque
1205 2991 1555 3055 decernebat,
1587 2999 1646 3044 ut
1689 2989 1973 3060 Ingentius,
2014 2989 2103 3057 qui

521 3088 777 3143 adversus
800 3086 1054 3149 Felicem,
1095 3082 1285 3137 falsum
1329 3098 1387 3137 se
1429 3081 1620 3137 fecisse
1657 3081 1829 3134 fassus
1871 3087 2005 3144 erat,
2036 3078 2104 3133 ad

521 3178 861 3241 Comitatum,
890 3175 979 3229 ubi
998 3174 1263 3228 Cmciliani
1284 3182 1622 3227 accusatores
1644 3170 1852 3224 molesti
1879 3169 2103 3223 nimium

523 3284 587 3323 ac
612 3267 908 3337 pertinaces
936 3263 1238 3318 confutandi
1268 3270 1438 3326 erant,
1467 3261 1782 3315 mitteretur.
1817 3260 2104 3314 Donatistae

526 3362 728 3414 litteras
769 3357 905 3421 illas,
934 3354 1066 3425 ipsis
1103 3352 1445 3408 vehementer
1480 3352 1749 3416 adversas,
1774 3366 1838 3405 eo
1864 3349 2101 3420 profere-

521 3448 669 3511 bant,
700 3443 839 3516 quod
874 3457 966 3500 eas
1001 3442 1261 3497 sententia
1301 3442 1353 3496 in
1393 3443 1533 3510 ipsos
1562 3456 1590 3493 a
1617 3440 1960 3495 Constantino
1999 3440 2101 3494 lata

523 3536 844 3605 posteriores
871 3532 1056 3589 haberi
1080 3532 1276 3587 vellent
1308 3549 1320 3584 :
1351 3546 1456 3602 quo
1493 3530 1738 3586 videlicet
1775 3545 1985 3585 causam
2012 3545 2102 3586 eo—

522 3627 645 3681 dem
692 3625 782 3680 illo
824 3622 1025 3693 judicio
1068 3621 1448 3692 persuaderent
1491 3621 1691 3675 fluimm
1737 3622 1881 3676 nullo
1942 3620 2101 3677 modo

521 3715 713 3779 fuisse;
748 3721 906 3784 atque
934 3711 1072 3768 adeo
1101 3711 1390 3766 examinari
1429 3719 1696 3780 oportere,
1730 3711 1852 3781 quid
1881 3709 2102 3779 hujusce

523 3806 741 3876 Ingentii
780 3804 1091 3861 missionem
1115 3810 1260 3857 esset
1284 3810 1627 3857 consecutum
1666 3802 1769 3871 (Ad
1812 3800 2101 3855 Donatistas

526 3906 637 3966 post
668 3896 876 3963 Collat.,
903 3912 957 3949 n.
988 3892 1099 3966 55).
1143 3892 1250 3947 Sed
1293 3892 1712 3962 respondebatur
1738 3905 1769 3946 a
1795 3890 2097 3957 Catholicis,

522 3990 655 4045 nihil
678 3989 905 4058 amplius
925 4002 1042 4044 esse
1061 3985 1226 4049 dubii,
1254 3984 1382 4055 quin
1411 3984 1682 4039 absolutus
1702 3982 1889 4038 fuisset
1909 3998 1937 4036 a
1965 3983 2102 4037 Con-

519 4081 755 4135 stantino
781 4078 1130 4143 Cmcilianus;
1166 4076 1380 4146 jamque
1416 4075 1519 4131 hoc
1552 4075 1653 4130 illis
1683 4075 2009 4140 incumbere,
2043 4083 2101 4128 ut

522 4171 817 4226 institutum
851 4170 1073 4225 alterum
1094 4168 1352 4237 judicium
1378 4169 1704 4239 argumentis
1733 4168 1981 4238 legitimis
2000 4167 2098 4223 do-

522 4269 707 4316 cerent
731 4258 946 4330 (Breuic.
970 4258 1157 4314 Collat.
1187 4260 1240 4324 5,
1269 4276 1322 4312 n.
1346 4258 1461 4329 42).
1489 4258 1626 4325 Quin
1658 4269 1862 4328 postea,
1898 4259 2101 4314 collatis

521 4354 661 4410 inter
685 4367 744 4408 se
765 4361 1061 4421 temporum
1089 4351 1248 4414 notis,
1274 4350 1599 4406 intellectum
1625 4359 1707 4405 est
1731 4350 1953 4421 Ingentii
1974 4366 2100 4405 cau-

520 4460 633 4500 sam
681 4442 1010 4499 absolutione
1045 4441 1315 4497 Caeciliani
1352 4441 1585 4511 priorem
1632 4441 1916 4496 exstitisse.
1967 4440 2103 4497 Hinc

518 4539 732 4594 interim
773 4537 902 4593 illud
939 4536 1238 4608 compendii
1278 4535 1563 4591 accedebat
1590 4535 1899 4602 Catholicis,
1937 4536 2098 4606 quod,

519 4630 711 4696 quibus
754 4630 1069 4684 testimoniis
1107 4628 1388 4684 utebantur
1434 4629 1745 4695 adversarii,
1774 4645 1836 4685 ea
1879 4628 2103 4685 mirifice

524 4716 718 4773 Felicis
759 4720 1112 4775 innocentiam
1160 4720 1522 4777 adstruebant.
1573 4722 1719 4777 Hanc
1781 4731 1959 4777 tamen
2000 4721 2101 4791 ipsi

521 4821 732 4875 quoque
755 4818 1009 4876 praeterea
1050 4810 1519 4879 confirmaverunt,
1547 4812 1719 4868 oblata
1746 4812 1940 4869 ἆ]ιίεηί
1972 4828 2099 4882 pro-

520 4896 777 4962 consulis,
802 4898 889 4966 qui
918 4898 984 4952 de
1013 4913 1171 4954 causa
1209 4900 1349 4956 illius
1375 4913 1722 4971 cognoverat,
1748 4905 2006 4960 relatione
2031 4903 2099 4958 ad

519 4984 924 5041 Constantinum
944 5003 958 5051 ;
991 4988 1097 5043 imo
1112 4997 1166 5044 et
1192 4990 1321 5059 ipsis
1339 4991 1576 5061 ejusdem
1595 4996 1909 5064 cognitionis
1934 4996 2095 5063 actis;

520 5074 589 5131 ad
611 5091 730 5146 qua:
753 5088 1093 5134 monumenta
1118 5081 1257 5150 quod
1286 5091 1643 5150 opponerent,
1672 5085 1801 5139 nihil
1844 5087 2097 5155 ponderis

452 5214 455 5217 ἰ
519 5164 747 5234 alicujus
772 5166 1046 5222 inventum
1072 5184 1102 5222 a
1128 5169 1437 5224 Donatistis.

594 5256 683 5309 11.
722 5254 978 5312 Catholici
1009 5259 1241 5325 tandem,
1278 5261 1366 5315 ubi
1398 5259 1577 5316 videre
1604 5263 1713 5331 jam
1747 5266 1875 5319 satis
1900 5281 1960 5321 ea
1982 5269 2094 5324 dis-

517 5360 673 5402 cussa
706 5361 845 5415 esse,
863 5362 983 5417 qua:
1016 5349 1117 5404 sibi
1144 5348 1475 5405 defendenda
1502 5349 1731 5419 fuerant,
1759 5355 2021 5423 petierunt
2041 5367 2098 5412 ut

517 5439 665 5495 litem
680 5439 932 5510 Cognitor
947 5442 1208 5496 sententia
1233 5457 1327 5496 sua
1354 5442 1529 5497 (iniret
1550 5443 1755 5513 (Collat.
1775 5445 2015 5519 Cartliag.
2037 5451 2091 5518 5,

516 5545 666 5600 capp.
686 5528 974 5602 571,576).
998 5531 1285 5587 Donatista
1301 5540 1486 5587 contra
1515 5533 1699 5590 eadem
1727 5536 1841 5591 sine
1871 5539 1973 5593 fine
2009 5541 2092 5594 in-

512 5621 787 5689 gerebant,
810 5630 865 5676 et
891 5637 1008 5691 qua:
1029 5622 1130 5693 ipsi
1151 5638 1248 5694 pro
1275 5638 1332 5679 se
1352 5625 1655 5694 attulerant,
1679 5643 1741 5683 ea
1760 5630 2095 5699 queritaban-

518 5713 606 5794 tur
627 5722 694 5765 ex
713 5710 982 5769 voluntate
1006 5712 1429 5771 adversariorum
1454 5716 1745 5774 adulterata
1766 5718 1949 5789 (lbid.,
1973 5740 2088 5794 cap.

522 5792 666 5866 585).
705 5796 878 5863 Quare
919 5811 1193 5873 comperto
1230 5803 1337 5875 jam
1375 5808 1495 5864 novi
1551 5808 1908 5877 instrumenti,
1950 5792 2091 5881 quod

1667 424 1830 481 VITA
1868 424 1924 481 S.
1966 420 2325 482 AUGUSTINI
2363 420 2683 482 EPISCOPI.

3597 442 3673 499 ιω

2212 534 2499 606 legeretur,
2522 536 2651 590 nihil
2674 546 2970 607 superesse,
2985 534 3298 595 Marcellinus
3316 550 3470 611 partes
3487 552 3673 620 utrasque

2209 626 2383 680 locum
2428 626 2705 680 sententiae
2753 626 3043 681 scribenda:
3084 628 3361 686 secedendo
3402 633 3512 689 dare
3543 637 3673 707 jussit.

2209 714 2403 771 Oborta
2420 715 2634 771 demum
2664 726 2817 771 nocte
2843 714 2943 788 (Ad
2958 715 3237 773 Donatistas
3256 732 3356 790 post
3365 721 3541 792 Callet,
3555 744 3595 780 η.
3611 730 3676 800 16)

2212 806 2357 878 (nam
2387 808 2471 863 illa
2496 817 2652 864 aetate
2676 824 2818 879 saepe
2836 810 3187 880 contingebat,
3212 824 3268 867 ut
3285 813 3468 882 iudices
3488 820 3676 875 audiendi

2210 899 2525 955 necessitate
2552 914 2716 970 usque
2742 900 2807 954 ad
2829 900 3048 955 multam
3070 910 3272 957 noctem
3296 904 3462 960 sedere
3484 921 3677 977 cogeren-

2211 998 2315 1057 tur,
2348 1005 2447 1045 nec
2473 990 2574 1045 nisi
2599 999 2759 1046 noctu
2786 992 2907 1047 lites
2932 990 3277 1065 dirimerent),
3301 995 3530 1066 episcopis
3548 1014 3680 1057 rursus

2211 1081 2471 1136 introduci
2510 1082 2696 1152 jussis,
2743 1082 3080 1138 Marcellinus
3134 1084 3428 1140 sententiam
3469 1088 3680 1145 recitavit:

2209 1188 2311 1242 qua
2339 1182 2503 1229 totum
2528 1176 2832 1231 summatim
2872 1175 3138 1245 negotium
3182 1176 3480 1246 complexus,
3504 1178 3682 1234 confuta-

2211 1269 2294 1317 tos
2328 1280 2359 1317 a
2395 1263 2685 1320 Catholicis
2718 1264 3019 1319 Donatistas
3063 1264 3293 1319 omnium
3340 1275 3681 1336 argumentorum

2209 1352 2632 1408 manifestatione
2659 1353 3034 1423 pronuntiavit.
3063 1352 3213 1420 Quod
3251 1328 3552 1425 posteaquam
3581 1358 3682 1411 evul-
3790 1328 3791 1385 ι

2212 1452 2389 1513 gutum
2432 1450 2535 1507 est,
2580 1443 2772 1497 mirum
2819 1451 3016 1514 quanta
3060 1443 3256 1498 exstitit
3297 1445 3505 1500 omnium
3540 1445 3682 1513 latitia,

2211 1533 2351 1603 quod
2379 1534 2518 1589 Deus
2559 1535 2791 1602 tandem,
2820 1550 2850 1590 a
2890 1535 3082 1605 quibus
3106 1542 3270 1592 staret
3285 1538 3477 1602 veritas,
3500 1552 3526 1591 a
3554 1538 3685 1608 quibus

2209 1633 2387 1679 autem
2435 1625 2767 1680 mendacium
2818 1637 2977 1695 atque
3018 1640 3189 1694 error,
3220 1625 3684 1696 prodidisset(Couat.

2213 1714 2450 1786 Carthag.
2481 1716 2698 1787 5,capp.
2731 1715 2856 1784 584,
2888 1716 3039 1786 585).

2808 1846 3032 1904 CAPUT
3072 1848 3210 1903 XIII.

2214 1938 2237 1991 1
2273 1937 2527 2002 Quantum
2548 1939 2806 1992 eminuerit
2832 1940 2884 1993 in
2907 1939 3186 1994 Collatione
3204 1939 3539 2009 Augustinuﬂ
3555 1939 3678 2012 Quas-

2280 2028 2508 2081 tistarum
2533 2038 2652 2101 quot
2680 2030 2819 2083 trioa:
2837 2045 2896 2083 ac
2923 2031 3365 2100 tergiversationcs.
3395 2032 3427 2086 ’ὃ
3449 2031 3578 2097 Quam
3603 2048 3687 2101 pnt-

2282 2120 2452 2174 denter
2476 2137 2580 2175 sese
2606 2122 2809 2192 gesserit
2834 2121 3185 2178 Marcellinus.
3212 2123 3245 2178 4
3269 2122 3517 2179 Donatista
3543 2124 3594 2176 ad
3614 2122 3686 2177 Im-

2283 2220 2556 2279 peratorem
2586 2222 2873 2282 prouocant.
2902 2213 2937 2269 5
2963 2211 3263 2269 Collationis
3296 2223 3401 2268 acta
3436 2212 3683 2267 Maecilius:

2280 2302 2465 2371 scripto
2494 2302 2545 2355 in
2585 2302 2923 2358 schismaticos
2957 2305 3122 2361 edicto
3162 2308 3453 2379 promulgat.
3478 2306 3688 2362 61am-

2283 2390 2521 2459 pendium
2547 2392 2636 2444 illa
2667 2393 2845 2464 redigit
2874 2393 3206 2466 Augustinus.
3238 2397 3270 2451 7
3297 2395 3415 2453 Post
3445 2396 3693 2451 Coliationent

2282 2484 2560 2554 frequentes
2593 2484 2661 2536 ad
2689 2483 2965 2540 Ecclesium
2991 2503 3044 2542 se
3071 2489 3320 2559 recipiunt
3341 2488 3593 2544 Donatista.
3614 2484 3692 2541 81a

2282 2573 2358 2628 his
2379 2575 2675 2628 nominatim
2702 2576 2924 2633 Gabinus
2948 2595 3007 2632 ac
3026 2580 3171 2651 virgo
3200 2579 3407 2635 Felicia.

2282 2705 2332 2759 1.
2366 2704 2417 2762 Is
2443 2706 2613 2761 exitus
2638 2707 2737 2762 fuit
2763 2709 3099 2767 celeberrimi
3124 2713 3265 2768 illius
3296 2719 3571 2775 conventus,
3594 2720 3699 2779 quem

2210 2794 2455 2850 Africana
2480 2797 2713 2854 Ecclesia
2751 2799 2862 2868 jam
2901 2810 3039 2857 totus
3095 2812 3220 2859 octo
3273 2819 3437 2859 annos
3480 2800 3700 2872 expetebat.

2210 2902 2472 2958 quemque
2499 2889 2552 2943 in
2575 2890 2854 2962 praecipuis
2879 2893 3224 2965 episcopatus
3242 2894 3503 2965 Augustini
3520 2889 3703 2947 fructibm
3790 2889 3791 2965 ξ

2205 2981 2324 3048 jure
2352 2996 2713 3037 numeramus.
2745 2981 2904 3038 Certe
2931 2985 3155 3055 quidem
3189 2994 3340 3042 extra
3380 2979 3703 3040 controversiam

2210 3078 2313 3136 est,
2344 3070 2515 3140 ipsum
2545 3086 2610 3126 ex
2632 3071 3021 3130 Catliolicorum
3050 3085 3207 3146 parte
3228 3077 3343 3147 ejus
3375 3074 3510 3147 quasi
3543 3078 3701 3126 mentem
3790 3070 3791 3109 1

2208 3160 2499 3225 exstitisse;
2525 3176 2625 3217 nec
2642 3162 2764 3230 alia,
2792 3172 2848 3218 ut
2866 3179 2963 3219 nos
2996 3165 3218 3235 quidem
3246 3167 3559 3229 arbitramur,
3580 3158 3705 3214 ullare
3790 3200 3791 3207 η

2208 3250 2398 3305 melius
2429 3252 2757 3323 intelligitur,
2791 3263 3045 3324 quantum
3089 3257 3307 3328 ingenio
3339 3254 3545 3311 valuerit
3581 3248 3707 3303 doctor

2209 3342 2295 3397 ille
2325 3358 2387 3398 ac
2407 3343 2597 3399 vindex
2624 3345 2894 3401 Ecclesiae.
2918 3348 3135 3404 Etenim
3161 3350 3286 3405 licet
3309 3348 3493 3419 ubique
3514 3346 3605 3416 ipse
3623 3353 3711 3410 Ρη

2207 3436 2378 3492 claras
2408 3437 2584 3507 Alypii
2606 3437 2762 3493 dotes
2784 3440 3025 3505 extollat,
3060 3442 3188 3498 licet
3221 3444 3379 3497 etiam
3402 3438 3569 3510 quibus
3584 3432 3710 3521 dispuf

2207 3526 2353 3582 tandi
2415 3527 2685 3598 provincia
2745 3529 3066 3586 demandata
3119 3542 3243 3599 est,
3293 3532 3328 3586 ii
3384 3528 3532 3586 dubio
3589 3519 3712 3595 procul
3790 3530 3791 3601 ξ

2208 3619 2446 3673 omnium
2470 3619 2835 3676 Africanorum
2862 3622 3165 3679 antistitum
3197 3623 3315 3695 ejus
3335 3620 3494 3677 aetatis
3508 3610 3713 3673 clarissuni

2200 3710 2351 3781 juxta
2403 3726 2466 3766 ac
2512 3713 2817 3781 peritissimi
2854 3712 3091 3781 fuerint;
3136 3713 3475 3770 nihilosecius
3517 3703 3716 3765 tamenin
3790 3703 3791 3781 ξ

2206 3803 2452 3858 omnibus
2482 3804 2762 3873 Augustini
2811 3804 2985 3870 dictis,
3016 3821 3082 3861 ea
3136 3807 3341 3862 dilucet
3382 3800 3557 3874 ingenii
3583 3797 3715 3859 vis.ea

2206 3893 2431 3950 facilitas
2455 3909 2518 3949 ac
2546 3897 2799 3961 suavitas,
2832 3906 3034 3953 tantum
3078 3898 3316 3971 denique
3352 3896 3522 3969 gratiae
3545 3886 3665 3946 simul
3685 3891 3719 3939 et
3790 3912 3791 3917 π

2207 4001 2516 4055 nervorum,
2533 3995 2590 4041 ut
2609 3986 2833 4042 aliorum
2861 4003 2971 4057 prae
2987 3988 3079 4043 illo
3102 3990 3302 4044 lumina
3324 3990 3623 4045 evanescant.
3639 3988 3720 4033 ω·

2206 4074 2635 4148 tinguanturque.
2676 4077 3007 4133 Juridiciales
3052 4078 3342 4144 formulas,
3391 4086 3443 4134 et
3480 4086 3631 4132 curam
3658 4062 3721 4122 οδ·

2205 4168 2450 4223 servandi
2487 4169 2657 4224 sicubi
2690 4169 2957 4240 quidpiam
2997 4182 3235 4240 peccent
3272 4169 3561 4232 Donatistm,
3585 4155 3722 4229 Alypio

2205 4270 2262 4317 et
2280 4260 2520 4316 Possidio
2566 4261 2817 4331 relinquit
2867 4280 2880 4316 :
2925 4271 2980 4316 at
3004 4264 3223 4332 quoties
3262 4261 3427 4317 ardua
3464 4251 3661 4330 quaedam
3688 4251 3725 4315 ει

2204 4353 2382 4421 magni
2433 4350 2693 4406 momenti
2720 4351 2942 4421 quaestio
2980 4353 3253 4424 agitatur,
3281 4362 3376 4408 aut
3414 4344 3635 4406 ﬁrmanda
3667 4342 3723 4393 esi

2208 4445 2461 4500 Ecclesiae
2501 4443 2655 4511 fides,
2697 4452 2809 4499 tum
2836 4461 2966 4501 vero
2995 4446 3072 4502 illi
3118 4444 3455 4519 disceptandi
3490 4450 3643 4499 munus
3680 4441 3723 4481 ³ο

2208 4538 2377 4593 vicem
2422 4552 2606 4593 omnes
2631 4536 2897 4594 deferunt.
2927 4538 3066 4594 Hinc
3092 4549 3180 4595 est
3207 4555 3309 4596 cur
3352 4553 3472 4594 eum
3508 4535 3554 4589 in
3590 4521 3722 4599 primis

2206 4628 2409 4684 duabus
2434 4627 2811 4685 Collationibus
2834 4630 2920 4685 vix
2939 4629 3235 4701 quidquam
3265 4630 3496 4685 locutum
3520 4614 3726 4691 reperias:

2205 4718 2259 4773 in
2307 4718 2372 4775 iis
2398 4733 2525 4774 vero
2550 4734 2669 4789 qua:
2709 4720 2863 4775 nobis
2897 4735 2929 4776 e
2956 4721 3113 4776 tertia
3144 4721 3339 4776 relicta
3367 4726 3505 4780 sunt,
3530 4714 3730 4777 ιιυείιιιεω

2203 4808 2319 4866 fere
2344 4810 2489 4865 illum
2524 4825 2631 4865 non
2658 4810 2952 4867 audiamus.
2984 4811 3040 4868 Si
3072 4813 3170 4883 qui
3205 4827 3370 4883 porro
3405 4801 3731 4865 animadverte-

2203 4910 2345 4967 runt,
2375 4901 2563 4958 eadem
2595 4902 2663 4958 ab
2683 4902 2775 4959 illo
2801 4902 2854 4957 in
2880 4903 2991 4959 suis
3017 4903 3176 4959 libris
3206 4905 3379 4960 multo
3403 4897 3584 4957 clarius
3604 4906 3654 4946 ac
3668 4899 3733 4938 τε·
3790 4924 3791 4967 ί

2202 4991 2501 5048 hementius
2528 5001 2769 5061 tractata,
2796 5008 2953 5064 quam
2984 4994 3039 5049 in
3064 4994 3402 5060 Collatione;
3442 4990 3590 5047 iidem
3621 4971 3737 5037 simul

2201 5084 2540 5153 conﬁtentur,
2569 5072 2675 5141 non
2694 5085 2906 5142 licuisse
2931 5086 3005 5141 illi
3024 5101 3127 5157 per
3155 5088 3466 5158 frequentes
3490 5075 3737 5139 Donatisln‘

2199 5193 2319 5232 rum
2363 5178 2811 5249 interpellationes
2853 5178 3040 5235 eadem
3091 5179 3257 5236 isthic
3306 5176 3501 5250 ingenii
3549 5170 3739 5227 libertate

2199 5282 2355 5339 agere
2382 5269 2556 5341 (Bald.
2585 5270 2639 5323 in
2666 5269 2895 5324 Historia
2923 5270 3141 5337 Collat.,
3173 5289 3299 5343 pag.
3330 5270 3453 5336 res,
3483 5266 3539 5331 ο,
3560 5260 3640 5334 ο).
3662 5252 3742 5310 Nec

2199 5358 2339 5415 forte
2369 5361 2635 5416 immerito
2663 5370 2755 5416 aut
2783 5360 3080 5418 istiusmodi
3113 5359 3524 5431 perturbationi,
3544 5360 3625 5408 aut
3645 5358 3740 5402 con-

2199 5449 2448 5505 tentionis
2487 5451 2683 5506 fervori
2710 5452 2975 5519 tribueris,
3004 5452 3152 5521 quod
3195 5453 3531 5509 observatum
3568 5439 3743 5515 quib“?

2196 5537 2339 5605 dam,
2363 5549 2611 5611 tanquam
2628 5542 2698 5599 ab
2721 5543 2922 5598 incuria
2949 5540 3281 5612 profectum,
3296 5542 3435 5597 inter
3460 5531 3743 5623 sacramele

2196 5631 2345 5703 regni
2373 5632 2543 5701 Judaa,
2571 5649 2691 5705 quas
2735 5634 2967 5705 legitima
2996 5643 3174 5701 erant,
3201 5644 3258 5691 et
3295 5632 3450 5705 regni
3475 5629 3655 5691 Israel,
3679 5616 3744 5672 ubi

2195 5732 2389 5791 Praeter
2407 5725 2578 5795 legem
2604 5727 3030 5793 celebrabantur,
3058 5740 3174 5781 non
3190 5728 3327 5781 satis
3353 5721 3643 5779 distinxisse
3663 5708 3737 5764 6³·

2195 5814 2449 5882 tholicos;
2472 5818 2565 5874 sed
2593 5819 2881 5890 generatim
2896 5818 3226 5887 afﬁrmasse,
3258 5815 3578 5891 repudiatam
3599 5822 3629 5863 ι
3642 5802 3747 5887 PN"
