3858 6392
229 405 307 464 ωδ
1300 430 1302 432 τ
1321 391 1325 394 ’
1565 396 1769 455 LIBER
1801 396 2086 457 SEXTUS.
2286 393 2304 436 ί

228 519 359 592 poetis
380 529 657 587 nunquam
685 515 865 572 fuisse
888 513 1214 572 Judaicorum
1238 523 1510 570 sacrorum
1532 524 1768 567 commu-

275 705 319 759 2.
351 701 425 758 Ex
445 699 594 757 omni
623 714 762 756 sane
799 709 1030 756 actorum
1071 705 1321 754 contextu
1356 695 1634 752 advertere
1659 704 1759 761 est,

182 827 192 865 τ
226 806 322 870 quot
351 803 504 861 artes,
540 801 677 864 quot
696 792 1058 848 cavillationes
1084 788 1428 845 adhibuerim
1453 787 1758 842 Donatistae.

3352 408 3462 467 454

1875 529 1991 566 men
2013 513 2176 567 solum
2219 529 2423 568 causam
2450 522 2552 569 tam
2589 518 2854 587 pessimam
2894 529 3165 593 utcumque
3209 521 3458 593 adjuvare

1874 611 2160 671 potuerunt,
2191 619 2341 674 quam
2366 604 2534 675 potius
2564 605 2784 662 deserere
2811 609 3105 665 debuerunt.
3137 608 3366 682 Denique
3394 614 3444 668 si

1871 692 1926 746 in
1950 692 2087 758 illos,
2135 694 2223 764 qui
2265 706 2490 766 egerunt,
2535 697 2797 753 intendant
2834 703 3000 756 centeri
3046 703 3413 758 accusationem
3432 748 3451 772 ,

1869 801 2050 856 eosque
2077 788 2244 856 potius
2267 798 2492 842 asserunt
2532 806 2565 842 a
2604 789 2743 845 nobis
2779 792 2933 862 fuisse
2958 803 3240 864 corruptos,
3282 805 3338 848 ut
3377 805 3456 850 tot

225 888 471 947 Petilianus
495 887 586 958 qui
626 885 885 942 causidici
911 898 1103 940 munus
1131 884 1184 939 in
1213 882 1331 938 foro
1359 882 1581 948 obicrat,
1605 891 1762 951 atque
1869 879 2316 949 prosecutionibus,
2343 881 2420 935 vel
2447 898 2480 935 a
2505 897 2559 936 se
2577 882 2789 953 prolatis
2814 882 3104 938 lectionibus
3126 886 3196 939 sic
3225 886 3444 957 adjuva-

227 984 266 1039 in
286 981 367 1035 bac
388 992 537 1034 causa
566 986 753 1048 partes
778 977 887 1048 agit
913 975 1224 1048 praecipuas,
1253 973 1420 1028 multo
1445 973 1612 1044 magis
1641 980 1756 1026 arte

226 1072 405 1138 lorensi,
426 1084 580 1140 quam
599 1068 964 1126 ecclesiastica
983 1066 1222 1122 doctrina
1253 1064 1454 1134 pollere
1473 1078 1532 1119 se
1557 1062 1753 1133 prodit.

229 1163 445 1220 Emeritos
465 1175 622 1226 vero,
651 1160 743 1230 qui
769 1157 1027 1214 secundas
1061 1156 1174 1227 ipse
1213 1156 1455 1222 sustinet,
1481 1156 1580 1210 etsi
1606 1153 1757 1209 vide-

230 1263 302 1310 tur
321 1254 462 1324 aliqua
485 1251 742 1322 prie-ditus
765 1249 975 1306 dicendi
999 1249 1266 1314 facultate,
1297 1255 1442 1300 tanta
1468 1245 1754 1302 verborum

223 1345 410 1414 ambage
426 1350 650 1398 mentem
672 1340 944 1411 exprimit,
964 1348 1020 1394 ut
1038 1352 1157 1394 eam
1180 1337 1488 1407 plerumque
1506 1351 1647 1407 mgre
1664 1335 1752 1390 ad-

219 1435 747 1504 modumassequamur
769 1430 946 1505 (Bald.
963 1431 1016 1484 in
1035 1428 1264 1483 Historia
1279 1427 1464 1482 Collat.
1484 1445 1601 1498 pag.
1623 1427 1751 1495 125)

215 1525 472 1583 [oratoriae
483 1539 664 1580 eorum
684 1522 1100 1592 vitilitigationes
1120 1536 1183 1576 ac
1201 1519 1434 1590 struphze
1461 1535 1528 1575 eo
1544 1529 1752 1590 specta-

213 1618 322 1674 bant
341 1629 534 1682 omnes,
561 1622 620 1668 ut
635 1614 715 1670 rei
735 1613 1062 1669 decisionem
1085 1611 1374 1667 traherent.
1393 1611 1511 1680 Quo
1528 1610 1746 1678 factum,

209 1721 259 1766 ut
271 1711 420 1766 multo
434 1710 544 1779 plus
561 1705 815 1776 temporis
829 1714 883 1761 et
897 1704 1181 1761 verborum
1195 1705 1248 1758 in
1266 1703 1506 1760 leviculis
1523 1703 1683 1758 rebus
1696 1711 1752 1758 et

205 1817 232 1855 a
249 1803 497 1872 proposito
513 1798 697 1854 alienis
721 1797 1046 1866 insumptum
1066 1795 1156 1860 sit,
1181 1809 1340 1866 quam
1363 1795 1418 1849 in
1438 1798 1553 1864 ipso
1572 1809 1748 1848 causae

203 1892 382 1962 capite.
402 1891 501 1945 lo
512 1890 684 1945 verius
698 1887 918 1951 dixeris,
943 1886 1062 1941 illos
1083 1885 1184 1941 hoc
1200 1900 1364 1940 unum
1383 1893 1595 1940 secutos
1615 1884 1750 1940 luis-

211 1998 291 2050 se,
306 1992 362 2037 ut
384 1981 561 2051 agendo
577 1979 762 2044 multa,
788 1992 1008 2049 prorsus
1031 1984 1277 2048 ageretur
1302 1974 1454 2030 nihil.
1478 1975 1610 2030 Hinc
1635 1975 1744 2030 Do-

216 2073 426 2128 natistae
445 2071 700 2140 alloquitur
717 2078 938 2124 sanctus
963 2067 1289 2138 Augustinus
1315 2067 1368 2120 in
1392 2065 1508 2121 haec
1541 2065 1703 2120 verba
1729 2083 1743 2119 :

214 2161 345 2216 Ecce
359 2161 554 2230 episcopi
573 2159 712 2230 partis
730 2167 930 2224 uestrae,
956 2173 1080 2226 quos
1103 2172 1272 2210 omnes
1294 2156 1565 2226 elegerunt,
1587 2163 1638 2208 ut
1657 2171 1748 2225 pro

211 2255 428 2309 omnibus
461 2254 773 2323 loquerentur,
806 2251 974 2306 conati
1015 2258 1150 2317 sunt,
1175 2259 1422 2322 quantum
1454 2258 1744 2319 potuerunt,

205 2357 262 2400 ut
287 2348 471 2401 omnino
491 2347 592 2416 ipsa
624 2361 781 2400 causa
814 2360 916 2400 non
957 2353 1205 2416 ageretur,
1233 2351 1442 2414 propter
1464 2357 1616 2413 quam
1637 2349 1750 2394 tan-

201 2447 280 2492 tus
302 2453 514 2491 umerus
539 2437 889 2508 episcoporum
927 2436 1189 2506 utriusque
1217 2434 1377 2505 partis
1411 2432 1474 2487 de
1515 2432 1750 2486 uniuersa

205 2528 379 2596 Africa,
405 2538 446 2582 et
467 2528 525 2582 de
557 2537 658 2582 tam
699 2527 985 2599 longinquis
1030 2526 1173 2591 locis,
1200 2523 1558 2595 Carthaginem
1599 2538 1746 2577 uene-

203 2632 293 2676 rat.
313 2621 375 2675 Et
399 2639 502 2676 cum
525 2622 688 2676 ontnis
705 2621 878 2675 anima
914 2635 1158 2690 suspensa
1183 2625 1491 2689 exspectaret
1529 2616 1582 2669 in
1608 2623 1749 2670 tanta

205 2714 466 2769 collectione
489 2714 609 2785 quid
649 2721 904 2785 ageretur,
935 2711 1012 2766 illi
1047 2710 1360 2765 uehementer
1398 2707 1650 2763 instabant
1693 2715 1749 2762 ut

205 2805 319 2861 nihil
339 2815 568 2878 ageretur.
603 2805 775 2870 Quare
807 2804 920 2869 hoc,
950 2803 1050 2856 nisi
1081 2805 1202 2873 quia
1238 2816 1446 2856 causam
1469 2815 1613 2854 suant
1640 2814 1751 2853 ma-

206 2897 299 2954 la
312 2899 530 2968 sciebant,
551 2908 598 2952 et
619 2896 861 2972 facillime
879 2912 932 2951 se
959 2911 1102 2967 posse
1123 2895 1274 2961 uinci,
1296 2893 1342 2948 si
1367 2901 1615 2964 ageretur,
1647 2892 1747 2946 du-

213 2988 348 3044 bita!
365 3007 454 3045 non
482 2990 748 3060 poterant?
763 2987 886 3059 Ipse
904 3003 1019 3058 ergo
1038 2986 1236 3040 animus
1259 3000 1453 3050 eorum,
1480 2999 1579 3052 quo
1602 2984 1744 3037 time-

213 3079 318 3134 ιω
340 3098 397 3136 ne
418 3097 562 3136 causa
582 3089 834 3152 ageretur,
855 3080 970 3150 jam
993 3079 1147 3132 victos
1174 3092 1256 3132 eos
1283 3092 1392 3130 esse
1413 3075 1743 3130 monstrabat.

213 3169 269 3226 Si
290 3172 406 3225 enim
427 3171 761 3243 extorquerent
785 3170 920 3241 quod
943 3168 1192 3234 uolebant,
1215 3177 1270 3222 ut
1293 3169 1398 3234 iam
1418 3165 1622 3222 collatio
1637 3167 1750 3237 ipsa

210 3278 302 3316 non
317 3263 458 3332 fieret,
477 3281 560 3318 nec
581 3262 1007 3334 disputationibus
1027 3262 1209 3317 nostris
1239 3261 1420 3315 ueritas
1445 3269 1749 3331 appareret:

209 3352 442 3410 redeuntes
472 3372 502 3408 a
539 3353 870 3427 Carthagine,
898 3354 1018 3424 quid
1062 3354 1200 3407 vobis
1241 3360 1382 3406 erant
1424 3352 1752 3422 responsuri?

208 3445 730 3514 quiddetttoustraturi?
749 3447 934 3512 Credo,
962 3447 1210 3518 prolaturi
1238 3453 1378 3500 erant
1409 3442 1580 3510 Gesta,
1613 3453 1658 3498 et
1679 3444 1751 3497 di-

215 3535 339 3588 cturi
357 3539 468 3592 vobis
489 3554 504 3593 :
523 3537 631 3594 Nos
648 3537 964 3593 instabamus
987 3546 1041 3592 ut
1077 3553 1235 3591 causa
1268 3552 1366 3590 non
1394 3545 1644 3607 ageretur,
1671 3533 1751 3589 illi

219 3625 444 3683 instabam
461 3639 505 3685 ut
525 3641 772 3703 ageretur.
804 3629 905 3686 Vos
925 3630 1221 3702 exspectatis
1249 3629 1415 3684 videre
1439 3630 1560 3699 quid
1592 3629 1752 3700 egeri-

209 3733 360 3774 mus:
379 3737 472 3776 ecce
509 3725 651 3796 legite
690 3724 780 3778 ubi
821 3739 905 3778 eos
937 3723 1166 3789 vicimus,
1197 3730 1250 3776 ut
1295 3721 1422 3775 nihil
1466 3737 1746 3792 ageremus.

203 3807 357 3866 Forte
373 3822 417 3867 et
437 3829 512 3870 vos
536 3815 924 3888 responderetis,
955 3815 1000 3868 si
1022 3830 1110 3868 cor
1124 3813 1370 3867 haberetis
1401 3827 1418 3866 :
1442 3811 1589 3866 Nihil
1633 3827 1752 3882 ergo

200 3906 374 3974 acturi,
402 3911 560 3979 utquid
580 3912 730 3966 istis?
752 3909 832 3964 vel
869 3911 1055 3981 potius,
1086 3911 1172 3980 qui
1197 3909 1326 3964 nihil
1362 3909 1548 3980 egistis,
1577 3907 1753 3977 utquid

193 3997 425 4056 ws?
456 4001 652 4074 (Epist.
686 4003 810 4068 tsi,
840 4019 893 4056 η.
940 4003 1018 4074 3.)
1047 4001 1243 4058 Scribit
1281 4001 1421 4056 idem
1456 4001 1560 4055 alio
1588 3999 1748 4056 loco:

193 4084 546 4164 Cougregautur
566 4111 628 4148 ea:
646 4095 879 4149 universa
907 4091 1080 4163 Africa
1104 4102 1174 4147 tot
1196 4093 1435 4164 episcopi,
1455 4091 1754 4163 ingrediun-

206 4186 285 4233 ΙΙΙ
313 4175 643 4257 Carthaginem
673 4203 788 4240 cum
814 4194 953 4239 tanta
981 4185 1192 4255 speciosi
1221 4185 1434 4255 agminis
1462 4199 1666 4255 pompa,
1696 4190 1754 4237 ut

208 4277 493 4347 “magno
515 4278 728 4331 ciuitatis
752 4277 924 4332 oculos
943 4277 996 4330 in
1024 4292 1076 4331 se
1093 4275 1515 4344 intentionentque
1547 4289 1754 4327 conver-

202 4368 329 4415 θαι
357 4364 438 4431 Qui
462 4368 727 4439 loquantur
749 4385 841 4440 pro
868 4367 1115 4433 omnibus,
1139 4367 1391 4438 eliguntur
1416 4363 1478 4418 ab
1501 4363 1748 4419 omnibus.

192 4449 358 4508 Locus
383 4459 515 4511 etiam
548 4477 606 4513 re
635 4467 778 4513 tanta
808 4460 989 4530 dignus
1016 4459 1070 4512 in
1094 4457 1216 4511 urbe
1243 4456 1408 4510 media
1429 4463 1749 4525 procuratur.

205 4537 402 4616 Ubique
437 4551 764 4616 conveniunt;
797 4551 962 4622 judcx
989 4556 1171 4618 prtesto
1209 4556 1299 4614 est,
1346 4545 1529 4600 tabula:
1553 4553 1748 4615 patent,

207 4644 422 4705 lupata
440 4643 660 4695 omnium
689 4641 846 4695 corda
869 4641 1054 4695 exitum
1074 4649 1227 4694 tanta?
1251 4636 1548 4694 Collationis
1575 4651 1753 4704 exspe-

203 4729 351 4782 dant.
380 4723 505 4786 Tunc
538 4750 571 4786 a
613 4733 896 4787 lectissimis
943 4741 988 4786 et
1023 4730 1358 4785 disertissimis
1384 4729 1525 4792 uiris,
1551 4727 1753 4797 quantis

197 4813 374 4874 νίιῦισ
386 4824 460 4896 agi
473 4825 637 4882 debuit
657 4825 872 4896 aliquid,
890 4825 1040 4878 tantis
1057 4824 1222 4894 agitur
1239 4832 1294 4876 ut
1310 4831 1491 4893 agatur
1505 4820 1634 4876 nihil
1651 4819 1752 4892 (Ad

197 4901 470 4971 Melas
496 4926 608 4987 post
633 4916 840 4982 Collat.,
862 4932 909 4971 c.
931 4915 1020 4976 25.
1044 4932 1095 4969 η.
1118 4915 1231 4986 45).
1250 4912 1449 4969 Verum
1475 4927 1631 4984 quam
1659 4927 1754 4966 su~

195 4999 420 5072 spectato
437 5007 535 5078 ipsi
577 5008 839 5064 haberent
863 5021 1078 5063 causam
1119 5007 1294 5072 suam,
1317 5006 1460 5061 nullo
1489 5005 1593 5060 alio
1632 5017 1752 5058 cer-

331 5097 531 5166 probari
556 5107 740 5170 posset
772 5107 1102 5169 argumento,
1131 5112 1288 5168 quam
1315 5095 1454 5167 quod
1477 5102 1754 5164 tantopere

209 5189 682 5246 nmenodaretur
707 5189 1185 5260 explicareturque,
1208 5187 1587 5242 formidabant.
1613 5186 1753 5254 Ergo

505 5281 864 5338 schismaticis
882 5281 1168 5338 debilitatis
1188 5281 1483 5351 inopiaeque
1503 5293 1612 5334 suae
1625 5291 1753 5333 con-

212 5359 400 5436 latnt
432 5387 499 5428 ne
541 5372 764 5428 omnino
799 5372 1153 5428 controversia
1195 5378 1527 5435 tractaretur,
1551 5367 1755 5423 invotis

211 5449 514 5521 fiuntsed
537 5461 756 5536 quando
781 5461 908 5518 illud
945 5479 1051 5519 non
1084 5463 1364 5518 valuerunt
1390 5458 1620 5530 assequi,
1649 5457 1756 5514 sal-

60 5521 64 5542 Ι
113 5583 124 5592 -
181 5551 300 5636 .tan
321 5539 431 5610 acta
463 5521 638 5626 longis
681 5553 794 5609 suis
830 5568 892 5609 ac
924 5553 1204 5625 soperlluis
1247 5521 1580 5609 sermonibus
1609 5521 1757 5605 adeo

598 5654 661 5702 ut
698 5646 790 5700 vix
816 5660 878 5701 ea
915 5648 1192 5719 quisquam
1234 5647 1410 5716 legere
1448 5645 1752 5699 sustineret.

217 5731 336 5808 Μ
353 5739 453 5808 illi,
479 5738 659 5810 inquit
681 5737 1024 5807 Augustinus,
1057 5748 1223 5793 utrum
1245 5737 1403 5808 magis
1428 5734 1601 5807 inopia
1621 5732 1757 5788 ueri-

218 5825 319 5904 liit,
340 5845 406 5888 an
443 5829 706 5889 industria
747 5827 1026 5887 calliditatis
1069 5831 1276 5902 egerint,
1305 5827 1487 5885 nescio.
1517 5823 1655 5882 Hinc
1682 5833 1760 5878 ta-

1866 983 1977 1028 rent
2026 990 2232 1028 causam
2284 983 2543 1040 nostram,
2589 975 2662 1029 sic
2707 975 3007 1046 perimerent
3053 992 3233 1040 suam;
3279 978 3448 1033 nescio

1864 1064 2284 1127 quemadmodum
2299 1080 2352 1120 se
2370 1065 2562 1135 possint
2581 1065 2868 1136 defendere,
2899 1064 3024 1119 etab
3045 1066 3144 1120 ista
3165 1068 3449 1135 suspicione

1863 1169 2100 1225 purgare,
2133 1155 2232 1209 nisi
2260 1157 2389 1227 forte
2412 1155 2602 1220 dicant,
2631 1155 2693 1210 Si
2718 1156 2942 1222 corrupti
2967 1171 3209 1221 essemus,
3237 1172 3447 1210 causam

1862 1252 1966 1296 tam
1995 1243 2202 1309 malam,
2233 1253 2281 1298 et
2304 1261 2393 1315 per
2419 1260 2509 1300 nos
2536 1254 2583 1298 et
2609 1261 2698 1315 per
2720 1245 2835 1300 illos
2855 1245 3153 1312 convictam,
3171 1245 3269 1300 cito
3291 1246 3448 1301 etiam

1861 1335 2117 1404 ﬁnirentus
2146 1352 2166 1390 :
2195 1353 2329 1391 nunc
2368 1353 2481 1391 vero
2531 1338 2606 1391 vel
2644 1337 2764 1391 inde
2802 1338 3006 1403 credite,
3048 1355 3138 1392 nos
3165 1354 3230 1392 ea:
3267 1339 3442 1392 animo

1858 1426 2101 1496 adfuisse,
2127 1437 2175 1481 et
2213 1428 2406 1499 aliquid
2435 1427 2671 1498 prodesse
2695 1428 2928 1495 uoluisse,
2955 1429 3088 1498 quod
3117 1429 3328 1482 multum
3357 1430 3442 1483 ιο-

1857 1517 2052 1586 quendo
2086 1519 2298 1588 egimus,
2337 1536 2399 1574 ne
2428 1519 2563 1590 quod
2591 1529 2758 1574 actum
2801 1529 2873 1575 est
2903 1521 3051 1591 facile
3099 1521 3359 1591 legeretur,
3391 1529 3440 1576 et

1857 1623 1948 1662 nos
1971 1624 2077 1662 esse
2102 1609 2255 1664 victos
2280 1611 2377 1664 cito
2401 1622 2800 1680 cognosceretur.
2832 1610 2894 1666 Si
2913 1611 3008 1665 hoc
3035 1611 3098 1665 ab
3118 1613 3189 1666 eis
3219 1627 3320 1666 non
3346 1612 3439 1681 ﬁe-

1856 1709 1950 1768 ret,
1979 1717 2068 1755 nec
2101 1703 2245 1773 ipsis,
2272 1720 2360 1758 nec
2401 1705 2542 1759 nobis
2562 1704 2856 1775 jurantt'bus
2891 1706 3105 1776 forsitan
3133 1706 3440 1767 crederetur.

1854 1791 1946 1845 illa
1969 1808 2083 1862 qute
2109 1810 2202 1864 pro
2227 1795 2369 1849 nobis
2401 1805 2577 1850 contra
2607 1812 2680 1861 se,
2704 1804 2751 1851 et
2775 1805 2880 1850 tam
2910 1797 3070 1850 multa
3108 1796 3360 1863 dixerunt,
3395 1805 3443 1851 et

1856 1892 1960 1937 tam
1981 1885 2144 1939 multa
2167 1886 2410 1957 legerunt,
2435 1890 2593 1958 gratis
2618 1904 2704 1942 eos
2733 1887 2875 1942 nobis
2917 1889 3087 1942 omnia
3121 1890 3436 1960 prtestitisse.

1856 1976 1969 2032 Nec
1993 1975 2158 2033 thmen
2174 1980 2321 2047 ipsis,
2339 1981 2428 2035 sed
2455 1980 2560 2036 Deo
2584 1981 2748 2052 potius
2769 1981 2885 2035 hinc
2910 1981 3105 2052 agintus
3125 1982 3340 2052 gratias.
3368 1979 3438 2034 Ut

1855 2070 1987 2124 enim
2014 2071 2106 2125 illa
2144 2073 2314 2126 omnia
2354 2074 2432 2126 vel
2481 2073 2752 2143 loquendo,
2781 2074 2856 2128 vel
2901 2073 3128 2144 legendo,
3164 2089 3256 2143 pro
3280 2087 3438 2127 causa

1854 2171 2024 2217 nostra
2057 2173 2339 2232 promerent
2379 2174 2525 2233 atque
2551 2165 2893 2234 propalarent,
2927 2164 3110 2218 ueritas
3139 2180 3224 2219 eos
3268 2165 3436 2230 torsit,

1854 2270 1955 2309 non
1977 2255 2197 2311 charitas
2215 2255 2638 2327 iuuitavit(lbid.,
2656 2273 2708 2310 η.
2729 2256 2842 2327 57).
2870 2255 3124 2310 Eneruare
3150 2256 3277 2310 vires
3303 2255 3438 2309 ueri-

1853 2345 1972 2400 tatis
1994 2347 2158 2400 conati
2181 2356 2318 2414 sunt,
2335 2357 2383 2401 et
2409 2347 2635 2401 inaniunt
2671 2347 2862 2402 nebulis
2891 2347 3293 2417 prosecutionum
3321 2347 3433 2417 ejus

1852 2439 2164 2492 serenitatem
2185 2438 2436 2504 uebulare,
2458 2447 2697 2509 quantum
2721 2446 3007 2510 potuerunt,
3031 2437 3155 2490 enisi
3173 2445 3309 2490 sunt.
3325 2435 3434 2489 Ad-

1855 2528 1954 2599 fuit
1981 2527 2246 2597 Dominus,
2277 2529 2391 2583 uicit
2419 2529 2658 2582 serenitas
2678 2530 2785 2598 ejus
2811 2526 3017 2581 nebulas
3037 2542 3207 2580 eorum
3235 2524 3432 2598 (Serm.

1855 2619 1978 2686 £64,
2004 2637 2058 2674 n.
2098 2618 2210 2693 12).
2243 2619 2319 2675 lta
2363 2619 2496 2674 nihil
2537 2620 2703 2675 ferme
2755 2619 2810 2673 in
2850 2617 3085 2674 medium
3121 2617 3432 2683 alferebant,

1853 2711 1994 2782 quod
2020 2725 2126 2766 non
2155 2711 2330 2779 potius
2354 2725 2477 2766 cum
2505 2709 2812 2776 Catholicis,
2839 2725 2996 2781 quam
3018 2724 3199 2766 secum
3216 2709 3436 2764 laceret.

1867 2838 1869 2840 -
1924 2802 1977 2858 5.
2003 2801 2104 2869 Qui
2130 2813 2356 2872 praeerat
2376 2802 2500 2856 huic
2524 2801 2726 2872 judicio
2748 2801 3103 2868 Marcellinus,
3126 2801 3194 2856 ad
3219 2815 3436 2856 causam

1855 2893 1985 2948 tanti
2012 2893 2266 2948 momenti
2296 2893 2606 2947 industriam
2632 2893 2788 2962 plane
2813 2892 3132 2962 singularem
3161 2906 3284 2947 cum
3309 2891 3439 2947 civi-

1852 2984 1920 3039 lis
1943 2991 2100 3054 atque
2126 2982 2472 3038 ecclesiastici
2497 2983 2633 3053 juris
2652 2983 2839 3053 peritia
2865 2983 3204 3052 conjunctam
3229 2982 3434 3038 attulit:

1853 3089 1959 3130 non
1995 3074 2210 3145 quidem
2239 3084 2298 3129 ut
2317 3074 2386 3130 ab
2413 3083 2529 3130 utra
2555 3083 2705 3146 parte
2733 3082 2897 3130 staret
2921 3075 3120 3130 veritas
3152 3074 3436 3144 dignosce-

1853 3174 1969 3231 ret;
1997 3166 2191 3236 quippe
2205 3165 2413 3221 etiamsi
2433 3174 2715 3236 corruptus
2737 3182 2767 3220 a
2790 3166 3076 3222 Donatistis
3095 3164 3310 3232 fuisset;
3337 3180 3433 3222 eos

1856 3266 2033 3313 tamen
2061 3257 2290 3328 propriis
2329 3257 2564 3328 ipsorum
2605 3257 3006 3326 probationibus
3035 3259 3304 3313 convictos
3330 3271 3441 3313 non

1854 3348 2112 3418 potuisset
2133 3362 2239 3403 non
2273 3347 2528 3403 damnare
2557 3367 2568 3401 :
2597 3348 2692 3402 sed
2726 3357 2783 3402 ut
2820 3346 3080 3416 ejusmodi
3115 3347 3442 3417 litigatorum

1857 3440 2014 3495 tricas
2043 3449 2098 3495 et
2119 3439 2356 3494 fallacias
2381 3439 2692 3510 explicaret,
2715 3447 2876 3509 atque
2903 3437 3096 3492 amotis
3118 3437 3438 3507 tergiversa-

1855 3530 2110 3598 tiouibus,
2135 3529 2201 3585 ad
2223 3529 2552 3585 tractandum
2573 3529 2625 3584 id
2650 3527 2791 3598 quod
2815 3527 3086 3597 agebatur,
3111 3525 3327 3582 eosdem
3347 3523 3444 3580 ad-

1855 3620 2092 3676 duceret.
2135 3620 2183 3675 ls
2223 3619 2512 3674 lenitudine
2543 3633 2754 3688 quoque
2795 3632 2857 3672 ac
2897 3617 3148 3686 patientia
3186 3629 3312 3671 usus
3355 3624 3442 3670 est

1856 3710 2182 3776 incredibili;
2222 3709 2358 3764 adeo
2398 3717 2457 3764 ut
2492 3710 2544 3763 in
2592 3708 2948 3777 suspicionem
2985 3706 3148 3762 animi
3184 3706 3441 3761 adversus

1856 3802 2157 3857 Donatistas
2209 3801 2569 3872 propensioris
2622 3799 2798 3855 vocari
2840 3799 3126 3868 potuisset,
3176 3798 3223 3853 si
3264 3797 3442 3852 minor

1857 3894 1972 3964 ejus
2005 3893 2296 3950 exstitisset
2335 3891 2652 3962 integritatis
2678 3904 2741 3944 ac
2778 3889 3053 3960 probitatis
3088 3888 3437 3943 existimatio.

1866 3982 2049 4038 Verum
2082 3983 2144 4036 de
2173 3983 2425 4036 industria
2457 3982 2525 4035 ad
2564 3998 2676 4035 eum
2717 3981 2921 4034 modum
2961 3996 3015 4033 se
3047 3979 3264 4050 gerebat.
3297 3977 3438 4031 Nam

1855 4090 1968 4128 cum
1993 4090 2075 4128 eos
2107 4073 2291 4129 videret
2317 4073 2478 4143 premi
2501 4073 2705 4126 veritate
2722 4113 2737 4138 ,
2766 4088 2856 4126 nec
2880 4071 2949 4125 eis
2986 4070 3144 4124 videri
3170 4070 3314 4124 uellet
3339 4069 3439 4122 ad-

1856 4181 2063 4229 versus;
2096 4165 2307 4219 nintium
2350 4162 2594 4232 patienter
2627 4163 2834 4234 pertulit
2871 4163 3097 4215 homines
3140 4176 3228 4229 per
3261 4159 3438 4213 inania

1857 4268 2112 4330 vagantes,
2142 4268 2190 4312 et
2215 4267 2318 4311 tam
2341 4257 2504 4312 multa
2530 4257 2790 4328 superﬂua
2819 4255 3036 4308 dicentes
3055 4295 3070 4319 ,
3097 4262 3144 4307 et
3169 4252 3238 4306 ad
3262 4251 3438 4306 eadem

1857 4353 2000 4407 toties
2025 4351 2250 4406 convicta
2292 4351 2553 4405 redeuntes
2591 4346 2715 4418 (Ad
2757 4345 3049 4402 Donatistas
3087 4352 3198 4414 post
3226 4341 3436 4408 Collat.,

1858 4460 1911 4496 n.
1943 4442 2011 4496 57
2037 4442 2076 4512 ).

1875 4561 1878 4563 λ
1927 4533 1981 4588 4.
2009 4533 2323 4603 Quanquam
2353 4539 2530 4586 autem
2566 4529 2632 4583 ad
2663 4525 2937 4584 ferendum
2971 4523 3228 4595 judicium
3253 4523 3303 4578 ei
3332 4522 3443 4580 Do-

1858 4622 2066 4678 natista:
2089 4622 2188 4691 ipsi
2215 4621 2532 4691 praeiverant
2549 4657 2564 4683 ,
2597 4617 2711 4672 sive
2735 4616 2954 4687 prolatis
2989 4613 3243 4669 adversus
3265 4621 3444 4670 semet

1857 4711 2240 4776 instrumentis,
2272 4711 2383 4766 sive
2409 4709 2497 4765 illa
2517 4750 2532 4774 ,
2561 4723 2721 4780 quam
2746 4707 3083 4763 dissimulare
3110 4720 3216 4760 non
3245 4714 3441 4776 potue-

1856 4816 2000 4871 runt,
2029 4819 2204 4860 causa:
2228 4801 2520 4858 difﬁdentia
2546 4810 2601 4857 et
2623 4800 3025 4871 desperatione:
3048 4806 3224 4855 tamen
3248 4796 3316 4852 ad
3338 4796 3444 4852 lm-

1857 4906 2154 4968 peratorem
2177 4895 2279 4966 ipsi
2306 4894 2658 4966 appellarunt,
2682 4893 2748 4947 iis
2767 4890 3107 4946 vehementer
3127 4889 3445 4946 mirantibus

1857 4990 1946 5060 qui
1970 4998 2117 5060 gesta
2146 4987 2421 5053 vidissent,
2452 4987 2771 5058 propriaque
2797 4999 2982 5040 eorum
3012 4984 3170 5039 verba
3197 4982 3270 5038 ibi
3299 4983 3440 5037 scri—

1858 5092 1947 5154 pta
1972 5091 2027 5138 et
2054 5081 2350 5150 subscripta
2372 5119 2386 5144 ,
2415 5079 2606 5150 quibus
2642 5091 2858 5133 causam
2888 5076 2988 5146 ipsi
3017 5090 3168 5130 suam
3194 5087 3444 5145 pereme-

1857 5182 1997 5239 rant,
2017 5172 2370 5243 inSpexissent
2395 5169 2707 5242 (Possidius,
2725 5171 2778 5222 in
2805 5167 2920 5222 Vita
2942 5167 3230 5238 Augustini,
3253 5183 3305 5220 η.
3336 5165 3443 5229 15ς

1859 5267 2194 5339 Augustinus,
2230 5265 2306 5318 Ad
2328 5263 2620 5318 Donatistas
2651 5270 2762 5333 post
2786 5258 2976 5315 Collat.
2995 5301 3010 5325 ,
3040 5277 3092 5314 n.
3124 5259 3190 5312 lli
3211 5259 3249 5328 ).
3281 5257 3446 5324 Atqui

1859 5360 1984 5415 dum
2012 5359 2083 5413 illi
2113 5356 2476 5430 provocabunt
2505 5370 2534 5408 a
2560 5353 2766 5424 judice,
2808 5351 3152 5408 nihilosecius
3181 5363 3238 5403 se
3262 5363 3294 5402 e
3319 5361 3442 5401 cer-

1859 5451 2057 5506 tamine
2085 5451 2313 5505 victores
2340 5447 2535 5503 abiisse
2555 5445 2870 5516 jactitabant
2890 5442 3091 5516 (Serm.
3119 5437 3240 5500 559,
3270 5454 3322 5490 n.
3351 5433 3440 5507 6).

1860 5542 2129 5597 Eademne
2155 5541 2224 5595 sit
2267 5539 2474 5593 illorum
2506 5535 2812 5607 provocatio
2833 5573 2850 5597 ,
2880 5541 3040 5600 atque
3081 5525 3296 5592 scriptio
3325 5523 3439 5589 illa,

1859 5647 2016 5704 quam
2048 5633 2192 5701 ipsos
2219 5629 2358 5684 fatua
2384 5628 2590 5684 ferebat
2617 5626 2794 5680 statim
2816 5638 2846 5675 a
2873 5619 3160 5676 Collatione
3185 5612 3441 5679 edidisse,

1861 5733 1914 5780 et
1937 5737 2094 5794 quam
2142 5721 2338 5777 refellit
2374 5719 2699 5790 Augustinus
2724 5714 2862 5768 libro
2899 5710 2967 5764 ad
2996 5703 3293 5762 Donatistae
3321 5715 3444 5794 post

1862 5793 2209 5873 Collationem
2228 5812 2426 5882 scripto
2447 5809 2552 5879 (Ad
2571 5805 2860 5862 Donatistae
2877 5807 2989 5871 post
3014 5793 3221 5866 Collat.,
3243 5811 3300 5851 η.
3326 5793 3442 5865 52),
