3838 6258
1182 217 1211 224 ο

566 323 674 385 439

562 442 849 513 significat,
894 454 1063 512 seque
1104 448 1261 511 negat
1296 434 1412 507 ejus
1440 433 1615 491 ardori
1653 446 1835 504 parem
1870 445 1988 487 esse
2020 431 2132 502 jam

559 547 754 603 posse:
782 546 846 587 ac
863 530 1076 587 demum
1101 530 1168 587 ab
1186 544 1252 585 eo
1275 528 1375 583 sibi
1402 526 1510 581 vim
1533 522 1773 579 adhiberi
1791 521 1981 577 blande
2003 537 2131 593 que-

553 624 694 678 ritur
720 622 739 692 (
754 620 941 676 Enarr.
959 622 1015 675 in
1038 620 1185 675 Psal.
1213 634 1375 683 Lxxu,
1396 634 1449 671 n.
1473 616 1542 671 54
1560 613 1602 688 ).
1634 613 1690 669 In
1725 627 1909 669 eorum
1940 626 2129 667 nume-

554 731 699 781 rum,
728 728 863 785 quos
890 715 1029 771 Deus
1057 711 1226 767 voluit
1248 727 1280 765 a
1305 710 1474 765 servis
1501 707 1612 763 suis
1634 705 1935 777 compulsos
1956 704 2009 760 in
2032 719 2129 759 au-

557 806 665 859 lam
698 805 985 874 nuptialem
1011 802 1234 875 ingredi,
1264 802 1411 871 virgo
1437 798 1676 871 quaedam
1704 796 1917 852 nomine
1936 794 2131 851 Felicia

553 895 789 951 refertur
812 938 825 960 ,
856 910 1015 965 quam
1059 894 1301 949 Christus
1324 889 1637 962 virginitatis
1678 889 1779 943 sibi
1816 895 2129 958 nuncupata:

557 985 731 1039 fructu
768 993 1089 1053 perstantem
1124 984 1175 1038 in
1207 982 1492 1038 schismate
1520 978 1734 1036 destitui
1762 992 1867 1034 non
1902 985 1987 1033 est
2010 993 2129 1048 pas-

553 1088 667 1129 sus.
696 1074 827 1130 Eam
857 1076 909 1130 in
940 1085 1207 1144 posterum
1236 1072 1558 1140 Augustinus
1584 1071 1638 1125 in
1665 1084 1759 1125 sua
1785 1068 2002 1125 dioecesi
2024 1110 2037 1135 ,
2068 1077 2129 1124 ut

553 1166 842 1221 verisimile
876 1166 1088 1237 quidem
1129 1175 1210 1221 est
1228 1204 1251 1231 .
1287 1171 1705 1221 eommorantem
1725 1202 1739 1227 ,
1767 1174 1866 1229 pro
1892 1158 1999 1213 filia
2025 1159 2125 1214 sibi

551 1257 764 1326 egregie
783 1255 972 1323 chara,
993 1266 1047 1311 et
1066 1254 1357 1310 honorabili
1380 1252 1618 1323 corporis
1644 1251 1839 1307 Christi
1861 1249 2119 1315 membro,

547 1359 756 1401 necnon
785 1347 1011 1416 Spiritus
1032 1346 1197 1401 sancti
1225 1345 1504 1416 praesentia
1540 1344 1661 1399 vivo
1682 1342 1885 1398 habuit.
1914 1341 1997 1397 Ad
2025 1356 2123 1397 nos

551 1452 718 1507 usque
754 1438 995 1507 pervenit
1034 1436 1289 1506 epistola,
1325 1451 1428 1506 qua
1474 1434 1617 1489 illam
1660 1433 1849 1489 oborto
1892 1430 2122 1503 quodam

545 1526 799 1582 seandalo
845 1525 1203 1597 perturbatam
1244 1525 1481 1592 solatur,
1535 1520 1881 1593 hortaturque
1922 1530 1981 1575 ut
2014 1535 2122 1577 uno

547 1614 681 1683 Deo,
708 1631 815 1671 non
841 1615 1160 1682 hominibus,
1186 1614 1405 1681 nitatur,
1436 1628 1500 1668 ac
1518 1612 1675 1669 simul
1706 1627 1773 1668 ne
1797 1612 1973 1666 minus
1997 1609 2120 1666 inde

1590 316 1750 373 VlTA
1785 315 1843 372 s.
1882 313 2245 372 AUGUSTINI
2286 313 2603 371 EPISCOPI.
3344 320 3352 333 -
3446 284 3450 288 ‘
3634 348 3701 406 ω

2240 431 2531 531 Ecclesiam
2556 472 2572 500 ,
2610 433 2665 487 in
2697 432 2847 503 cujus
2870 433 3044 493 sinum
3072 452 3133 496 se
3160 454 3431 515 receperat,
3455 440 3601 514 amare
3616 474 3698 531 να.

2238 523 2705 626 ςδι..Βοεαι.ωηι,
2726 534 2802 628 ιιιί
2957 530 3134 628 animo
3153 533 3349 628 litteras
3369 538 3472 597 illas
3490 523 3694 628 παρέ-εί.

2237 615 2520 716 certiorem
2546 614 2725 716 ipsum
2772 616 2930 716 faciat
2970 623 3236 716 rescriptis
3271 629 3401 697 suis,
3438 646 3568 706 sese,

2240 706 2412 776 ipsam
2457 704 2735 774 scriberet,
2765 707 2947 765 salutis
2983 710 3123 768 illius
3150 715 3321 772 studio
3354 729 3405 775 et
3437 704 3698 796 sollicitudini

2236 796 2519 852 adductum
2546 812 2855 855 asseverans
2881 799 3080 872 (Epist.
3102 804 3209 861 208
3238 805 3276 877 ).
3304 808 3419 866 Post
3438 812 3696 885 Collatiam

2234 904 2481 945 reversus
2507 890 2803 961 Hipponem
2828 892 3148 963 Augustinus
3167 902 3377 971 curavit,
3399 917 3451 961 ut
3473 920 3566 966 acta
3583 915 3697 976 Colla.

2234 981 2394 1037 tionis
2420 982 2616 1053 populo
2642 983 3008 1040 recitarentur.
3040 987 3108 1043 Et
3135 988 3233 1047 hoc
3259 993 3420 1063 ipsum
3444 998 3630 1063 fortassis
3647 1012 3696 1067 in.

2233 1072 2413 1141 dicat,
2445 1088 2565 1128 cum
2595 1074 2648 1129 in
2674 1089 2917 1131 sermone
2940 1080 3279 1150 nonagesimo
3305 1099 3435 1143 nono
3459 1105 3537 1159 per
3553 1099 3697 1159 usuros

2230 1163 2440 1219 calores
2467 1178 2573 1219 non
2606 1165 2760 1236 longe
2789 1176 2911 1237 post
2950 1167 3151 1225 finitam
3191 1171 3511 1235 Collationem
3534 1200 3695 1253 proﬂua.

2231 1253 2380 1348 tiato,
2402 1253 2645 1325 quaedam
2671 1256 2906 1313 referens
2924 1272 3042 1328 qua:
3058 1259 3112 1314 in
3139 1262 3318 1319 eadem
3345 1266 3443 1324 ﬁeri
3465 1277 3689 1348 contigerat,

2231 1343 2380 1400 addit
2425 1363 2438 1399 :
2473 1344 2639 1436 (Quod
2693 1347 2842 1401 etiam
2892 1350 2947 1403 in
3007 1349 3169 1407 Gestis
3212 1355 3331 1424 ipsis
3378 1361 3518 1431 legere

2230 1434 2249 1505 (
2275 1434 2439 1489 Serm.
2458 1435 2549 1503 99,
2576 1453 2630 1490 η.
2660 1437 2756 1509 8).
2785 1439 2841 1494 ln
2865 1438 3167 1499 Donatistas
3196 1445 3459 1515 plurimum
3481 1434 3593 1513 eain
3609 1474 3689 1518 oon-

2228 1524 2382 1581 cione
2409 1525 2692 1582 invehitur.

545 1758 3676 1802 ———-————-———————_—_—_————————_~

1492 1840 1966 1949 LIBER
2046 1836 2864 1949 SEPTIMUS.

536 2060 694 2104 Annos
713 2053 1043 2116 wmplectitur
1063 2060 1170 2103 octo
1195 2064 1221 2101 a
1245 2048 1721 2116 quadringentesimo
1744 2044 2017 2100 undecimo,
2048 2054 2139 2116 ex“
2150 2054 2248 2113 quo
2286 2055 2411 2091 anno
2442 2056 2547 2092 rem
2570 2044 2755 2095 habere
2787 2050 2932 2110 coepit
2962 2051 3255 2113 augustinus
3276 2063 3381 2101 cum
3402 2051 3561 2099 inimicis
3580 2053 3686 2115 gruis

2107 2109 2213 2152 Dei.

1924 2226 2393 2284 «araora-see

1056 2366 1283 2423 CAPUT
1324 2364 1609 2420 PRIMUM.

530 2458 557 2509 1
590 2456 829 2527 Pelagius
859 2457 1088 2510 haeresim
1114 2472 1256 2509 suam
1290 2459 1515 2526 proferre
1546 2454 1740 2523 incipit.
1764 2452 1800 2506 2
1818 2450 2114 2521 Discipulus

599 2552 709 2619 ejus
739 2549 996 2604 Ctelestius
1021 2566 1053 2602 a
1083 2548 1464 2619 Cartltaginensi
1492 2546 1703 2601 concilio
1728 2545 2109 2600 condemnatur.

600 2640 638 2693 3
659 2638 967 2711 Pelagianos
988 2649 1244 2711 Oppugnat
1269 2640 1597 2711 Augustinus,
1628 2656 1687 2693 ac
1713 2639 1864 2693 libros
1882 2638 1951 2690 ad
1972 2637 2113 2691 Mar-

599 2731 838 2786 cellinum
865 2733 990 2786 duos
1006 2733 1068 2785 de
1088 2732 1346 2802 Baptismo
1375 2732 1697 2802 parvulorum
1717 2729 1907 2785 scribit.
1927 2729 1961 2784 4
1978 2726 2109 2797 Epi-

596 2824 778 2878 stolam
821 2824 889 2877 ad
928 2824 1154 2878 eumdem
1193 2841 1281 2878 seu
1316 2824 1495 2878 librum
1535 2822 1874 2893 superioribus
1914 2821 2111 2874 tertium

600 2923 778 2971 contra
806 2912 1111 2985 Pelagianos
1127 2915 1377 2986 adjungit.
1410 2916 1443 2969 5
1468 2913 1617 2969 Liber
1637 2914 1795 2968 eidem
1812 2912 2111 2967 Marcellino

598 2992 916 3077 nuncupatus
943 3007 1006 3059 de
1032 3007 1229 3078 Spiritu
1258 3016 1303 3061 et
1333 3006 1541 3061 Littera.
1562 3004 1595 3061 6
1612 3004 1916 3075 Carthagine
1936 3013 2112 3058 contra

599 3094 998 3166 Pelagianorum
1018 3113 1235 3150 errorem
1258 3113 1533 3151 sermonem
1561 3095 1705 3149 habet
1747 3095 1814 3147 ad
1845 3095 2108 3164 populum.

599 3186 633 3239 7
661 3183 875 3255 Pelagio
895 3186 1140 3241 rescribit.
1172 3188 1205 3241 8
1232 3186 1298 3240 In
1328 3187 1540 3256 epistola
1563 3187 1629 3240 ad
1650 3187 1971 3240 Anastasium
1990 3203 2111 3256 gra-

597 3278 684 3332 tia:
709 3279 1047 3332 necessitatem
1074 3278 1141 3331 ad
1176 3278 1334 3350 legem
1360 3278 1670 3347 implendam
1705 3278 1897 3349 probat.
1932 3278 1967 3333 9
1997 3277 2111 3333 Ho-

597 3376 778 3422 norato
805 3370 1112 3438 respondens
1138 3369 1337 3424 disserit
1361 3371 1424 3425 de
1448 3371 1613 3442 gratia
1640 3371 1755 3425 novi
1786 3369 2108 3425 Testamenti.

597 3460 652 3513 1.
682 3458 831 3514 Bello
858 3458 1250 3515 Donatistarum
1283 3471 1403 3532 post
1430 3469 1641 3518 centum
1670 3470 1725 3518 et
1752 3463 1982 3533 quinque
2004 3464 2113 3518 cir-

525 3551 661 3607 citer
696 3567 884 3621 annos,
928 3569 1024 3625 per
1063 3570 1196 3626 quos
1241 3556 1308 3611 ab
1353 3556 1419 3611 iis
1456 3557 1798 3613 vehementer
1824 3556 2110 3611 admodum

523 3643 723 3714 agitata
768 3656 851 3701 cst
889 3647 1131 3702 Africana
1177 3648 1438 3717 Ecclesia,
1474 3650 1583 3720 jam
1626 3649 1841 3705 tandem
1887 3649 2112 3705 feliciter

526 3737 791 3805 confecto,
815 3738 956 3794 aliud
978 3740 1228 3796 continuo
1252 3757 1373 3797 cum
1396 3742 1689 3813 Pelagianis
1715 3742 2110 3812 suscipiendum

523 3825 647 3893 fuit,
675 3828 815 3899 quod
848 3830 1107 3887 universae
1146 3832 1399 3887 Ecclesiae
1438 3833 1594 3902 longe
1624 3834 1714 3888 illo
1744 3832 1973 3888 futurum
1998 3843 2111 3890 erat

524 3919 876 3987 periculosius
913 3922 1294 3992 magnitudine,
1327 3937 1387 3978 ac
1427 3922 1773 3978 diuturnitate
1811 3924 2106 3978 molestius.

524 4006 722 4065 Verum
750 4019 807 4065 ut
831 4009 898 4066 de
929 4020 1007 4065 tot
1029 4012 1247 4081 praeliis,
1278 4026 1395 4083 quae
1422 4027 1543 4068 cum
1566 4013 1852 4069 Donatistis
1881 4028 1978 4084 pro
2008 4013 2109 4069 Ec-

523 4098 701 4155 clesiae
723 4116 852 4171 pace
876 4103 1160 4158 commissa
1189 4114 1331 4170 sunt,
1360 4103 1590 4174 palmam
1617 4105 1734 4160 tulit
1758 4107 2105 4177 Augustinus,

522 4203 623 4259 per
642 4206 798 4261 quem
828 4194 1071 4249 videlicet
1096 4204 1264 4250 totum
1292 4196 1419 4250 illud
1442 4197 1750 4252 instaurata:
1778 4198 1994 4254 unitatis
2015 4200 2110 4253 bo-

521 4295 651 4336 num
682 4292 735 4338 et
762 4292 995 4353 coeptum
1031 4293 1087 4339 et
1124 4284 1412 4355 perfectum
1444 4294 1526 4341 est
1567 4286 1879 4359 (Possidius,
1908 4290 1961 4342 in
1994 4287 2107 4345 Vita

523 4374 810 4445 Augustini,
843 4392 892 4430 c.
927 4375 1046 4449 l3);
1078 4376 1155 4432 sic
1184 4377 1235 4432 in
1274 4380 1461 4448 quovis
1499 4394 1619 4434 cum
1664 4380 1891 4435 inimicis
1928 4382 2109 4451 gratia:

520 4464 618 4520 Dei
651 4454 962 4533 certamine,
998 4466 1107 4539 jam
1144 4468 1267 4524 inde
1294 4484 1325 4524 a
1350 4479 1591 4540 tempore
1618 4485 1723 4541 quo
1747 4472 1800 4525 in
1830 4486 1923 4527 eos
1949 4472 2107 4529 dimi-

520 4556 631 4611 cari
658 4560 834 4629 coepit,
865 4561 1125 4616 catholica
1152 4562 1295 4617 acies
1333 4561 1570 4631 ejusdem
1613 4563 1784 4618 sancti
1816 4564 1914 4618 viri
1944 4564 2107 4621 ductu

524 4654 579 4699 et
608 4659 801 4717 pugnat
826 4660 881 4704 et
909 4651 1070 4705 vincit
1096 4650 1362 4723 (Prosper,
1379 4650 1569 4708 Contra
1585 4651 1909 4718 Collatorem,
1938 4672 1992 4708 n.
2023 4656 2102 4725 2).

521 4733 703 4806 COpiis
737 4738 842 4793 illis
873 4741 1100 4795 inimicis
1125 4743 1306 4812 gratiae
1336 4742 1451 4810 Dei,
1479 4759 1597 4814 qua:
1623 4744 1784 4799 totius
1813 4743 1935 4799 lldei
1964 4745 2106 4799 chri-

518 4825 707 4881 stiana;
734 4826 1073 4883 fundamenta
1094 4839 1333 4886 evertere
1355 4833 1661 4901 moliuntur,
1691 4834 1987 4905 Pelagianis
2009 4850 2105 4889 no-

521 4928 645 4969 men
676 4931 793 4970 esse
818 4932 848 4971 a
871 4917 1083 4989 Pelagio
1102 4935 1283 4976 earum
1313 4932 1527 4979 auctore
1551 4939 1615 4979 ac
1637 4923 1791 4991 duce,
1822 4940 1980 4980 nemo
2006 4940 2101 4980 ne-

518 5006 621 5061 scit
646 5006 836 5077 (Epist.
875 5008 995 5073 l76,
1034 5028 1120 5065 nn.
1153 5012 1206 5079 3,
1238 5012 1312 5085 4).
1360 5013 1455 5069 Hie
1501 5015 1554 5068 in
1600 5015 1768 5070 insula
1811 5016 2098 5084 Britannia,

516 5096 660 5152 unde
701 5098 773 5151 illi
817 5097 1020 5154 Britoni
1062 5116 1376 5172 cognomen,
1408 5104 1594 5161 humili
1637 5106 1754 5163 loco
1794 5116 1949 5163 natus
1997 5118 2097 5165 est.

513 5184 820 5245 Monasticac
850 5192 969 5246 vitae
996 5193 1289 5249 institutum
1316 5206 1548 5264 secutus,
1572 5199 1960 5255 existimatione
1980 5215 2103 5255 san-

516 5279 712 5335 ctitatis
755 5283 1057 5354 aliquandiu
1096 5284 1274 5342 floruit
1317 5287 1455 5343 haud
1502 5290 1724 5361 vulgari.
1761 5290 1977 5345 Erroris
2019 5296 2099 5347 sui

519 5373 724 5427 semina
753 5374 819 5429 ab
848 5377 1115 5432 veteribus
1142 5377 1494 5448 philosophis,
1522 5394 1729 5434 necnon
1769 5380 1835 5434 ab
1873 5379 2101 5450 Origene

514 5462 731 5535 collegit
759 5463 961 5537 (Epist.
992 5469 1194 5535 173,1».
1220 5469 1288 5534 2;
1322 5468 1489 5539 Epist.
1521 5471 1643 5537 157,
1685 5488 1738 5525 η.
1778 5470 1881 5538 at;
1929 5472 2096 5544 Epist.

466 5626 467 5629 η
514 5552 709 5620 175,η.
740 5555 817 5621 6).
850 5556 929 5612 Ea
956 5557 1158 5625 Romae,
1192 5558 1279 5613 ubi
1304 5557 1600 5614 diutissime
1628 5560 1779 5629 vixit,
1817 5563 2099 5635 spargebat

442 5635 469 5752 ἆ
511 5657 633 5744 cum
660 5644 717 5745 in
743 5647 975 5716 scriptis,
1004 5657 1114 5703 tum
1144 5648 1200 5703 in
1228 5647 1564 5752 sermonibus
1589 5658 1643 5705 et
1670 5655 2095 5710 contentionibus

516 5732 764 5796 privatis;
796 5738 1006 5791 tametsi
1034 5737 1086 5794 in
1118 5738 1201 5792 his
1231 5736 1436 5803 timide,
1467 5746 1520 5793 et
1547 5739 1709 5797 vitato
1732 5751 1983 5812 quantum
2027 5745 2092 5800 li-

2219 2358 2371 2414 cebat
2396 2361 2616 2430 strepitu
2642 2370 2939 2418 versaretur
2953 2363 3057 2435 (De
3085 2364 3302 2420 Peccato
3325 2366 3541 2437 originali,
3555 2384 3593 2419 ιι.
3609 2365 3678 2436 2t).

2218 2446 2372 2502 Prius
2392 2450 2625 2505 absentis
2649 2459 2704 2506 et
2728 2450 2910 2507 Romae
2933 2455 3209 2509 constituti
3239 2454 3418 2525 Pelagii
3442 2470 3591 2510 nomen
3606 2470 3681 2511 cm

2217 2554 2408 2610 magna
2445 2542 2562 2611 ejus
2604 2544 2760 2599 laude
2802 2547 3051 2616 cognovit
3081 2548 3428 2618 Augustinus;
3452 2559 3684 2619 postumo

2217 2632 2379 2702 coepit
2405 2633 2474 2688 ad
2503 2650 2625 2691 eum
2654 2636 2793 2692 fama
2825 2638 3077 2708 perferre,
3109 2641 3251 2711 quod
3278 2640 3505 2697 adversus
3526 2642 3591 2698 Dei
3610 2656 3681 2711 gn-

2216 2723 2343 2778 tiam
2378 2725 2673 2797 disputaret
2702 2729 2800 2800 (De
2828 2728 2992 2786 Gestis
3031 2730 3258 2804 Pelagii,
3284 2750 3335 2786 n.
3362 2732 3462 2805 46).
3486 2731 3556 2787 llla
3578 2733 3683 2786 sancti

2217 2816 2456 2873 Doctoris
2485 2820 2664 2885 verba,
2698 2820 2784 2875 Da
2804 2823 2939 2893 quod
2965 2825 3139 2894 jubes,
3167 2834 3215 2881 et
3227 2827 3346 2898 jube
3362 2826 3481 2897 quod
3499 2826 3569 2891 vis,
3586 2824 3683 2880 Pela-

2214 2908 2333 2979 gius
2362 2910 2545 2966 Romae
2577 2927 2697 2968 cum
2722 2928 2751 2967 a
2775 2916 3004 2985 quodam
3031 2917 3284 2989 episeopo
3312 2918 3511 2974 fuissent
3534 2932 3579 2972 eo
3599 2931 3682 2987 pre-

2215 3011 2365 3056 sente
2386 3014 2822 3071 commemorata,
2845 3006 2986 3062 ferre
3010 3022 3123 3063 non
3148 3009 3333 3080 potuit,
3356 3018 3407 3065 et
3422 3007 3682 3063 contulisses
3776 3006 3782 3080 1

2215 3092 2486 3163 aliquanto
2507 3097 2844 3164 commotius,
2864 3113 2999 3167 pene
3014 3113 3137 3155 cum
3165 3115 3231 3155 eo
3249 3101 3338 3172 qui
3360 3100 3441 3155 illa
3461 3109 3682 3154 commune-

2215 3194 2425 3241 raverat
2448 3186 2668 3256 litigavit
2689 3188 2788 3258 (De
2803 3188 2951 3244 Dono
2971 3193 3370 3261 perseverantiae,
3389 3209 3436 3245 η.
3452 3189 3542 3260 55).
3565 3188 3681 3243 Postea

2216 3290 2343 3332 vero
2371 3293 2530 3348 quam
2559 3278 2610 3332 in
2641 3278 2875 3335 Africam
2901 3282 3064 3347 venit,
3099 3282 3415 3354 Hipponensi
3439 3281 3591 3344 littore,
3610 3290 3683 3332 cu

2214 3367 2539 3438 Augustinus
2560 3370 2703 3425 illinc
2721 3370 2952 3439 abesset,
2974 3380 3232 3444 exceptus
3250 3383 3348 3439 est,
3370 3385 3508 3437 anno,
3530 3376 3573 3423 ut
3590 3365 3682 3421 vids-

2216 3469 2321 3528 tur,
2342 3461 2860 3534 quadringentesimo
2876 3463 3085 3522 decimo
3106 3482 3119 3519 :
3140 3466 3232 3522 sed
3252 3464 3386 3536 quod
3408 3464 3506 3533 ejus
3523 3458 3683 3516 humili

2213 3559 2443 3620 saperet,
2475 3552 2544 3607 ibi
2574 3553 2791 3609 omnino
2816 3554 2949 3609 nihil
2977 3554 3045 3611 ab
3072 3555 3166 3611 illo
3193 3554 3419 3611 auditum
3441 3562 3532 3617 est;
3551 3548 3635 3620 quia
3654 3552 3686 3600 α

2214 3642 2372 3698 citius
2414 3659 2570 3714 quam
2620 3646 2920 3714 putabatur,
2950 3646 3074 3702 inde
3116 3647 3379 3718 profectus
3412 3655 3498 3701 est.
3524 3644 3685 3699 Postmo'

2213 3732 2339 3787 dum
2365 3735 2480 3804 ejus
2502 3734 2690 3791 faciem
2706 3736 3024 3809 Carthagine
3052 3740 3219 3795 semel
3248 3747 3301 3795 et
3324 3739 3495 3793 iterum
3516 3731 3611 3787 vidit
3622 3732 3683 3783 Au-

2213 3825 2476 3895 gustinus,
2520 3843 2660 3882 anno
2705 3830 2908 3885 scilicet
2951 3830 3455 3902 quadringentesimo
3476 3823 3684 3883 undecimo,

2212 3916 2422 3986 quando
2452 3927 2667 3987 propter
2695 3919 3056 3987 collationem,
3086 3936 3246 3992 quam
3268 3917 3500 3976 Catholici
3521 3910 3683 3970 cucullo-

2212 4008 2422 4062 natistis
2450 4008 2679 4064 habituri
2705 4019 2872 4077 erant,
2901 4012 3149 4067 maximis
3178 4007 3566 4081 occupationibus
3586 3998 3683 4056 disti-

2211 4100 2452 4155 nebatur.
2481 4102 2721 4174 Pelagius
2751 4119 2876 4159 vero
2908 4113 3033 4158 tunc
3066 4105 3355 4161 abscedens
3380 4090 3685 4167 (ἴθι-ιωεὶωῶ

2211 4194 2561 4249 transmarina
2588 4194 2702 4250 loca
2729 4197 3027 4266 properavit
3045 4195 3146 4269 (De
3176 4196 3335 4251 Gestis
3354 4182 3683 4263 Pelagium“):

2280 4286 2333 4339 2.
2366 4285 2569 4342 Interea
2598 4302 2693 4357 per
2715 4301 2808 4341 ora
2835 4302 3018 4342 eorum
3044 4288 3136 4357 qui
3158 4286 3349 4357 Pelagii
3372 4277 3573 4351 discipuli
3596 4274 3685 4328 fcre-

2210 4375 2421 4441 hantur,
2452 4376 2695 4447 dogmata
2722 4378 2951 4431 recentis
2982 4377 3201 4431 haeresis
3224 4375 3477 4430 fervebant
3499 4370 3539 4424 in
3568 4360 3679 4419 Allia

2211 4464 2414 4536 (ιω.)-
2444 4467 2610 4521 Eram
2652 4467 2723 4522 ibi
2769 4468 3025 4537 quidam,
3046 4469 3134 4538 qui
3159 4468 3459 4536 ubicumque
3499 4459 3677 4531 poteram.

2209 4558 2325 4613 lucc
2353 4559 2432 4613 sui
2452 4560 2650 4615 erroris
2674 4575 2806 4615 nova
2835 4560 3037 4614 semina
3064 4566 3385 4631 spargerent.
3407 4554 3520 4609 Nam

2209 4665 2393 4704 eorum
2425 4650 2639 4706 nomine
2668 4650 2971 4717 Caelestius,
3000 4652 3147 4722 isque
3183 4648 3532 4719 discipulorum
3552 4636 3684 4700 Ρειθεϋ

2208 4737 2361 4794 facile
2390 4741 2656 4811 princeps,
2685 4742 2774 4811 qui
2802 4742 2854 4796 in
2881 4741 3106 4798 civitatis
3135 4734 3533 4810 Carthaginensis
3556 4723 3684 4783 Εαξιε-

2208 4829 2284 4882 sia
2301 4829 2411 4898 jam
2442 4830 2507 4884 ad
2531 4832 2843 4903 presbyterii
2873 4832 3132 4889 honorem
3158 4833 3431 4900 subrepere
3456 4823 3684 4893 mpm“

2206 4919 2482 4975 catholicis
2510 4922 2637 4977 viris
2663 4923 2964 4978 christiana:
3003 4923 3128 4979 lldei
3151 4936 3328 4977 amore
3354 4913 3582 4973 animatis.
3599 4916 3683 4975 ΡΝ·

2205 5020 2325 5079 Ρίθι·
2365 5011 2460 5067 has
2498 5012 2639 5083 ipsas
2681 5023 2867 5069 contra
2904 5012 3102 5069 Christi
3127 5012 3342 5084 gratiam
3366 4999 3684 5084 disputationes.

2204 5102 2271 5156 ad
2314 5102 2569 5172 judicium
2623 5104 2923 5175 episcOpale
2972 5083 3253 5175 perductus
3294 5109 3372 5156 est
3395 5094 3569 5168 (Epist.
3600 5083 3682 5142 l5‘l.

2205 5209 2258 5245 n.
2285 5192 2398 5265 22).
2425 5191 2718 5250 Concilium
2756 5209 2818 5249 ea
2860 5194 2929 5250 de
2968 5210 3025 5250 re
3065 5193 3202 5265 apud
3242 5186 3571 5257 Carthaginem
3602 5184 3685 5227 cum

2204 5285 2416 5357 collegis
2465 5287 2577 5342 suis
2620 5287 2805 5342 habuit
2844 5286 3091 5343 Aurelius
3128 5287 3239 5356 ipso
3276 5276 3494 5337 fortassis
3530 5270 3685 5325 ineunte

2202 5391 2343 5432 anno
2364 5378 2883 5449 quadringentesimo
2904 5376 3235 5442 duodecimo,
3260 5382 3396 5429 certe
3422 5358 3685 5463 amisisti”

2202 5442 2435 5539 Quintil—le
2462 5442 2779 5525 ante'aliam
2806 5467 3275 5540 Carthaginensem
3298 5458 3527 5534 synodum
3548 5450 3589 5505 in
3609 5442 3681 5501 Pe-

2202 5560 2323 5630 lagii
2358 5570 2413 5616 et
2451 5558 2687 5617 Coelestii
2727 5561 2964 5632 ejusdem
3007 5573 3164 5615 causa
3201 5569 3333 5612 anno
3354 5541 3681 5632 quam???”

2200 5623 2337 5706 Simo
2361 5650 2568 5708 decimo
2596 5623 3085 5708 sextocelebratam
3102 5648 3287 5721 (Epist.
3306 5640 3418 5706 175,
3441 5654 3487 5692 n.
3507 5623 3678 5704 0.000-

2200 5743 2323 5800 cilio
2359 5743 2540 5811 libelli,
2580 5744 2770 5817 quibus
2812 5744 3171 5801 accusationes
3214 5733 3444 5794 leestio
3470 5722 3676 5783 illm“
