  <div class='ocr_page' id='page_1' title='image "/cluster/home/n/w/nwhite01/storage/ocr_20150623/32/uva.x000669813/230.png"; bbox 0 0 3858 6388; ppageno 0'>
   <div class='ocr_carea' id='block_1_1' title="bbox 28 5801 34 5910">
    <p class='ocr_par' dir='ltr' id='par_1_1' title="bbox 28 5801 34 5910">
     <span class='ocr_line' id='line_1_1' title="bbox 28 5801 34 5910; baseline 0 0"><span class='ocrx_word' id='word_1_1' title='bbox 28 5801 34 5910; x_wconf 78' lang='lat' dir='ltr'><strong>i</strong></span> 
     </span>
    </p>
   </div>
   <div class='ocr_carea' id='block_1_2' title="bbox 129 376 222 434">
    <p class='ocr_par' dir='ltr' id='par_1_2' title="bbox 129 376 222 434">
     <span class='ocr_line' id='line_1_2' title="bbox 129 376 222 434; baseline -0.043 0"><span class='ocrx_word' id='word_1_2' title='bbox 129 376 222 434; x_wconf 70' lang='grc' dir='ltr'><strong>δυ</strong></span> 
     </span>
    </p>
   </div>
   <div class='ocr_carea' id='block_1_3' title="bbox 75 467 1679 556">
    <p class='ocr_par' dir='ltr' id='par_1_3' title="bbox 75 467 1679 556">
     <span class='ocr_line' id='line_1_3' title="bbox 75 467 1679 556; baseline -0.02 -6"><span class='ocrx_word' id='word_1_3' title='bbox 75 492 518 556; x_wconf 51' lang='lat' dir='ltr'><strong>umectantur,</strong></span> <span class='ocrx_word' id='word_1_4' title='bbox 547 480 716 539; x_wconf 87' lang='lat' dir='ltr'><strong>oblati</strong></span> <span class='ocrx_word' id='word_1_5' title='bbox 763 485 886 535; x_wconf 90' lang='lat' dir='ltr'><strong>sunt</strong></span> <span class='ocrx_word' id='word_1_6' title='bbox 915 474 1045 541; x_wconf 90' lang='lat' dir='ltr'><strong>duo,</strong></span> <span class='ocrx_word' id='word_1_7' title='bbox 1074 471 1322 542; x_wconf 88' lang='lat' dir='ltr'><strong>stetitque</strong></span> <span class='ocrx_word' id='word_1_8' title='bbox 1365 467 1421 522; x_wconf 92' lang='lat' dir='ltr'><strong>in</strong></span> <span class='ocrx_word' id='word_1_9' title='bbox 1461 481 1583 522; x_wconf 89' lang='lat' dir='ltr'><strong>eum</strong></span> <span class='ocrx_word' id='word_1_10' title='bbox 1613 480 1679 520; x_wconf 81' lang='lat' dir='ltr'><strong>ex</strong></span> 
     </span>
    </p>
   </div>
   <div class='ocr_carea' id='block_1_4' title="bbox 63 564 1677 652">
    <p class='ocr_par' dir='ltr' id='par_1_4' title="bbox 63 564 1677 652">
     <span class='ocr_line' id='line_1_4' title="bbox 63 564 1677 652; baseline -0.02 -7"><span class='ocrx_word' id='word_1_11' title='bbox 63 588 318 650; x_wconf 50' lang='lat' dir='ltr'><strong>adversa</strong></span> <span class='ocrx_word' id='word_1_12' title='bbox 342 588 495 652; x_wconf 84' lang='lat' dir='ltr'><strong>parte</strong></span> <span class='ocrx_word' id='word_1_13' title='bbox 517 576 778 633; x_wconf 73' lang='lat' dir='ltr'><strong>Paulinus</strong></span> <span class='ocrx_word' id='word_1_14' title='bbox 794 571 1064 628; x_wconf 87' lang='lat' dir='ltr'><strong>diaconus.</strong></span> <span class='ocrx_word' id='word_1_15' title='bbox 1090 564 1468 652; x_wconf 71' lang='lat' dir='ltr'><strong>Fragmentum</strong></span> <span class='ocrx_word' id='word_1_16' title='bbox 1491 575 1558 615; x_wconf 82' lang='lat' dir='ltr'><strong>ex</strong></span> <span class='ocrx_word' id='word_1_17' title='bbox 1582 573 1677 629; x_wconf 88' lang='lat' dir='ltr'><strong>ge-</strong></span> 
     </span>
    </p>
   </div>
   <div class='ocr_carea' id='block_1_5' title="bbox 79 651 1680 745">
    <p class='ocr_par' dir='ltr' id='par_1_5' title="bbox 79 651 1680 745">
     <span class='ocr_line' id='line_1_5' title="bbox 79 651 1680 745; baseline -0.022 -7"><span class='ocrx_word' id='word_1_18' title='bbox 79 681 210 740; x_wconf 59' lang='lat' dir='ltr'><strong>ssis</strong></span> <span class='ocrx_word' id='word_1_19' title='bbox 243 651 456 745; x_wconf 74' lang='lat' dir='ltr'><strong>hujusce</strong></span> <span class='ocrx_word' id='word_1_20' title='bbox 497 667 716 726; x_wconf 83' lang='lat' dir='ltr'><strong>concilii</strong></span> <span class='ocrx_word' id='word_1_21' title='bbox 753 662 955 736; x_wconf 87' lang='lat' dir='ltr'><strong>profert</strong></span> <span class='ocrx_word' id='word_1_22' title='bbox 991 656 1332 730; x_wconf 71' lang='lat' dir='ltr'><strong>Augustinus.</strong></span> <span class='ocrx_word' id='word_1_23' title='bbox 1361 651 1500 745; x_wconf 82' lang='lat' dir='ltr'><strong>unde</strong></span> <span class='ocrx_word' id='word_1_24' title='bbox 1525 665 1680 707; x_wconf 89' lang='lat' dir='ltr'><strong>com-</strong></span> 
     </span>
    </p>
   </div>
   <div class='ocr_carea' id='block_1_6' title="bbox 98 743 1681 833">
    <p class='ocr_par' dir='ltr' id='par_1_6' title="bbox 98 743 1681 833">
     <span class='ocr_line' id='line_1_6' title="bbox 98 743 1681 833; baseline -0.019 -5"><span class='ocrx_word' id='word_1_25' title='bbox 98 743 358 833; x_wconf 73' lang='lat' dir='ltr'><strong>monstrat</strong></span> <span class='ocrx_word' id='word_1_26' title='bbox 374 761 688 820; x_wconf 69' lang='lat' dir='ltr'><strong>Celestium</strong></span> <span class='ocrx_word' id='word_1_27' title='bbox 704 759 759 812; x_wconf 92' lang='lat' dir='ltr'><strong>in</strong></span> <span class='ocrx_word' id='word_1_28' title='bbox 779 755 881 811; x_wconf 93' lang='lat' dir='ltr'><strong>hoc</strong></span> <span class='ocrx_word' id='word_1_29' title='bbox 902 749 1191 823; x_wconf 77' lang='lat' dir='ltr'><strong>epis00pali</strong></span> <span class='ocrx_word' id='word_1_30' title='bbox 1212 745 1412 816; x_wconf 79' lang='lat' dir='ltr'><strong>judicio</strong></span> <span class='ocrx_word' id='word_1_31' title='bbox 1427 743 1681 798; x_wconf 84' lang='lat' dir='ltr'><strong>damnare</strong></span> 
     </span>
    </p>
   </div>
   <div class='ocr_carea' id='block_1_7' title="bbox 101 835 1682 924">
    <p class='ocr_par' dir='ltr' id='par_1_7' title="bbox 101 835 1682 924">
     <span class='ocr_line' id='line_1_7' title="bbox 101 835 1682 924; baseline -0.023 -2"><span class='ocrx_word' id='word_1_32' title='bbox 101 863 334 923; x_wconf 81' lang='lat' dir='ltr'><strong>noluisse</strong></span> <span class='ocrx_word' id='word_1_33' title='bbox 376 869 469 912; x_wconf 89' lang='lat' dir='ltr'><strong>eos</strong></span> <span class='ocrx_word' id='word_1_34' title='bbox 513 850 607 924; x_wconf 88' lang='lat' dir='ltr'><strong>qui</strong></span> <span class='ocrx_word' id='word_1_35' title='bbox 648 849 850 915; x_wconf 83' lang='lat' dir='ltr'><strong>dicunt,</strong></span> <span class='ocrx_word' id='word_1_36' title='bbox 881 843 1028 910; x_wconf 81' lang='lat' dir='ltr'><strong>Quod</strong></span> <span class='ocrx_word' id='word_1_37' title='bbox 1072 847 1325 910; x_wconf 85' lang='lat' dir='ltr'><strong>peccatum</strong></span> <span class='ocrx_word' id='word_1_38' title='bbox 1359 835 1484 890; x_wconf 63' lang='lat' dir='ltr'><strong>Ada:</strong></span> <span class='ocrx_word' id='word_1_39' title='bbox 1516 835 1682 906; x_wconf 87' lang='lat' dir='ltr'><strong>ipsum</strong></span> 
     </span>
    </p>
   </div>
   <div class='ocr_carea' id='block_1_8' title="bbox 111 926 1679 1011">
    <p class='ocr_par' dir='ltr' id='par_1_8' title="bbox 111 926 1679 1011">
     <span class='ocr_line' id='line_1_8' title="bbox 111 926 1679 1011; baseline -0.027 0"><span class='ocrx_word' id='word_1_40' title='bbox 111 956 274 1010; x_wconf 61' lang='lat' dir='ltr'><strong>solun</strong></span> <span class='ocrx_word' id='word_1_41' title='bbox 297 947 490 1010; x_wconf 72' lang='lat' dir='ltr'><strong>usserit,</strong></span> <span class='ocrx_word' id='word_1_42' title='bbox 517 952 568 998; x_wconf 79' lang='lat' dir='ltr'><strong>et</strong></span> <span class='ocrx_word' id='word_1_43' title='bbox 595 957 698 996; x_wconf 86' lang='lat' dir='ltr'><strong>non</strong></span> <span class='ocrx_word' id='word_1_44' title='bbox 726 954 882 1011; x_wconf 83' lang='lat' dir='ltr'><strong>genus</strong></span> <span class='ocrx_word' id='word_1_45' title='bbox 902 936 1177 989; x_wconf 81' lang='lat' dir='ltr'><strong>humanum</strong></span> <span class='ocrx_word' id='word_1_46' title='bbox 1194 946 1213 995; x_wconf 83' lang='lat'><strong>,&#39;</strong></span> <span class='ocrx_word' id='word_1_47' title='bbox 1234 939 1300 995; x_wconf 84' lang='lat' dir='ltr'><strong>et,</strong></span> <span class='ocrx_word' id='word_1_48' title='bbox 1330 926 1476 995; x_wconf 82' lang='lat' dir='ltr'><strong>Quod</strong></span> <span class='ocrx_word' id='word_1_49' title='bbox 1504 928 1679 996; x_wconf 75' lang='lat' dir='ltr'><strong>infan-</strong></span> 
     </span>
    </p>
   </div>
   <div class='ocr_carea' id='block_1_9' title="bbox 117 1017 1682 1114">
    <p class='ocr_par' dir='ltr' id='par_1_9' title="bbox 117 1017 1682 1114">
     <span class='ocr_line' id='line_1_9' title="bbox 117 1017 1682 1114; baseline -0.018 -17"><span class='ocrx_word' id='word_1_50' title='bbox 117 1058 202 1101; x_wconf 75' lang='lat' dir='ltr'><strong>us</strong></span> <span class='ocrx_word' id='word_1_51' title='bbox 231 1041 302 1114; x_wconf 80' lang='lat' dir='ltr'><strong>qui</strong></span> <span class='ocrx_word' id='word_1_52' title='bbox 329 1044 623 1098; x_wconf 82' lang='lat' dir='ltr'><strong>nascuntur,</strong></span> <span class='ocrx_word' id='word_1_53' title='bbox 649 1032 702 1085; x_wconf 86' lang='lat' dir='ltr'><strong>in</strong></span> <span class='ocrx_word' id='word_1_54' title='bbox 731 1046 791 1085; x_wconf 88' lang='lat' dir='ltr'><strong>eo</strong></span> <span class='ocrx_word' id='word_1_55' title='bbox 815 1037 948 1082; x_wconf 87' lang='lat' dir='ltr'><strong>statu</strong></span> <span class='ocrx_word' id='word_1_56' title='bbox 986 1026 1115 1089; x_wconf 90' lang='lat' dir='ltr'><strong>sint,</strong></span> <span class='ocrx_word' id='word_1_57' title='bbox 1146 1023 1198 1076; x_wconf 88' lang='lat' dir='ltr'><strong>in</strong></span> <span class='ocrx_word' id='word_1_58' title='bbox 1242 1036 1342 1093; x_wconf 88' lang='lat' dir='ltr'><strong>quo</strong></span> <span class='ocrx_word' id='word_1_59' title='bbox 1385 1019 1547 1072; x_wconf 78' lang='lat' dir='ltr'><strong>Adam</strong></span> <span class='ocrx_word' id='word_1_60' title='bbox 1586 1017 1682 1088; x_wconf 84' lang='lat' dir='ltr'><strong>fuit</strong></span> 
     </span>
    </p>
   </div>
   <div class='ocr_carea' id='block_1_10' title="bbox 119 1106 1675 1204">
    <p class='ocr_par' dir='ltr' id='par_1_10' title="bbox 119 1106 1675 1204">
     <span class='ocr_line' id='line_1_10' title="bbox 119 1106 1675 1204; baseline -0.021 -13"><span class='ocrx_word' id='word_1_61' title='bbox 729 1119 833 1191; x_wconf 86' lang='lat' dir='ltr'><strong>(De</strong></span> <span class='ocrx_word' id='word_1_62' title='bbox 873 1117 1084 1172; x_wconf 82' lang='lat' dir='ltr'><strong>Peccato</strong></span> <span class='ocrx_word' id='word_1_63' title='bbox 1113 1111 1370 1184; x_wconf 86' lang='lat' dir='ltr'><strong>originali,</strong></span> <span class='ocrx_word' id='word_1_64' title='bbox 1398 1125 1487 1163; x_wconf 90' lang='lat' dir='ltr'><strong>nn.</strong></span> <span class='ocrx_word' id='word_1_65' title='bbox 1513 1107 1568 1174; x_wconf 88' lang='grc'><strong>2,</strong></span> <span class='ocrx_word' id='word_1_66' title='bbox 1597 1106 1675 1176; x_wconf 87' lang='grc'><strong>5).</strong></span> 
     </span>
    </p>
   </div>
   <div class='ocr_carea' id='block_1_11' title="bbox 121 1201 1681 1284">
    <p class='ocr_par' dir='ltr' id='par_1_11' title="bbox 121 1201 1681 1284">
     <span class='ocr_line' id='line_1_11' title="bbox 121 1201 1681 1284; baseline -0.021 1"><span class='ocrx_word' id='word_1_67' title='bbox 121 1201 273 1284; x_wconf 76' lang='lat' dir='ltr'><strong>Idem</strong></span> <span class='ocrx_word' id='word_1_68' title='bbox 296 1236 448 1280; x_wconf 77' lang='lat' dir='ltr'><strong>tamen</strong></span> <span class='ocrx_word' id='word_1_69' title='bbox 473 1215 764 1274; x_wconf 73' lang='lat' dir='ltr'><strong>Caelestius</strong></span> <span class='ocrx_word' id='word_1_70' title='bbox 801 1227 894 1268; x_wconf 89' lang='lat' dir='ltr'><strong>ora</strong></span> <span class='ocrx_word' id='word_1_71' title='bbox 939 1209 1225 1266; x_wconf 88' lang='lat' dir='ltr'><strong>christiana</strong></span> <span class='ocrx_word' id='word_1_72' title='bbox 1265 1219 1370 1260; x_wconf 91' lang='lat' dir='ltr'><strong>non</strong></span> <span class='ocrx_word' id='word_1_73' title='bbox 1412 1201 1681 1258; x_wconf 88' lang='lat' dir='ltr'><strong>sustinens</strong></span> 
     </span>
    </p>
   </div>
   <div class='ocr_carea' id='block_1_12' title="bbox 131 1291 1680 1391">
    <p class='ocr_par' dir='ltr' id='par_1_12' title="bbox 131 1291 1680 1391">
     <span class='ocr_line' id='line_1_12' title="bbox 131 1291 1680 1391; baseline -0.022 -13"><span class='ocrx_word' id='word_1_74' title='bbox 131 1318 332 1391; x_wconf 70' lang='lat' dir='ltr'><strong>(Cum</strong></span> <span class='ocrx_word' id='word_1_75' title='bbox 346 1313 620 1371; x_wconf 80' lang='lat' dir='ltr'><strong>lulianum,</strong></span> <span class='ocrx_word' id='word_1_76' title='bbox 643 1306 734 1362; x_wconf 86' lang='lat' dir='ltr'><strong>lib.</strong></span> <span class='ocrx_word' id='word_1_77' title='bbox 763 1307 818 1371; x_wconf 86' lang='grc'><strong>5,</strong></span> <span class='ocrx_word' id='word_1_78' title='bbox 851 1321 902 1358; x_wconf 88' lang='lat' dir='ltr'><strong>n.</strong></span> <span class='ocrx_word' id='word_1_79' title='bbox 925 1301 1002 1372; x_wconf 86' lang='lat'><strong>9),</strong></span> <span class='ocrx_word' id='word_1_80' title='bbox 1022 1301 1074 1356; x_wconf 92' lang='lat' dir='ltr'><strong>in</strong></span> <span class='ocrx_word' id='word_1_81' title='bbox 1100 1298 1284 1355; x_wconf 88' lang='lat' dir='ltr'><strong>libello</strong></span> <span class='ocrx_word' id='word_1_82' title='bbox 1308 1309 1408 1352; x_wconf 86' lang='lat' dir='ltr'><strong>suo</strong></span> <span class='ocrx_word' id='word_1_83' title='bbox 1434 1291 1680 1350; x_wconf 84' lang='lat' dir='ltr'><strong>brevissi-</strong></span> 
     </span>
    </p>
   </div>
   <div class='ocr_carea' id='block_1_13' title="bbox 121 1386 1680 1468">
    <p class='ocr_par' dir='ltr' id='par_1_13' title="bbox 121 1386 1680 1468">
     <span class='ocr_line' id='line_1_13' title="bbox 121 1386 1680 1468; baseline -0.02 0"><span class='ocrx_word' id='word_1_84' title='bbox 121 1386 224 1468; x_wconf 70' lang='lat' dir='ltr'><strong>Ihb</strong></span> <span class='ocrx_word' id='word_1_85' title='bbox 243 1404 455 1465; x_wconf 73' lang='lat' dir='ltr'><strong>conﬁteri</strong></span> <span class='ocrx_word' id='word_1_86' title='bbox 481 1409 704 1459; x_wconf 86' lang='lat' dir='ltr'><strong>coactus</strong></span> <span class='ocrx_word' id='word_1_87' title='bbox 730 1405 833 1464; x_wconf 85' lang='lat' dir='ltr'><strong>est,</strong></span> <span class='ocrx_word' id='word_1_88' title='bbox 865 1401 1078 1465; x_wconf 91' lang='lat' dir='ltr'><strong>propter</strong></span> <span class='ocrx_word' id='word_1_89' title='bbox 1109 1386 1452 1460; x_wconf 81' lang='lat' dir='ltr'><strong>baptizandos</strong></span> <span class='ocrx_word' id='word_1_90' title='bbox 1486 1399 1680 1455; x_wconf 89' lang='lat' dir='ltr'><strong>parvu-</strong></span> 
     </span>
    </p>
   </div>
   <div class='ocr_carea' id='block_1_14' title="bbox 119 1475 1682 1572">
    <p class='ocr_par' dir='ltr' id='par_1_14' title="bbox 119 1475 1682 1572">
     <span class='ocr_line' id='line_1_14' title="bbox 119 1475 1682 1572; baseline -0.021 -12"><span class='ocrx_word' id='word_1_91' title='bbox 119 1505 228 1570; x_wconf 85' lang='lat' dir='ltr'><strong>las,</strong></span> <span class='ocrx_word' id='word_1_92' title='bbox 249 1498 373 1572; x_wconf 84' lang='lat' dir='ltr'><strong>quod</strong></span> <span class='ocrx_word' id='word_1_93' title='bbox 392 1506 444 1554; x_wconf 88' lang='lat' dir='ltr'><strong>et</strong></span> <span class='ocrx_word' id='word_1_94' title='bbox 464 1495 594 1566; x_wconf 83' lang='lat' dir='ltr'><strong>ipsis</strong></span> <span class='ocrx_word' id='word_1_95' title='bbox 621 1488 920 1559; x_wconf 83' lang='lat' dir='ltr'><strong>redemptio</strong></span> <span class='ocrx_word' id='word_1_96' title='bbox 945 1487 1015 1540; x_wconf 89' lang='lat' dir='ltr'><strong>sit</strong></span> <span class='ocrx_word' id='word_1_97' title='bbox 1040 1480 1346 1572; x_wconf 82' lang='lat' dir='ltr'><strong>necessaria</strong></span> <span class='ocrx_word' id='word_1_98' title='bbox 1369 1475 1682 1572; x_wconf 45' lang='lat' dir='ltr'><strong>(De-Pecca-</strong></span> 
     </span>
    </p>
   </div>
   <div class='ocr_carea' id='block_1_15' title="bbox 122 1565 1683 1651">
    <p class='ocr_par' dir='ltr' id='par_1_15' title="bbox 122 1565 1683 1651">
     <span class='ocr_line' id='line_1_15' title="bbox 122 1565 1683 1651; baseline -0.02 -3"><span class='ocrx_word' id='word_1_99' title='bbox 122 1565 280 1647; x_wconf 65' lang='grc' dir='ltr'><strong>ιοτὲιπὶ</strong></span> <span class='ocrx_word' id='word_1_100' title='bbox 309 1565 523 1651; x_wconf 65' lang='lat' dir='ltr'><strong>mss,</strong></span> <span class='ocrx_word' id='word_1_101' title='bbox 557 1581 644 1638; x_wconf 83' lang='lat' dir='ltr'><strong>lib.</strong></span> <span class='ocrx_word' id='word_1_102' title='bbox 688 1581 743 1646; x_wconf 70' lang='grc' dir='ltr'><strong>ι,</strong></span> <span class='ocrx_word' id='word_1_103' title='bbox 773 1597 829 1632; x_wconf 86' lang='lat' dir='ltr'><strong>n.</strong></span> <span class='ocrx_word' id='word_1_104' title='bbox 861 1576 958 1641; x_wconf 73' lang='lat' dir='ltr'><strong>es;</strong></span> <span class='ocrx_word' id='word_1_105' title='bbox 990 1572 1157 1645; x_wconf 87' lang='lat' dir='ltr'><strong>Epist.</strong></span> <span class='ocrx_word' id='word_1_106' title='bbox 1190 1570 1314 1633; x_wconf 70' lang='lat'><strong>457.</strong></span> <span class='ocrx_word' id='word_1_107' title='bbox 1343 1586 1397 1622; x_wconf 78' lang='grc' dir='ltr'><strong>η.</strong></span> <span class='ocrx_word' id='word_1_108' title='bbox 1427 1566 1519 1633; x_wconf 88' lang='grc'><strong>22,</strong></span> <span class='ocrx_word' id='word_1_109' title='bbox 1548 1565 1683 1619; x_wconf 84' lang='lat' dir='ltr'><strong>etde</strong></span> 
     </span>
    </p>
   </div>
   <div class='ocr_carea' id='block_1_16' title="bbox 121 1657 1678 1747">
    <p class='ocr_par' dir='ltr' id='par_1_16' title="bbox 121 1657 1678 1747">
     <span class='ocr_line' id='line_1_16' title="bbox 121 1657 1678 1747; baseline -0.019 -10"><span class='ocrx_word' id='word_1_110' title='bbox 121 1682 326 1736; x_wconf 72' lang='lat' dir='ltr'><strong>)eccato</strong></span> <span class='ocrx_word' id='word_1_111' title='bbox 360 1674 609 1747; x_wconf 78' lang='lat' dir='ltr'><strong>originali,</strong></span> <span class='ocrx_word' id='word_1_112' title='bbox 652 1689 706 1724; x_wconf 91' lang='lat' dir='ltr'><strong>n.</strong></span> <span class='ocrx_word' id='word_1_113' title='bbox 748 1669 864 1740; x_wconf 97' lang='grc'><strong>21),</strong></span> <span class='ocrx_word' id='word_1_114' title='bbox 899 1666 1024 1721; x_wconf 91' lang='lat' dir='ltr'><strong>licet</strong></span> <span class='ocrx_word' id='word_1_115' title='bbox 1056 1662 1283 1718; x_wconf 86' lang='lat' dir='ltr'><strong>noluerit</strong></span> <span class='ocrx_word' id='word_1_116' title='bbox 1325 1657 1587 1721; x_wconf 83' lang='lat' dir='ltr'><strong>conﬁteri,</strong></span> <span class='ocrx_word' id='word_1_117' title='bbox 1612 1670 1678 1711; x_wconf 80' lang='lat' dir='ltr'><strong>ex</strong></span> 
     </span>
    </p>
   </div>
   <div class='ocr_carea' id='block_1_17' title="bbox 117 1751 1677 1832">
    <p class='ocr_par' dir='ltr' id='par_1_17' title="bbox 117 1751 1677 1832">
     <span class='ocr_line' id='line_1_17' title="bbox 117 1751 1677 1832; baseline -0.022 1"><span class='ocrx_word' id='word_1_118' title='bbox 117 1775 285 1832; x_wconf 61' lang='lat' dir='ltr'><strong>Adam</strong></span> <span class='ocrx_word' id='word_1_119' title='bbox 308 1773 358 1828; x_wconf 88' lang='lat' dir='ltr'><strong>in</strong></span> <span class='ocrx_word' id='word_1_120' title='bbox 375 1784 464 1826; x_wconf 87' lang='lat' dir='ltr'><strong>eos</strong></span> <span class='ocrx_word' id='word_1_121' title='bbox 497 1765 768 1822; x_wconf 84' lang='lat' dir='ltr'><strong>transiisse</strong></span> <span class='ocrx_word' id='word_1_122' title='bbox 797 1765 1072 1832; x_wconf 81' lang='lat' dir='ltr'><strong>peccatum</strong></span> <span class='ocrx_word' id='word_1_123' title='bbox 1099 1754 1201 1826; x_wconf 88' lang='lat' dir='ltr'><strong>(De</strong></span> <span class='ocrx_word' id='word_1_124' title='bbox 1230 1751 1558 1806; x_wconf 85' lang='lat' dir='ltr'><strong>Peccatorum</strong></span> <span class='ocrx_word' id='word_1_125' title='bbox 1577 1763 1677 1801; x_wconf 84' lang='lat' dir='ltr'><strong>me-</strong></span> 
     </span>
    </p>
   </div>
   <div class='ocr_carea' id='block_1_18' title="bbox 109 1838 1682 1932">
    <p class='ocr_par' dir='ltr' id='par_1_18' title="bbox 109 1838 1682 1932">
     <span class='ocr_line' id='line_1_18' title="bbox 109 1838 1682 1932; baseline -0.019 -9"><span class='ocrx_word' id='word_1_126' title='bbox 109 1869 254 1932; x_wconf 67' lang='lat' dir='ltr'><strong>ritis,</strong></span> <span class='ocrx_word' id='word_1_127' title='bbox 281 1868 362 1921; x_wconf 86' lang='lat' dir='ltr'><strong>lib.</strong></span> <span class='ocrx_word' id='word_1_128' title='bbox 387 1863 444 1930; x_wconf 85' lang='grc'><strong>2,</strong></span> <span class='ocrx_word' id='word_1_129' title='bbox 464 1879 514 1916; x_wconf 89' lang='lat' dir='ltr'><strong>n.</strong></span> <span class='ocrx_word' id='word_1_130' title='bbox 547 1858 635 1924; x_wconf 78' lang='lat'><strong>58,</strong></span> <span class='ocrx_word' id='word_1_131' title='bbox 667 1867 716 1911; x_wconf 91' lang='lat' dir='ltr'><strong>et</strong></span> <span class='ocrx_word' id='word_1_132' title='bbox 740 1854 818 1908; x_wconf 88' lang='lat' dir='ltr'><strong>De</strong></span> <span class='ocrx_word' id='word_1_133' title='bbox 844 1852 1061 1907; x_wconf 86' lang='lat' dir='ltr'><strong>Peccato</strong></span> <span class='ocrx_word' id='word_1_134' title='bbox 1087 1845 1340 1918; x_wconf 76' lang='lat' dir='ltr'><strong>originali,</strong></span> <span class='ocrx_word' id='word_1_135' title='bbox 1369 1839 1552 1914; x_wconf 82' lang='grc' dir='ltr'><strong>η.21).</strong></span> <span class='ocrx_word' id='word_1_136' title='bbox 1575 1838 1682 1895; x_wconf 88' lang='lat' dir='ltr'><strong>Sed</strong></span> 
     </span>
    </p>
   </div>
   <div class='ocr_carea' id='block_1_19' title="bbox 103 1935 1682 2029">
    <p class='ocr_par' dir='ltr' id='par_1_19' title="bbox 103 1935 1682 2029">
     <span class='ocr_line' id='line_1_19' title="bbox 103 1935 1682 2029; baseline -0.02 -14"><span class='ocrx_word' id='word_1_137' title='bbox 103 1973 403 2029; x_wconf 67' lang='lat' dir='ltr'><strong>quamquem</strong></span> <span class='ocrx_word' id='word_1_138' title='bbox 429 1951 634 2008; x_wconf 72' lang='lat' dir='ltr'><strong>noluerit</strong></span> <span class='ocrx_word' id='word_1_139' title='bbox 660 1949 726 2002; x_wconf 83' lang='lat' dir='ltr'><strong>de</strong></span> <span class='ocrx_word' id='word_1_140' title='bbox 751 1943 990 2017; x_wconf 77' lang='lat' dir='ltr'><strong>originali</strong></span> <span class='ocrx_word' id='word_1_141' title='bbox 1025 1948 1226 2011; x_wconf 87' lang='lat' dir='ltr'><strong>peccato</strong></span> <span class='ocrx_word' id='word_1_142' title='bbox 1257 1935 1449 2007; x_wconf 86' lang='lat' dir='ltr'><strong>aliquid</strong></span> <span class='ocrx_word' id='word_1_143' title='bbox 1481 1947 1682 2004; x_wconf 70' lang='lat' dir='ltr'><strong>expres-</strong></span> 
     </span>
    </p>
   </div>
   <div class='ocr_carea' id='block_1_20' title="bbox 98 2027 1681 2113">
    <p class='ocr_par' dir='ltr' id='par_1_20' title="bbox 98 2027 1681 2113">
     <span class='ocr_line' id='line_1_20' title="bbox 98 2027 1681 2113; baseline -0.019 -6"><span class='ocrx_word' id='word_1_144' title='bbox 98 2054 244 2106; x_wconf 73' lang='lat' dir='ltr'><strong>.aius</strong></span> <span class='ocrx_word' id='word_1_145' title='bbox 269 2027 438 2112; x_wconf 78' lang='lat' dir='ltr'><strong>dicere,</strong></span> <span class='ocrx_word' id='word_1_146' title='bbox 455 2042 726 2113; x_wconf 81' lang='lat' dir='ltr'><strong>tameuipso</strong></span> <span class='ocrx_word' id='word_1_147' title='bbox 742 2035 1098 2108; x_wconf 70' lang='lat' dir='ltr'><strong>redemmionis</strong></span> <span class='ocrx_word' id='word_1_148' title='bbox 1121 2033 1340 2095; x_wconf 82' lang='lat' dir='ltr'><strong>nomine,</strong></span> <span class='ocrx_word' id='word_1_149' title='bbox 1367 2027 1441 2082; x_wconf 87' lang='lat' dir='ltr'><strong>ait</strong></span> <span class='ocrx_word' id='word_1_150' title='bbox 1468 2033 1681 2080; x_wconf 88' lang='lat' dir='ltr'><strong>sanctus</strong></span> 
     </span>
    </p>
   </div>
   <div class='ocr_carea' id='block_1_21' title="bbox 95 2117 1682 2206">
    <p class='ocr_par' dir='ltr' id='par_1_21' title="bbox 95 2117 1682 2206">
     <span class='ocr_line' id='line_1_21' title="bbox 95 2117 1682 2206; baseline -0.02 -6"><span class='ocrx_word' id='word_1_151' title='bbox 95 2142 350 2206; x_wconf 43' lang='lat' dir='ltr'><strong>&#39;jloctor,</strong></span> <span class='ocrx_word' id='word_1_152' title='bbox 387 2155 481 2192; x_wconf 88' lang='lat' dir='ltr'><strong>non</strong></span> <span class='ocrx_word' id='word_1_153' title='bbox 511 2149 674 2206; x_wconf 78' lang='lat' dir='ltr'><strong>parum</strong></span> <span class='ocrx_word' id='word_1_154' title='bbox 705 2131 799 2186; x_wconf 89' lang='lat' dir='ltr'><strong>sibi</strong></span> <span class='ocrx_word' id='word_1_155' title='bbox 835 2125 1160 2200; x_wconf 67' lang='lat' dir='ltr'><strong>praescripsit.</strong></span> <span class='ocrx_word' id='word_1_156' title='bbox 1193 2121 1339 2177; x_wconf 84' lang='lat' dir='ltr'><strong>Unde</strong></span> <span class='ocrx_word' id='word_1_157' title='bbox 1376 2119 1508 2173; x_wconf 88' lang='lat' dir='ltr'><strong>enim</strong></span> <span class='ocrx_word' id='word_1_158' title='bbox 1545 2117 1682 2172; x_wconf 88' lang='lat' dir='ltr'><strong>redi-</strong></span> 
     </span>
    </p>
   </div>
   <div class='ocr_carea' id='block_1_22' title="bbox 89 2216 1684 2296">
    <p class='ocr_par' dir='ltr' id='par_1_22' title="bbox 89 2216 1684 2296">
     <span class='ocr_line' id='line_1_22' title="bbox 89 2216 1684 2296; baseline -0.018 -5"><span class='ocrx_word' id='word_1_159' title='bbox 89 2233 303 2290; x_wconf 69' lang='lat' dir='ltr'><strong>-1uendi</strong></span> <span class='ocrx_word' id='word_1_160' title='bbox 330 2241 496 2296; x_wconf 81' lang='lat' dir='ltr'><strong>essent,</strong></span> <span class='ocrx_word' id='word_1_161' title='bbox 528 2227 622 2282; x_wconf 96' lang='lat' dir='ltr'><strong>nisi</strong></span> <span class='ocrx_word' id='word_1_162' title='bbox 652 2243 680 2280; x_wconf 88' lang='lat' dir='ltr'><strong>a</strong></span> <span class='ocrx_word' id='word_1_163' title='bbox 714 2221 904 2278; x_wconf 84' lang='lat' dir='ltr'><strong>diaboli</strong></span> <span class='ocrx_word' id='word_1_164' title='bbox 933 2226 1191 2292; x_wconf 76' lang='lat' dir='ltr'><strong>potestate,</strong></span> <span class='ocrx_word' id='word_1_165' title='bbox 1226 2216 1280 2269; x_wconf 88' lang='lat' dir='ltr'><strong>in</strong></span> <span class='ocrx_word' id='word_1_166' title='bbox 1319 2229 1420 2284; x_wconf 90' lang='lat' dir='ltr'><strong>qua</strong></span> <span class='ocrx_word' id='word_1_167' title='bbox 1452 2228 1558 2266; x_wconf 85' lang='lat' dir='ltr'><strong>esse</strong></span> <span class='ocrx_word' id='word_1_168' title='bbox 1582 2227 1684 2264; x_wconf 90' lang='lat' dir='ltr'><strong>non</strong></span> 
     </span>
    </p>
   </div>
   <div class='ocr_carea' id='block_1_23' title="bbox 135 2303 1684 2401">
    <p class='ocr_par' dir='ltr' id='par_1_23' title="bbox 135 2303 1684 2401">
     <span class='ocr_line' id='line_1_23' title="bbox 135 2303 1684 2401; baseline -0.018 -18"><span class='ocrx_word' id='word_1_169' title='bbox 135 2334 326 2401; x_wconf 76' lang='lat' dir='ltr'><strong>possent</strong></span> <span class='ocrx_word' id='word_1_170' title='bbox 347 2323 440 2377; x_wconf 76' lang='lat' dir='ltr'><strong>nisi</strong></span> <span class='ocrx_word' id='word_1_171' title='bbox 457 2318 708 2392; x_wconf 83' lang='lat' dir='ltr'><strong>originalis</strong></span> <span class='ocrx_word' id='word_1_172' title='bbox 729 2313 1032 2386; x_wconf 79' lang='lat' dir='ltr'><strong>obligatione</strong></span> <span class='ocrx_word' id='word_1_173' title='bbox 1051 2309 1274 2380; x_wconf 79' lang='lat' dir='ltr'><strong>peccati?</strong></span> <span class='ocrx_word' id='word_1_174' title='bbox 1297 2315 1384 2360; x_wconf 89' lang='lat' dir='ltr'><strong>aut</strong></span> <span class='ocrx_word' id='word_1_175' title='bbox 1403 2320 1500 2375; x_wconf 88' lang='lat' dir='ltr'><strong>quo</strong></span> <span class='ocrx_word' id='word_1_176' title='bbox 1527 2303 1684 2373; x_wconf 84' lang='lat' dir='ltr'><strong>pretio</strong></span> 
     </span>
    </p>
   </div>
   <div class='ocr_carea' id='block_1_24' title="bbox 115 2395 1685 2481">
    <p class='ocr_par' dir='ltr' id='par_1_24' title="bbox 115 2395 1685 2481">
     <span class='ocr_line' id='line_1_24' title="bbox 115 2395 1685 2481; baseline -0.018 -5"><span class='ocrx_word' id='word_1_177' title='bbox 115 2395 439 2481; x_wconf 38' lang='lat' dir='ltr'><strong>mentiuntur,</strong></span> <span class='ocrx_word' id='word_1_178' title='bbox 477 2413 570 2468; x_wconf 85' lang='lat' dir='ltr'><strong>nisi</strong></span> <span class='ocrx_word' id='word_1_179' title='bbox 602 2409 791 2467; x_wconf 76' lang='lat' dir='ltr'><strong>Christi</strong></span> <span class='ocrx_word' id='word_1_180' title='bbox 825 2405 1088 2478; x_wconf 77' lang='lat' dir='ltr'><strong>sanguine,</strong></span> <span class='ocrx_word' id='word_1_181' title='bbox 1129 2403 1191 2456; x_wconf 89' lang='lat' dir='ltr'><strong>de</strong></span> <span class='ocrx_word' id='word_1_182' title='bbox 1235 2416 1333 2468; x_wconf 90' lang='lat' dir='ltr'><strong>quo</strong></span> <span class='ocrx_word' id='word_1_183' title='bbox 1375 2395 1685 2468; x_wconf 80' lang='lat' dir='ltr'><strong>apertissime</strong></span> 
     </span>
    </p>
   </div>
   <div class='ocr_carea' id='block_1_25' title="bbox 146 2489 1686 2582">
    <p class='ocr_par' dir='ltr' id='par_1_25' title="bbox 146 2489 1686 2582">
     <span class='ocr_line' id='line_1_25' title="bbox 146 2489 1686 2582; baseline -0.019 -16"><span class='ocrx_word' id='word_1_184' title='bbox 146 2511 354 2582; x_wconf 76' lang='lat' dir='ltr'><strong>saipuaa</strong></span> <span class='ocrx_word' id='word_1_185' title='bbox 377 2515 464 2574; x_wconf 86' lang='lat' dir='ltr'><strong>est,</strong></span> <span class='ocrx_word' id='word_1_186' title='bbox 489 2503 622 2575; x_wconf 85' lang='lat' dir='ltr'><strong>quod</strong></span> <span class='ocrx_word' id='word_1_187' title='bbox 656 2502 713 2555; x_wconf 87' lang='lat' dir='ltr'><strong>in</strong></span> <span class='ocrx_word' id='word_1_188' title='bbox 740 2497 1081 2554; x_wconf 83' lang='lat' dir='ltr'><strong>remissionem</strong></span> <span class='ocrx_word' id='word_1_189' title='bbox 1116 2491 1307 2560; x_wconf 65' lang='lat' dir='ltr'><strong>effusus</strong></span> <span class='ocrx_word' id='word_1_190' title='bbox 1347 2489 1412 2543; x_wconf 88' lang='lat' dir='ltr'><strong>sit</strong></span> <span class='ocrx_word' id='word_1_191' title='bbox 1459 2494 1686 2558; x_wconf 87' lang='lat' dir='ltr'><strong>peccato-</strong></span> 
     </span>
    </p>
   </div>
   <div class='ocr_carea' id='block_1_26' title="bbox 151 2577 1686 2674">
    <p class='ocr_par' dir='ltr' id='par_1_26' title="bbox 151 2577 1686 2674">
     <span class='ocr_line' id='line_1_26' title="bbox 151 2577 1686 2674; baseline -0.017 -16"><span class='ocrx_word' id='word_1_192' title='bbox 151 2577 243 2657; x_wconf 73' lang='lat' dir='ltr'><strong>ruat</strong></span> <span class='ocrx_word' id='word_1_193' title='bbox 264 2600 446 2674; x_wconf 77' lang='lat' dir='ltr'><strong>(Epist.</strong></span> <span class='ocrx_word' id='word_1_194' title='bbox 476 2597 601 2662; x_wconf 68' lang='lat'><strong>157,</strong></span> <span class='ocrx_word' id='word_1_195' title='bbox 629 2613 683 2650; x_wconf 90' lang='lat' dir='ltr'><strong>n.</strong></span> <span class='ocrx_word' id='word_1_196' title='bbox 710 2593 783 2648; x_wconf 70' lang='lat' dir='ltr'><strong>ea</strong></span> <span class='ocrx_word' id='word_1_197' title='bbox 802 2591 854 2664; x_wconf 71' lang='lat'><strong>)2</strong></span> <span class='ocrx_word' id='word_1_198' title='bbox 879 2589 1004 2646; x_wconf 83' lang='lat' dir='ltr'><strong>Fuit</strong></span> <span class='ocrx_word' id='word_1_199' title='bbox 1029 2590 1082 2642; x_wconf 91' lang='lat' dir='ltr'><strong>in</strong></span> <span class='ocrx_word' id='word_1_200' title='bbox 1110 2583 1468 2654; x_wconf 88' lang='lat' dir='ltr'><strong>Diospolitana</strong></span> <span class='ocrx_word' id='word_1_201' title='bbox 1484 2577 1686 2651; x_wconf 78' lang='lat' dir='ltr'><strong>synodo</strong></span> 
     </span>
    </p>
   </div>
   <div class='ocr_carea' id='block_1_27' title="bbox 155 2675 1686 2761">
    <p class='ocr_par' dir='ltr' id='par_1_27' title="bbox 155 2675 1686 2761">
     <span class='ocr_line' id='line_1_27' title="bbox 155 2675 1686 2761; baseline -0.018 -11"><span class='ocrx_word' id='word_1_202' title='bbox 155 2694 373 2758; x_wconf 83' lang='lat' dir='ltr'><strong>relatum,</strong></span> <span class='ocrx_word' id='word_1_203' title='bbox 409 2698 601 2761; x_wconf 64' lang='lat' dir='ltr'><strong>praeter</strong></span> <span class='ocrx_word' id='word_1_204' title='bbox 647 2692 938 2741; x_wconf 88' lang='lat' dir='ltr'><strong>memorata</strong></span> <span class='ocrx_word' id='word_1_205' title='bbox 978 2679 1086 2734; x_wconf 90' lang='lat' dir='ltr'><strong>duo</strong></span> <span class='ocrx_word' id='word_1_206' title='bbox 1126 2675 1296 2746; x_wconf 82' lang='lat' dir='ltr'><strong>capita</strong></span> <span class='ocrx_word' id='word_1_207' title='bbox 1322 2713 1336 2739; x_wconf 94' lang='lat'><strong>,</strong></span> <span class='ocrx_word' id='word_1_208' title='bbox 1383 2678 1686 2726; x_wconf 88' lang='lat' dir='ltr'><strong>accusatum</strong></span> 
     </span>
    </p>
   </div>
   <div class='ocr_carea' id='block_1_28' title="bbox 155 2760 1683 2854">
    <p class='ocr_par' dir='ltr' id='par_1_28' title="bbox 155 2760 1683 2854">
     <span class='ocr_line' id='line_1_28' title="bbox 155 2760 1683 2854; baseline -0.018 -12"><span class='ocrx_word' id='word_1_209' title='bbox 155 2797 333 2854; x_wconf 79' lang='lat' dir='ltr'><strong>quoque</strong></span> <span class='ocrx_word' id='word_1_210' title='bbox 373 2760 678 2838; x_wconf 68' lang='lat' dir='ltr'><strong>Ctelestium</strong></span> <span class='ocrx_word' id='word_1_211' title='bbox 727 2773 866 2846; x_wconf 90' lang='lat' dir='ltr'><strong>apud</strong></span> <span class='ocrx_word' id='word_1_212' title='bbox 909 2768 1324 2839; x_wconf 86' lang='lat' dir='ltr'><strong>Carthagineuse</strong></span> <span class='ocrx_word' id='word_1_213' title='bbox 1377 2760 1683 2854; x_wconf 85' lang='lat' dir='ltr'><strong>concilium,</strong></span> 
     </span>
    </p>
   </div>
   <div class='ocr_carea' id='block_1_29' title="bbox 156 2852 1684 2944">
    <p class='ocr_par' dir='ltr' id='par_1_29' title="bbox 156 2852 1684 2944">
     <span class='ocr_line' id='line_1_29' title="bbox 156 2852 1684 2944; baseline -0.018 -13"><span class='ocrx_word' id='word_1_214' title='bbox 156 2852 501 2944; x_wconf 61' lang='grc' dir='ltr'><strong>Μάκετα,</strong></span> <span class='ocrx_word' id='word_1_215' title='bbox 534 2867 704 2922; x_wconf 81' lang='lat' dir='ltr'><strong>Adam</strong></span> <span class='ocrx_word' id='word_1_216' title='bbox 741 2863 1004 2918; x_wconf 81' lang='lat' dir='ltr'><strong>mortalem</strong></span> <span class='ocrx_word' id='word_1_217' title='bbox 1042 2863 1234 2932; x_wconf 86' lang='lat' dir='ltr'><strong>factum</strong></span> <span class='ocrx_word' id='word_1_218' title='bbox 1267 2856 1440 2928; x_wconf 87' lang='lat' dir='ltr'><strong>fuisse,</strong></span> <span class='ocrx_word' id='word_1_219' title='bbox 1468 2852 1553 2922; x_wconf 84' lang='lat' dir='ltr'><strong>qui</strong></span> <span class='ocrx_word' id='word_1_220' title='bbox 1572 2852 1684 2944; x_wconf 82' lang='lat' dir='ltr'><strong>sive</strong></span> 
     </span>
    </p>
   </div>
   <div class='ocr_carea' id='block_1_30' title="bbox 159 2943 1687 3034">
    <p class='ocr_par' dir='ltr' id='par_1_30' title="bbox 159 2943 1687 3034">
     <span class='ocr_line' id='line_1_30' title="bbox 159 2943 1687 3034; baseline -0.016 -14"><span class='ocrx_word' id='word_1_221' title='bbox 159 2943 365 3034; x_wconf 72' lang='lat' dir='ltr'><strong>peccaret,</strong></span> <span class='ocrx_word' id='word_1_222' title='bbox 400 2963 497 3017; x_wconf 77' lang='lat' dir='ltr'><strong>sive</strong></span> <span class='ocrx_word' id='word_1_223' title='bbox 537 2976 640 3014; x_wconf 91' lang='lat' dir='ltr'><strong>non</strong></span> <span class='ocrx_word' id='word_1_224' title='bbox 678 2963 923 3028; x_wconf 88' lang='lat' dir='ltr'><strong>peccaret,</strong></span> <span class='ocrx_word' id='word_1_225' title='bbox 952 2952 1228 3008; x_wconf 86' lang='lat' dir='ltr'><strong>moriturus</strong></span> <span class='ocrx_word' id='word_1_226' title='bbox 1255 2956 1412 3011; x_wconf 81' lang='lat' dir='ltr'><strong>esset;</strong></span> <span class='ocrx_word' id='word_1_227' title='bbox 1439 2955 1516 3013; x_wconf 90' lang='lat' dir='ltr'><strong>et,</strong></span> <span class='ocrx_word' id='word_1_228' title='bbox 1547 2943 1687 3010; x_wconf 84' lang='lat' dir='ltr'><strong>Quo-</strong></span> 
     </span>
    </p>
   </div>
   <div class='ocr_carea' id='block_1_31' title="bbox 161 3038 1688 3120">
    <p class='ocr_par' dir='ltr' id='par_1_31' title="bbox 161 3038 1688 3120">
     <span class='ocr_line' id='line_1_31' title="bbox 161 3038 1688 3120; baseline -0.016 -6"><span class='ocrx_word' id='word_1_229' title='bbox 161 3057 274 3112; x_wconf 68' lang='lat' dir='ltr'><strong>niam</strong></span> <span class='ocrx_word' id='word_1_230' title='bbox 287 3057 384 3113; x_wconf 66' lang='lat' dir='ltr'><strong>Lex</strong></span> <span class='ocrx_word' id='word_1_231' title='bbox 396 3058 463 3113; x_wconf 82' lang='lat' dir='ltr'><strong>sic</strong></span> <span class='ocrx_word' id='word_1_232' title='bbox 483 3055 647 3110; x_wconf 84' lang='lat' dir='ltr'><strong>mittat</strong></span> <span class='ocrx_word' id='word_1_233' title='bbox 670 3051 739 3105; x_wconf 84' lang='lat' dir='ltr'><strong>ad</strong></span> <span class='ocrx_word' id='word_1_234' title='bbox 753 3063 983 3120; x_wconf 78' lang='lat' dir='ltr'><strong>regnum,</strong></span> <span class='ocrx_word' id='word_1_235' title='bbox 1001 3041 1424 3118; x_wconf 85' lang='lat' dir='ltr'><strong>quemadmodum</strong></span> <span class='ocrx_word' id='word_1_236' title='bbox 1443 3047 1488 3094; x_wconf 88' lang='lat' dir='ltr'><strong>et</strong></span> <span class='ocrx_word' id='word_1_237' title='bbox 1517 3038 1688 3092; x_wconf 87' lang='lat' dir='ltr'><strong>Evan-</strong></span> 
     </span>
    </p>
   </div>
   <div class='ocr_carea' id='block_1_32' title="bbox 165 3132 1692 3220">
    <p class='ocr_par' dir='ltr' id='par_1_32' title="bbox 165 3132 1692 3220">
     <span class='ocr_line' id='line_1_32' title="bbox 165 3132 1692 3220; baseline -0.016 -12"><span class='ocrx_word' id='word_1_238' title='bbox 165 3149 344 3220; x_wconf 62' lang='grc' dir='ltr'>ςὺιιις</span> <span class='ocrx_word' id='word_1_239' title='bbox 367 3161 426 3216; x_wconf 89' lang='lat' dir='ltr'><strong>et,</strong></span> <span class='ocrx_word' id='word_1_240' title='bbox 459 3149 708 3217; x_wconf 78' lang='lat' dir='ltr'><strong>Quoniam</strong></span> <span class='ocrx_word' id='word_1_241' title='bbox 733 3152 850 3198; x_wconf 89' lang='lat' dir='ltr'><strong>ante</strong></span> <span class='ocrx_word' id='word_1_242' title='bbox 878 3141 1147 3195; x_wconf 80' lang='lat' dir='ltr'><strong>adventum</strong></span> <span class='ocrx_word' id='word_1_243' title='bbox 1173 3135 1356 3192; x_wconf 83' lang='lat' dir='ltr'><strong>Christi</strong></span> <span class='ocrx_word' id='word_1_244' title='bbox 1387 3133 1572 3205; x_wconf 85' lang='lat' dir='ltr'><strong>fuerint</strong></span> <span class='ocrx_word' id='word_1_245' title='bbox 1599 3132 1692 3185; x_wconf 85' lang='lat' dir='ltr'><strong>ho-</strong></span> 
     </span>
    </p>
   </div>
   <div class='ocr_carea' id='block_1_33' title="bbox 172 3222 1692 3310">
    <p class='ocr_par' dir='ltr' id='par_1_33' title="bbox 172 3222 1692 3310">
     <span class='ocr_line' id='line_1_33' title="bbox 172 3222 1692 3310; baseline -0.014 -13"><span class='ocrx_word' id='word_1_246' title='bbox 172 3239 292 3294; x_wconf 63' lang='grc' dir='ltr'><strong>ήκω</strong></span> <span class='ocrx_word' id='word_1_247' title='bbox 311 3241 407 3295; x_wconf 80' lang='lat' dir='ltr'><strong>sine</strong></span> <span class='ocrx_word' id='word_1_248' title='bbox 432 3247 662 3310; x_wconf 80' lang='lat' dir='ltr'><strong>peccato;</strong></span> <span class='ocrx_word' id='word_1_249' title='bbox 688 3244 757 3301; x_wconf 91' lang='lat' dir='ltr'><strong>et,</strong></span> <span class='ocrx_word' id='word_1_250' title='bbox 791 3231 1040 3298; x_wconf 82' lang='lat' dir='ltr'><strong>Quoniam</strong></span> <span class='ocrx_word' id='word_1_251' title='bbox 1075 3243 1230 3299; x_wconf 90' lang='lat' dir='ltr'><strong>neque</strong></span> <span class='ocrx_word' id='word_1_252' title='bbox 1268 3241 1356 3296; x_wconf 86' lang='lat' dir='ltr'><strong>per</strong></span> <span class='ocrx_word' id='word_1_253' title='bbox 1382 3233 1588 3278; x_wconf 88' lang='lat' dir='ltr'><strong>mortem</strong></span> <span class='ocrx_word' id='word_1_254' title='bbox 1615 3222 1692 3276; x_wconf 81' lang='lat' dir='ltr'><strong>vel</strong></span> 
     </span>
    </p>
   </div>
   <div class='ocr_carea' id='block_1_34' title="bbox 173 3317 1690 3404">
    <p class='ocr_par' dir='ltr' id='par_1_34' title="bbox 173 3317 1690 3404">
     <span class='ocr_line' id='line_1_34' title="bbox 173 3317 1690 3404; baseline -0.016 -12"><span class='ocrx_word' id='word_1_255' title='bbox 173 3336 570 3404; x_wconf 53' lang='lat' dir='ltr'><strong>[adactionem</strong></span> <span class='ocrx_word' id='word_1_256' title='bbox 601 3330 729 3386; x_wconf 72' lang='lat' dir='ltr'><strong>Adte</strong></span> <span class='ocrx_word' id='word_1_257' title='bbox 760 3342 904 3383; x_wconf 85' lang='lat' dir='ltr'><strong>omne</strong></span> <span class='ocrx_word' id='word_1_258' title='bbox 934 3340 1089 3396; x_wconf 88' lang='lat' dir='ltr'><strong>genus</strong></span> <span class='ocrx_word' id='word_1_259' title='bbox 1133 3321 1392 3375; x_wconf 82' lang='lat' dir='ltr'><strong>hominum</strong></span> <span class='ocrx_word' id='word_1_260' title='bbox 1429 3317 1690 3381; x_wconf 82' lang='lat' dir='ltr'><strong>moriatur,</strong></span> 
     </span>
    </p>
   </div>
   <div class='ocr_carea' id='block_1_35' title="bbox 172 3407 1695 3496">
    <p class='ocr_par' dir='ltr' id='par_1_35' title="bbox 172 3407 1695 3496">
     <span class='ocr_line' id='line_1_35' title="bbox 172 3407 1695 3496; baseline -0.016 -12"><span class='ocrx_word' id='word_1_261' title='bbox 172 3439 296 3496; x_wconf 63' lang='lat' dir='ltr'><strong>Iesu</strong></span> <span class='ocrx_word' id='word_1_262' title='bbox 317 3442 400 3495; x_wconf 82' lang='lat' dir='ltr'><strong>per</strong></span> <span class='ocrx_word' id='word_1_263' title='bbox 419 3422 821 3480; x_wconf 77' lang='lat' dir='ltr'><strong>resurrectionem</strong></span> <span class='ocrx_word' id='word_1_264' title='bbox 858 3415 1046 3472; x_wconf 82' lang='lat' dir='ltr'><strong>Christi</strong></span> <span class='ocrx_word' id='word_1_265' title='bbox 1079 3428 1225 3467; x_wconf 90' lang='lat' dir='ltr'><strong>omne</strong></span> <span class='ocrx_word' id='word_1_266' title='bbox 1250 3426 1406 3482; x_wconf 84' lang='lat' dir='ltr'><strong>genus</strong></span> <span class='ocrx_word' id='word_1_267' title='bbox 1434 3407 1695 3462; x_wconf 88' lang='lat' dir='ltr'><strong>hominum</strong></span> 
     </span>
    </p>
   </div>
   <div class='ocr_carea' id='block_1_36' title="bbox 171 3499 1692 3589">
    <p class='ocr_par' dir='ltr' id='par_1_36' title="bbox 171 3499 1692 3589">
     <span class='ocr_line' id='line_1_36' title="bbox 171 3499 1692 3589; baseline -0.016 -13"><span class='ocrx_word' id='word_1_268' title='bbox 171 3529 368 3588; x_wconf 53' lang='lat' dir='ltr'><strong>fugat</strong></span> <span class='ocrx_word' id='word_1_269' title='bbox 387 3515 471 3589; x_wconf 76' lang='lat' dir='ltr'><strong>(De</strong></span> <span class='ocrx_word' id='word_1_270' title='bbox 502 3516 710 3572; x_wconf 84' lang='lat' dir='ltr'><strong>Peccato</strong></span> <span class='ocrx_word' id='word_1_271' title='bbox 739 3509 996 3581; x_wconf 85' lang='lat' dir='ltr'><strong>originali,</strong></span> <span class='ocrx_word' id='word_1_272' title='bbox 1029 3524 1081 3561; x_wconf 85' lang='grc' dir='ltr'><strong>η.</strong></span> <span class='ocrx_word' id='word_1_273' title='bbox 1120 3504 1232 3574; x_wconf 83' lang='grc'><strong>12).</strong></span> <span class='ocrx_word' id='word_1_274' title='bbox 1271 3502 1398 3558; x_wconf 65' lang='lat' dir='ltr'><strong>Haec</strong></span> <span class='ocrx_word' id='word_1_275' title='bbox 1439 3499 1692 3570; x_wconf 86' lang='lat' dir='ltr'><strong>Augusti-</strong></span> 
     </span>
    </p>
   </div>
   <div class='ocr_carea' id='block_1_37' title="bbox 172 3591 1696 3676">
    <p class='ocr_par' dir='ltr' id='par_1_37' title="bbox 172 3591 1696 3676">
     <span class='ocr_line' id='line_1_37' title="bbox 172 3591 1696 3676; baseline -0.012 -12"><span class='ocrx_word' id='word_1_276' title='bbox 172 3621 256 3663; x_wconf 85' lang='lat' dir='ltr'><strong>nus</strong></span> <span class='ocrx_word' id='word_1_277' title='bbox 276 3608 462 3664; x_wconf 85' lang='lat' dir='ltr'><strong>duobus</strong></span> <span class='ocrx_word' id='word_1_278' title='bbox 481 3609 530 3665; x_wconf 86' lang='lat' dir='ltr'><strong>in</strong></span> <span class='ocrx_word' id='word_1_279' title='bbox 550 3608 704 3672; x_wconf 91' lang='lat' dir='ltr'><strong>locis,</strong></span> <span class='ocrx_word' id='word_1_280' title='bbox 739 3617 965 3676; x_wconf 90' lang='lat' dir='ltr'><strong>quorum</strong></span> <span class='ocrx_word' id='word_1_281' title='bbox 991 3597 1204 3670; x_wconf 88' lang='lat' dir='ltr'><strong>quidem</strong></span> <span class='ocrx_word' id='word_1_282' title='bbox 1238 3596 1404 3650; x_wconf 88' lang='lat' dir='ltr'><strong>altero</strong></span> <span class='ocrx_word' id='word_1_283' title='bbox 1442 3591 1696 3648; x_wconf 86' lang='lat' dir='ltr'><strong>nonnulla</strong></span> 
     </span>
    </p>
   </div>
   <div class='ocr_carea' id='block_1_38' title="bbox 167 3684 1697 3770">
    <p class='ocr_par' dir='ltr' id='par_1_38' title="bbox 167 3684 1697 3770">
     <span class='ocr_line' id='line_1_38' title="bbox 167 3684 1697 3770; baseline -0.01 -19"><span class='ocrx_word' id='word_1_284' title='bbox 167 3712 220 3752; x_wconf 78' lang='lat' dir='ltr'><strong>ex</strong></span> <span class='ocrx_word' id='word_1_285' title='bbox 238 3699 320 3754; x_wconf 84' lang='lat' dir='ltr'><strong>his</strong></span> <span class='ocrx_word' id='word_1_286' title='bbox 345 3699 574 3770; x_wconf 86' lang='lat' dir='ltr'><strong>capitibus</strong></span> <span class='ocrx_word' id='word_1_287' title='bbox 601 3711 724 3755; x_wconf 88' lang='lat' dir='ltr'><strong>esse</strong></span> <span class='ocrx_word' id='word_1_288' title='bbox 754 3688 1002 3758; x_wconf 84' lang='lat' dir='ltr'><strong>testatur,</strong></span> <span class='ocrx_word' id='word_1_289' title='bbox 1028 3703 1146 3760; x_wconf 82' lang='lat' dir='ltr'><strong>quae</strong></span> <span class='ocrx_word' id='word_1_290' title='bbox 1170 3701 1275 3742; x_wconf 91' lang='lat' dir='ltr'><strong>non</strong></span> <span class='ocrx_word' id='word_1_291' title='bbox 1303 3684 1546 3740; x_wconf 86' lang='lat' dir='ltr'><strong>meminit</strong></span> <span class='ocrx_word' id='word_1_292' title='bbox 1568 3697 1697 3738; x_wconf 88' lang='lat' dir='ltr'><strong>con-</strong></span> 
     </span>
    </p>
   </div>
   <div class='ocr_carea' id='block_1_39' title="bbox 163 3776 1698 3862">
    <p class='ocr_par' dir='ltr' id='par_1_39' title="bbox 163 3776 1698 3862">
     <span class='ocr_line' id='line_1_39' title="bbox 163 3776 1698 3862; baseline -0.011 -16"><span class='ocrx_word' id='word_1_293' title='bbox 163 3795 280 3846; x_wconf 82' lang='lat' dir='ltr'><strong>tenta</strong></span> <span class='ocrx_word' id='word_1_294' title='bbox 306 3793 458 3862; x_wconf 84' lang='lat' dir='ltr'><strong>gestis</strong></span> <span class='ocrx_word' id='word_1_295' title='bbox 479 3788 851 3848; x_wconf 81' lang='lat' dir='ltr'><strong>ecclesiasticis</strong></span> <span class='ocrx_word' id='word_1_296' title='bbox 875 3782 1086 3841; x_wconf 86' lang='lat' dir='ltr'><strong>concilii</strong></span> <span class='ocrx_word' id='word_1_297' title='bbox 1122 3779 1278 3849; x_wconf 88' lang='lat' dir='ltr'><strong>hujus</strong></span> <span class='ocrx_word' id='word_1_298' title='bbox 1314 3776 1698 3847; x_wconf 84' lang='lat' dir='ltr'><strong>Carthaginen-</strong></span> 
     </span>
    </p>
   </div>
   <div class='ocr_carea' id='block_1_40' title="bbox 160 3865 1695 3954">
    <p class='ocr_par' dir='ltr' id='par_1_40' title="bbox 160 3865 1695 3954">
     <span class='ocr_line' id='line_1_40' title="bbox 160 3865 1695 3954; baseline -0.01 -20"><span class='ocrx_word' id='word_1_299' title='bbox 160 3879 240 3948; x_wconf 83' lang='lat' dir='ltr'><strong>sis;</strong></span> <span class='ocrx_word' id='word_1_300' title='bbox 263 3884 348 3937; x_wconf 82' lang='lat' dir='ltr'><strong>cui</strong></span> <span class='ocrx_word' id='word_1_301' title='bbox 371 3883 472 3954; x_wconf 89' lang='lat' dir='ltr'><strong>ipse</strong></span> <span class='ocrx_word' id='word_1_302' title='bbox 497 3881 708 3954; x_wconf 88' lang='lat' dir='ltr'><strong>quidem</strong></span> <span class='ocrx_word' id='word_1_303' title='bbox 736 3893 847 3933; x_wconf 92' lang='lat' dir='ltr'><strong>non</strong></span> <span class='ocrx_word' id='word_1_304' title='bbox 883 3872 1216 3936; x_wconf 79' lang='lat' dir='ltr'><strong>interfuerat,</strong></span> <span class='ocrx_word' id='word_1_305' title='bbox 1248 3868 1342 3924; x_wconf 89' lang='lat' dir='ltr'><strong>sed</strong></span> <span class='ocrx_word' id='word_1_306' title='bbox 1368 3882 1491 3923; x_wconf 90' lang='lat' dir='ltr'><strong>cum</strong></span> <span class='ocrx_word' id='word_1_307' title='bbox 1517 3865 1695 3922; x_wconf 89' lang='lat' dir='ltr'><strong>venis-</strong></span> 
     </span>
    </p>
   </div>
   <div class='ocr_carea' id='block_1_41' title="bbox 158 3957 1696 4046">
    <p class='ocr_par' dir='ltr' id='par_1_41' title="bbox 158 3957 1696 4046">
     <span class='ocr_line' id='line_1_41' title="bbox 158 3957 1696 4046; baseline -0.01 -19"><span class='ocrx_word' id='word_1_308' title='bbox 158 3981 221 4028; x_wconf 83' lang='lat' dir='ltr'><strong>set</strong></span> <span class='ocrx_word' id='word_1_309' title='bbox 240 3975 613 4046; x_wconf 85' lang='lat' dir='ltr'><strong>Carthaginem,</strong></span> <span class='ocrx_word' id='word_1_310' title='bbox 639 3971 830 4027; x_wconf 88' lang='lat' dir='ltr'><strong>eadem</strong></span> <span class='ocrx_word' id='word_1_311' title='bbox 858 3976 1008 4039; x_wconf 89' lang='lat' dir='ltr'><strong>gesta</strong></span> <span class='ocrx_word' id='word_1_312' title='bbox 1033 3970 1375 4020; x_wconf 86' lang='lat' dir='ltr'><strong>recensuerat</strong></span> <span class='ocrx_word' id='word_1_313' title='bbox 1405 3958 1505 4033; x_wconf 88' lang='lat' dir='ltr'><strong>(De</strong></span> <span class='ocrx_word' id='word_1_314' title='bbox 1534 3957 1696 4012; x_wconf 80' lang='lat' dir='ltr'><strong>Cestis</strong></span> 
     </span>
    </p>
   </div>
   <div class='ocr_carea' id='block_1_42' title="bbox 157 4051 1697 4136">
    <p class='ocr_par' dir='ltr' id='par_1_42' title="bbox 157 4051 1697 4136">
     <span class='ocr_line' id='line_1_42' title="bbox 157 4051 1697 4136; baseline -0.012 -15"><span class='ocrx_word' id='word_1_315' title='bbox 157 4057 355 4136; x_wconf 70' lang='lat' dir='ltr'><strong>Pelagii,</strong></span> <span class='ocrx_word' id='word_1_316' title='bbox 379 4082 426 4120; x_wconf 73' lang='grc' dir='ltr'><strong>κ.</strong></span> <span class='ocrx_word' id='word_1_317' title='bbox 454 4065 563 4136; x_wconf 90' lang='grc'><strong>25).</strong></span> <span class='ocrx_word' id='word_1_318' title='bbox 603 4061 767 4133; x_wconf 86' lang='lat' dir='ltr'><strong>Atqui</strong></span> <span class='ocrx_word' id='word_1_319' title='bbox 810 4057 1116 4114; x_wconf 76' lang='lat' dir='ltr'><strong>leestium</strong></span> <span class='ocrx_word' id='word_1_320' title='bbox 1168 4055 1223 4109; x_wconf 89' lang='lat' dir='ltr'><strong>in</strong></span> <span class='ocrx_word' id='word_1_321' title='bbox 1267 4067 1334 4108; x_wconf 93' lang='lat' dir='ltr'><strong>eo</strong></span> <span class='ocrx_word' id='word_1_322' title='bbox 1382 4051 1697 4107; x_wconf 82' lang='lat' dir='ltr'><strong>convincere</strong></span> 
     </span>
    </p>
   </div>
   <div class='ocr_carea' id='block_1_43' title="bbox 156 4140 1696 4224">
    <p class='ocr_par' dir='ltr' id='par_1_43' title="bbox 156 4140 1696 4224">
     <span class='ocr_line' id='line_1_43' title="bbox 156 4140 1696 4224; baseline -0.012 -14"><span class='ocrx_word' id='word_1_323' title='bbox 156 4165 248 4209; x_wconf 81' lang='lat' dir='ltr'><strong>non</strong></span> <span class='ocrx_word' id='word_1_324' title='bbox 267 4156 466 4212; x_wconf 64' lang='lat' dir='ltr'><strong>difﬁcile</strong></span> <span class='ocrx_word' id='word_1_325' title='bbox 489 4157 603 4224; x_wconf 84' lang='lat' dir='ltr'><strong>fuit,</strong></span> <span class='ocrx_word' id='word_1_326' title='bbox 633 4152 904 4223; x_wconf 76' lang='lat' dir='ltr'><strong>corrigere</strong></span> <span class='ocrx_word' id='word_1_327' title='bbox 923 4163 1052 4204; x_wconf 77' lang='lat' dir='ltr'><strong>vero</strong></span> <span class='ocrx_word' id='word_1_328' title='bbox 1080 4157 1431 4217; x_wconf 85' lang='lat' dir='ltr'><strong>nequaquam.</strong></span> <span class='ocrx_word' id='word_1_329' title='bbox 1459 4140 1696 4210; x_wconf 82' lang='lat' dir='ltr'><strong>Quapro-</strong></span> 
     </span>
    </p>
   </div>
   <div class='ocr_carea' id='block_1_44' title="bbox 158 4232 1697 4315">
    <p class='ocr_par' dir='ltr' id='par_1_44' title="bbox 158 4232 1697 4315">
     <span class='ocr_line' id='line_1_44' title="bbox 158 4232 1697 4315; baseline -0.016 -4"><span class='ocrx_word' id='word_1_330' title='bbox 158 4251 264 4311; x_wconf 68' lang='grc' dir='ltr'><strong>μα’</strong></span> <span class='ocrx_word' id='word_1_331' title='bbox 277 4260 389 4302; x_wconf 79' lang='lat' dir='ltr'><strong>cum</strong></span> <span class='ocrx_word' id='word_1_332' title='bbox 406 4248 630 4315; x_wconf 84' lang='lat' dir='ltr'><strong>auditus,</strong></span> <span class='ocrx_word' id='word_1_333' title='bbox 648 4245 1046 4312; x_wconf 84' lang='lat' dir='ltr'><strong>convictusque,</strong></span> <span class='ocrx_word' id='word_1_334' title='bbox 1066 4245 1226 4308; x_wconf 87' lang='lat' dir='ltr'><strong>atque</strong></span> <span class='ocrx_word' id='word_1_335' title='bbox 1245 4235 1404 4290; x_wconf 89' lang='lat' dir='ltr'><strong>etiam</strong></span> <span class='ocrx_word' id='word_1_336' title='bbox 1419 4232 1697 4303; x_wconf 87' lang='lat' dir='ltr'><strong>opiniones</strong></span> 
     </span>
    </p>
   </div>
   <div class='ocr_carea' id='block_1_45' title="bbox 157 4327 1696 4405">
    <p class='ocr_par' dir='ltr' id='par_1_45' title="bbox 157 4327 1696 4405">
     <span class='ocr_line' id='line_1_45' title="bbox 157 4327 1696 4405; baseline -0.014 -4"><span class='ocrx_word' id='word_1_337' title='bbox 157 4347 278 4392; x_wconf 65' lang='lat' dir='ltr'><strong>suis</strong></span> <span class='ocrx_word' id='word_1_338' title='bbox 298 4341 541 4397; x_wconf 75' lang='lat' dir='ltr'><strong>confessus</strong></span> <span class='ocrx_word' id='word_1_339' title='bbox 565 4347 730 4405; x_wconf 85' lang='lat' dir='ltr'><strong>esset,</strong></span> <span class='ocrx_word' id='word_1_340' title='bbox 757 4337 1004 4391; x_wconf 88' lang='lat' dir='ltr'><strong>damnata</strong></span> <span class='ocrx_word' id='word_1_341' title='bbox 1047 4340 1190 4395; x_wconf 89' lang='lat' dir='ltr'><strong>sunt,</strong></span> <span class='ocrx_word' id='word_1_342' title='bbox 1219 4343 1446 4401; x_wconf 91' lang='lat' dir='ltr'><strong>quorum</strong></span> <span class='ocrx_word' id='word_1_343' title='bbox 1474 4327 1696 4382; x_wconf 86' lang='lat' dir='ltr'><strong>insimu-</strong></span> 
     </span>
    </p>
   </div>
   <div class='ocr_carea' id='block_1_46' title="bbox 154 4420 1699 4502">
    <p class='ocr_par' dir='ltr' id='par_1_46' title="bbox 154 4420 1699 4502">
     <span class='ocr_line' id='line_1_46' title="bbox 154 4420 1699 4502; baseline -0.009 -17"><span class='ocrx_word' id='word_1_344' title='bbox 154 4422 283 4484; x_wconf 74' lang='lat' dir='ltr'><strong>latus</strong></span> <span class='ocrx_word' id='word_1_345' title='bbox 308 4429 475 4497; x_wconf 80' lang='lat' dir='ltr'><strong>fuerat,</strong></span> <span class='ocrx_word' id='word_1_346' title='bbox 503 4432 750 4502; x_wconf 90' lang='lat' dir='ltr'><strong>dogmata</strong></span> <span class='ocrx_word' id='word_1_347' title='bbox 778 4427 968 4502; x_wconf 84' lang='lat' dir='ltr'><strong>(Epist.</strong></span> <span class='ocrx_word' id='word_1_348' title='bbox 1000 4425 1122 4488; x_wconf 84' lang='grc'><strong>157,</strong></span> <span class='ocrx_word' id='word_1_349' title='bbox 1154 4439 1207 4476; x_wconf 91' lang='lat' dir='ltr'><strong>n.</strong></span> <span class='ocrx_word' id='word_1_350' title='bbox 1235 4421 1360 4491; x_wconf 86' lang='grc'><strong>22);</strong></span> <span class='ocrx_word' id='word_1_351' title='bbox 1383 4420 1496 4490; x_wconf 89' lang='lat' dir='ltr'><strong>ipse</strong></span> <span class='ocrx_word' id='word_1_352' title='bbox 1521 4426 1699 4472; x_wconf 87' lang='lat' dir='ltr'><strong>autem</strong></span> 
     </span>
    </p>
   </div>
   <div class='ocr_carea' id='block_1_47' title="bbox 157 4506 1702 4593">
    <p class='ocr_par' dir='ltr' id='par_1_47' title="bbox 157 4506 1702 4593">
     <span class='ocr_line' id='line_1_47' title="bbox 157 4506 1702 4593; baseline -0.011 -15"><span class='ocrx_word' id='word_1_353' title='bbox 157 4522 422 4587; x_wconf 67' lang='lat' dir='ltr'><strong>reportavit</strong></span> <span class='ocrx_word' id='word_1_354' title='bbox 457 4523 669 4593; x_wconf 86' lang='lat' dir='ltr'><strong>dignam</strong></span> <span class='ocrx_word' id='word_1_355' title='bbox 708 4533 804 4575; x_wconf 89' lang='lat' dir='ltr'><strong>sua</strong></span> <span class='ocrx_word' id='word_1_356' title='bbox 850 4515 1192 4588; x_wconf 89' lang='lat' dir='ltr'><strong>perversitate</strong></span> <span class='ocrx_word' id='word_1_357' title='bbox 1232 4511 1545 4568; x_wconf 86' lang='lat' dir='ltr'><strong>sententiam</strong></span> <span class='ocrx_word' id='word_1_358' title='bbox 1591 4506 1702 4581; x_wconf 90' lang='lat' dir='ltr'><strong>(De</strong></span> 
     </span>
    </p>
   </div>
   <div class='ocr_carea' id='block_1_48' title="bbox 165 4599 1706 4685">
    <p class='ocr_par' dir='ltr' id='par_1_48' title="bbox 165 4599 1706 4685">
     <span class='ocr_line' id='line_1_48' title="bbox 165 4599 1706 4685; baseline -0.006 -22"><span class='ocrx_word' id='word_1_359' title='bbox 165 4601 324 4663; x_wconf 60' lang='lat' dir='ltr'><strong>“satis</strong></span> <span class='ocrx_word' id='word_1_360' title='bbox 355 4609 542 4685; x_wconf 77' lang='lat' dir='ltr'><strong>Pelagii,</strong></span> <span class='ocrx_word' id='word_1_361' title='bbox 589 4629 642 4666; x_wconf 88' lang='lat' dir='ltr'><strong>n.</strong></span> <span class='ocrx_word' id='word_1_362' title='bbox 685 4609 812 4680; x_wconf 79' lang='grc'><strong>46),</strong></span> <span class='ocrx_word' id='word_1_363' title='bbox 857 4602 1417 4663; x_wconf 82' lang='lat' dir='ltr'><strong>excommunicationis</strong></span> <span class='ocrx_word' id='word_1_364' title='bbox 1459 4599 1706 4655; x_wconf 85' lang='lat' dir='ltr'><strong>videlicet</strong></span> 
     </span>
    </p>
   </div>
   <div class='ocr_carea' id='block_1_49' title="bbox 162 4689 1704 4774">
    <p class='ocr_par' dir='ltr' id='par_1_49' title="bbox 162 4689 1704 4774">
     <span class='ocr_line' id='line_1_49' title="bbox 162 4689 1704 4774; baseline -0.012 -12"><span class='ocrx_word' id='word_1_365' title='bbox 162 4708 320 4761; x_wconf 67' lang='lat' dir='ltr'><strong>Mill</strong></span> <span class='ocrx_word' id='word_1_366' title='bbox 340 4703 590 4760; x_wconf 70' lang='lat' dir='ltr'><strong>mulctatus</strong></span> <span class='ocrx_word' id='word_1_367' title='bbox 623 4699 1090 4774; x_wconf 84' lang='lat' dir='ltr'><strong>(Retractationum</strong></span> <span class='ocrx_word' id='word_1_368' title='bbox 1115 4696 1202 4751; x_wconf 84' lang='lat' dir='ltr'><strong>lib.</strong></span> <span class='ocrx_word' id='word_1_369' title='bbox 1228 4695 1284 4759; x_wconf 86' lang='grc'><strong>2,</strong></span> <span class='ocrx_word' id='word_1_370' title='bbox 1313 4707 1429 4762; x_wconf 83' lang='lat' dir='ltr'><strong>cap.</strong></span> <span class='ocrx_word' id='word_1_371' title='bbox 1461 4691 1572 4760; x_wconf 82' lang='grc'><strong>55).</strong></span> <span class='ocrx_word' id='word_1_372' title='bbox 1589 4689 1704 4757; x_wconf 85' lang='lat' dir='ltr'><strong>Quo</strong></span> 
     </span>
    </p>
   </div>
   <div class='ocr_carea' id='block_1_50' title="bbox 153 4779 1704 4861">
    <p class='ocr_par' dir='ltr' id='par_1_50' title="bbox 153 4779 1704 4861">
     <span class='ocr_line' id='line_1_50' title="bbox 153 4779 1704 4861; baseline -0.009 -9"><span class='ocrx_word' id='word_1_373' title='bbox 153 4785 294 4846; x_wconf 62' lang='grc' dir='ltr'><strong>Ιδοιο</strong></span> <span class='ocrx_word' id='word_1_374' title='bbox 311 4791 489 4861; x_wconf 80' lang='lat' dir='ltr'><strong>judicio</strong></span> <span class='ocrx_word' id='word_1_375' title='bbox 511 4792 771 4852; x_wconf 82' lang='lat' dir='ltr'><strong>abscessit</strong></span> <span class='ocrx_word' id='word_1_376' title='bbox 793 4788 1028 4856; x_wconf 78' lang='lat' dir='ltr'><strong>infamis,</strong></span> <span class='ocrx_word' id='word_1_377' title='bbox 1055 4797 1110 4843; x_wconf 89' lang='lat' dir='ltr'><strong>et</strong></span> <span class='ocrx_word' id='word_1_378' title='bbox 1151 4783 1382 4858; x_wconf 84' lang='lat' dir='ltr'><strong>profugit</strong></span> <span class='ocrx_word' id='word_1_379' title='bbox 1427 4797 1494 4837; x_wconf 78' lang='lat' dir='ltr'><strong>ex</strong></span> <span class='ocrx_word' id='word_1_380' title='bbox 1529 4779 1704 4838; x_wconf 81' lang='lat' dir='ltr'><strong>Africa</strong></span> 
     </span>
    </p>
   </div>
   <div class='ocr_carea' id='block_1_51' title="bbox 156 4877 854 4958">
    <p class='ocr_par' dir='ltr' id='par_1_51' title="bbox 156 4877 854 4958">
     <span class='ocr_line' id='line_1_51' title="bbox 156 4877 854 4958; baseline -0.011 -15"><span class='ocrx_word' id='word_1_381' title='bbox 156 4877 395 4950; x_wconf 67' lang='lat' dir='ltr'><strong>(0min.</strong></span> <span class='ocrx_word' id='word_1_382' title='bbox 419 4887 469 4941; x_wconf 81' lang='lat' dir='ltr'><strong>in</strong></span> <span class='ocrx_word' id='word_1_383' title='bbox 491 4882 789 4958; x_wconf 78' lang='lat' dir='ltr'><strong>Apologia).</strong></span> <span class='ocrx_word' id='word_1_384' title='bbox 852 4913 854 4917; x_wconf 49' lang='grc' dir='ltr'>ν</span> 
     </span>
    </p>
   </div>
   <div class='ocr_carea' id='block_1_52' title="bbox 215 4963 1710 5050">
    <p class='ocr_par' dir='ltr' id='par_1_52' title="bbox 215 4963 1710 5050">
     <span class='ocr_line' id='line_1_52' title="bbox 215 4963 1710 5050; baseline -0.008 -20"><span class='ocrx_word' id='word_1_385' title='bbox 215 4974 272 5030; x_wconf 92' lang='grc'><strong>5.</strong></span> <span class='ocrx_word' id='word_1_386' title='bbox 294 4975 399 5033; x_wconf 77' lang='lat' dir='ltr'><strong>Etsi</strong></span> <span class='ocrx_word' id='word_1_387' title='bbox 429 4979 514 5050; x_wconf 91' lang='lat' dir='ltr'><strong>qui</strong></span> <span class='ocrx_word' id='word_1_388' title='bbox 539 4977 828 5048; x_wconf 81' lang='lat' dir='ltr'><strong>Pelagiana</strong></span> <span class='ocrx_word' id='word_1_389' title='bbox 864 4971 1036 5030; x_wconf 89' lang='lat' dir='ltr'><strong>errori</strong></span> <span class='ocrx_word' id='word_1_390' title='bbox 1061 4983 1181 5027; x_wconf 88' lang='lat' dir='ltr'><strong>sese</strong></span> <span class='ocrx_word' id='word_1_391' title='bbox 1209 4965 1521 5024; x_wconf 89' lang='lat' dir='ltr'><strong>imbueudos</strong></span> <span class='ocrx_word' id='word_1_392' title='bbox 1547 4963 1710 5021; x_wconf 81' lang='lat' dir='ltr'><strong>tradi-</strong></span> 
     </span>
    </p>
   </div>
   <div class='ocr_carea' id='block_1_53' title="bbox 155 5055 1707 5140">
    <p class='ocr_par' dir='ltr' id='par_1_53' title="bbox 155 5055 1707 5140">
     <span class='ocr_line' id='line_1_53' title="bbox 155 5055 1707 5140; baseline -0.009 -16"><span class='ocrx_word' id='word_1_393' title='bbox 155 5059 366 5137; x_wconf 64' lang='lat' dir='ltr'><strong>disserit,</strong></span> <span class='ocrx_word' id='word_1_394' title='bbox 388 5071 657 5140; x_wconf 81' lang='lat' dir='ltr'><strong>pauciores</strong></span> <span class='ocrx_word' id='word_1_395' title='bbox 682 5065 826 5122; x_wconf 90' lang='lat' dir='ltr'><strong>haud</strong></span> <span class='ocrx_word' id='word_1_396' title='bbox 851 5064 1013 5121; x_wconf 87' lang='lat' dir='ltr'><strong>dubie</strong></span> <span class='ocrx_word' id='word_1_397' title='bbox 1037 5061 1401 5134; x_wconf 88' lang='lat' dir='ltr'><strong>reperirentur</strong></span> <span class='ocrx_word' id='word_1_398' title='bbox 1429 5058 1483 5113; x_wconf 92' lang='lat' dir='ltr'><strong>in</strong></span> <span class='ocrx_word' id='word_1_399' title='bbox 1508 5055 1707 5122; x_wconf 83' lang='lat' dir='ltr'><strong>Africa,</strong></span> 
     </span>
    </p>
   </div>
   <div class='ocr_carea' id='block_1_54' title="bbox 159 5149 1713 5228">
    <p class='ocr_par' dir='ltr' id='par_1_54' title="bbox 159 5149 1713 5228">
     <span class='ocr_line' id='line_1_54' title="bbox 159 5149 1713 5228; baseline -0.007 -11"><span class='ocrx_word' id='word_1_400' title='bbox 159 5149 294 5228; x_wconf 66' lang='grc' dir='ltr'><strong>ῖὶφε</strong></span> <span class='ocrx_word' id='word_1_401' title='bbox 313 5159 530 5220; x_wconf 69' lang='grc' dir='ltr'><strong>ϐωιοαίἱ</strong></span> <span class='ocrx_word' id='word_1_402' title='bbox 551 5159 996 5218; x_wconf 89' lang='lat' dir='ltr'><strong>condemnatione</strong></span> <span class='ocrx_word' id='word_1_403' title='bbox 1021 5155 1280 5220; x_wconf 88' lang='lat' dir='ltr'><strong>deterriti,</strong></span> <span class='ocrx_word' id='word_1_404' title='bbox 1304 5154 1413 5225; x_wconf 84' lang='lat' dir='ltr'><strong>jam</strong></span> <span class='ocrx_word' id='word_1_405' title='bbox 1425 5167 1532 5208; x_wconf 87' lang='lat' dir='ltr'><strong>non</strong></span> <span class='ocrx_word' id='word_1_406' title='bbox 1548 5151 1713 5207; x_wconf 87' lang='lat' dir='ltr'><strong>aude-</strong></span> 
     </span>
    </p>
   </div>
   <div class='ocr_carea' id='block_1_55' title="bbox 169 5243 1715 5311">
    <p class='ocr_par' dir='ltr' id='par_1_55' title="bbox 169 5243 1715 5311">
     <span class='ocr_line' id='line_1_55' title="bbox 169 5243 1715 5311; baseline -0.009 0"><span class='ocrx_word' id='word_1_407' title='bbox 169 5253 452 5311; x_wconf 62' lang='lat' dir='ltr'><strong>rentth</strong></span> <span class='ocrx_word' id='word_1_408' title='bbox 473 5254 732 5311; x_wconf 64' lang='lat' dir='ltr'><strong>Ecclesiae</strong></span> <span class='ocrx_word' id='word_1_409' title='bbox 757 5248 1185 5306; x_wconf 84' lang='lat' dir='ltr'><strong>fundatissimam</strong></span> <span class='ocrx_word' id='word_1_410' title='bbox 1206 5245 1363 5302; x_wconf 82' lang='lat' dir='ltr'><strong>fidem</strong></span> <span class='ocrx_word' id='word_1_411' title='bbox 1385 5245 1486 5300; x_wconf 88' lang='lat' dir='ltr'><strong>nisi</strong></span> <span class='ocrx_word' id='word_1_412' title='bbox 1507 5243 1715 5299; x_wconf 90' lang='lat' dir='ltr'><strong>occulte</strong></span> 
     </span>
    </p>
   </div>
   <div class='ocr_carea' id='block_1_56' title="bbox 167 5321 1717 5420">
    <p class='ocr_par' dir='ltr' id='par_1_56' title="bbox 167 5321 1717 5420">
     <span class='ocr_line' id='line_1_56' title="bbox 167 5321 1717 5420; baseline -0.008 -19"><span class='ocrx_word' id='word_1_413' title='bbox 167 5343 634 5420; x_wconf 66' lang='lat' dir='ltr'><strong>IIl-silanwpist.</strong></span> <span class='ocrx_word' id='word_1_414' title='bbox 678 5345 803 5410; x_wconf 87' lang='grc'><strong>157,</strong></span> <span class='ocrx_word' id='word_1_415' title='bbox 826 5360 880 5397; x_wconf 90' lang='lat' dir='ltr'><strong>n.</strong></span> <span class='ocrx_word' id='word_1_416' title='bbox 919 5341 1042 5414; x_wconf 79' lang='grc'><strong>22);</strong></span> <span class='ocrx_word' id='word_1_417' title='bbox 1064 5349 1297 5396; x_wconf 87' lang='lat' dir='ltr'><strong>attamen</strong></span> <span class='ocrx_word' id='word_1_418' title='bbox 1323 5338 1559 5394; x_wconf 81' lang='lat' dir='ltr'><strong>decrevit</strong></span> <span class='ocrx_word' id='word_1_419' title='bbox 1595 5321 1717 5392; x_wconf 86' lang='lat' dir='ltr'><strong>san-</strong></span> 
     </span>
    </p>
   </div>
   <div class='ocr_carea' id='block_1_57' title="bbox 167 5427 1719 5502">
    <p class='ocr_par' dir='ltr' id='par_1_57' title="bbox 167 5427 1719 5502">
     <span class='ocr_line' id='line_1_57' title="bbox 167 5427 1719 5502; baseline -0.007 -9"><span class='ocrx_word' id='word_1_420' title='bbox 167 5439 274 5490; x_wconf 69' lang='grc' dir='ltr'><strong>αα</strong></span> <span class='ocrx_word' id='word_1_421' title='bbox 299 5435 522 5496; x_wconf 72' lang='lat' dir='ltr'><strong>Antistes</strong></span> <span class='ocrx_word' id='word_1_422' title='bbox 558 5451 754 5492; x_wconf 87' lang='lat' dir='ltr'><strong>novam</strong></span> <span class='ocrx_word' id='word_1_423' title='bbox 790 5431 1058 5498; x_wconf 65' lang='lat' dir='ltr'><strong>haeresim,</strong></span> <span class='ocrx_word' id='word_1_424' title='bbox 1091 5431 1256 5502; x_wconf 85' lang='lat' dir='ltr'><strong>ipsius</strong></span> <span class='ocrx_word' id='word_1_425' title='bbox 1279 5429 1491 5500; x_wconf 88' lang='lat' dir='ltr'><strong>quidem</strong></span> <span class='ocrx_word' id='word_1_426' title='bbox 1517 5427 1719 5498; x_wconf 90' lang='lat' dir='ltr'><strong>judicio</strong></span> 
     </span>
    </p>
   </div>
   <div class='ocr_carea' id='block_1_58' title="bbox 171 5523 1716 5602">
    <p class='ocr_par' dir='ltr' id='par_1_58' title="bbox 171 5523 1716 5602">
     <span class='ocr_line' id='line_1_58' title="bbox 171 5523 1716 5602; baseline -0.01 -12"><span class='ocrx_word' id='word_1_427' title='bbox 171 5526 447 5591; x_wconf 67' lang='lat' dir='ltr'><strong>Mittam</strong></span> <span class='ocrx_word' id='word_1_428' title='bbox 473 5543 628 5602; x_wconf 68' lang='lat' dir='ltr'><strong>aque</strong></span> <span class='ocrx_word' id='word_1_429' title='bbox 652 5537 812 5598; x_wconf 87' lang='lat' dir='ltr'><strong>atque</strong></span> <span class='ocrx_word' id='word_1_430' title='bbox 841 5525 1076 5595; x_wconf 88' lang='lat' dir='ltr'><strong>impiam,</strong></span> <span class='ocrx_word' id='word_1_431' title='bbox 1105 5523 1364 5579; x_wconf 88' lang='lat' dir='ltr'><strong>instanter</strong></span> <span class='ocrx_word' id='word_1_432' title='bbox 1384 5533 1716 5590; x_wconf 81' lang='lat' dir='ltr'><strong>Oppugnare;</strong></span> 
     </span>
    </p>
   </div>
   <div class='ocr_carea' id='block_1_59' title="bbox 173 5608 1721 5692">
    <p class='ocr_par' dir='ltr' id='par_1_59' title="bbox 173 5608 1721 5692">
     <span class='ocr_line' id='line_1_59' title="bbox 173 5608 1721 5692; baseline -0.01 -16"><span class='ocrx_word' id='word_1_433' title='bbox 173 5622 382 5688; x_wconf 61' lang='lat' dir='ltr'><strong>quavis</strong></span> <span class='ocrx_word' id='word_1_434' title='bbox 403 5621 505 5678; x_wconf 88' lang='lat' dir='ltr'><strong>hoc</strong></span> <span class='ocrx_word' id='word_1_435' title='bbox 533 5620 682 5692; x_wconf 89' lang='lat' dir='ltr'><strong>prius</strong></span> <span class='ocrx_word' id='word_1_436' title='bbox 704 5631 813 5674; x_wconf 91' lang='lat' dir='ltr'><strong>non</strong></span> <span class='ocrx_word' id='word_1_437' title='bbox 833 5623 1012 5688; x_wconf 84' lang='lat' dir='ltr'><strong>ageret</strong></span> <span class='ocrx_word' id='word_1_438' title='bbox 1039 5614 1141 5670; x_wconf 87' lang='lat' dir='ltr'><strong>nisi</strong></span> <span class='ocrx_word' id='word_1_439' title='bbox 1166 5609 1501 5669; x_wconf 87' lang='lat' dir='ltr'><strong>sermonibus</strong></span> <span class='ocrx_word' id='word_1_440' title='bbox 1525 5615 1583 5664; x_wconf 88' lang='lat' dir='ltr'><strong>et</strong></span> <span class='ocrx_word' id='word_1_441' title='bbox 1607 5608 1721 5663; x_wconf 89' lang='lat' dir='ltr'><strong>col-</strong></span> 
     </span>
    </p>
   </div>
   <div class='ocr_carea' id='block_1_60' title="bbox 1419 344 2008 411">
    <p class='ocr_par' dir='ltr' id='par_1_60' title="bbox 1419 344 2008 411">
     <span class='ocr_line' id='line_1_60' title="bbox 1419 344 2008 411; baseline -0.008 0"><span class='ocrx_word' id='word_1_442' title='bbox 1419 347 1621 411; x_wconf 79' lang='lat' dir='ltr'><strong>LIBER</strong></span> <span class='ocrx_word' id='word_1_443' title='bbox 1654 344 2008 409; x_wconf 78' lang='lat' dir='ltr'><strong>SEPTIMUS.</strong></span> 
     </span>
    </p>
   </div>
   <div class='ocr_carea' id='block_1_61' title="bbox 3259 358 3369 419">
    <p class='ocr_par' dir='ltr' id='par_1_61' title="bbox 3259 358 3369 419">
     <span class='ocr_line' id='line_1_61' title="bbox 3259 358 3369 419; baseline -0.018 1"><span class='ocrx_word' id='word_1_444' title='bbox 3259 358 3369 419; x_wconf 59' lang='lat' dir='ltr'><strong>Mi</strong></span> 
     </span>
    </p>
   </div>
   <div class='ocr_carea' id='block_1_62' title="bbox 1788 465 3362 545">
    <p class='ocr_par' dir='ltr' id='par_1_62' title="bbox 1788 465 3362 545">
     <span class='ocr_line' id='line_1_62' title="bbox 1788 465 3362 545; baseline 0.009 -26"><span class='ocrx_word' id='word_1_445' title='bbox 1788 465 1910 522; x_wconf 89' lang='lat' dir='ltr'><strong>dam</strong></span> <span class='ocrx_word' id='word_1_446' title='bbox 1939 467 2228 525; x_wconf 84' lang='lat' dir='ltr'><strong>necessitas</strong></span> <span class='ocrx_word' id='word_1_447' title='bbox 2259 483 2383 526; x_wconf 90' lang='lat' dir='ltr'><strong>eum</strong></span> <span class='ocrx_word' id='word_1_448' title='bbox 2422 469 2489 526; x_wconf 86' lang='lat' dir='ltr'><strong>ad</strong></span> <span class='ocrx_word' id='word_1_449' title='bbox 2534 469 2680 527; x_wconf 87' lang='lat' dir='ltr'><strong>illam</strong></span> <span class='ocrx_word' id='word_1_450' title='bbox 2716 471 2914 544; x_wconf 88' lang='lat' dir='ltr'><strong>scripto</strong></span> <span class='ocrx_word' id='word_1_451' title='bbox 2955 484 3167 545; x_wconf 90' lang='lat' dir='ltr'><strong>quoque</strong></span> <span class='ocrx_word' id='word_1_452' title='bbox 3195 472 3362 534; x_wconf 86' lang='lat' dir='ltr'><strong>refel-</strong></span> 
     </span>
    </p>
   </div>
   <div class='ocr_carea' id='block_1_63' title="bbox 1788 563 3362 643">
    <p class='ocr_par' dir='ltr' id='par_1_63' title="bbox 1788 563 3362 643">
     <span class='ocr_line' id='line_1_63' title="bbox 1788 563 3362 643; baseline 0.006 -24"><span class='ocrx_word' id='word_1_453' title='bbox 1788 563 2000 620; x_wconf 91' lang='lat' dir='ltr'><strong>lendam</strong></span> <span class='ocrx_word' id='word_1_454' title='bbox 2046 565 2268 620; x_wconf 81' lang='lat' dir='ltr'><strong>induxit.</strong></span> <span class='ocrx_word' id='word_1_455' title='bbox 2314 565 2645 622; x_wconf 80' lang='lat' dir='ltr'><strong>Marcellinus</strong></span> <span class='ocrx_word' id='word_1_456' title='bbox 2689 568 2903 640; x_wconf 90' lang='lat' dir='ltr'><strong>quippe,</strong></span> <span class='ocrx_word' id='word_1_457' title='bbox 2947 567 3090 626; x_wconf 90' lang='lat' dir='ltr'><strong>idem</strong></span> <span class='ocrx_word' id='word_1_458' title='bbox 3132 568 3222 626; x_wconf 91' lang='lat' dir='ltr'><strong>ille</strong></span> <span class='ocrx_word' id='word_1_459' title='bbox 3267 572 3362 643; x_wconf 86' lang='lat' dir='ltr'><strong>qui</strong></span> 
     </span>
    </p>
   </div>
   <div class='ocr_carea' id='block_1_64' title="bbox 1786 659 3358 736">
    <p class='ocr_par' dir='ltr' id='par_1_64' title="bbox 1786 659 3358 736">
     <span class='ocr_line' id='line_1_64' title="bbox 1786 659 3358 736; baseline 0.004 -21"><span class='ocrx_word' id='word_1_460' title='bbox 1786 659 2083 715; x_wconf 88' lang='lat' dir='ltr'><strong>collationis</strong></span> <span class='ocrx_word' id='word_1_461' title='bbox 2106 659 2536 732; x_wconf 88' lang='lat' dir='ltr'><strong>Carthaginensis</strong></span> <span class='ocrx_word' id='word_1_462' title='bbox 2563 661 2804 732; x_wconf 87' lang='lat' dir='ltr'><strong>cognitor</strong></span> <span class='ocrx_word' id='word_1_463' title='bbox 2846 661 3039 732; x_wconf 88' lang='lat' dir='ltr'><strong>fuerat,</strong></span> <span class='ocrx_word' id='word_1_464' title='bbox 3067 677 3188 719; x_wconf 86' lang='lat' dir='ltr'><strong>cum</strong></span> <span class='ocrx_word' id='word_1_465' title='bbox 3211 664 3358 736; x_wconf 86' lang='lat' dir='ltr'><strong>ejus-</strong></span> 
     </span>
    </p>
   </div>
   <div class='ocr_carea' id='block_1_65' title="bbox 1786 749 3362 826">
    <p class='ocr_par' dir='ltr' id='par_1_65' title="bbox 1786 749 3362 826">
     <span class='ocr_line' id='line_1_65' title="bbox 1786 749 3362 826; baseline 0.004 -21"><span class='ocrx_word' id='word_1_466' title='bbox 1786 749 1908 806; x_wconf 90' lang='lat' dir='ltr'><strong>dem</strong></span> <span class='ocrx_word' id='word_1_467' title='bbox 1935 750 2154 807; x_wconf 67' lang='lat' dir='ltr'><strong>haaresis</strong></span> <span class='ocrx_word' id='word_1_468' title='bbox 2177 751 2547 816; x_wconf 87' lang='lat' dir='ltr'><strong>sectatoribus,</strong></span> <span class='ocrx_word' id='word_1_469' title='bbox 2565 766 2698 821; x_wconf 90' lang='lat' dir='ltr'><strong>quos</strong></span> <span class='ocrx_word' id='word_1_470' title='bbox 2722 752 2836 821; x_wconf 89' lang='lat' dir='ltr'><strong>ipse</strong></span> <span class='ocrx_word' id='word_1_471' title='bbox 2861 753 3100 824; x_wconf 88' lang='lat' dir='ltr'><strong>quotidie</strong></span> <span class='ocrx_word' id='word_1_472' title='bbox 3122 754 3362 826; x_wconf 89' lang='lat' dir='ltr'><strong>disputa-</strong></span> 
     </span>
    </p>
   </div>
   <div class='ocr_carea' id='block_1_66' title="bbox 1787 842 3358 916">
    <p class='ocr_par' dir='ltr' id='par_1_66' title="bbox 1787 842 3358 916">
     <span class='ocr_line' id='line_1_66' title="bbox 1787 842 3358 916; baseline 0.003 -19"><span class='ocrx_word' id='word_1_473' title='bbox 1787 851 1932 898; x_wconf 88' lang='lat' dir='ltr'><strong>tores</strong></span> <span class='ocrx_word' id='word_1_474' title='bbox 1949 842 2358 899; x_wconf 90' lang='lat' dir='ltr'><strong>molestissimos</strong></span> <span class='ocrx_word' id='word_1_475' title='bbox 2376 843 2687 914; x_wconf 86' lang='lat' dir='ltr'><strong>patiebatur,</strong></span> <span class='ocrx_word' id='word_1_476' title='bbox 2706 842 2994 900; x_wconf 87' lang='lat' dir='ltr'><strong>refutandis</strong></span> <span class='ocrx_word' id='word_1_477' title='bbox 3007 844 3176 916; x_wconf 86' lang='lat' dir='ltr'><strong>impar</strong></span> <span class='ocrx_word' id='word_1_478' title='bbox 3194 856 3358 916; x_wconf 88' lang='lat' dir='ltr'><strong>esset,</strong></span> 
     </span>
    </p>
   </div>
   <div class='ocr_carea' id='block_1_67' title="bbox 1786 933 3361 1006">
    <p class='ocr_par' dir='ltr' id='par_1_67' title="bbox 1786 933 3361 1006">
     <span class='ocr_line' id='line_1_67' title="bbox 1786 933 3361 1006; baseline 0.003 -19"><span class='ocrx_word' id='word_1_479' title='bbox 1786 934 2107 1004; x_wconf 77' lang='lat' dir='ltr'><strong>qtuustiones</strong></span> <span class='ocrx_word' id='word_1_480' title='bbox 2123 935 2333 991; x_wconf 90' lang='lat' dir='ltr'><strong>illorum</strong></span> <span class='ocrx_word' id='word_1_481' title='bbox 2349 934 2417 990; x_wconf 90' lang='lat' dir='ltr'><strong>ab</strong></span> <span class='ocrx_word' id='word_1_482' title='bbox 2438 934 2568 990; x_wconf 89' lang='lat' dir='ltr'><strong>urbe</strong></span> <span class='ocrx_word' id='word_1_483' title='bbox 2587 933 2906 1005; x_wconf 85' lang='lat' dir='ltr'><strong>Carthagine</strong></span> <span class='ocrx_word' id='word_1_484' title='bbox 2927 934 2993 989; x_wconf 88' lang='lat' dir='ltr'><strong>ad</strong></span> <span class='ocrx_word' id='word_1_485' title='bbox 3009 936 3361 1006; x_wconf 79' lang='lat' dir='ltr'><strong>Augustinum</strong></span> 
     </span>
    </p>
   </div>
   <div class='ocr_carea' id='block_1_68' title="bbox 1786 1027 3360 1099">
    <p class='ocr_par' dir='ltr' id='par_1_68' title="bbox 1786 1027 3360 1099">
     <span class='ocr_line' id='line_1_68' title="bbox 1786 1027 3360 1099; baseline 0.002 -18"><span class='ocrx_word' id='word_1_486' title='bbox 1786 1042 1882 1097; x_wconf 93' lang='lat' dir='ltr'><strong>per</strong></span> <span class='ocrx_word' id='word_1_487' title='bbox 1929 1027 2132 1084; x_wconf 89' lang='lat' dir='ltr'><strong>litteras</strong></span> <span class='ocrx_word' id='word_1_488' title='bbox 2182 1029 2378 1095; x_wconf 89' lang='lat' dir='ltr'><strong>retulit,</strong></span> <span class='ocrx_word' id='word_1_489' title='bbox 2422 1042 2615 1099; x_wconf 88' lang='lat' dir='ltr'><strong>rogans</strong></span> <span class='ocrx_word' id='word_1_490' title='bbox 2653 1028 2972 1084; x_wconf 88' lang='lat' dir='ltr'><strong>solutionem</strong></span> <span class='ocrx_word' id='word_1_491' title='bbox 3023 1043 3206 1084; x_wconf 89' lang='lat' dir='ltr'><strong>earum</strong></span> <span class='ocrx_word' id='word_1_492' title='bbox 3256 1030 3360 1086; x_wconf 85' lang='lat' dir='ltr'><strong>sibi</strong></span> 
     </span>
    </p>
   </div>
   <div class='ocr_carea' id='block_1_69' title="bbox 1785 1116 3358 1190">
    <p class='ocr_par' dir='ltr' id='par_1_69' title="bbox 1785 1116 3358 1190">
     <span class='ocr_line' id='line_1_69' title="bbox 1785 1116 3358 1190; baseline 0.001 -16"><span class='ocrx_word' id='word_1_493' title='bbox 1785 1118 2020 1174; x_wconf 88' lang='lat' dir='ltr'><strong>scribere</strong></span> <span class='ocrx_word' id='word_1_494' title='bbox 2042 1134 2112 1174; x_wconf 90' lang='lat' dir='ltr'><strong>ne</strong></span> <span class='ocrx_word' id='word_1_495' title='bbox 2136 1128 2444 1188; x_wconf 87' lang='lat' dir='ltr'><strong>gravaretur</strong></span> <span class='ocrx_word' id='word_1_496' title='bbox 2469 1117 2572 1189; x_wconf 88' lang='lat' dir='ltr'><strong>(De</strong></span> <span class='ocrx_word' id='word_1_497' title='bbox 2591 1117 2752 1173; x_wconf 86' lang='lat' dir='ltr'><strong>Gestis</strong></span> <span class='ocrx_word' id='word_1_498' title='bbox 2778 1116 3000 1190; x_wconf 82' lang='lat' dir='ltr'><strong>Pelagii,</strong></span> <span class='ocrx_word' id='word_1_499' title='bbox 3027 1135 3081 1172; x_wconf 91' lang='lat' dir='ltr'><strong>n.</strong></span> <span class='ocrx_word' id='word_1_500' title='bbox 3103 1117 3220 1189; x_wconf 81' lang='grc'><strong>25).</strong></span> <span class='ocrx_word' id='word_1_501' title='bbox 3251 1118 3358 1175; x_wconf 78' lang='lat' dir='ltr'><strong>Ex-</strong></span> 
     </span>
    </p>
   </div>
   <div class='ocr_carea' id='block_1_70' title="bbox 1786 1208 3365 1281">
    <p class='ocr_par' dir='ltr' id='par_1_70' title="bbox 1786 1208 3365 1281">
     <span class='ocr_line' id='line_1_70' title="bbox 1786 1208 3365 1281; baseline 0.001 -19"><span class='ocrx_word' id='word_1_502' title='bbox 1786 1208 1966 1279; x_wconf 87' lang='lat' dir='ltr'><strong>plicari</strong></span> <span class='ocrx_word' id='word_1_503' title='bbox 1994 1210 2205 1280; x_wconf 84' lang='lat' dir='ltr'><strong>petebat</strong></span> <span class='ocrx_word' id='word_1_504' title='bbox 2224 1211 2276 1265; x_wconf 90' lang='lat' dir='ltr'><strong>in</strong></span> <span class='ocrx_word' id='word_1_505' title='bbox 2293 1210 2478 1281; x_wconf 89' lang='lat' dir='ltr'><strong>primis</strong></span> <span class='ocrx_word' id='word_1_506' title='bbox 2495 1210 2843 1280; x_wconf 69' lang='lat' dir='ltr'><strong>quaestionem</strong></span> <span class='ocrx_word' id='word_1_507' title='bbox 2870 1209 2936 1264; x_wconf 89' lang='lat' dir='ltr'><strong>de</strong></span> <span class='ocrx_word' id='word_1_508' title='bbox 2958 1209 3229 1280; x_wconf 86' lang='lat' dir='ltr'><strong>Baptismo</strong></span> <span class='ocrx_word' id='word_1_509' title='bbox 3243 1223 3365 1281; x_wconf 84' lang='lat' dir='ltr'><strong>par-</strong></span> 
     </span>
    </p>
   </div>
   <div class='ocr_carea' id='block_1_71' title="bbox 1785 1299 3363 1373">
    <p class='ocr_par' dir='ltr' id='par_1_71' title="bbox 1785 1299 3363 1373">
     <span class='ocr_line' id='line_1_71' title="bbox 1785 1299 3363 1373; baseline 0.001 -18"><span class='ocrx_word' id='word_1_510' title='bbox 1785 1301 2024 1356; x_wconf 89' lang='lat' dir='ltr'><strong>vulorum</strong></span> <span class='ocrx_word' id='word_1_511' title='bbox 2050 1320 2065 1356; x_wconf 89' lang='lat'><strong>:</strong></span> <span class='ocrx_word' id='word_1_512' title='bbox 2086 1302 2205 1371; x_wconf 88' lang='lat' dir='ltr'><strong>quia</strong></span> <span class='ocrx_word' id='word_1_513' title='bbox 2234 1300 2621 1356; x_wconf 88' lang='lat' dir='ltr'><strong>contendebant</strong></span> <span class='ocrx_word' id='word_1_514' title='bbox 2631 1299 2728 1366; x_wconf 90' lang='lat' dir='ltr'><strong>illi,</strong></span> <span class='ocrx_word' id='word_1_515' title='bbox 2745 1299 2910 1354; x_wconf 80' lang='lat' dir='ltr'><strong>Adam</strong></span> <span class='ocrx_word' id='word_1_516' title='bbox 2921 1301 3117 1355; x_wconf 88' lang='lat' dir='ltr'><strong>etiamsi</strong></span> <span class='ocrx_word' id='word_1_517' title='bbox 3127 1316 3227 1356; x_wconf 84' lang='lat' dir='ltr'><strong>non</strong></span> <span class='ocrx_word' id='word_1_518' title='bbox 3241 1317 3363 1373; x_wconf 81' lang='lat' dir='ltr'><strong>pec-</strong></span> 
     </span>
    </p>
   </div>
   <div class='ocr_carea' id='block_1_72' title="bbox 1787 1391 3364 1464">
    <p class='ocr_par' dir='ltr' id='par_1_72' title="bbox 1787 1391 3364 1464">
     <span class='ocr_line' id='line_1_72' title="bbox 1787 1391 3364 1464; baseline 0.001 -19"><span class='ocrx_word' id='word_1_519' title='bbox 1787 1399 1971 1458; x_wconf 80' lang='lat' dir='ltr'><strong>casset,</strong></span> <span class='ocrx_word' id='word_1_520' title='bbox 2004 1393 2157 1462; x_wconf 84' lang='lat' dir='ltr'><strong>fuisse</strong></span> <span class='ocrx_word' id='word_1_521' title='bbox 2187 1392 2504 1459; x_wconf 82' lang='lat' dir='ltr'><strong>moriturum,</strong></span> <span class='ocrx_word' id='word_1_522' title='bbox 2534 1407 2623 1446; x_wconf 84' lang='lat' dir='ltr'><strong>nec</strong></span> <span class='ocrx_word' id='word_1_523' title='bbox 2646 1407 2709 1446; x_wconf 80' lang='lat' dir='ltr'><strong>ea:</strong></span> <span class='ocrx_word' id='word_1_524' title='bbox 2735 1392 2844 1462; x_wconf 87' lang='lat' dir='ltr'><strong>ejus</strong></span> <span class='ocrx_word' id='word_1_525' title='bbox 2869 1399 3066 1462; x_wconf 84' lang='lat' dir='ltr'><strong>peccato</strong></span> <span class='ocrx_word' id='word_1_526' title='bbox 3090 1391 3364 1464; x_wconf 82' lang='lat' dir='ltr'><strong>quidquam</strong></span> 
     </span>
    </p>
   </div>
   <div class='ocr_carea' id='block_1_73' title="bbox 1787 1480 3363 1554">
    <p class='ocr_par' dir='ltr' id='par_1_73' title="bbox 1787 1480 3363 1554">
     <span class='ocr_line' id='line_1_73' title="bbox 1787 1480 3363 1554; baseline 0.001 -19"><span class='ocrx_word' id='word_1_527' title='bbox 1787 1483 1855 1536; x_wconf 89' lang='lat' dir='ltr'><strong>ad</strong></span> <span class='ocrx_word' id='word_1_528' title='bbox 1876 1483 1985 1552; x_wconf 82' lang='lat' dir='ltr'><strong>ejus</strong></span> <span class='ocrx_word' id='word_1_529' title='bbox 2010 1491 2235 1553; x_wconf 84' lang='lat' dir='ltr'><strong>posteros</strong></span> <span class='ocrx_word' id='word_1_530' title='bbox 2258 1482 2588 1554; x_wconf 86' lang='lat' dir='ltr'><strong>propagando</strong></span> <span class='ocrx_word' id='word_1_531' title='bbox 2615 1483 2873 1537; x_wconf 87' lang='lat' dir='ltr'><strong>transiisse</strong></span> <span class='ocrx_word' id='word_1_532' title='bbox 2906 1481 3005 1553; x_wconf 88' lang='lat' dir='ltr'><strong>(De</strong></span> <span class='ocrx_word' id='word_1_533' title='bbox 3031 1480 3363 1538; x_wconf 82' lang='lat' dir='ltr'><strong>Peecatorum</strong></span> 
     </span>
    </p>
   </div>
   <div class='ocr_carea' id='block_1_74' title="bbox 1787 1572 3368 1645">
    <p class='ocr_par' dir='ltr' id='par_1_74' title="bbox 1787 1572 3368 1645">
     <span class='ocr_line' id='line_1_74' title="bbox 1787 1572 3368 1645; baseline 0.002 -18"><span class='ocrx_word' id='word_1_534' title='bbox 1787 1574 1996 1641; x_wconf 87' lang='lat' dir='ltr'><strong>meritis,</strong></span> <span class='ocrx_word' id='word_1_535' title='bbox 2021 1572 2109 1629; x_wconf 90' lang='lat' dir='ltr'><strong>lib.</strong></span> <span class='ocrx_word' id='word_1_536' title='bbox 2136 1575 2189 1640; x_wconf 88' lang='grc'><strong>5,</strong></span> <span class='ocrx_word' id='word_1_537' title='bbox 2213 1591 2264 1628; x_wconf 91' lang='lat' dir='ltr'><strong>n.</strong></span> <span class='ocrx_word' id='word_1_538' title='bbox 2294 1574 2370 1645; x_wconf 92' lang='grc'><strong>1).</strong></span> <span class='ocrx_word' id='word_1_539' title='bbox 2392 1572 2524 1629; x_wconf 86' lang='lat' dir='ltr'><strong>Nam</strong></span> <span class='ocrx_word' id='word_1_540' title='bbox 2545 1573 2644 1629; x_wconf 89' lang='lat' dir='ltr'><strong>etsi</strong></span> <span class='ocrx_word' id='word_1_541' title='bbox 2673 1573 2966 1630; x_wconf 87' lang='lat' dir='ltr'><strong>faterentur</strong></span> <span class='ocrx_word' id='word_1_542' title='bbox 2981 1573 3112 1643; x_wconf 86' lang='lat' dir='ltr'><strong>jam,</strong></span> <span class='ocrx_word' id='word_1_543' title='bbox 3134 1574 3210 1628; x_wconf 91' lang='lat' dir='ltr'><strong>uti</strong></span> <span class='ocrx_word' id='word_1_544' title='bbox 3230 1573 3368 1630; x_wconf 82' lang='lat' dir='ltr'><strong>Mar-</strong></span> 
     </span>
    </p>
   </div>
   <div class='ocr_carea' id='block_1_75' title="bbox 1787 1664 3370 1735">
    <p class='ocr_par' dir='ltr' id='par_1_75' title="bbox 1787 1664 3370 1735">
     <span class='ocr_line' id='line_1_75' title="bbox 1787 1664 3370 1735; baseline 0.001 -15"><span class='ocrx_word' id='word_1_545' title='bbox 1787 1665 2008 1720; x_wconf 87' lang='lat' dir='ltr'><strong>cellinus</strong></span> <span class='ocrx_word' id='word_1_546' title='bbox 2049 1665 2242 1720; x_wconf 85' lang='lat' dir='ltr'><strong>litteris</strong></span> <span class='ocrx_word' id='word_1_547' title='bbox 2278 1665 2389 1721; x_wconf 89' lang='lat' dir='ltr'><strong>suis</strong></span> <span class='ocrx_word' id='word_1_548' title='bbox 2416 1665 2714 1733; x_wconf 89' lang='lat' dir='ltr'><strong>intimabat,</strong></span> <span class='ocrx_word' id='word_1_549' title='bbox 2746 1665 2907 1720; x_wconf 89' lang='lat' dir='ltr'><strong>etiam</strong></span> <span class='ocrx_word' id='word_1_550' title='bbox 2932 1664 2989 1720; x_wconf 90' lang='lat' dir='ltr'><strong>in</strong></span> <span class='ocrx_word' id='word_1_551' title='bbox 3015 1665 3246 1735; x_wconf 86' lang='lat' dir='ltr'><strong>parvulis</strong></span> <span class='ocrx_word' id='word_1_552' title='bbox 3275 1679 3370 1734; x_wconf 84' lang='lat' dir='ltr'><strong>per</strong></span> 
     </span>
    </p>
   </div>
   <div class='ocr_carea' id='block_1_76' title="bbox 1787 1757 3367 1829">
    <p class='ocr_par' dir='ltr' id='par_1_76' title="bbox 1787 1757 3367 1829">
     <span class='ocr_line' id='line_1_76' title="bbox 1787 1757 3367 1829; baseline 0.001 -18"><span class='ocrx_word' id='word_1_553' title='bbox 1787 1757 2113 1827; x_wconf 87' lang='lat' dir='ltr'><strong>Baptismum</strong></span> <span class='ocrx_word' id='word_1_554' title='bbox 2159 1758 2524 1815; x_wconf 91' lang='lat' dir='ltr'><strong>remissionem</strong></span> <span class='ocrx_word' id='word_1_555' title='bbox 2561 1757 2678 1813; x_wconf 84' lang='lat' dir='ltr'><strong>fieri</strong></span> <span class='ocrx_word' id='word_1_556' title='bbox 2719 1767 3095 1829; x_wconf 87' lang='lat' dir='ltr'><strong>peccatorum;</strong></span> <span class='ocrx_word' id='word_1_557' title='bbox 3128 1757 3250 1813; x_wconf 90' lang='lat' dir='ltr'><strong>Non</strong></span> <span class='ocrx_word' id='word_1_558' title='bbox 3287 1767 3367 1813; x_wconf 84' lang='lat' dir='ltr'><strong>ta-</strong></span> 
     </span>
    </p>
   </div>
   <div class='ocr_carea' id='block_1_77' title="bbox 1787 1849 3367 1921">
    <p class='ocr_par' dir='ltr' id='par_1_77' title="bbox 1787 1849 3367 1921">
     <span class='ocr_line' id='line_1_77' title="bbox 1787 1849 3367 1921; baseline 0 -19"><span class='ocrx_word' id='word_1_559' title='bbox 1787 1865 1900 1904; x_wconf 86' lang='lat' dir='ltr'><strong>men</strong></span> <span class='ocrx_word' id='word_1_560' title='bbox 1927 1849 2256 1919; x_wconf 88' lang='lat' dir='ltr'><strong>originaliter,</strong></span> <span class='ocrx_word' id='word_1_561' title='bbox 2281 1850 2614 1920; x_wconf 87' lang='lat' dir='ltr'><strong>inquiebaut,</strong></span> <span class='ocrx_word' id='word_1_562' title='bbox 2641 1851 2728 1906; x_wconf 89' lang='lat' dir='ltr'><strong>sed</strong></span> <span class='ocrx_word' id='word_1_563' title='bbox 2769 1851 2823 1905; x_wconf 89' lang='lat' dir='ltr'><strong>in</strong></span> <span class='ocrx_word' id='word_1_564' title='bbox 2865 1851 2966 1905; x_wconf 77' lang='lat' dir='ltr'><strong>vita</strong></span> <span class='ocrx_word' id='word_1_565' title='bbox 2993 1851 3111 1921; x_wconf 89' lang='lat' dir='ltr'><strong>jam</strong></span> <span class='ocrx_word' id='word_1_566' title='bbox 3137 1850 3367 1920; x_wconf 86' lang='lat' dir='ltr'><strong>propria,</strong></span> 
     </span>
    </p>
   </div>
   <div class='ocr_carea' id='block_1_78' title="bbox 1787 1938 3368 2013">
    <p class='ocr_par' dir='ltr' id='par_1_78' title="bbox 1787 1938 3368 2013">
     <span class='ocr_line' id='line_1_78' title="bbox 1787 1938 3368 2013; baseline -0.001 -18"><span class='ocrx_word' id='word_1_567' title='bbox 1787 1951 2108 2013; x_wconf 82' lang='lat' dir='ltr'><strong>posteaquam</strong></span> <span class='ocrx_word' id='word_1_568' title='bbox 2127 1942 2234 1996; x_wconf 89' lang='lat' dir='ltr'><strong>nati</strong></span> <span class='ocrx_word' id='word_1_569' title='bbox 2260 1952 2397 2008; x_wconf 90' lang='lat' dir='ltr'><strong>sunt,</strong></span> <span class='ocrx_word' id='word_1_570' title='bbox 2431 1951 2689 2013; x_wconf 85' lang='lat' dir='ltr'><strong>peceatum</strong></span> <span class='ocrx_word' id='word_1_571' title='bbox 2715 1942 2897 1996; x_wconf 89' lang='lat' dir='ltr'><strong>habere</strong></span> <span class='ocrx_word' id='word_1_572' title='bbox 2911 1949 3166 2012; x_wconf 79' lang='lat' dir='ltr'><strong>cteperttnt</strong></span> <span class='ocrx_word' id='word_1_573' title='bbox 3179 1938 3229 2011; x_wconf 89' lang='grc' dir='ltr'><strong>(ι</strong></span> <span class='ocrx_word' id='word_1_574' title='bbox 3238 1939 3368 2007; x_wconf 90' lang='lat' dir='ltr'><strong>bid.,</strong></span> 
     </span>
    </p>
   </div>
   <div class='ocr_carea' id='block_1_79' title="bbox 1789 2031 3372 2103">
    <p class='ocr_par' dir='ltr' id='par_1_79' title="bbox 1789 2031 3372 2103">
     <span class='ocr_line' id='line_1_79' title="bbox 1789 2031 3372 2103; baseline -0.002 -16"><span class='ocrx_word' id='word_1_575' title='bbox 1789 2033 1873 2087; x_wconf 85' lang='lat' dir='ltr'><strong>lib.</strong></span> <span class='ocrx_word' id='word_1_576' title='bbox 1903 2035 1954 2099; x_wconf 90' lang='grc'><strong>1,</strong></span> <span class='ocrx_word' id='word_1_577' title='bbox 1987 2051 2038 2087; x_wconf 90' lang='lat' dir='ltr'><strong>n.</strong></span> <span class='ocrx_word' id='word_1_578' title='bbox 2062 2032 2174 2103; x_wconf 88' lang='grc'><strong>62).</strong></span> <span class='ocrx_word' id='word_1_579' title='bbox 2197 2033 2483 2088; x_wconf 87' lang='lat' dir='ltr'><strong>Nuntiabat</strong></span> <span class='ocrx_word' id='word_1_580' title='bbox 2506 2042 2763 2103; x_wconf 67' lang='lat' dir='ltr'><strong>praeterea</strong></span> <span class='ocrx_word' id='word_1_581' title='bbox 2780 2031 3138 2099; x_wconf 80' lang='lat' dir='ltr'><strong>Marcellinus,</strong></span> <span class='ocrx_word' id='word_1_582' title='bbox 3158 2038 3372 2101; x_wconf 88' lang='lat' dir='ltr'><strong>aposto—</strong></span> 
     </span>
    </p>
   </div>
   <div class='ocr_carea' id='block_1_80' title="bbox 1789 2123 3371 2203">
    <p class='ocr_par' dir='ltr' id='par_1_80' title="bbox 1789 2123 3371 2203">
     <span class='ocr_line' id='line_1_80' title="bbox 1789 2123 3371 2203; baseline -0.003 -24"><span class='ocrx_word' id='word_1_583' title='bbox 1789 2124 1948 2203; x_wconf 83' lang='lat' dir='ltr'><strong>licum</strong></span> <span class='ocrx_word' id='word_1_584' title='bbox 1975 2123 2098 2178; x_wconf 92' lang='lat' dir='ltr'><strong>illud</strong></span> <span class='ocrx_word' id='word_1_585' title='bbox 2129 2124 2510 2190; x_wconf 91' lang='lat' dir='ltr'><strong>testimonium,</strong></span> <span class='ocrx_word' id='word_1_586' title='bbox 2534 2123 2640 2178; x_wconf 89' lang='lat' dir='ltr'><strong>Per</strong></span> <span class='ocrx_word' id='word_1_587' title='bbox 2658 2139 2816 2178; x_wconf 88' lang='lat' dir='ltr'><strong>unum</strong></span> <span class='ocrx_word' id='word_1_588' title='bbox 2836 2123 3087 2177; x_wconf 87' lang='lat' dir='ltr'><strong>hominem</strong></span> <span class='ocrx_word' id='word_1_589' title='bbox 3110 2129 3371 2192; x_wconf 83' lang='lat' dir='ltr'><strong>peccatum</strong></span> 
     </span>
    </p>
   </div>
   <div class='ocr_carea' id='block_1_81' title="bbox 1788 2211 3371 2286">
    <p class='ocr_par' dir='ltr' id='par_1_81' title="bbox 1788 2211 3371 2286">
     <span class='ocr_line' id='line_1_81' title="bbox 1788 2211 3371 2286; baseline -0.003 -16"><span class='ocrx_word' id='word_1_590' title='bbox 1788 2217 1988 2270; x_wconf 82' lang='lat' dir='ltr'><strong>intravit</strong></span> <span class='ocrx_word' id='word_1_591' title='bbox 2010 2219 2062 2269; x_wconf 88' lang='lat' dir='ltr'><strong>in</strong></span> <span class='ocrx_word' id='word_1_592' title='bbox 2088 2217 2349 2282; x_wconf 87' lang='lat' dir='ltr'><strong>mundum,</strong></span> <span class='ocrx_word' id='word_1_593' title='bbox 2371 2224 2418 2269; x_wconf 88' lang='lat' dir='ltr'><strong>et</strong></span> <span class='ocrx_word' id='word_1_594' title='bbox 2438 2230 2526 2286; x_wconf 89' lang='lat' dir='ltr'><strong>per</strong></span> <span class='ocrx_word' id='word_1_595' title='bbox 2549 2222 2805 2285; x_wconf 84' lang='lat' dir='ltr'><strong>peccatum</strong></span> <span class='ocrx_word' id='word_1_596' title='bbox 2825 2229 2958 2268; x_wconf 86' lang='lat' dir='ltr'><strong>mors</strong></span> <span class='ocrx_word' id='word_1_597' title='bbox 2974 2212 3149 2286; x_wconf 87' lang='lat' dir='ltr'><strong>(Rom.</strong></span> <span class='ocrx_word' id='word_1_598' title='bbox 3176 2227 3231 2279; x_wconf 86' lang='lat' dir='ltr'><strong>v,</strong></span> <span class='ocrx_word' id='word_1_599' title='bbox 3256 2211 3371 2283; x_wconf 88' lang='grc'><strong>12),</strong></span> 
     </span>
    </p>
   </div>
   <div class='ocr_carea' id='block_1_82' title="bbox 1790 2302 3370 2378">
    <p class='ocr_par' dir='ltr' id='par_1_82' title="bbox 1790 2302 3370 2378">
     <span class='ocr_line' id='line_1_82' title="bbox 1790 2302 3370 2378; baseline -0.003 -16"><span class='ocrx_word' id='word_1_600' title='bbox 1790 2309 1842 2363; x_wconf 86' lang='lat' dir='ltr'><strong>in</strong></span> <span class='ocrx_word' id='word_1_601' title='bbox 1872 2307 2028 2362; x_wconf 89' lang='lat' dir='ltr'><strong>aliam</strong></span> <span class='ocrx_word' id='word_1_602' title='bbox 2050 2306 2331 2378; x_wconf 88' lang='lat' dir='ltr'><strong>quamdam</strong></span> <span class='ocrx_word' id='word_1_603' title='bbox 2356 2320 2546 2361; x_wconf 89' lang='lat' dir='ltr'><strong>novam</strong></span> <span class='ocrx_word' id='word_1_604' title='bbox 2568 2305 2871 2376; x_wconf 91' lang='lat' dir='ltr'><strong>opinionem</strong></span> <span class='ocrx_word' id='word_1_605' title='bbox 2898 2318 2994 2374; x_wconf 89' lang='lat' dir='ltr'><strong>per</strong></span> <span class='ocrx_word' id='word_1_606' title='bbox 3016 2305 3162 2374; x_wconf 90' lang='lat' dir='ltr'><strong>ipsos</strong></span> <span class='ocrx_word' id='word_1_607' title='bbox 3185 2302 3370 2358; x_wconf 89' lang='lat' dir='ltr'><strong>detor-</strong></span> 
     </span>
    </p>
   </div>
   <div class='ocr_carea' id='block_1_83' title="bbox 1791 2393 3375 2470">
    <p class='ocr_par' dir='ltr' id='par_1_83' title="bbox 1791 2393 3375 2470">
     <span class='ocr_line' id='line_1_83' title="bbox 1791 2393 3375 2470; baseline -0.003 -16"><span class='ocrx_word' id='word_1_608' title='bbox 1791 2402 1960 2470; x_wconf 88' lang='lat' dir='ltr'><strong>queri.</strong></span> <span class='ocrx_word' id='word_1_609' title='bbox 1992 2399 2100 2455; x_wconf 84' lang='lat' dir='ltr'><strong>Nec</strong></span> <span class='ocrx_word' id='word_1_610' title='bbox 2124 2399 2336 2454; x_wconf 89' lang='lat' dir='ltr'><strong>silentio</strong></span> <span class='ocrx_word' id='word_1_611' title='bbox 2363 2397 2604 2454; x_wconf 88' lang='lat' dir='ltr'><strong>mittebat</strong></span> <span class='ocrx_word' id='word_1_612' title='bbox 2626 2398 2999 2468; x_wconf 77' lang='lat' dir='ltr'><strong>quaestionem,</strong></span> <span class='ocrx_word' id='word_1_613' title='bbox 3021 2410 3124 2468; x_wconf 88' lang='lat' dir='ltr'><strong>qua</strong></span> <span class='ocrx_word' id='word_1_614' title='bbox 3149 2393 3375 2451; x_wconf 84' lang='lat' dir='ltr'><strong>suadere</strong></span> 
     </span>
    </p>
   </div>
   <div class='ocr_carea' id='block_1_84' title="bbox 1791 2488 3377 2562">
    <p class='ocr_par' dir='ltr' id='par_1_84' title="bbox 1791 2488 3377 2562">
     <span class='ocr_line' id='line_1_84' title="bbox 1791 2488 3377 2562; baseline -0.003 -16"><span class='ocrx_word' id='word_1_615' title='bbox 1791 2499 2130 2559; x_wconf 87' lang='lat' dir='ltr'><strong>conarentur,</strong></span> <span class='ocrx_word' id='word_1_616' title='bbox 2158 2491 2299 2562; x_wconf 93' lang='lat' dir='ltr'><strong>quod</strong></span> <span class='ocrx_word' id='word_1_617' title='bbox 2341 2493 2394 2545; x_wconf 88' lang='lat' dir='ltr'><strong>in</strong></span> <span class='ocrx_word' id='word_1_618' title='bbox 2442 2491 2536 2544; x_wconf 88' lang='lat' dir='ltr'><strong>hac</strong></span> <span class='ocrx_word' id='word_1_619' title='bbox 2586 2490 2688 2544; x_wconf 81' lang='lat' dir='ltr'><strong>vita</strong></span> <span class='ocrx_word' id='word_1_620' title='bbox 2731 2491 2850 2556; x_wconf 85' lang='lat' dir='ltr'><strong>sint,</strong></span> <span class='ocrx_word' id='word_1_621' title='bbox 2888 2489 3091 2561; x_wconf 78' lang='lat' dir='ltr'><strong>fuerint,</strong></span> <span class='ocrx_word' id='word_1_622' title='bbox 3121 2488 3377 2560; x_wconf 79' lang='lat' dir='ltr'><strong>futurique</strong></span> 
     </span>
    </p>
   </div>
   <div class='ocr_carea' id='block_1_85' title="bbox 1792 2580 3506 2653">
    <p class='ocr_par' dir='ltr' id='par_1_85' title="bbox 1792 2580 3506 2653">
     <span class='ocr_line' id='line_1_85' title="bbox 1792 2580 3506 2653; baseline -0.002 -15"><span class='ocrx_word' id='word_1_623' title='bbox 1792 2584 1890 2638; x_wconf 89' lang='lat' dir='ltr'><strong>sint</strong></span> <span class='ocrx_word' id='word_1_624' title='bbox 1919 2583 2012 2653; x_wconf 75' lang='lat' dir='ltr'><strong>ﬁlii</strong></span> <span class='ocrx_word' id='word_1_625' title='bbox 2035 2583 2294 2637; x_wconf 87' lang='lat' dir='ltr'><strong>hominum</strong></span> <span class='ocrx_word' id='word_1_626' title='bbox 2320 2599 2420 2637; x_wconf 88' lang='lat' dir='ltr'><strong>non</strong></span> <span class='ocrx_word' id='word_1_627' title='bbox 2446 2582 2686 2637; x_wconf 83' lang='lat' dir='ltr'><strong>habentes</strong></span> <span class='ocrx_word' id='word_1_628' title='bbox 2709 2581 2874 2636; x_wconf 91' lang='lat' dir='ltr'><strong>ullum</strong></span> <span class='ocrx_word' id='word_1_629' title='bbox 2893 2580 3095 2635; x_wconf 89' lang='lat' dir='ltr'><strong>omnino</strong></span> <span class='ocrx_word' id='word_1_630' title='bbox 3120 2588 3376 2651; x_wconf 83' lang='lat' dir='ltr'><strong>peccatum</strong></span> <span class='ocrx_word' id='word_1_631' title='bbox 3479 2629 3506 2651; x_wconf 74' lang='grc'><strong>,</strong></span> 
     </span>
    </p>
   </div>
   <div class='ocr_carea' id='block_1_86' title="bbox 1795 2671 3379 2746">
    <p class='ocr_par' dir='ltr' id='par_1_86' title="bbox 1795 2671 3379 2746">
     <span class='ocr_line' id='line_1_86' title="bbox 1795 2671 3379 2746; baseline -0.004 -14"><span class='ocrx_word' id='word_1_632' title='bbox 1795 2680 1813 2743; x_wconf 87' lang='lat'><strong><em>(</em></strong></span> <span class='ocrx_word' id='word_1_633' title='bbox 1821 2678 1893 2732; x_wconf 87' lang='lat' dir='ltr'><strong>De</strong></span> <span class='ocrx_word' id='word_1_634' title='bbox 1923 2677 2254 2732; x_wconf 88' lang='lat' dir='ltr'><strong>Peccatorum</strong></span> <span class='ocrx_word' id='word_1_635' title='bbox 2291 2677 2500 2741; x_wconf 82' lang='lat' dir='ltr'><strong>meritis,</strong></span> <span class='ocrx_word' id='word_1_636' title='bbox 2524 2675 2593 2730; x_wconf 90' lang='lat' dir='ltr'><strong>lib</strong></span> <span class='ocrx_word' id='word_1_637' title='bbox 2619 2676 2672 2740; x_wconf 89' lang='grc'><strong>5,</strong></span> <span class='ocrx_word' id='word_1_638' title='bbox 2700 2692 2754 2728; x_wconf 92' lang='lat' dir='ltr'><strong>n.</strong></span> <span class='ocrx_word' id='word_1_639' title='bbox 2786 2674 2861 2746; x_wconf 88' lang='grc'><strong>1).</strong></span> <span class='ocrx_word' id='word_1_640' title='bbox 2892 2673 2947 2728; x_wconf 88' lang='lat' dir='ltr'><strong>Id</strong></span> <span class='ocrx_word' id='word_1_641' title='bbox 2977 2671 3231 2743; x_wconf 90' lang='lat' dir='ltr'><strong>temporis</strong></span> <span class='ocrx_word' id='word_1_642' title='bbox 3257 2686 3379 2727; x_wconf 85' lang='lat' dir='ltr'><strong>san-</strong></span> 
     </span>
    </p>
   </div>
   <div class='ocr_carea' id='block_1_87' title="bbox 1793 2764 3381 2836">
    <p class='ocr_par' dir='ltr' id='par_1_87' title="bbox 1793 2764 3381 2836">
     <span class='ocr_line' id='line_1_87' title="bbox 1793 2764 3381 2836; baseline -0.005 -12"><span class='ocrx_word' id='word_1_643' title='bbox 1793 2778 1910 2824; x_wconf 89' lang='lat' dir='ltr'><strong>ctus</strong></span> <span class='ocrx_word' id='word_1_644' title='bbox 1948 2769 2142 2824; x_wconf 91' lang='lat' dir='ltr'><strong>Doctor</strong></span> <span class='ocrx_word' id='word_1_645' title='bbox 2178 2768 2436 2824; x_wconf 87' lang='lat' dir='ltr'><strong>molestiis</strong></span> <span class='ocrx_word' id='word_1_646' title='bbox 2477 2767 2756 2836; x_wconf 90' lang='lat' dir='ltr'><strong>curisque,</strong></span> <span class='ocrx_word' id='word_1_647' title='bbox 2785 2765 2855 2820; x_wconf 91' lang='lat' dir='ltr'><strong>ob</strong></span> <span class='ocrx_word' id='word_1_648' title='bbox 2883 2765 3089 2834; x_wconf 89' lang='lat' dir='ltr'><strong>negotia</strong></span> <span class='ocrx_word' id='word_1_649' title='bbox 3116 2778 3237 2834; x_wconf 66' lang='lat' dir='ltr'><strong>quae</strong></span> <span class='ocrx_word' id='word_1_650' title='bbox 3279 2764 3381 2832; x_wconf 86' lang='lat' dir='ltr'><strong>ipsi</strong></span> 
     </span>
    </p>
   </div>
   <div class='ocr_carea' id='block_1_88' title="bbox 1794 2854 3378 2932">
    <p class='ocr_par' dir='ltr' id='par_1_88' title="bbox 1794 2854 3378 2932">
     <span class='ocr_line' id='line_1_88' title="bbox 1794 2854 3378 2932; baseline -0.006 -16"><span class='ocrx_word' id='word_1_651' title='bbox 1794 2869 2118 2932; x_wconf 85' lang='lat' dir='ltr'><strong>peccatores,</strong></span> <span class='ocrx_word' id='word_1_652' title='bbox 2152 2868 2205 2914; x_wconf 93' lang='lat' dir='ltr'><strong>et</strong></span> <span class='ocrx_word' id='word_1_653' title='bbox 2230 2860 2265 2914; x_wconf 93' lang='lat' dir='ltr'><strong>ii</strong></span> <span class='ocrx_word' id='word_1_654' title='bbox 2292 2858 2510 2914; x_wconf 86' lang='lat' dir='ltr'><strong>forsitan</strong></span> <span class='ocrx_word' id='word_1_655' title='bbox 2536 2857 2844 2922; x_wconf 69' lang='lat' dir='ltr'><strong>Donatistm,</strong></span> <span class='ocrx_word' id='word_1_656' title='bbox 2874 2854 3226 2918; x_wconf 80' lang='lat' dir='ltr'><strong>lacessebant,</strong></span> <span class='ocrx_word' id='word_1_657' title='bbox 3259 2868 3378 2908; x_wconf 88' lang='lat' dir='ltr'><strong>ma-</strong></span> 
     </span>
    </p>
   </div>
   <div class='ocr_carea' id='block_1_89' title="bbox 1795 2946 3382 3022">
    <p class='ocr_par' dir='ltr' id='par_1_89' title="bbox 1795 2946 3382 3022">
     <span class='ocr_line' id='line_1_89' title="bbox 1795 2946 3382 3022; baseline -0.006 -16"><span class='ocrx_word' id='word_1_658' title='bbox 1795 2953 2064 3022; x_wconf 82' lang='lat' dir='ltr'><strong>ximopere</strong></span> <span class='ocrx_word' id='word_1_659' title='bbox 2107 2949 2558 3021; x_wconf 79' lang='lat' dir='ltr'><strong>praepediebatur;</strong></span> <span class='ocrx_word' id='word_1_660' title='bbox 2599 2946 2742 3018; x_wconf 92' lang='lat' dir='ltr'><strong>quod</strong></span> <span class='ocrx_word' id='word_1_661' title='bbox 2785 2946 2919 3017; x_wconf 90' lang='lat' dir='ltr'><strong>ipse,</strong></span> <span class='ocrx_word' id='word_1_662' title='bbox 2962 2960 3082 3015; x_wconf 65' lang='lat' dir='ltr'><strong>qua:</strong></span> <span class='ocrx_word' id='word_1_663' title='bbox 3127 2959 3221 2998; x_wconf 91' lang='lat' dir='ltr'><strong>sua</strong></span> <span class='ocrx_word' id='word_1_664' title='bbox 3263 2953 3382 2998; x_wconf 88' lang='lat' dir='ltr'><strong>erat</strong></span> 
     </span>
    </p>
   </div>
   <div class='ocr_carea' id='block_1_90' title="bbox 1796 3035 3382 3110">
    <p class='ocr_par' dir='ltr' id='par_1_90' title="bbox 1796 3035 3382 3110">
     <span class='ocr_line' id='line_1_90' title="bbox 1796 3035 3382 3110; baseline -0.006 -12"><span class='ocrx_word' id='word_1_665' title='bbox 1796 3044 1956 3098; x_wconf 87' lang='lat' dir='ltr'><strong>animi</strong></span> <span class='ocrx_word' id='word_1_666' title='bbox 1986 3041 2254 3109; x_wconf 89' lang='lat' dir='ltr'><strong>demissio,</strong></span> <span class='ocrx_word' id='word_1_667' title='bbox 2285 3048 2616 3110; x_wconf 89' lang='lat' dir='ltr'><strong>peccatorum</strong></span> <span class='ocrx_word' id='word_1_668' title='bbox 2649 3052 2865 3094; x_wconf 88' lang='lat' dir='ltr'><strong>suorum</strong></span> <span class='ocrx_word' id='word_1_669' title='bbox 2911 3035 3115 3092; x_wconf 89' lang='lat' dir='ltr'><strong>meritis</strong></span> <span class='ocrx_word' id='word_1_670' title='bbox 3157 3035 3382 3104; x_wconf 88' lang='lat' dir='ltr'><strong>imputat</strong></span> 
     </span>
    </p>
   </div>
   <div class='ocr_carea' id='block_1_91' title="bbox 1803 3125 3384 3205">
    <p class='ocr_par' dir='ltr' id='par_1_91' title="bbox 1803 3125 3384 3205">
     <span class='ocr_line' id='line_1_91' title="bbox 1803 3125 3384 3205; baseline -0.006 -17"><span class='ocrx_word' id='word_1_671' title='bbox 1803 3133 1990 3205; x_wconf 84' lang='lat' dir='ltr'><strong>(Ibid.,</strong></span> <span class='ocrx_word' id='word_1_672' title='bbox 2008 3133 2095 3186; x_wconf 87' lang='lat' dir='ltr'><strong>lib.</strong></span> <span class='ocrx_word' id='word_1_673' title='bbox 2111 3134 2161 3199; x_wconf 83' lang='lat' dir='ltr'><strong>l,</strong></span> <span class='ocrx_word' id='word_1_674' title='bbox 2179 3149 2230 3185; x_wconf 79' lang='grc' dir='ltr'><strong>η.</strong></span> <span class='ocrx_word' id='word_1_675' title='bbox 2255 3133 2308 3201; x_wconf 91' lang='grc'><strong>1)</strong></span> <span class='ocrx_word' id='word_1_676' title='bbox 2333 3149 2346 3185; x_wconf 90' lang='lat'><strong>:</strong></span> <span class='ocrx_word' id='word_1_677' title='bbox 2369 3145 2476 3186; x_wconf 89' lang='lat' dir='ltr'><strong>non</strong></span> <span class='ocrx_word' id='word_1_678' title='bbox 2498 3130 2668 3200; x_wconf 89' lang='lat' dir='ltr'><strong>potuit</strong></span> <span class='ocrx_word' id='word_1_679' title='bbox 2687 3138 2862 3184; x_wconf 89' lang='lat' dir='ltr'><strong>tamen</strong></span> <span class='ocrx_word' id='word_1_680' title='bbox 2882 3127 3236 3191; x_wconf 86' lang='lat' dir='ltr'><strong>committere,</strong></span> <span class='ocrx_word' id='word_1_681' title='bbox 3253 3125 3384 3196; x_wconf 89' lang='lat' dir='ltr'><strong>quin</strong></span> 
     </span>
    </p>
   </div>
   <div class='ocr_carea' id='block_1_92' title="bbox 1798 3216 3384 3294">
    <p class='ocr_par' dir='ltr' id='par_1_92' title="bbox 1798 3216 3384 3294">
     <span class='ocr_line' id='line_1_92' title="bbox 1798 3216 3384 3294; baseline -0.006 -13"><span class='ocrx_word' id='word_1_682' title='bbox 1798 3225 1917 3290; x_wconf 86' lang='lat' dir='ltr'><strong>viri,</strong></span> <span class='ocrx_word' id='word_1_683' title='bbox 1950 3239 2175 3294; x_wconf 86' lang='lat' dir='ltr'><strong>quocum</strong></span> <span class='ocrx_word' id='word_1_684' title='bbox 2201 3231 2316 3278; x_wconf 91' lang='lat' dir='ltr'><strong>erat</strong></span> <span class='ocrx_word' id='word_1_685' title='bbox 2340 3237 2527 3293; x_wconf 88' lang='lat' dir='ltr'><strong>magna</strong></span> <span class='ocrx_word' id='word_1_686' title='bbox 2551 3229 2606 3277; x_wconf 92' lang='lat' dir='ltr'><strong>et</strong></span> <span class='ocrx_word' id='word_1_687' title='bbox 2632 3227 2812 3275; x_wconf 88' lang='lat' dir='ltr'><strong>sancta</strong></span> <span class='ocrx_word' id='word_1_688' title='bbox 2844 3216 3232 3274; x_wconf 88' lang='lat' dir='ltr'><strong>necessitudine</strong></span> <span class='ocrx_word' id='word_1_689' title='bbox 3251 3230 3384 3272; x_wconf 78' lang='lat' dir='ltr'><strong>con-</strong></span> 
     </span>
    </p>
   </div>
   <div class='ocr_carea' id='block_1_93' title="bbox 1799 3309 3390 3388">
    <p class='ocr_par' dir='ltr' id='par_1_93' title="bbox 1799 3309 3390 3388">
     <span class='ocr_line' id='line_1_93' title="bbox 1799 3309 3390 3388; baseline -0.004 -15"><span class='ocrx_word' id='word_1_690' title='bbox 1799 3318 2032 3388; x_wconf 86' lang='lat' dir='ltr'><strong>junctus,</strong></span> <span class='ocrx_word' id='word_1_691' title='bbox 2066 3325 2175 3372; x_wconf 85' lang='lat' dir='ltr'><strong>tam</strong></span> <span class='ocrx_word' id='word_1_692' title='bbox 2215 3313 2461 3370; x_wconf 87' lang='lat' dir='ltr'><strong>laudabili</strong></span> <span class='ocrx_word' id='word_1_693' title='bbox 2503 3311 2771 3369; x_wconf 89' lang='lat' dir='ltr'><strong>desiderio</strong></span> <span class='ocrx_word' id='word_1_694' title='bbox 2813 3325 3015 3368; x_wconf 90' lang='lat' dir='ltr'><strong>morem</strong></span> <span class='ocrx_word' id='word_1_695' title='bbox 3053 3319 3281 3381; x_wconf 88' lang='lat' dir='ltr'><strong>gereret.</strong></span> <span class='ocrx_word' id='word_1_696' title='bbox 3314 3309 3390 3366; x_wconf 85' lang='lat' dir='ltr'><strong>Ea</strong></span> 
     </span>
    </p>
   </div>
   <div class='ocr_carea' id='block_1_94' title="bbox 1799 3401 3391 3478">
    <p class='ocr_par' dir='ltr' id='par_1_94' title="bbox 1799 3401 3391 3478">
     <span class='ocr_line' id='line_1_94' title="bbox 1799 3401 3391 3478; baseline -0.004 -15"><span class='ocrx_word' id='word_1_697' title='bbox 1799 3409 2034 3478; x_wconf 90' lang='lat' dir='ltr'><strong>insuper,</strong></span> <span class='ocrx_word' id='word_1_698' title='bbox 2076 3423 2236 3478; x_wconf 90' lang='lat' dir='ltr'><strong>quam</strong></span> <span class='ocrx_word' id='word_1_699' title='bbox 2278 3420 2402 3476; x_wconf 88' lang='lat' dir='ltr'><strong>erga</strong></span> <span class='ocrx_word' id='word_1_700' title='bbox 2449 3404 2744 3461; x_wconf 76' lang='lat' dir='ltr'><strong>Ecclesium</strong></span> <span class='ocrx_word' id='word_1_701' title='bbox 2786 3401 2982 3459; x_wconf 89' lang='lat' dir='ltr'><strong>Christi</strong></span> <span class='ocrx_word' id='word_1_702' title='bbox 3026 3401 3222 3458; x_wconf 87' lang='lat' dir='ltr'><strong>habere</strong></span> <span class='ocrx_word' id='word_1_703' title='bbox 3267 3415 3391 3458; x_wconf 87' lang='lat' dir='ltr'><strong>eum</strong></span> 
     </span>
    </p>
   </div>
   <div class='ocr_carea' id='block_1_95' title="bbox 1799 3491 3392 3569">
    <p class='ocr_par' dir='ltr' id='par_1_95' title="bbox 1799 3491 3392 3569">
     <span class='ocr_line' id='line_1_95' title="bbox 1799 3491 3392 3569; baseline -0.004 -15"><span class='ocrx_word' id='word_1_704' title='bbox 1799 3499 2094 3569; x_wconf 80' lang='lat' dir='ltr'><strong>Oportebat,</strong></span> <span class='ocrx_word' id='word_1_705' title='bbox 2123 3496 2398 3552; x_wconf 90' lang='lat' dir='ltr'><strong>charitatis</strong></span> <span class='ocrx_word' id='word_1_706' title='bbox 2425 3494 2724 3550; x_wconf 89' lang='lat' dir='ltr'><strong>sollicitudo</strong></span> <span class='ocrx_word' id='word_1_707' title='bbox 2751 3493 2970 3549; x_wconf 90' lang='lat' dir='ltr'><strong>minime</strong></span> <span class='ocrx_word' id='word_1_708' title='bbox 2989 3491 3305 3564; x_wconf 87' lang='lat' dir='ltr'><strong>patiebatur,</strong></span> <span class='ocrx_word' id='word_1_709' title='bbox 3334 3500 3392 3547; x_wconf 90' lang='lat' dir='ltr'><strong>ut</strong></span> 
     </span>
    </p>
   </div>
   <div class='ocr_carea' id='block_1_96' title="bbox 1802 3581 3391 3644">
    <p class='ocr_par' dir='ltr' id='par_1_96' title="bbox 1802 3581 3391 3644">
     <span class='ocr_line' id='line_1_96' title="bbox 1802 3581 3391 3644; baseline -0.004 0"><span class='ocrx_word' id='word_1_710' title='bbox 1802 3589 1929 3644; x_wconf 91' lang='lat' dir='ltr'><strong>dum</strong></span> <span class='ocrx_word' id='word_1_711' title='bbox 1955 3591 2175 3644; x_wconf 87' lang='lat' dir='ltr'><strong>istarum</strong></span> <span class='ocrx_word' id='word_1_712' title='bbox 2201 3586 2588 3642; x_wconf 85' lang='lat' dir='ltr'><strong>sententiarum</strong></span> <span class='ocrx_word' id='word_1_713' title='bbox 2615 3583 3113 3640; x_wconf 89' lang='lat' dir='ltr'><strong>contentiosissimis</strong></span> <span class='ocrx_word' id='word_1_714' title='bbox 3141 3581 3391 3639; x_wconf 87' lang='lat' dir='ltr'><strong>assertio-</strong></span> 
     </span>
    </p>
   </div>
   <div class='ocr_carea' id='block_1_97' title="bbox 1801 3673 3392 3750">
    <p class='ocr_par' dir='ltr' id='par_1_97' title="bbox 1801 3673 3392 3750">
     <span class='ocr_line' id='line_1_97' title="bbox 1801 3673 3392 3750; baseline -0.003 -15"><span class='ocrx_word' id='word_1_715' title='bbox 1801 3681 1957 3735; x_wconf 89' lang='lat' dir='ltr'><strong>nibus</strong></span> <span class='ocrx_word' id='word_1_716' title='bbox 1981 3682 2090 3750; x_wconf 81' lang='lat' dir='ltr'><strong>jam</strong></span> <span class='ocrx_word' id='word_1_717' title='bbox 2117 3692 2494 3750; x_wconf 88' lang='lat' dir='ltr'><strong>usquequaque</strong></span> <span class='ocrx_word' id='word_1_718' title='bbox 2514 3676 2843 3732; x_wconf 83' lang='lat' dir='ltr'><strong>ferventibus</strong></span> <span class='ocrx_word' id='word_1_719' title='bbox 2872 3675 3160 3731; x_wconf 91' lang='lat' dir='ltr'><strong>multorum</strong></span> <span class='ocrx_word' id='word_1_720' title='bbox 3182 3673 3392 3730; x_wconf 89' lang='lat' dir='ltr'><strong>animos</strong></span> 
     </span>
    </p>
   </div>
   <div class='ocr_carea' id='block_1_98' title="bbox 1801 3767 3393 3843">
    <p class='ocr_par' dir='ltr' id='par_1_98' title="bbox 1801 3767 3393 3843">
     <span class='ocr_line' id='line_1_98' title="bbox 1801 3767 3393 3843; baseline -0.005 -14"><span class='ocrx_word' id='word_1_721' title='bbox 1801 3775 2131 3830; x_wconf 81' lang='lat' dir='ltr'><strong>infirmorum</strong></span> <span class='ocrx_word' id='word_1_722' title='bbox 2171 3771 2505 3843; x_wconf 88' lang='lat' dir='ltr'><strong>perturbatos</strong></span> <span class='ocrx_word' id='word_1_723' title='bbox 2544 3778 2808 3835; x_wconf 88' lang='lat' dir='ltr'><strong>cerneret,</strong></span> <span class='ocrx_word' id='word_1_724' title='bbox 2839 3768 2940 3823; x_wconf 85' lang='lat' dir='ltr'><strong>sibi</strong></span> <span class='ocrx_word' id='word_1_725' title='bbox 2978 3767 3188 3824; x_wconf 85' lang='lat' dir='ltr'><strong>interim</strong></span> <span class='ocrx_word' id='word_1_726' title='bbox 3228 3767 3393 3822; x_wconf 84' lang='lat' dir='ltr'><strong>silen-</strong></span> 
     </span>
    </p>
   </div>
   <div class='ocr_carea' id='block_1_99' title="bbox 1803 3855 3394 3934">
    <p class='ocr_par' dir='ltr' id='par_1_99' title="bbox 1803 3855 3394 3934">
     <span class='ocr_line' id='line_1_99' title="bbox 1803 3855 3394 3934; baseline -0.004 -16"><span class='ocrx_word' id='word_1_727' title='bbox 1803 3864 1934 3919; x_wconf 85' lang='lat' dir='ltr'><strong>tium</strong></span> <span class='ocrx_word' id='word_1_728' title='bbox 1984 3861 2391 3934; x_wconf 84' lang='lat' dir='ltr'><strong>imperaret(De</strong></span> <span class='ocrx_word' id='word_1_729' title='bbox 2440 3859 2602 3915; x_wconf 85' lang='lat' dir='ltr'><strong>Gestis</strong></span> <span class='ocrx_word' id='word_1_730' title='bbox 2641 3857 2862 3929; x_wconf 86' lang='lat' dir='ltr'><strong>Pelagii,</strong></span> <span class='ocrx_word' id='word_1_731' title='bbox 2911 3874 2965 3913; x_wconf 91' lang='lat' dir='ltr'><strong>n.</strong></span> <span class='ocrx_word' id='word_1_732' title='bbox 2999 3857 3131 3928; x_wconf 70' lang='lat'><strong>25):</strong></span> <span class='ocrx_word' id='word_1_733' title='bbox 3166 3855 3394 3911; x_wconf 80' lang='lat' dir='ltr'><strong>maxime</strong></span> 
     </span>
    </p>
   </div>
   <div class='ocr_carea' id='block_1_100' title="bbox 1803 3946 3394 4016">
    <p class='ocr_par' dir='ltr' id='par_1_100' title="bbox 1803 3946 3394 4016">
     <span class='ocr_line' id='line_1_100' title="bbox 1803 3946 3394 4016; baseline -0.008 -3"><span class='ocrx_word' id='word_1_734' title='bbox 1803 3971 1931 4013; x_wconf 86' lang='lat' dir='ltr'><strong>vero</strong></span> <span class='ocrx_word' id='word_1_735' title='bbox 1957 3971 2077 4010; x_wconf 91' lang='lat' dir='ltr'><strong>cum</strong></span> <span class='ocrx_word' id='word_1_736' title='bbox 2109 3954 2231 4009; x_wconf 86' lang='lat' dir='ltr'><strong>novi</strong></span> <span class='ocrx_word' id='word_1_737' title='bbox 2248 3953 2322 4008; x_wconf 90' lang='lat' dir='ltr'><strong>illi</strong></span> <span class='ocrx_word' id='word_1_738' title='bbox 2351 3951 2591 4007; x_wconf 66' lang='lat' dir='ltr'><strong>haeretici</strong></span> <span class='ocrx_word' id='word_1_739' title='bbox 2617 3949 2872 4005; x_wconf 70' lang='lat' dir='ltr'><strong>doctrinm</strong></span> <span class='ocrx_word' id='word_1_740' title='bbox 2897 3963 3007 4004; x_wconf 69' lang='lat' dir='ltr'><strong>sum</strong></span> <span class='ocrx_word' id='word_1_741' title='bbox 3022 3948 3166 4003; x_wconf 92' lang='lat' dir='ltr'><strong>virus</strong></span> <span class='ocrx_word' id='word_1_742' title='bbox 3184 3946 3394 4016; x_wconf 90' lang='lat' dir='ltr'><strong>publice</strong></span> 
     </span>
    </p>
   </div>
   <div class='ocr_carea' id='block_1_101' title="bbox 1802 4035 3394 4118">
    <p class='ocr_par' dir='ltr' id='par_1_101' title="bbox 1802 4035 3394 4118">
     <span class='ocr_line' id='line_1_101' title="bbox 1802 4035 3394 4118; baseline -0.007 -17"><span class='ocrx_word' id='word_1_743' title='bbox 1802 4062 1864 4101; x_wconf 88' lang='lat' dir='ltr'><strong>ac</strong></span> <span class='ocrx_word' id='word_1_744' title='bbox 1892 4045 2160 4118; x_wconf 86' lang='lat' dir='ltr'><strong>privatim,</strong></span> <span class='ocrx_word' id='word_1_745' title='bbox 2193 4059 2296 4098; x_wconf 91' lang='lat' dir='ltr'><strong>non</strong></span> <span class='ocrx_word' id='word_1_746' title='bbox 2323 4043 2441 4097; x_wconf 89' lang='lat' dir='ltr'><strong>viva</strong></span> <span class='ocrx_word' id='word_1_747' title='bbox 2484 4053 2616 4095; x_wconf 85' lang='lat' dir='ltr'><strong>voce</strong></span> <span class='ocrx_word' id='word_1_748' title='bbox 2650 4047 2876 4106; x_wconf 88' lang='lat' dir='ltr'><strong>tantum,</strong></span> <span class='ocrx_word' id='word_1_749' title='bbox 2908 4037 3004 4092; x_wconf 89' lang='lat' dir='ltr'><strong>sed</strong></span> <span class='ocrx_word' id='word_1_750' title='bbox 3041 4037 3201 4092; x_wconf 89' lang='lat' dir='ltr'><strong>etiam</strong></span> <span class='ocrx_word' id='word_1_751' title='bbox 3241 4035 3394 4090; x_wconf 89' lang='lat' dir='ltr'><strong>libris</strong></span> 
     </span>
    </p>
   </div>
   <div class='ocr_carea' id='block_1_102' title="bbox 1802 4125 3394 4211">
    <p class='ocr_par' dir='ltr' id='par_1_102' title="bbox 1802 4125 3394 4211">
     <span class='ocr_line' id='line_1_102' title="bbox 1802 4125 3394 4211; baseline -0.009 -16"><span class='ocrx_word' id='word_1_752' title='bbox 1802 4146 2134 4211; x_wconf 88' lang='lat' dir='ltr'><strong>spargerent,</strong></span> <span class='ocrx_word' id='word_1_753' title='bbox 2169 4136 2355 4205; x_wconf 89' lang='lat' dir='ltr'><strong>hisque</strong></span> <span class='ocrx_word' id='word_1_754' title='bbox 2379 4147 2445 4187; x_wconf 90' lang='lat' dir='ltr'><strong>eo</strong></span> <span class='ocrx_word' id='word_1_755' title='bbox 2471 4131 2641 4201; x_wconf 89' lang='lat' dir='ltr'><strong>magis</strong></span> <span class='ocrx_word' id='word_1_756' title='bbox 2670 4130 2865 4196; x_wconf 78' lang='lat' dir='ltr'><strong>noxiis,</strong></span> <span class='ocrx_word' id='word_1_757' title='bbox 2895 4144 3000 4199; x_wconf 92' lang='lat' dir='ltr'><strong>quo</strong></span> <span class='ocrx_word' id='word_1_758' title='bbox 3027 4127 3215 4198; x_wconf 88' lang='lat' dir='ltr'><strong>majori</strong></span> <span class='ocrx_word' id='word_1_759' title='bbox 3241 4125 3394 4180; x_wconf 88' lang='lat' dir='ltr'><strong>calli-</strong></span> 
     </span>
    </p>
   </div>
   <div class='ocr_carea' id='block_1_103' title="bbox 1803 4217 3394 4298">
    <p class='ocr_par' dir='ltr' id='par_1_103' title="bbox 1803 4217 3394 4298">
     <span class='ocr_line' id='line_1_103' title="bbox 1803 4217 3394 4298; baseline -0.009 -12"><span class='ocrx_word' id='word_1_760' title='bbox 1803 4231 1966 4286; x_wconf 89' lang='lat' dir='ltr'><strong>ditate</strong></span> <span class='ocrx_word' id='word_1_761' title='bbox 2003 4238 2163 4298; x_wconf 91' lang='lat' dir='ltr'><strong>atque</strong></span> <span class='ocrx_word' id='word_1_762' title='bbox 2202 4225 2425 4281; x_wconf 80' lang='lat' dir='ltr'><strong>artiﬁcio</strong></span> <span class='ocrx_word' id='word_1_763' title='bbox 2452 4233 2607 4278; x_wconf 92' lang='lat' dir='ltr'><strong>erant</strong></span> <span class='ocrx_word' id='word_1_764' title='bbox 2633 4222 2816 4292; x_wconf 90' lang='lat' dir='ltr'><strong>scripti</strong></span> <span class='ocrx_word' id='word_1_765' title='bbox 2846 4219 3158 4291; x_wconf 87' lang='lat' dir='ltr'><strong>(Possidius,</strong></span> <span class='ocrx_word' id='word_1_766' title='bbox 3185 4219 3238 4272; x_wconf 88' lang='lat' dir='ltr'><strong>in</strong></span> <span class='ocrx_word' id='word_1_767' title='bbox 3279 4217 3394 4272; x_wconf 84' lang='lat' dir='ltr'><strong>Vita</strong></span> 
     </span>
    </p>
   </div>
   <div class='ocr_carea' id='block_1_104' title="bbox 1806 4311 3367 4397">
    <p class='ocr_par' dir='ltr' id='par_1_104' title="bbox 1806 4311 3367 4397">
     <span class='ocr_line' id='line_1_104' title="bbox 1806 4311 3367 4397; baseline -0.011 -17"><span class='ocrx_word' id='word_1_768' title='bbox 1806 4323 2090 4397; x_wconf 83' lang='lat' dir='ltr'><strong>Augustini,</strong></span> <span class='ocrx_word' id='word_1_769' title='bbox 2115 4339 2167 4376; x_wconf 78' lang='grc' dir='ltr'><strong>η.</strong></span> <span class='ocrx_word' id='word_1_770' title='bbox 2195 4319 2308 4388; x_wconf 89' lang='grc'><strong>21).</strong></span> <span class='ocrx_word' id='word_1_771' title='bbox 2331 4318 2498 4373; x_wconf 89' lang='lat' dir='ltr'><strong>Porro</strong></span> <span class='ocrx_word' id='word_1_772' title='bbox 2527 4316 2668 4371; x_wconf 87' lang='lat' dir='ltr'><strong>inter</strong></span> <span class='ocrx_word' id='word_1_773' title='bbox 2696 4315 2804 4382; x_wconf 91' lang='lat' dir='ltr'><strong>illa,</strong></span> <span class='ocrx_word' id='word_1_774' title='bbox 2836 4329 2954 4385; x_wconf 73' lang='lat' dir='ltr'><strong>qua:</strong></span> <span class='ocrx_word' id='word_1_775' title='bbox 2978 4311 3268 4368; x_wconf 89' lang='lat' dir='ltr'><strong>refutandis</strong></span> <span class='ocrx_word' id='word_1_776' title='bbox 3293 4311 3367 4364; x_wconf 84' lang='lat' dir='ltr'><strong>Pe</strong></span> 
     </span>
    </p>
   </div>
   <div class='ocr_carea' id='block_1_105' title="bbox 1805 4403 3376 4487">
    <p class='ocr_par' dir='ltr' id='par_1_105' title="bbox 1805 4403 3376 4487">
     <span class='ocr_line' id='line_1_105' title="bbox 1805 4403 3376 4487; baseline -0.01 -17"><span class='ocrx_word' id='word_1_777' title='bbox 1805 4416 2047 4487; x_wconf 87' lang='lat' dir='ltr'><strong>lagianis,</strong></span> <span class='ocrx_word' id='word_1_778' title='bbox 2087 4409 2454 4480; x_wconf 85' lang='lat' dir='ltr'><strong>solvendisque</strong></span> <span class='ocrx_word' id='word_1_779' title='bbox 2495 4406 2783 4462; x_wconf 79' lang='lat' dir='ltr'><strong>Marcellini</strong></span> <span class='ocrx_word' id='word_1_780' title='bbox 2827 4403 3203 4475; x_wconf 66' lang='lat' dir='ltr'><strong>quaastionibus</strong></span> <span class='ocrx_word' id='word_1_781' title='bbox 3227 4415 3376 4456; x_wconf 87' lang='lat' dir='ltr'><strong>com-</strong></span> 
     </span>
    </p>
   </div>
   <div class='ocr_carea' id='block_1_106' title="bbox 1809 4493 3392 4570">
    <p class='ocr_par' dir='ltr' id='par_1_106' title="bbox 1809 4493 3392 4570">
     <span class='ocr_line' id='line_1_106' title="bbox 1809 4493 3392 4570; baseline -0.012 -6"><span class='ocrx_word' id='word_1_782' title='bbox 1809 4517 2076 4564; x_wconf 89' lang='lat' dir='ltr'><strong>mentatus</strong></span> <span class='ocrx_word' id='word_1_783' title='bbox 2097 4515 2200 4570; x_wconf 89' lang='lat' dir='ltr'><strong>est,</strong></span> <span class='ocrx_word' id='word_1_784' title='bbox 2230 4502 2472 4558; x_wconf 88' lang='lat' dir='ltr'><strong>ordinem</strong></span> <span class='ocrx_word' id='word_1_785' title='bbox 2503 4499 2704 4555; x_wconf 91' lang='lat' dir='ltr'><strong>ducunt</strong></span> <span class='ocrx_word' id='word_1_786' title='bbox 2728 4496 2850 4552; x_wconf 88' lang='lat' dir='ltr'><strong>libri</strong></span> <span class='ocrx_word' id='word_1_787' title='bbox 2877 4496 2984 4552; x_wconf 91' lang='lat' dir='ltr'><strong>duo</strong></span> <span class='ocrx_word' id='word_1_788' title='bbox 3025 4493 3104 4548; x_wconf 88' lang='lat' dir='ltr'><strong>De</strong></span> <span class='ocrx_word' id='word_1_789' title='bbox 3145 4493 3392 4547; x_wconf 88' lang='lat' dir='ltr'><strong>Peccato-</strong></span> 
     </span>
    </p>
   </div>
   <div class='ocr_carea' id='block_1_107' title="bbox 1809 4584 3394 4654">
    <p class='ocr_par' dir='ltr' id='par_1_107' title="bbox 1809 4584 3394 4654">
     <span class='ocr_line' id='line_1_107' title="bbox 1809 4584 3394 4654; baseline -0.009 0"><span class='ocrx_word' id='word_1_790' title='bbox 1809 4618 1921 4654; x_wconf 76' lang='lat' dir='ltr'><strong>mni</strong></span> <span class='ocrx_word' id='word_1_791' title='bbox 1949 4599 2136 4652; x_wconf 85' lang='lat' dir='ltr'><strong>meritis</strong></span> <span class='ocrx_word' id='word_1_792' title='bbox 2165 4606 2213 4651; x_wconf 89' lang='lat' dir='ltr'><strong>et</strong></span> <span class='ocrx_word' id='word_1_793' title='bbox 2233 4594 2543 4649; x_wconf 85' lang='lat' dir='ltr'><strong>remissione.</strong></span> <span class='ocrx_word' id='word_1_794' title='bbox 2575 4591 2664 4647; x_wconf 89' lang='lat' dir='ltr'><strong>Sic</strong></span> <span class='ocrx_word' id='word_1_795' title='bbox 2689 4589 2830 4644; x_wconf 89' lang='lat' dir='ltr'><strong>enim</strong></span> <span class='ocrx_word' id='word_1_796' title='bbox 2854 4603 2949 4644; x_wconf 91' lang='lat' dir='ltr'><strong>eos</strong></span> <span class='ocrx_word' id='word_1_797' title='bbox 2969 4587 3022 4642; x_wconf 90' lang='lat' dir='ltr'><strong>in</strong></span> <span class='ocrx_word' id='word_1_798' title='bbox 3043 4584 3394 4642; x_wconf 78' lang='lat' dir='ltr'><strong>Retractatio-</strong></span> 
     </span>
    </p>
   </div>
   <div class='ocr_carea' id='block_1_108' title="bbox 1811 4676 3398 4759">
    <p class='ocr_par' dir='ltr' id='par_1_108' title="bbox 1811 4676 3398 4759">
     <span class='ocr_line' id='line_1_108' title="bbox 1811 4676 3398 4759; baseline -0.011 -9"><span class='ocrx_word' id='word_1_799' title='bbox 1811 4694 1965 4750; x_wconf 90' lang='lat' dir='ltr'><strong>nibus</strong></span> <span class='ocrx_word' id='word_1_800' title='bbox 1993 4697 2263 4759; x_wconf 89' lang='lat' dir='ltr'><strong>nuncupat</strong></span> <span class='ocrx_word' id='word_1_801' title='bbox 2284 4684 2746 4758; x_wconf 84' lang='lat' dir='ltr'><strong>(Retractationum</strong></span> <span class='ocrx_word' id='word_1_802' title='bbox 2774 4679 2862 4735; x_wconf 89' lang='lat' dir='ltr'><strong>lib.</strong></span> <span class='ocrx_word' id='word_1_803' title='bbox 2889 4676 2946 4745; x_wconf 91' lang='grc'><strong>2,</strong></span> <span class='ocrx_word' id='word_1_804' title='bbox 2976 4696 3091 4750; x_wconf 87' lang='lat' dir='ltr'><strong>cap.</strong></span> <span class='ocrx_word' id='word_1_805' title='bbox 3119 4678 3244 4748; x_wconf 72' lang='lat'><strong>33):</strong></span> <span class='ocrx_word' id='word_1_806' title='bbox 3272 4677 3398 4750; x_wconf 82' lang='lat' dir='ltr'><strong>alibi</strong></span> 
     </span>
    </p>
   </div>
   <div class='ocr_carea' id='block_1_109' title="bbox 1811 4769 3402 4849">
    <p class='ocr_par' dir='ltr' id='par_1_109' title="bbox 1811 4769 3402 4849">
     <span class='ocr_line' id='line_1_109' title="bbox 1811 4769 3402 4849; baseline -0.008 -9"><span class='ocrx_word' id='word_1_807' title='bbox 1811 4794 2012 4848; x_wconf 90' lang='lat' dir='ltr'><strong>tamen,</strong></span> <span class='ocrx_word' id='word_1_808' title='bbox 2043 4781 2118 4835; x_wconf 88' lang='lat' dir='ltr'><strong>De</strong></span> <span class='ocrx_word' id='word_1_809' title='bbox 2157 4778 2419 4849; x_wconf 84' lang='lat' dir='ltr'><strong>Baptismo</strong></span> <span class='ocrx_word' id='word_1_810' title='bbox 2462 4774 2820 4845; x_wconf 75' lang='lat' dir='ltr'><strong>parvulorum;</strong></span> <span class='ocrx_word' id='word_1_811' title='bbox 2849 4786 2954 4842; x_wconf 94' lang='lat' dir='ltr'><strong>quo</strong></span> <span class='ocrx_word' id='word_1_812' title='bbox 2992 4769 3209 4826; x_wconf 87' lang='lat' dir='ltr'><strong>eosdem</strong></span> <span class='ocrx_word' id='word_1_813' title='bbox 3247 4769 3402 4828; x_wconf 87' lang='lat' dir='ltr'><strong>titulo</strong></span> 
     </span>
    </p>
   </div>
   <div class='ocr_carea' id='block_1_110' title="bbox 1815 4861 3397 4946">
    <p class='ocr_par' dir='ltr' id='par_1_110' title="bbox 1815 4861 3397 4946">
     <span class='ocr_line' id='line_1_110' title="bbox 1815 4861 3397 4946; baseline -0.011 -15"><span class='ocrx_word' id='word_1_814' title='bbox 1815 4877 2167 4946; x_wconf 79' lang='lat' dir='ltr'><strong>Hieronymus</strong></span> <span class='ocrx_word' id='word_1_815' title='bbox 2185 4869 2416 4942; x_wconf 88' lang='lat' dir='ltr'><strong>appellat</strong></span> <span class='ocrx_word' id='word_1_816' title='bbox 2435 4865 2647 4939; x_wconf 89' lang='lat' dir='ltr'><strong>(Contra</strong></span> <span class='ocrx_word' id='word_1_817' title='bbox 2670 4864 2875 4936; x_wconf 87' lang='lat' dir='ltr'><strong>Pelag.,</strong></span> <span class='ocrx_word' id='word_1_818' title='bbox 2893 4864 3095 4934; x_wconf 87' lang='lat' dir='ltr'><strong>dialogo</strong></span> <span class='ocrx_word' id='word_1_819' title='bbox 3110 4864 3164 4930; x_wconf 87' lang='grc'><strong>5,</strong></span> <span class='ocrx_word' id='word_1_820' title='bbox 3185 4879 3299 4934; x_wconf 89' lang='lat' dir='ltr'><strong>cap.</strong></span> <span class='ocrx_word' id='word_1_821' title='bbox 3320 4861 3397 4935; x_wconf 80' lang='grc'><strong>6).</strong></span> 
     </span>
    </p>
   </div>
   <div class='ocr_carea' id='block_1_111' title="bbox 1816 4952 3400 5024">
    <p class='ocr_par' dir='ltr' id='par_1_111' title="bbox 1816 4952 3400 5024">
     <span class='ocr_line' id='line_1_111' title="bbox 1816 4952 3400 5024; baseline -0.009 -3"><span class='ocrx_word' id='word_1_822' title='bbox 1816 4967 1994 5022; x_wconf 83' lang='lat' dir='ltr'><strong>Primo</strong></span> <span class='ocrx_word' id='word_1_823' title='bbox 2023 4963 2158 5018; x_wconf 89' lang='lat' dir='ltr'><strong>libro</strong></span> <span class='ocrx_word' id='word_1_824' title='bbox 2185 4961 2540 5024; x_wconf 88' lang='lat' dir='ltr'><strong>demonstrat,</strong></span> <span class='ocrx_word' id='word_1_825' title='bbox 2569 4963 2798 5011; x_wconf 89' lang='lat' dir='ltr'><strong>mortem</strong></span> <span class='ocrx_word' id='word_1_826' title='bbox 2846 4954 3074 5009; x_wconf 88' lang='lat' dir='ltr'><strong>hominis</strong></span> <span class='ocrx_word' id='word_1_827' title='bbox 3111 4952 3294 5024; x_wconf 65' lang='lat' dir='ltr'><strong>venire</strong></span> <span class='ocrx_word' id='word_1_828' title='bbox 3334 4966 3400 5007; x_wconf 81' lang='lat' dir='ltr'><strong>ex</strong></span> 
     </span>
    </p>
   </div>
   <div class='ocr_carea' id='block_1_112' title="bbox 1819 5041 3401 5124">
    <p class='ocr_par' dir='ltr' id='par_1_112' title="bbox 1819 5041 3401 5124">
     <span class='ocr_line' id='line_1_112' title="bbox 1819 5041 3401 5124; baseline -0.011 -13"><span class='ocrx_word' id='word_1_829' title='bbox 1819 5056 2008 5111; x_wconf 90' lang='lat' dir='ltr'><strong>merito</strong></span> <span class='ocrx_word' id='word_1_830' title='bbox 2035 5051 2238 5124; x_wconf 84' lang='lat' dir='ltr'><strong>peccati</strong></span> <span class='ocrx_word' id='word_1_831' title='bbox 2263 5049 2414 5116; x_wconf 72' lang='lat' dir='ltr'><strong>Adae,</strong></span> <span class='ocrx_word' id='word_1_832' title='bbox 2443 5061 2508 5103; x_wconf 91' lang='lat' dir='ltr'><strong>eo</strong></span> <span class='ocrx_word' id='word_1_833' title='bbox 2527 5046 2687 5102; x_wconf 91' lang='lat' dir='ltr'><strong>etiam</strong></span> <span class='ocrx_word' id='word_1_834' title='bbox 2715 5053 2936 5115; x_wconf 87' lang='lat' dir='ltr'><strong>peccato</strong></span> <span class='ocrx_word' id='word_1_835' title='bbox 2961 5052 3125 5098; x_wconf 90' lang='lat' dir='ltr'><strong>totam</strong></span> <span class='ocrx_word' id='word_1_836' title='bbox 3150 5041 3291 5096; x_wconf 87' lang='lat' dir='ltr'><strong>illius</strong></span> <span class='ocrx_word' id='word_1_837' title='bbox 3321 5048 3401 5095; x_wconf 82' lang='lat' dir='ltr'><strong>te-</strong></span> 
     </span>
    </p>
   </div>
   <div class='ocr_carea' id='block_1_113' title="bbox 1820 5132 3402 5214">
    <p class='ocr_par' dir='ltr' id='par_1_113' title="bbox 1820 5132 3402 5214">
     <span class='ocr_line' id='line_1_113' title="bbox 1820 5132 3402 5214; baseline -0.011 -12"><span class='ocrx_word' id='word_1_838' title='bbox 1820 5147 1934 5202; x_wconf 89' lang='lat' dir='ltr'><strong>neri</strong></span> <span class='ocrx_word' id='word_1_839' title='bbox 1963 5144 2182 5214; x_wconf 89' lang='lat' dir='ltr'><strong>stirpem</strong></span> <span class='ocrx_word' id='word_1_840' title='bbox 2214 5139 2554 5204; x_wconf 76' lang='lat' dir='ltr'><strong>obstrictum;</strong></span> <span class='ocrx_word' id='word_1_841' title='bbox 2587 5144 2744 5206; x_wconf 85' lang='lat' dir='ltr'><strong>atque</strong></span> <span class='ocrx_word' id='word_1_842' title='bbox 2773 5135 2972 5190; x_wconf 91' lang='lat' dir='ltr'><strong>idcirco</strong></span> <span class='ocrx_word' id='word_1_843' title='bbox 2996 5132 3248 5203; x_wconf 82' lang='lat' dir='ltr'><strong>baptizari</strong></span> <span class='ocrx_word' id='word_1_844' title='bbox 3277 5144 3402 5201; x_wconf 85' lang='lat' dir='ltr'><strong>par-</strong></span> 
     </span>
    </p>
   </div>
   <div class='ocr_carea' id='block_1_114' title="bbox 1823 5223 3402 5304">
    <p class='ocr_par' dir='ltr' id='par_1_114' title="bbox 1823 5223 3402 5304">
     <span class='ocr_line' id='line_1_114' title="bbox 1823 5223 3402 5304; baseline -0.01 -13"><span class='ocrx_word' id='word_1_845' title='bbox 1823 5236 1992 5302; x_wconf 86' lang='lat' dir='ltr'><strong>vulos,</strong></span> <span class='ocrx_word' id='word_1_846' title='bbox 2015 5244 2076 5290; x_wconf 93' lang='lat' dir='ltr'><strong>ut</strong></span> <span class='ocrx_word' id='word_1_847' title='bbox 2090 5232 2290 5304; x_wconf 87' lang='lat' dir='ltr'><strong>peccati</strong></span> <span class='ocrx_word' id='word_1_848' title='bbox 2316 5231 2397 5286; x_wconf 90' lang='lat' dir='ltr'><strong>sui</strong></span> <span class='ocrx_word' id='word_1_849' title='bbox 2425 5228 2699 5299; x_wconf 88' lang='lat' dir='ltr'><strong>originalis</strong></span> <span class='ocrx_word' id='word_1_850' title='bbox 2725 5225 3095 5282; x_wconf 89' lang='lat' dir='ltr'><strong>remissionem</strong></span> <span class='ocrx_word' id='word_1_851' title='bbox 3122 5223 3402 5294; x_wconf 86' lang='lat' dir='ltr'><strong>accipiant.</strong></span> 
     </span>
    </p>
   </div>
   <div class='ocr_carea' id='block_1_115' title="bbox 1777 5315 3407 5392">
    <p class='ocr_par' dir='ltr' id='par_1_115' title="bbox 1777 5315 3407 5392">
     <span class='ocr_line' id='line_1_115' title="bbox 1777 5315 3407 5392; baseline -0.013 -5"><span class='ocrx_word' id='word_1_852' title='bbox 1777 5339 1784 5346; x_wconf 90' lang='lat'>&#39;</span> <span class='ocrx_word' id='word_1_853' title='bbox 1825 5329 2072 5386; x_wconf 87' lang='lat' dir='ltr'><strong>Secundo</strong></span> <span class='ocrx_word' id='word_1_854' title='bbox 2093 5334 2272 5383; x_wconf 91' lang='lat' dir='ltr'><strong>autem</strong></span> <span class='ocrx_word' id='word_1_855' title='bbox 2300 5324 2476 5392; x_wconf 85' lang='lat' dir='ltr'><strong>docet,</strong></span> <span class='ocrx_word' id='word_1_856' title='bbox 2505 5321 2774 5376; x_wconf 89' lang='lat' dir='ltr'><strong>hominem</strong></span> <span class='ocrx_word' id='word_1_857' title='bbox 2802 5320 2853 5374; x_wconf 89' lang='lat' dir='ltr'><strong>in</strong></span> <span class='ocrx_word' id='word_1_858' title='bbox 2886 5318 2987 5373; x_wconf 88' lang='lat' dir='ltr'><strong>hac</strong></span> <span class='ocrx_word' id='word_1_859' title='bbox 3015 5318 3120 5372; x_wconf 86' lang='lat' dir='ltr'><strong>vita</strong></span> <span class='ocrx_word' id='word_1_860' title='bbox 3143 5315 3258 5370; x_wconf 89' lang='lat' dir='ltr'><strong>sine</strong></span> <span class='ocrx_word' id='word_1_861' title='bbox 3283 5327 3407 5384; x_wconf 85' lang='lat' dir='ltr'><strong>pee-</strong></span> 
     </span>
    </p>
   </div>
   <div class='ocr_carea' id='block_1_116' title="bbox 1825 5408 3406 5488">
    <p class='ocr_par' dir='ltr' id='par_1_116' title="bbox 1825 5408 3406 5488">
     <span class='ocr_line' id='line_1_116' title="bbox 1825 5408 3406 5488; baseline -0.015 -10"><span class='ocrx_word' id='word_1_862' title='bbox 1825 5431 1945 5477; x_wconf 86' lang='lat' dir='ltr'><strong>cato</strong></span> <span class='ocrx_word' id='word_1_863' title='bbox 1978 5434 2097 5476; x_wconf 88' lang='lat' dir='ltr'><strong>esse</strong></span> <span class='ocrx_word' id='word_1_864' title='bbox 2135 5431 2294 5488; x_wconf 89' lang='lat' dir='ltr'><strong>posse</strong></span> <span class='ocrx_word' id='word_1_865' title='bbox 2323 5429 2417 5485; x_wconf 89' lang='lat' dir='ltr'><strong>per</strong></span> <span class='ocrx_word' id='word_1_866' title='bbox 2441 5411 2534 5468; x_wconf 90' lang='lat' dir='ltr'><strong>Dei</strong></span> <span class='ocrx_word' id='word_1_867' title='bbox 2560 5409 2783 5482; x_wconf 88' lang='lat' dir='ltr'><strong>gratiam</strong></span> <span class='ocrx_word' id='word_1_868' title='bbox 2808 5417 2863 5464; x_wconf 92' lang='lat' dir='ltr'><strong>et</strong></span> <span class='ocrx_word' id='word_1_869' title='bbox 2886 5408 3108 5464; x_wconf 90' lang='lat' dir='ltr'><strong>liberum</strong></span> <span class='ocrx_word' id='word_1_870' title='bbox 3138 5417 3290 5458; x_wconf 88' lang='lat' dir='ltr'><strong>suum</strong></span> <span class='ocrx_word' id='word_1_871' title='bbox 3313 5417 3406 5456; x_wconf 81' lang='lat' dir='ltr'><strong>ar-</strong></span> 
     </span>
    </p>
   </div>
   <div class='ocr_carea' id='block_1_117' title="bbox 1828 5491 3405 5578">
    <p class='ocr_par' dir='ltr' id='par_1_117' title="bbox 1828 5491 3405 5578">
     <span class='ocr_line' id='line_1_117' title="bbox 1828 5491 3405 5578; baseline -0.018 -7"><span class='ocrx_word' id='word_1_872' title='bbox 1828 5516 2065 5578; x_wconf 88' lang='lat' dir='ltr'><strong>bitrium,</strong></span> <span class='ocrx_word' id='word_1_873' title='bbox 2095 5525 2203 5566; x_wconf 89' lang='lat' dir='ltr'><strong>non</strong></span> <span class='ocrx_word' id='word_1_874' title='bbox 2231 5517 2406 5563; x_wconf 89' lang='lat' dir='ltr'><strong>tamen</strong></span> <span class='ocrx_word' id='word_1_875' title='bbox 2431 5519 2551 5560; x_wconf 87' lang='lat' dir='ltr'><strong>esse</strong></span> <span class='ocrx_word' id='word_1_876' title='bbox 2579 5514 2896 5573; x_wconf 85' lang='lat' dir='ltr'><strong>quemquam</strong></span> <span class='ocrx_word' id='word_1_877' title='bbox 2941 5499 2996 5552; x_wconf 90' lang='lat' dir='ltr'><strong>in</strong></span> <span class='ocrx_word' id='word_1_878' title='bbox 3033 5496 3132 5550; x_wconf 88' lang='lat' dir='ltr'><strong>hac</strong></span> <span class='ocrx_word' id='word_1_879' title='bbox 3157 5493 3260 5546; x_wconf 86' lang='lat' dir='ltr'><strong>vita</strong></span> <span class='ocrx_word' id='word_1_880' title='bbox 3288 5491 3405 5545; x_wconf 90' lang='lat' dir='ltr'><strong>sine</strong></span> 
     </span>
    </p>
   </div>
   <div class='ocr_carea' id='block_1_118' title="bbox 1831 5581 3403 5676">
    <p class='ocr_par' dir='ltr' id='par_1_118' title="bbox 1831 5581 3403 5676">
     <span class='ocr_line' id='line_1_118' title="bbox 1831 5581 3403 5676; baseline -0.016 -13"><span class='ocrx_word' id='word_1_881' title='bbox 1831 5608 1935 5663; x_wconf 92' lang='lat' dir='ltr'><strong>ullo</strong></span> <span class='ocrx_word' id='word_1_882' title='bbox 1964 5619 2182 5676; x_wconf 83' lang='lat' dir='ltr'><strong>prorsus</strong></span> <span class='ocrx_word' id='word_1_883' title='bbox 2210 5609 2460 5674; x_wconf 89' lang='lat' dir='ltr'><strong>peccato;</strong></span> <span class='ocrx_word' id='word_1_884' title='bbox 2490 5597 2610 5668; x_wconf 89' lang='lat' dir='ltr'><strong>quia</strong></span> <span class='ocrx_word' id='word_1_885' title='bbox 2637 5607 2796 5650; x_wconf 90' lang='lat' dir='ltr'><strong>nemo</strong></span> <span class='ocrx_word' id='word_1_886' title='bbox 2821 5592 2892 5647; x_wconf 90' lang='lat' dir='ltr'><strong>sit</strong></span> <span class='ocrx_word' id='word_1_887' title='bbox 2913 5589 3003 5660; x_wconf 93' lang='lat' dir='ltr'><strong>qui</strong></span> <span class='ocrx_word' id='word_1_888' title='bbox 3032 5594 3230 5676; x_wconf 81' lang='lat' dir='ltr'><strong>tantum</strong></span> <span class='ocrx_word' id='word_1_889' title='bbox 3253 5581 3403 5650; x_wconf 86' lang='lat' dir='ltr'><strong>velit,</strong></span> 
     </span>
    </p>
   </div>
   <div class='ocr_carea' id='block_1_119' title="bbox 171 5674 3404 5780">
    <p class='ocr_par' dir='ltr' id='par_1_119' title="bbox 171 5674 3404 5780">
     <span class='ocr_line' id='line_1_119' title="bbox 171 5674 3404 5780; baseline -0.003 -15"><span class='ocrx_word' id='word_1_890' title='bbox 171 5674 394 5772; x_wconf 59' lang='lat' dir='ltr'><strong>Ideni&quot;</strong></span> <span class='ocrx_word' id='word_1_891' title='bbox 283 5674 288 5675; x_wconf 11' lang='grc' dir='ltr'>ί</span> <span class='ocrx_word' id='word_1_892' title='bbox 338 5674 662 5780; x_wconf 49' lang='lat' dir='ltr'><strong>,&#39;ubi</strong></span> <span class='ocrx_word' id='word_1_893' title='bbox 704 5674 1039 5766; x_wconf 45' lang='lat' dir='ltr'><strong>commvodum</strong></span> <span class='ocrx_word' id='word_1_894' title='bbox 1083 5715 1241 5778; x_wconf 90' lang='lat' dir='ltr'><strong>atque</strong></span> <span class='ocrx_word' id='word_1_895' title='bbox 1289 5702 1416 5758; x_wconf 91' lang='lat' dir='ltr'><strong>utile</strong></span> <span class='ocrx_word' id='word_1_896' title='bbox 1459 5699 1724 5757; x_wconf 85' lang='lat' dir='ltr'><strong>videretur</strong></span> <span class='ocrx_word' id='word_1_897' title='bbox 1832 5674 2085 5771; x_wconf 76' lang='lat' dir='ltr'><strong>quantum</strong></span> <span class='ocrx_word' id='word_1_898' title='bbox 2113 5709 2200 5752; x_wconf 89' lang='lat' dir='ltr'><strong>res</strong></span> <span class='ocrx_word' id='word_1_899' title='bbox 2227 5692 2408 5763; x_wconf 86' lang='lat' dir='ltr'><strong>exigit,</strong></span> <span class='ocrx_word' id='word_1_900' title='bbox 2443 5689 2568 5744; x_wconf 88' lang='lat' dir='ltr'><strong>dum</strong></span> <span class='ocrx_word' id='word_1_901' title='bbox 2612 5686 2694 5741; x_wconf 91' lang='lat' dir='ltr'><strong>vel</strong></span> <span class='ocrx_word' id='word_1_902' title='bbox 2737 5685 2862 5737; x_wconf 88' lang='lat' dir='ltr'><strong>latet</strong></span> <span class='ocrx_word' id='word_1_903' title='bbox 2900 5675 3039 5748; x_wconf 73' lang='grc' dir='ltr'><strong>(ιιιοά</strong></span> <span class='ocrx_word' id='word_1_904' title='bbox 3074 5674 3274 5780; x_wconf 40' lang='lat' dir='ltr'><strong>his“?</strong></span> <span class='ocrx_word' id='word_1_905' title='bbox 3293 5682 3404 5780; x_wconf 55' lang='lat' dir='ltr'><strong>ff“,</strong></span> 
     </span>
    </p>
   </div>
   <div class='ocr_carea' id='block_1_120' title="bbox 191 5798 1718 5880">
    <p class='ocr_par' dir='ltr' id='par_1_120' title="bbox 191 5798 1718 5880">
     <span class='ocr_line' id='line_1_120' title="bbox 191 5798 1718 5880; baseline -0.005 -21"><span class='ocrx_word' id='word_1_906' title='bbox 191 5800 602 5880; x_wconf 56' lang='lat' dir='ltr'><strong>(laudationum</strong></span> <span class='ocrx_word' id='word_1_907' title='bbox 634 5803 722 5858; x_wconf 84' lang='lat' dir='ltr'><strong>lib.</strong></span> <span class='ocrx_word' id='word_1_908' title='bbox 742 5802 799 5871; x_wconf 84' lang='grc'><strong>2,</strong></span> <span class='ocrx_word' id='word_1_909' title='bbox 829 5818 942 5872; x_wconf 84' lang='lat' dir='ltr'><strong>cap.</strong></span> <span class='ocrx_word' id='word_1_910' title='bbox 969 5800 1080 5871; x_wconf 81' lang='grc'><strong>55).</strong></span> <span class='ocrx_word' id='word_1_911' title='bbox 1103 5798 1210 5859; x_wconf 88' lang='lat' dir='ltr'><strong>Sed</strong></span> <span class='ocrx_word' id='word_1_912' title='bbox 1227 5798 1412 5856; x_wconf 86' lang='lat' dir='ltr'><strong>oborta</strong></span> <span class='ocrx_word' id='word_1_913' title='bbox 1427 5809 1548 5854; x_wconf 77' lang='lat' dir='ltr'><strong>mox</strong></span> <span class='ocrx_word' id='word_1_914' title='bbox 1571 5809 1718 5866; x_wconf 75' lang='lat' dir='ltr'><strong>quae-</strong></span> 
     </span>
    </p>
   </div>
   <div class='ocr_carea' id='block_1_121' title="bbox 1833 5760 3406 5849">
    <p class='ocr_par' dir='ltr' id='par_1_121' title="bbox 1833 5760 3406 5849">
     <span class='ocr_line' id='line_1_121' title="bbox 1833 5760 3406 5849; baseline -0.022 0"><span class='ocrx_word' id='word_1_915' title='bbox 1833 5760 1917 5849; x_wconf 72' lang='lat' dir='ltr'><strong>vel</strong></span> <span class='ocrx_word' id='word_1_916' title='bbox 1941 5789 2114 5847; x_wconf 85' lang='lat' dir='ltr'><strong>facere</strong></span> <span class='ocrx_word' id='word_1_917' title='bbox 2143 5803 2247 5844; x_wconf 91' lang='lat' dir='ltr'><strong>non</strong></span> <span class='ocrx_word' id='word_1_918' title='bbox 2276 5760 2538 5846; x_wconf 79' lang='lat' dir='ltr'><strong>delectat;</strong></span> <span class='ocrx_word' id='word_1_919' title='bbox 2566 5776 2793 5842; x_wconf 83' lang='lat' dir='ltr'><strong>denique</strong></span> <span class='ocrx_word' id='word_1_920' title='bbox 2817 5783 2924 5826; x_wconf 87' lang='lat' dir='ltr'><strong>uno</strong></span> <span class='ocrx_word' id='word_1_921' title='bbox 2959 5771 3178 5834; x_wconf 77' lang='lat' dir='ltr'><strong>excepto</strong></span> <span class='ocrx_word' id='word_1_922' title='bbox 3203 5760 3406 5820; x_wconf 45' lang='lat' dir='ltr'><strong>Medias</strong></span> 
     </span>
    </p>
   </div>
  </div>
