3858 6434
618 412 722 479 ιιτ

622 533 712 589 lib.
732 530 791 598 2,
816 544 932 600 cap.
952 526 1078 597 40),
1107 525 1161 581 in
1188 536 1295 596 quo
1324 520 1500 593 reipsa
1519 517 1614 576 Vir
1637 527 1851 576 sanctus
1875 533 2060 575 eorum
2088 517 2205 587 epi-

621 634 814 691 scopos
839 618 985 674 nullo
1005 615 1165 673 modo
1188 613 1489 684 alloquitur.
1511 610 1625 667 Hoc
1643 610 1697 666 in
1717 625 1899 682 opere,
1920 609 2063 681 quod
2085 623 2207 665 cum

622 711 781 783 justae
806 709 962 766 molis
989 716 1091 774 est,
1115 716 1226 762 tum
1246 704 1529 777 diligenter
1547 711 1898 773 accurateque
1925 702 2208 759 elucubra-

628 792 771 870 tum,
793 801 1073 859 calumnia:
1099 798 1376 855 diluuntur
1398 812 1464 854 ac
1489 812 1622 853 vana
1640 805 1961 863 commenta,
1984 812 2121 867 quas,
2142 812 2211 854 ne

628 892 917 950 Marcellini
968 897 1219 961 parerent
1256 888 1455 960 judicio
1473 930 1489 957 ,
1537 888 1914 945 obtendebant.
1956 889 2211 945 Eamdem

629 984 791 1041 etiam
820 996 957 1050 rem,
984 980 1079 1037 sed
1103 980 1317 1036 brevius
1341 980 1528 1049 multo,
1561 987 1752 1036 tractat
1779 982 1833 1036 in
1856 980 1957 1036 alia
1983 981 2213 1052 quadam

629 1075 853 1147 epistola
873 1117 889 1143 ,
915 1088 1074 1145 quam
1100 1088 1202 1128 una
1222 1088 1343 1129 cum
1370 1071 1574 1145 synodo
1596 1071 1834 1128 Zertensi
1872 1081 2054 1142 postea
2075 1114 2090 1137 ,
2118 1088 2213 1129 seu

632 1165 773 1239 quod
802 1165 964 1222 habet
1000 1166 1115 1237 ipse
1133 1207 1148 1233 ,
1175 1180 1353 1221 rursus
1382 1163 1547 1220 edidit
1583 1161 1785 1237 (lbid.)
1812 1182 1825 1218 :
1854 1180 1973 1235 quas
2000 1164 2215 1235 quidem

637 1256 966 1313 Zertensium
1004 1255 1221 1311 Patrum
1259 1254 1484 1325 epistola
1511 1254 1722 1311 decimo
1750 1264 1940 1309 octavo
1963 1254 2217 1311 kalendas

629 1347 789 1419 julias
816 1348 943 1403 anni
964 1362 1122 1418 supra
1146 1345 1724 1417 quadringentesimum
1750 1346 2047 1402 duodecimi
2078 1361 2217 1416 prte-

636 1418 871 1495 notatur.
890 1438 1067 1505 Quare
1085 1440 1129 1494 si
1145 1438 1293 1510 prior
1311 1437 1571 1505 habenda,
1593 1452 1714 1508 quae
1732 1446 1816 1493 est
1833 1437 1900 1493 ad
1921 1438 2219 1494 Donatistas

634 1541 755 1604 post
780 1532 1164 1601 Collationem,
1208 1532 1657 1605 quemadmodum
1700 1547 1801 1588 vox
1846 1533 1966 1600 illa,
2007 1551 2215 1603 rursus,

634 1624 844 1681 videtur
872 1624 1141 1692 indicare;
1187 1640 1338 1692 eam,
1369 1638 1490 1680 cum
1530 1624 1648 1680 aliis
1675 1625 1923 1681 omnibus
1965 1628 2221 1697 temporis

635 1715 871 1785 ejusdem
902 1715 1146 1786 scriptis,
1172 1730 1358 1771 mense
1394 1715 1527 1784 julio
1555 1716 1679 1770 anni
1716 1716 2220 1787 quadringentesimi

636 1802 933 1862 duodecimi
959 1806 1286 1877 superiorem
1312 1806 1508 1862 habere
1528 1820 1747 1863 necesse
1766 1814 1867 1861 est.
1884 1806 2022 1863 Cum
2045 1816 2221 1863 autem

634 1913 700 1954 ea
742 1898 917 1954 omnia
959 1897 1196 1954 Coelestii
1232 1897 1734 1961 condemnationem
1759 1906 1936 1953 secuta
1965 1898 2105 1965 sint’,
2137 1897 2219 1953 id-

633 1990 779 2044 circo
799 1988 935 2045 hanc
950 1989 1165 2059 quidem
1184 1988 1681 2045 condemnationem
1703 2003 1846 2043 anno
1867 1990 2223 2061 quadringen—

635 2079 829 2134 tesimo
848 2078 1150 2147 undecimo,
1172 2080 1368 2149 scripta
1392 2092 1521 2134 vero
1544 2079 1632 2133 illa
1653 2078 1905 2151 deinceps
1924 2080 1991 2135 ab
2006 2080 2224 2136 ineunte

633 2187 775 2228 anno
799 2170 1321 2243 quadringentesimo
1346 2171 1663 2228 duodecimo
1701 2172 1767 2228 ad
1798 2187 2035 2229 mensem
2063 2172 2220 2228 circi-

636 2274 720 2321 ter
757 2265 963 2335 junium
1006 2264 1365 2337 disponenda,
1408 2281 1594 2324 sumus
1635 2265 1895 2320 arbitrati.
1937 2265 1995 2319 In
2033 2264 2223 2321 eodem

635 2359 774 2414 libro
798 2367 981 2429 aperte
1008 2359 1271 2429 significat
1293 2359 1618 2428 Augustinus
1635 2400 1650 2425 ,
1682 2358 1955 2413 decretum
1978 2372 2098 2413 esse
2123 2357 2224 2413 Ca-

633 2452 866 2521 tholicis,
896 2452 1195 2507 Donatistas
1220 2451 1495 2521 persequi,
1524 2465 1817 2520 eorumque
1857 2451 2222 2522 impotentiam

633 2552 792 2612 atque
839 2543 1058 2611 injurias
1110 2542 1425 2597 auctoritate
1471 2541 1648 2612 legum
1692 2556 1968 2609 coercere,
2011 2543 2222 2614 quando

636 2632 811 2687 verbis
833 2646 896 2688 ac
924 2631 1162 2687 doctrina
1202 2632 1269 2687 ab
1301 2632 1400 2689 hac
1436 2632 1625 2704 agendi
1666 2633 1872 2690 ratione
1896 2637 2132 2691 revocari
2162 2651 2223 2693 se

635 2737 745 2779 non
770 2722 1008 2779 sinerent
1034 2741 1048 2779 :
1077 2722 1221 2780 nolle
1250 2732 1426 2779 tamen
1457 2724 1601 2794 ipsos
1629 2733 1850 2780 cruento
1878 2726 2138 2797 supplicio
2167 2726 2221 2782 in

632 2817 936 2887 quempiam
982 2815 1366 2883 animadverti,
1398 2815 1493 2872 sed
1538 2816 1713 2887 aliqua
1752 2817 2030 2873 mitissima
2066 2833 2220 2889 paena

632 2906 741 2975 (Ad
758 2904 1049 2961 Donatistas
1071 2916 1180 2977 post
1198 2904 1409 2971 Collat.,
1433 2924 1487 2960 η.
1510 2905 1624 2979 21).
1654 2906 1733 2961 Ex
1757 2922 1860 2977 qua
1882 2907 2095 2977 quidem
2114 2907 2219 2964 Ca—

632 2996 948 3053 tholicorum
972 2997 1245 3053 voluntate
1271 2996 1526 3067 conjicias
1547 3038 1561 3061 ,
1591 2998 1946 3068 Augustinum
1986 3008 2106 3068 post
2144 2998 2221 3054 le-

630 3104 751 3159 gem
783 3090 939 3145 tertio
960 3088 1213 3144 kalendas
1240 3088 1533 3144 februarias
1560 3089 1684 3143 anni
1714 3088 2220 3159 quadringentesimi

631 3178 929 3235 duodecimi
945 3179 1120 3234 datam
1137 3178 1342 3251 (Codice
1366 3177 1582 3245 Theod.,
1607 3178 1671 3231 de
1687 3176 1967 3243 Htereticis,
2000 3180 2105 3249 tege
2127 3179 2219 3250 52)

630 3283 694 3324 ea
719 3270 1014 3339 scripsisse.

701 3357 755 3413 2.
788 3358 1123 3414 Marcellinus
1144 3358 1284 3414 haud
1304 3358 1461 3415 dubie
1483 3358 1861 3430 imperatorem
1884 3360 1951 3416 de
1970 3376 2220 3418 successu

630 3447 960 3513 Collationis,
984 3448 1431 3518 quemadmodum
1453 3450 1505 3504 in
1527 3450 1789 3504 mandatis
1810 3450 2083 3518 habuerat,
2103 3468 2219 3508 cer-

632 3539 822 3594 tiorem
869 3538 1094 3604 fecerat;
1141 3547 1195 3593 et
1238 3539 1451 3594 aliunde
1496 3540 1563 3595 ad
1607 3540 1780 3611 ipsum
1823 3541 1891 3596 de
1930 3541 2217 3599 Marcellini

629 3627 888 3683 sententia
919 3628 1209 3685 Donatistae
1236 3629 1662 3700 appellaverant;
1690 3646 1818 3701 ergo
1857 3646 2077 3687 necesse
2104 3644 2218 3690 erat

632 3718 921 3775 Honorium
976 3720 1140 3790 loqui.
1189 3722 1363 3791 Atque
1413 3722 1585 3791 ipsum
1638 3721 1828 3775 horum
1878 3724 2217 3793 respondisse

628 3812 987 3884 appellationi,
1018 3812 1263 3883 illosque,
1287 3813 1362 3867 uti
1384 3828 1478 3883 par
1500 3822 1632 3882 erat,
1664 3822 1913 3884 tanquam
1936 3813 2216 3872 hazreticos

625 3901 907 3959 damnasse
931 3945 945 3970 ,
1001 3902 1149 3959 testis
1195 3912 1277 3958 est
1330 3903 1600 3958 Possidius
1639 3902 1979 3975 (Possidius,
2000 3905 2053 3958 in
2102 3904 2216 3960 Vita

628 3994 863 4066 August,
888 4012 934 4049 c.
958 3995 1027 4050 15
1048 3994 1086 4066 ).
1110 3992 1217 4050 Nec
1237 3993 1584 4050 dubitandum
1612 3994 1838 4062 videtur,
1861 3974 1987 4065 quin
2012 4010 2075 4050 ea
2098 3996 2211 4066 ipsa

626 4088 693 4142 de
723 4102 877 4142 causa
908 4087 1020 4154 lex,
1051 4101 1153 4157 qua
1179 4085 1451 4157 desagimu
1478 4129 1492 4153 ,
1519 4086 1675 4141 inerit
1698 4088 1765 4143 ab
1789 4102 1853 4142 eo
1875 4088 1976 4142 lata
1999 4087 2216 4159 (Codice

622 4174 841 4242 Theod.,
858 4178 919 4231 de
942 4178 1159 4245 11ωνει.,
1182 4176 1290 4247 lege
1304 4176 1430 4248 51);
1452 4194 1569 4247 qua:
1594 4188 1789 4244 minen,
1807 4188 2061 4249 quantum
2085 4195 2211 4235 con-

624 4268 867 4339 jectaudo
891 4269 1016 4324 licet
1042 4267 1276 4339 assequi,
1309 4268 1441 4323 nihil
1470 4270 1610 4323 aliud
1635 4285 1793 4339 quam
1825 4270 1957 4339 legis
1991 4272 2210 4340 integrae

625 4359 973 4430 fragmentum
1012 4369 1114 4415 est.
1146 4359 1451 4431 Principio,
1479 4360 1732 4430 quidquid
1774 4375 1915 4414 anno
1952 4361 2209 4431 quadrin-

622 4453 916 4523 gentesimo
946 4468 1086 4508 nono
1106 4450 1396 4507 Donatistis
1420 4452 1592 4507 fuerat
1618 4466 1953 4518 concessum,
1977 4468 2038 4508 ea
2060 4468 2211 4510 revo-

623 4556 740 4613 cat;
772 4555 956 4601 contra
985 4560 1111 4601 vero
1129 4587 1144 4614 ,
1174 4542 1432 4616 quidquid
1461 4543 1717 4600 adversus
1746 4544 1865 4599 illos
1895 4543 2168 4600 decretum
2188 4587 2203 4611 ,

624 4648 858 4692 renovat.
885 4637 1014 4691 Dein
1037 4638 1218 4693 statuit
1238 4636 1503 4708 quoslibet
1521 4651 1551 4691 e
1575 4635 1886 4702 Donatistis,
1912 4637 2001 4707 qui
2032 4636 2209 4692 redire

624 4725 691 4778 ad
716 4727 1030 4782 catholicam
1054 4729 1361 4784 societatem
1384 4727 1767 4793 recusaverint,
1794 4736 1901 4781 tam
1927 4727 2207 4797 episcopos

623 4823 679 4869 et
703 4816 922 4873 clericos
940 4858 955 4883 ,
982 4834 1139 4888 quam
1166 4819 1325 4874 laicos
1363 4828 1416 4873 et
1451 4817 1921 4874 Circumcelliones
1944 4860 1959 4886 ,
1990 4834 2086 4888 pro
2112 4834 2206 4875 sua

624 4904 877 4975 cujusque
905 4906 1188 4976 dignitate,
1218 4908 1411 4963 mulcta
1439 4908 1578 4964 affici
1608 4909 1913 4979 pecuniaria
1932 4950 1945 4974 ,
1979 4908 2064 4963 cui
2094 4910 2202 4963 sol-

568 4992 576 5019 ⁵
626 4995 811 5051 vendas
848 4998 1100 5054 mulieres
1138 5014 1242 5054 non
1279 5013 1432 5054 secus
1450 5013 1513 5053 ae
1532 5000 1728 5068 mariti,
1755 5000 1979 5056 seorsim
2010 5000 2201 5057 conde-

624 5096 873 5144 mnentur
906 5107 919 5143 :
953 5088 1040 5159 qui
1076 5098 1195 5159 post
1220 5087 1481 5159 ejusmodi
1508 5089 1755 5144 mulctam
1785 5090 2067 5161 irrogatam
2094 5106 2202 5147 non

626 5179 975 5249 resipuerint,
1002 5194 1094 5234 eos
1121 5178 1458 5235 facultatibus
1487 5178 1735 5233 omnibus
1763 5180 1980 5248 spoliari
2013 5200 2026 5235 :
2056 5181 2203 5253 quis-

622 5270 741 5343 quis
767 5269 887 5325 illos
918 5271 1211 5341 receperit,
1254 5269 1625 5341 prmstiteritve
1665 5269 1917 5326 adversus
1946 5274 2203 5328 constitu-

624 5373 734 5419 tum
765 5362 887 5419 huic
929 5362 1007 5417 rei
1049 5370 1417 5417 exsecutorem
1460 5360 1792 5433 perfugium,
1823 5363 2065 5418 eamdem
2104 5365 2202 5434 ipsi

621 5456 872 5514 mulctam
905 5454 1176 5527 imperari.
1199 5455 1393 5513 Servos
1417 5457 1742 5529 colonosque
1765 5473 2023 5528 corporea
2044 5474 2201 5529 poena

620 5548 688 5605 ad
713 5549 1025 5620 cjurandum
1046 5546 1278 5605 schisma
1298 5547 1456 5619 adigi,
1483 5563 1546 5603 ac
1564 5563 1752 5605 eorum
1772 5549 2017 5606 dominos
2037 5566 2201 5622 quan-

619 5656 780 5714 quam
809 5641 1098 5698 catholicos
1117 5682 1131 5707 ,
1156 5639 1203 5696 si
1230 5639 1318 5695 illa
1344 5639 1701 5711 neglexerint,
1733 5643 1949 5712 perinde
1978 5643 2200 5714 pecunia

618 5732 886 5804 mulctari,
911 5744 1068 5807 atque
1094 5733 1394 5789 Donatistas
1419 5732 1699 5804 episcopos
1727 5735 1927 5790 aliosve
1952 5736 2196 5803 clericos,

621 5825 710 5893 qui
742 5827 1127 5896 perseverarint
1173 5826 1225 5882 in
1262 5823 1515 5893 discidio,
1542 5840 1607 5881 ex
1640 5824 1879 5881 universa
1912 5826 2085 5883 Africa
2117 5827 2197 5883 di-

1642 399 1799 459 Vl’l‘A
1838 397 1897 459 S.
1936 394 2308 458 AUGUSTINI
2345 395 2665 458 EPISCOPI.
3120 426 3123 429 <
3723 422 3786 481 ιω

2310 531 2465 573 verso
2491 531 2755 590 quemque
2783 518 2900 576 loco
2937 520 3217 589 exsulare;
3249 534 3433 580 eorum
3465 525 3663 602 denique
3681 540 3786 596 eccle'

2310 608 2417 663 sias
2457 617 2549 664 aut
2589 608 2689 664 alia
2735 611 2981 681 quaelibet
3013 613 3392 670 conventicula
3426 630 3538 673 cum
3570 624 3786 690 pmdiisad

2312 699 2498 757 eadem
2547 702 2932 772 pertinentibus
2969 701 3373 761 Catholicorum
3412 709 3672 782 episcOpis,
3698 718 3786 787 juxta

2312 793 2586 850 decretum
2629 809 2692 850 ea
2735 794 2803 851 de
2851 810 2910 851 re
2955 810 3097 851 anno
3148 797 3642 870 quadringentesimo
3672 810 3786 877 quinta

2314 886 2532 955 factum,
2555 895 2647 943 aut
2665 888 2853 943 saltem
2873 887 2927 942 in
2954 888 3070 959 lege
3089 897 3288 945 octavo
3306 887 3551 949 kalendas
3573 896 3786 961 decembris

2315 979 2439 1034 anni
2464 978 2967 1050 quadringentesimi
2991 980 3207 1050 septimi
3232 980 3340 1035 lata
3368 985 3676 1056 propositum,
3696 996 3786 1047 um.

2316 1068 2427 1124 bui.
2452 1070 2518 1125 Et
2547 1070 2648 1126 hoc
2672 1079 2785 1126 erat
2820 1080 2979 1141 caput
2996 1113 3012 1139 ,
3036 1070 3108 1127 de
3130 1086 3245 1142 quo
3267 1072 3543 1157 Donatistae
3563 1092 3687 1147 quam
3711 1083 3786 1139 invi.

2299 1159 2622 1224 ,diosissime
2662 1163 3097 1234 expostulabant,
3150 1163 3255 1218 rati
3301 1164 3534 1224 videlicet
3571 1168 3669 1227 hinc
3696 1175 3786 1233 facile

2319 1267 2631 1321 persuasum
2657 1254 2760 1322 iri,
2789 1269 2909 1310 sese
2944 1270 3051 1311 non
3077 1255 3185 1311 alia
3216 1256 3286 1312 de
3310 1272 3464 1313 causa
3487 1264 3638 1318 vexari
3656 1266 3786 1334 agitari

2320 1360 2422 1415 que
2444 1362 2474 1401 a
2499 1345 2812 1414 Catholicis,
2846 1348 2950 1402 nisi
2994 1357 3051 1402 ut
3090 1349 3334 1419 ipsorum
3364 1352 3536 1421 spoliis
3557 1352 3618 1408 illi
3637 1354 3786 1413 ditaren-

2322 1446 2407 1493 tur
2448 1438 2655 1507 (Epist.
2684 1438 2817 1505 185,
2859 1456 2911 1492 η.
2947 1439 3015 1494 55
3040 1440 3081 1507 ).
3125 1438 3318 1495 Tradit
3359 1443 3543 1511 passim
3566 1445 3786 1514 Augustinus

2297 1530 2569 1600 injustam
2618 1532 2817 1587 hancce
2854 1532 3131 1601 querelam
3177 1546 3210 1586 a
3247 1532 3553 1601 Donatistis,
3575 1537 3693 1592 etiam
3712 1552 3786 1595 ante

2320 1618 2687 1687 Collationem,
2710 1621 2969 1678 adversus
2992 1621 3296 1678 catholicos
3316 1625 3550 1693 praesules
3563 1641 3616 1681 eo
3628 1632 3786 1697 usurpari

2322 1714 2528 1768 solitam
2549 1754 2564 1779 ,
2594 1722 2652 1768 ut
2679 1712 2908 1783 quodam
2953 1712 3116 1769 modo
3161 1713 3220 1768 in
3264 1723 3424 1769 sectae
3449 1730 3543 1771 sua:
3566 1716 3781 1789 dispendio,

2323 1818 2443 1858 cum
2472 1818 2589 1859 eam
2616 1804 2669 1858 in
2694 1803 2811 1859 dies
2840 1804 3010 1875 magis
3040 1803 3324 1874 magisque
3354 1804 3630 1861 imminutam
3656 1823 3786 1865 cerne

2324 1903 2472 1961 rent,
2512 1893 2752 1949 dolorem
2794 1902 3160 1964 temperarent
3185 1910 3366 1951 suum.
3389 1894 3785 1968 Ecce,inquiebant.

2324 1987 2408 2040 ubi
2450 1985 2607 2041 Gaius
2632 1984 2784 2042 Seius
2818 1986 3021 2041 donavit
3050 1986 3276 2057 fundum
3301 1985 3544 2053 Ecclesiae,
3565 1990 3627 2042 cui
3644 2003 3785 2059 praeut

2324 2075 2601 2132 Faustinus
2624 2076 2718 2147 (In
2739 2076 2957 2132 Joannis
2978 2076 3323 2149 Evangelium
3346 2087 3481 2132 tract.
3502 2079 3546 2145 6,
3565 2096 3607 2133 ιι.
3623 2078 3703 2149 25);
3718 2080 3779 2134 Do-

2324 2168 2637 2224 natistarum
2651 2167 2853 2223 scilicet
2866 2167 3006 2237 apud
3028 2167 3335 2238 Hipponem
3354 2168 3611 2240 episcopus.
3626 2170 3777 2239 Atqmm

2324 2259 2534 2329 injustze
2561 2267 2741 2314 essent
2767 2257 3028 2328 ejusmodi
3048 2258 3421 2328 querimoniis,
3448 2269 3497 2315 et
3515 2268 3776 2329 contra,qmm

2324 2348 2391 2403 ab
2415 2348 2559 2404 omni
2589 2358 2737 2418 parte
2770 2348 2970 2417 justum
3015 2347 3368 2420 Imperatoris
3406 2350 3626 2415 edictum,
3647 2360 3785 2413 sanctas,

2324 2438 2525 2493 Przesul
2557 2438 2751 2508 ubique
2781 2438 3137 2494 demonstrat.
3170 2438 3245 2495 Ut
3270 2454 3397 2494 vero
3420 2439 3526 2493 illos
3548 2440 3701 2493 omnino
3723 2453 3777 2491 oo-

2324 2539 2414 2601 gat
2440 2531 2830 2598 obmutescere,
2855 2531 2970 2587 haec
2986 2531 3249 2588 Ecclesia:
3275 2533 3430 2588 totius
3454 2532 3626 2603 nomine
3646 2532 3785 2601 proﬁtear

2325 2631 2411 2677 tur
2442 2641 2455 2676 :
2488 2621 2721 2692 Quisquis
2765 2639 2830 2677 ea:
2864 2624 3129 2677 occasione
3177 2624 3333 2694 hujus
3384 2622 3523 2694 legis,
3558 2636 3667 2692 quam
3696 2622 3785 2689 rtgtt

2324 2723 2471 2768 terrm
2499 2712 2697 2769 Christo
2721 2715 2985 2770 servientes
3004 2758 3019 2783 ,
3056 2716 3128 2770 ad
3158 2716 3511 2771 emendandam
3541 2724 3692 2769 mtrem
3715 2714 3785 2779 in:

2325 2806 2558 2875 pietatem
2594 2807 3071 2877 promulgaverunt,
3113 2825 3197 2863 res
3235 2810 3462 2879 proprias
3494 2815 3640 2861 vestras
3668 2804 3772 2873 αῳὶάι

2323 2900 2532 2970 appetit,
2557 2898 2786 2970 displicet
2814 2901 2976 2955 nobis.
3008 2899 3254 2971 Quisquis
3282 2901 3484 2972 denique
3502 2901 3610 2970 ipsas
3629 2913 3681 2951 res
3697 2909 3771 2966 ραι

2325 3009 2499 3064 perum
2520 3034 2533 3057 ,
2563 2990 2641 3046 vel
2669 2992 2903 3046 basilicas
2926 2994 3378 3065 congregationum
3398 3036 3412 3060 ,
3438 3007 3547 3061 quas
3571 2989 3636 3044 sub
3652 2986 3785 3043 nam.

2323 3083 2567 3139 Ecclesia
2605 3085 2843 3139 tenebatis
2862 3126 2876 3150 ,
2908 3101 3022 3155 qua:
3056 3087 3268 3141 omnino
3306 3102 3405 3140 non
3443 3082 3627 3138 debentur
3651 3079 3718 3131 nisi
3744 3076 3785 3155 ti;

2321 3173 2569 3230 Ecclesia:
2587 3216 2602 3240 ,
2630 3191 2745 3246 aute
2766 3193 2881 3230 vera
2905 3174 3099 3230 Christi
3139 3175 3364 3230 Ecclesia
3388 3184 3481 3238 est,
3505 3187 3584 3226 non
3602 3184 3663 3240 per
3678 3164 3769 3237 justi

2322 3268 2464 3334 tiam,
2496 3268 2584 3322 sed
2609 3284 2697 3337 per
2724 3269 2988 3321 avaritiam
3026 3277 3161 3322 tenet
3179 3310 3195 3335 ,
3223 3267 3448 3338 displicet
3469 3264 3598 3319 nobis.
3629 3258 3697 3314 Sed
3719 3252 3785 3338 ιιαῇ

2323 3358 2474 3426 facile
2499 3358 2597 3411 ista
2620 3360 2940 3424 monstratis;
2966 3366 3011 3411 et
3031 3358 3074 3413 si
3106 3358 3406 3423 monstretis,
3428 3352 3642 3410 nonnullos
3657 3348 3766 3401 ιωσι·

2323 3467 2464 3517 mus,
2504 3467 2628 3521 quos
2667 3452 2917 3520 corrigere
2952 3452 3030 3505 vel
3072 3452 3255 3521 punire
3298 3466 3395 3505 non
3424 3451 3785 3521 pessumum";

2324 3555 2528 3615 propter
2559 3547 2757 3614 paleam
2786 3546 3121 3616 relinquimus
3151 3561 3326 3600 aream
3350 3541 3536 3597 Domini
3557 3538 3572 3607 (
3589 3528 3785 3623 bili-93f

2320 3650 2375 3689 n.
2407 3634 2533 3705 50).
2565 3635 2621 3689 ln
2650 3634 2889 3691 eamdem
2919 3651 3032 3690 rem
3069 3635 3220 3691 addit
3264 3643 3319 3691 et
3358 3635 3485 3688 ista:
3514 3623 3765 3688 [laetitias

2322 3741 2497 3794 perum
2534 3742 2891 3796 compauperes
2932 3742 3108 3779 sumus
3128 3768 3143 3791 ,
3185 3736 3232 3780 et
3271 3732 3436 3779 nostra
3476 3726 3572 3774 sunt
3596 3711 3785 3796 atillam;

2322 3816 2456 3884 (cum
2476 3815 2721 3869 Catholici
2744 3816 2923 3888 ﬁunt).
2950 3816 3011 3871 Si
3032 3826 3205 3871 autem
3226 3814 3469 3888 privatim,
3488 3823 3583 3880 qut!
3596 3802 3691 3859 R053

2320 3907 2515 3975 liciant,
2539 3907 2882 3977 possidemus;
2912 3924 3011 3961 non
3035 3919 3152 3962 sunt
3177 3908 3269 3961 illa
3290 3913 3468 3969 nostra,
3485 3898 3557 3955 sed
3572 3900 3761 3965 papam.

2318 4013 2531 4068 quorum
2561 4000 2963 4068 procurationem
2981 3999 3208 4070 quodam
3229 3996 3374 4051 modo
3392 3994 3594 4065 gratim“.

2318 4066 2577 4159 pn'etatcm
2593 4089 2735 4142 nobis
2750 4066 3078 4160 usurpatione
3093 4085 3369 4142 damnabili
3386 4066 3762 4139 vindicamtttWi‘b

2318 4178 2454 4245 185,
2486 4197 2537 4233 η.
2577 4180 2701 4249 55).
2738 4180 2889 4236 Alias
2927 4196 2987 4235 se
3026 4181 3142 4252 ipse
3179 4177 3315 4251 apud
3345 4168 3764 4251 populum

2316 4271 2575 4327 creditum
2609 4287 2873 4342 purgans,
2907 4270 3117 4339 Nostis,
3157 4273 3337 4341 fratres
3378 4264 3496 4329 mei,
3529 4254 3674 4325 linquit.
3695 4256 3763 4312 4""

2317 4365 2452 4418 villa:
2480 4366 2590 4418 ista:
2621 4380 2721 4417 non
2751 4373 2869 4417 sunt
2897 4364 3167 4434 Augustini
3192 4378 3209 4416 :
3230 4370 3277 4415 et
3304 4361 3344 4414 si
3368 4373 3463 4411 non
3483 4348 3627 4409 nestit,
3652 4348 3685 4391 ⁸⁸

2316 4456 2434 4508 tatis
2477 4470 2556 4507 me
2599 4454 2818 4524 gaudere
2853 4454 2907 4507 in
2937 4454 3249 4524 possessione
3276 4430 3764 4529 villarum;

2313 4546 2421 4616 ipse
2447 4545 2538 4598 scit
2565 4512 2689 4615 quid
2718 4562 2808 4616 ego
2838 4546 2901 4597 de
2923 4512 3027 4599 illis
3047 4545 3177 4599 villis
3196 4542 3418 4603 sentiam,
3444 4532 3513 4588 vel
3531 4515 3680 4616 quid
3696 4512 3766 4616 “Li:

2314 4600 2499 4708 feram;
2538 4600 2671 4689 nbvit
2695 4600 2909 4706 gemitus
2935 4653 3092 4699 meos,
3125 4636 3166 4689 si
3197 4632 3321 4687 mihi
3346 4622 3522 4695 aliquid
3551 4617 3599 4670 de
3617 4600 3763 4708 colit”?

2312 4684 2922 4795 5;.;,';;.'.;.-.'.".;.-',;.;.;;;;.
2936 4684 3287 4794 gigante.
3314 4684 3602 4804 ευαὶιρειξωτι
3621 4684 3760 4804 τταιςξιέξς

2313 4832 2367 4869 n.
2486 4817 2527 4887 ).
2559 4776 2827 4870 Praitcrea
2855 4829 2923 4869 ex
2949 4776 3021 4869 eo
3040 4856 3055 4879 ,
3087 4812 3230 4884 quod
3266 4798 3528 4865 orthodoxi

2313 4907 2659 4962 smaticorum
2705 4905 3102 4961 revocationem
3144 4918 3252 4974 prae
3287 4915 3345 4955 se
3372 4891 3606 4952 ferebant.

2312 5001 2435 5057 illos
2463 5010 2680 5057 sanctus
2703 5002 2898 5056 Doctor
2924 4972 3185 5055 charitate
3209 4992 3328 5051 duci
3357 4988 3548 5044 solitos,
3570 4986 3651 5031 n00

2310 5094 2517 5159 ditate,
2542 5094 2721 5149 docet.
2756 5093 2967 5149 Etenim
2996 5093 3086 5148 ubi
3116 5090 3343 5162 primum
3378 5073 3600 5168 ιιιιιξιρίιη)
3621 5058 3760 5168 έξξῗξζ

2310 5201 2427 5241 rum
2448 5186 2713 5256 episcopis
2737 5183 2987 5239 rediisset
3007 5182 3073 5237 ad
3097 5146 3405 5239 licelesiam,
3431 5167 3474 5222 ei
3491 5146 3759 5283 εἰὶωῶὛὲ

2312 5234 2427 5241 η---
2453 5234 2711 5256 Ἴωσι---
2739 5234 2984 5239 "es---"
3010 5234 3072 5237 η--
3097 5234 3275 5238 -ηην
3390 5234 3399 5239 ,
3678 5234 3686 5243 ,

2310 5292 2437 5343 sua,
2470 5275 2712 5346 pecuniae
2732 5316 2745 5339 ,
2778 5284 2956 5330 vestes
2977 5316 2991 5341 ,
3021 5274 3252 5336 fructus,
3284 5277 3432 5370 vasa:
3458 5263 3590 5370 ςυην
3784 5234 3785 5301 Ῠ

2309 5322 2729 5425 restituebantur
2751 5365 2963 5439 (Contra
2988 5365 3336 5422 Gaudentium,
3348 5349 3499 5459 {3%le
3508 5322 3758 5459 1’1"

2755 5421 2888 5531 ergo
2916 5459 3141 5513 veritate
3184 5421 3756 5555 Collationif;

2308 5556 2549 5620 lustrata,
2568 5566 2781 5609 necnon
2803 5550 3146 5621 Imperatoris
3167 5547 3331 5643 edicto

2306 5661 2464 5717 quam
2490 5651 2647 5699 antea
2673 5610 3074 5698 Donatistarum
3095 5632 3319 5712 episcopi
3339 5631 3386 5684 in
3408 5610 3753 5741 Eulog;

2313 5697 2462 5717 1"“m
2595 5697 2608 5699 -
2674 5697 2687 5698 ί
2774 5697 2779 5698 ν
3127 5697 3143 5712 ι
3271 5697 3286 5704 -
3744 5702 3753 5713 ,

2306 5752 2365 5793 se
2393 5751 2494 5792 una
2520 5751 2641 5791 cum
2670 5734 2880 5790 clericis
2905 5733 3018 5789 suis
3042 5747 3109 5789 ac
3130 5728 3277 5802 plebe
3299 5697 3748 5830 εθηξξτοεῖξδῖξὲω
3784 5796 3785 5799 η

2307 5832 2511 5897 rebaut,
2548 5841 2601 5885 ut
2634 5827 2854 5885 infracto
2882 5828 3060 5885 animo
3093 5819 3263 5882 vexari
3288 5830 3371 5881 se,
3398 5812 3489 5865 Ῑωο
3508 5804 3553 5856 ⁸⁸
3574 5796 3748 5847 Mm“
3784 5816 3785 5829 ¹
