3858 6372
614 534 766 581 tatus
789 522 1050 596 (Plautius,
1080 521 1321 579 Biblioth.
1350 519 1539 576 codice.
1567 518 1677 589 53).
1709 516 1833 573 Haec
1867 519 1935 573 ita
1957 519 2100 588 legas
2126 518 2179 571 in

605 617 777 674 beata:
804 617 944 672 illius
968 616 1178 672 femina
1210 614 1347 678 Vita,
1370 612 1459 667 ubi
1479 610 1617 667 diem
1641 610 1730 665 ille
1753 609 1942 664 dicitur
1961 608 2175 673 obiisse,

605 723 712 780 quo
740 716 978 779 tempore
999 707 1051 761 in
1087 702 1667 773 Constantinopolitana
1686 699 1934 756 cathedra
1960 697 2181 755 sedebat

606 798 823 856 Proclus
862 797 1091 870 (Surius,
1115 797 1223 851 dcc.
1269 796 1358 863 51,
1396 804 1484 848 aut
1499 794 1694 866 jam);
1725 792 1865 863 quod
1893 792 2177 846 Baronium

606 889 832 956 induxit,
878 899 937 943 ut
974 888 1118 942 illum
1158 901 1297 941 anno
1343 884 1864 955 quadringentesimo
1909 881 2179 952 trigesimo

606 989 796 1050 quarto
823 988 1031 1049 putaret
1057 976 1442 1034 collocandum.

678 1070 730 1124 3.
762 1068 891 1123 Cum
917 1068 1025 1138 jam
1049 1068 1239 1123 librum
1267 1074 1375 1137 post
1407 1064 1736 1120 Collationem
1760 1062 2085 1134 Augustinus
2112 1061 2179 1113 ad

611 1157 900 1215 Donatistas
934 1158 1252 1228 scripsisset,
1281 1155 1513 1211 habitum
1544 1167 1627 1210 est
1661 1170 1799 1209 anno
1824 1152 2178 1224 quadringen-

607 1251 797 1307 tesimo
838 1249 1154 1306 duodecimo
1181 1248 1431 1303 Zertense
1455 1246 1731 1303 concilium
1760 1258 1860 1299 :ex
1901 1259 2005 1313 quo
2050 1240 2179 1297 nihil

606 1351 865 1412 superest,
891 1349 1085 1412 praeter
1112 1340 1389 1410 epistolam
1416 1338 1483 1395 ad
1512 1337 1727 1394 eosdem
1755 1336 1961 1392 decimo
1994 1342 2179 1389 octavo

608 1432 859 1487 kalendas
869 1432 1027 1502 julias
1040 1431 1289 1501 scriptam
1309 1427 1496 1503 (Epist.
1522 1427 1665 1497 Ml).
1683 1427 1814 1482 Cum
1832 1427 1972 1481 enim
1992 1440 2178 1480 eorum

607 1521 842 1593 episcopi
863 1520 1132 1592 jactarent
1168 1519 1399 1589 iudicem
1428 1533 1458 1573 a
1484 1516 1782 1583 catholicis;
1808 1524 1864 1571 ut
1891 1523 2075 1571 contra
2096 1515 2181 1570 ad-

606 1613 872 1669 versarios
916 1610 1301 1683 pronuntiaret,
1352 1608 1573 1679 pecunia
1619 1606 1782 1661 fuisse
1827 1615 2129 1675 corruptum
2162 1624 2175 1658 :

606 1703 789 1773 putida
815 1704 905 1759 ilh
924 1718 989 1758 ac
1013 1702 1301 1759 deridicula
1319 1701 1580 1757 calumnia
1601 1698 1738 1769 apud
1761 1698 2017 1768 imperitae
2042 1697 2177 1752 mul-

609 1792 848 1850 titudiuis
884 1795 1090 1850 animos
1116 1794 1273 1849 fidem
1306 1791 1626 1858 inveniebat,
1654 1800 1708 1846 et
1736 1790 2016 1861 quominus
2044 1790 2180 1845 veri-

609 1886 703 1940 tati
744 1887 922 1956 plures
966 1900 1155 1941 manus
1193 1884 1399 1949 darent,
1442 1880 1817 1953 impedimento
1855 1887 1987 1936 erat.
2030 1879 2181 1935 Nulla

611 1976 824 2047 quidem
849 1994 910 2035 re
932 1977 1191 2034 confutari
1224 1975 1467 2042 validius,
1507 1989 1663 2045 quam
1689 1974 2038 2043 ipsorummet
2073 1972 2180 2028 Ge—

606 2078 808 2126 storum
832 2070 1057 2127 lectione
1083 2076 1308 2140 poterat,
1332 2068 1384 2122 in
1406 2066 1595 2137 quibus
1616 2064 1863 2121 videlicet
1886 2074 1991 2120 tam
2016 2065 2182 2119 multa

604 2174 779 2215 causa:
790 2176 901 2215 sua:
927 2160 1194 2216 contraria
1218 2158 1519 2213 Donatistas
1546 2156 1689 2226 ipsos
1717 2155 2019 2226 protulisse,
2043 2154 2182 2209 litte-

607 2250 680 2306 ris
706 2251 1073 2322 consignatum
1120 2250 1325 2315 fuerat;
1359 2258 1414 2304 ut
1439 2249 1646 2305 etiamsi
1680 2248 1989 2317 religionem
2032 2262 2181 2301 suam

605 2340 674 2397 ab
704 2343 807 2399 illis
849 2342 1118 2412 corrumpi
1165 2355 1350 2412 passus
1393 2340 1575 2393 fuisset
1616 2337 1970 2403 Marcellinus,
2004 2346 2182 2392 tamen

604 2435 858 2491 adversus
896 2450 989 2490 eos
1030 2449 1135 2488 non
1177 2434 1315 2488 ferre
1361 2431 1697 2499 sententiam,
1730 2447 1996 2501 nunquam
2040 2438 2183 2485 esset

605 2540 787 2581 ausus.
831 2526 900 2579 At
943 2538 1072 2579 vero
1100 2538 1219 2578 cum
1265 2538 1369 2578 non
1410 2522 1655 2577 omnibus
1697 2522 1957 2591 integrum
1996 2528 2177 2585 esset,

614 2615 800 2671 eadem
813 2615 971 2671 Gesta
992 2615 1190 2687 legere,
1206 2614 1462 2684 multique
1473 2613 1626 2678 adeo,
1649 2613 1838 2683 quibus
1858 2612 1908 2668 id
1922 2612 2177 2679 licuisset,

610 2705 725 2776 ipsa
745 2720 927 2762 eorum
953 2706 1254 2776 prolixitate
1277 2722 1307 2761 a
1330 2706 1553 2777 legendo
1578 2705 2001 2770 deterrerentur;
2030 2720 2183 2775 expe-

606 2795 721 2853 dire
744 2797 1017 2853 catholicis
1040 2796 1302 2868 episcopis
1324 2796 1515 2863 visum,
1536 2812 1656 2851 cum
1684 2805 1740 2851 ut
1766 2796 1985 2851 salutem
2008 2810 2179 2866 popu-

605 2885 776 2944 lorum
795 2897 1193 2959 promoverent,
1218 2896 1327 2942 tum
1349 2888 1508 2943 etiam
1527 2896 1585 2941 ut
1605 2886 1965 2957 pervicacibus
1982 2886 2181 2940 nullam

605 2980 958 3035 excusationis
1004 2979 1238 3051 speciem
1288 2978 1681 3049 relinquerent,
1732 2977 1980 3048 quidquid
2027 2977 2180 3047 paulo

605 3071 821 3140 majoris
846 3072 1101 3126 momenti
1130 3070 1327 3125 factum
1350 3072 1402 3125 in
1428 3069 1723 3124 Collatione
1748 3068 1937 3133 fuerat,
1965 3077 2178 3123 contra—

604 3161 739 3215 etius
762 3176 946 3216 eorum
990 3161 1157 3216 oculis
1196 3160 1476 3229 subjicere.
1522 3159 1633 3213 Hoc
1670 3167 1845 3213 autem
1890 3159 2182 3227 praestitere

606 3250 722 3319 ejus
747 3250 985 3321 epistola:
1016 3249 1293 3314 beneficio,
1324 3263 1481 3318 quam
1522 3256 1579 3303 ut
1605 3248 1671 3302 ad
1710 3248 1827 3303 illos
1852 3248 2136 3320 dirigerent
2162 3290 2178 3316 ,

605 3337 781 3394 divina
807 3338 1064 3394 charitate
1089 3339 1312 3409 permoti
1340 3347 1481 3394 sunt.
1512 3339 1641 3393 Eam
1666 3338 1989 3409 Augustinus
2030 3354 2179 3395 com-

604 3430 752 3486 muni
776 3431 934 3485 tutius
962 3430 1170 3485 concilii
1196 3444 1459 3486 consensu
1484 3445 1548 3485 ac
1575 3430 1790 3486 nomine
1814 3432 2025 3501 scripsit
2057 3430 2181 3503 (Rc-

606 3531 750 3577 tract.
778 3523 866 3576 tib.
896 3523 949 3589 2,
980 3539 1093 3593 cap.
1115 3522 1209 3595 42)
1237 3540 1250 3577 :
1279 3539 1341 3579 ac
1370 3522 1586 3593 praefert
1613 3523 1705 3578 illa
1732 3523 1785 3577 in
1814 3524 1985 3594 capite
2007 3522 2179 3578 Silvac

604 3628 730 3668 num
778 3614 1146 3671 Summensem
1192 3614 1451 3671 Numidiae
1495 3616 1789 3681 decanum,
1844 3614 2177 3670 Valentinum

607 3704 923 3777 Vagensem,
970 3706 1245 3763 Aurelium
1293 3708 1790 3773 ltfacomadiensem,
1832 3708 2180 3779 Augustinum

603 3805 679 3864 et,
709 3806 905 3868 praeter
928 3812 1021 3854 eos
1063 3814 1196 3869 quos
1240 3798 1443 3864 reticet,
1498 3799 1630 3854 alios
1679 3798 1955 3870 quosdam.
1987 3797 2109 3852 Fuit
2136 3798 2180 3853 is

603 3898 919 3956 conventus,
943 3898 1000 3945 ut
1024 3904 1150 3945 vero
1162 3890 1458 3960 proximum
1474 3898 1575 3956 est,
1598 3889 1954 3959 provincialis,
1972 3887 2180 3959 quando

601 3993 722 4034 cum
743 3978 1003 4033 Numidiae
1028 3979 1311 4034 concilium
1337 3986 1493 4034 vocat
1517 3978 1865 4049 Augustinus.

595 4074 606 4129 l
667 4069 721 4125 4.
747 4069 940 4126 Aberat
966 4068 1225 4139 Hippone,
1260 4068 1475 4138 hujusce
1502 4068 1720 4124 forsitan
1752 4067 2022 4124 Zerteusis
2048 4081 2179 4123 con-

598 4159 705 4213 cilii
734 4174 912 4223 causa,
938 4175 1059 4215 eum
1098 4158 1247 4214 dedit
1288 4160 1447 4214 altam
1489 4160 1556 4214 ad
1597 4160 1940 4215 Saturninum
1970 4167 2023 4214 et
2071 4158 2178 4213 Eu-

600 4249 787 4305 fratem
813 4250 1153 4320 prcsbyteros
1184 4259 1238 4306 et
1265 4266 1553 4308 conversos
1578 4267 1697 4307 cum
1738 4252 1925 4307 iisdem
1963 4252 2029 4306 ad
2058 4251 2179 4305 uni-

598 4349 761 4397 tatem
788 4340 1013 4397 clericos
1030 4340 1308 4411 epistolam
1332 4340 1533 4412 (Epist.
1560 4338 1685 4413 142)
1703 4357 1717 4405 ;
1738 4341 1789 4395 in
1812 4356 1913 4411 qua
1935 4341 2183 4397 videlicet

595 4432 664 4490 de
690 4433 944 4489 convictis
973 4434 1023 4488 in
1049 4432 1455 4503 Carthaginiensi
1471 4431 1769 4488 Collatione
1788 4432 2179 4487 Donatistarum

595 4525 856 4597 episcopis
882 4525 1146 4597 quaedam,
1178 4532 1235 4579 ut
1260 4524 1385 4579 alibi
1414 4522 1811 4579 observavimus
1834 4522 1933 4595 (In
1965 4523 2176 4594 Prwfat.

595 4617 715 4669 tomi
741 4615 819 4686 Ξ),
847 4616 947 4671 sub
975 4615 1163 4671 iisdem
1185 4614 1363 4671 verbis
1387 4613 1655 4681 dicuntur,
1672 4629 1789 4685 quae
1812 4614 1865 4669 in
1882 4614 2032 4669 istius
2051 4628 2182 4669 con-

595 4704 703 4767 cilii
733 4708 955 4777 epistola
985 4708 1230 4779 legimus.
1280 4708 1480 4764 Horum
1512 4706 1653 4763 haud
1690 4706 1853 4763 dubie
1871 4706 2180 4762 reconcilia-

596 4796 670 4850 tio
694 4810 790 4866 per
822 4797 1100 4867 Augustini
1135 4797 1428 4852 absentiam
1467 4797 1687 4868 contigit
1716 4815 1729 4850 :
1758 4804 2078 4867 quapropter
2100 4796 2180 4852 eis

595 4884 663 4941 de
691 4900 788 4941 suo
810 4886 876 4941 ad
906 4886 1195 4942 Ecclesiam
1225 4887 1397 4943 reditu
1424 4888 1575 4944 laetus
1599 4889 1911 4958 gratulatur,
1939 4903 2002 4943 ac
2027 4902 2178 4943 suam

595 4976 763 5046 ipsius
791 4976 1089 5033 absentiam
1120 4988 1430 5034 excusatam
1476 4980 1728 5047 habeant,
1768 4989 1949 5051 rogat;
1989 4980 2180 5036 deinde

592 5067 760 5134 varia,
792 5067 983 5137 quibus
1008 5069 1459 5126 universalitatem
1505 5070 1758 5128 Ecclesiae
1787 5081 2010 5140 asserat,
2039 5072 2176 5127 divi-

594 5172 677 5212 nae
706 5157 1035 5213 auctoritatis
1073 5160 1375 5215 testimonia
1404 5160 1637 5231 profert;
1668 5160 1734 5215 ad
1772 5171 2070 5218 extremum
2098 5165 2177 5219 eis

592 5257 779 5303 auctor
798 5256 901 5315 est,
930 5258 988 5303 ut
1013 5263 1136 5304 suas
1154 5250 1379 5321 quisque
1406 5261 1582 5321 partes
1604 5259 1765 5321 atque
1790 5252 2020 5308 ofﬁcium
2049 5269 2178 5325 gna-

591 5338 729 5395 viter
753 5348 913 5410 atque
953 5338 1202 5395 alacriter
1233 5342 1467 5411 impleat.
1501 5342 1754 5397 Proximo
1796 5350 1916 5412 post
1954 5345 2178 5413 tempori

588 5426 817 5484 adscribi
871 5437 1066 5499 potest,
1113 5445 1232 5501 qua:
1279 5432 1449 5485 sancti
1491 5431 1755 5487 Antistitis
1795 5432 2177 5503 profectionem

587 5520 867 5590 quamdam
895 5529 1074 5577 secuta
1104 5530 1206 5589 est,
1239 5520 1399 5577 Cirta:
1424 5524 1585 5579 totius
1610 5523 1677 5578 ad
1703 5524 2019 5580 catholicam
2050 5526 2173 5581 uni-

587 5622 747 5669 tatem
778 5613 1076 5670 conversio.
1107 5613 1312 5686 Quippe
1362 5616 1415 5672 in
1444 5618 1575 5673 urbe
1618 5616 1737 5685 hac,
1779 5618 2036 5676 Numidia:
2065 5619 2168 5677 do-

584 5706 751 5773 mina,
781 5721 967 5763 omnes
994 5707 1061 5763 ad
1092 5708 1381 5765 Ecclesiam
1420 5710 1646 5778 rediere,
1687 5714 1922 5784 exceptis
1964 5714 2173 5784 paucis-

1750 396 1906 461 VITA
1942 404 2000 462 S.
2041 400 2401 461 AUGUSTINI
2438 392 2751 457 EPISCOPI.

2290 516 2454 585 (forte
2478 514 2741 583 Petiliani)
2771 510 3005 578 retinuit,
3044 510 3329 583 quibusque
3364 516 3621 587 congregari
3651 532 3727 576 cum

2286 622 2371 673 eo,
2413 607 2514 663 nisi
2554 606 2869 671 clanculum,
2911 620 3015 658 non
3048 604 3271 659 licebat:
3298 604 3428 675 quod
3464 606 3635 675 quidem
3655 623 3742 695 ραι,

2286 698 2385 754 iter
2414 698 2537 752 illuc
2563 697 2630 752 ab
2657 695 2947 767 Augustino
2974 705 3289 764 susceptum,
3316 695 3403 750 sed
3427 710 3486 751 eo
3506 706 3642 755 tamen
3655 700 3743 769 inde,

2281 787 2389 857 jam
2424 800 2691 857 regresso,
2720 785 2956 856 contigit.
2980 784 3127 840 Unde
3165 784 3250 839 ille
3292 798 3459 841 ansam
3483 788 3670 857 arripuit,
3700 804 3733 847 tt

2287 879 2488 934 huncce
2521 877 2882 933 felicissimum
2909 884 3153 932 eventum
3190 890 3291 930 non
3315 876 3417 931 suis
3450 876 3663 934 laboribus
3682 897 3732 936 ar-

2285 977 2513 1040 rogaret,
2545 969 2639 1025 sed
2668 968 2756 1023 uni
2800 968 2909 1022 Deo
2940 966 3160 1023 referret
3205 975 3497 1037 acceptum:
3537 967 3729 1027 Cirtenses

2285 1076 2411 1117 vero
2435 1059 2672 1133 plerique
2688 1074 2871 1115 omnes
2888 1059 3051 1113 Deum
3073 1058 3169 1113 hac
3192 1058 3244 1112 in
3266 1073 3324 1113 re
3348 1058 3477 1113 illius
3493 1058 3620 1129 opera
3636 1076 3735 1115 usum

2286 1152 2670 1216 existimantes,
2711 1149 2966 1205 dederunt
3006 1147 3072 1203 ad
3115 1148 3261 1203 illum
3298 1147 3500 1211 litteras,
3532 1149 3673 1218 quibus
3702 1163 3734 1205 et

2286 1257 2491 1309 eorum,
2523 1257 2641 1312 quae
2684 1240 2821 1311 apud
2852 1254 2909 1295 se
2946 1246 3248 1305 evenerant,
3282 1238 3534 1293 certiorem
3564 1239 3667 1293 illum
3688 1243 3734 1294 la-
3790 1278 3791 1295 η

2286 1342 2487 1399 cerent,
2517 1343 2570 1388 et
2599 1332 2774 1399 simul,
2807 1340 2863 1386 ut
2905 1346 2965 1387 se
3006 1329 3273 1395 inviseret,
3304 1335 3511 1383 orarent.
3537 1328 3737 1399 Besaipsit

2286 1426 2352 1481 ad
2395 1441 2456 1481 ea
2504 1434 2716 1481 sanctus
2744 1424 2965 1490 Praesul,
2995 1438 3193 1492 cupere
3239 1436 3297 1476 se
3345 1420 3628 1476 vehementer
3655 1421 3736 1474 illud

2286 1518 2510 1584 itineris,
2542 1534 2603 1573 ac
2628 1519 2813 1585 Deum,
2847 1526 2903 1572 ut
2930 1516 3029 1571 sibi
3058 1515 3275 1585 hujusce
3298 1513 3521 1570 desiderii
3548 1514 3661 1568 ﬁnem
3678 1528 3735 1567 ιιι-
3792 1564 3793 1567 η

2288 1619 2434 1676 nuat,
2462 1611 2821 1681 comprecari;
2858 1608 3012 1679 idque
3038 1624 3102 1664 eo
3131 1606 3450 1679 propensiori
3474 1606 3672 1661 voluntate
3699 1620 3736 1661 se

2289 1710 2677 1771 suscepturum,
2700 1700 2840 1771 quod
2862 1715 2968 1754 non
2996 1697 3265 1769 proprium
3290 1712 3434 1753 suum
3456 1711 3577 1766 opus,
3597 1695 3661 1753 sed
3676 1696 3734 1750 Dei

2287 1799 2666 1861 conspecturus
2692 1799 2937 1861 pergeret
2965 1789 3165 1861 (Epist.
3197 1788 3315 1853 141,
3340 1805 3390 1841 η.
3419 1788 3535 1857 1-3).

2357 1883 2409 1937 5.
2434 1881 2911 1937 Animadvertimus
2928 1894 3087 1951 supra
3105 1878 3423 1935 Bonifacium
3433 1878 3673 1949 episcopum,
3692 1892 3735 1932 ac

2287 1972 2652 2045 presbyterum
2700 1972 3117 2043 Hipponensem,
3165 1988 3285 2027 eum
3336 1970 3460 2026 forte
3493 1969 3559 2025 cui
3591 1968 3734 2025 Urbano

2287 2083 2501 2133 nomen,
2546 2077 2656 2123 tum
2695 2066 2859 2122 fuisse
2882 2064 3223 2138 Carthagine,
3250 2081 3367 2122 eum
3401 2065 3623 2136 epistolam
3643 2064 3737 2133 cujus

2288 2158 2493 2214 initium
2521 2166 2622 2225 est,
2639 2157 2789 2213 Gesta
2808 2173 2921 2227 quae
2944 2158 3175 2228 promisit
3198 2156 3479 2212 Prwstantia
3512 2165 3581 2208 tua
3606 2154 3734 2227 (Epist.

2289 2248 2437 2319 159),
2468 2249 2681 2320 scripsit
2705 2248 3028 2320 Augustinus
3052 2267 3065 2301 :
3089 2249 3233 2319 atqui
3265 2248 3461 2303 illorum
3478 2255 3647 2316 uterque
3662 2244 3735 2299 inde

2288 2339 2489 2395 litteras
2527 2340 2761 2411 singulas
2790 2350 2971 2397 sancto
2999 2340 3223 2396 Praesuli
3261 2356 3291 2395 a
3325 2337 3583 2395 Marcellino
3608 2336 3735 2391 retulit.

3781 192 3783 293 Ν

3668 404 3729 462 ιω

2287 2430 2488 2497 Quibus
2506 2432 2743 2501 epistolis
2766 2432 2969 2488 duabus
2992 2432 3109 2502 ipse
3134 2434 3287 2489 unica
3310 2430 3565 2503 respondit,
3586 2443 3667 2499 qun
3687 2428 3736 2479 iu-
3798 2428 3799 2449 ³

2287 2522 2434 2593 cipit,
2469 2522 2754 2594 Epistolam
2783 2533 2920 2579 tuam
2950 2523 3154 2596 (-Epist.
3189 2524 3332 2595 145).
3354 2522 3407 2578 In
3429 2537 3483 2578 ea
3506 2518 3739 2591 queminlo-

2288 2628 2408 2669 cum
2439 2614 2537 2669 sibi
2564 2631 2595 2669 a
2637 2615 2911 2671 Bonifacio
2948 2616 3163 2671 allatam
3213 2614 3501 2686 imprudens
3532 2609 3738 2681 coniecerit,

2287 2704 2497 2787 nescire
2523 2720 2581 2761 se
2603 2706 2905 2775 profitetur;
2942 2708 3153 2762 tametsi
3183 2706 3343 2776 probe
3371 2702 3632 2763 meminerit,
3652 2698 3686 2753 id
3702 2712 3741 2752 et

2288 2812 2345 2853 sc
2384 2796 2539 2852 isthic
2575 2798 2737 2868 quaari
2787 2798 3018 2869 petique,
3055 2798 3322 2854 undenam
3366 2796 3517 2866 magis
3546 2788 3741 2848 Pharaonis

2288 2897 2571 2958 suppetere
2598 2904 2731 2959 aqua
2758 2890 3004 2959 potuerit,
3032 2906 3193 2960 quam
3228 2891 3281 2944 in
3303 2887 3577 2961 sanguinem
3594 2894 3741 2981 conver-
3802 2908 3803 2981 ι

2289 2979 2467 3045 terint,
2496 2978 2607 3049 jam
2633 2994 2885 3036 conversa
2914 2980 2967 3034 in
2993 2981 3307 3051 sanguinem
3334 2988 3436 3034 tota
3459 2991 3571 3047 aqua
3584 2968 3742 3042 ὣς]βὰ
3802 2968 3803 3001 Τ

2288 3068 2345 3124 1η
2374 3084 2435 3124 ea
2459 3085 2605 3136 vero,
2633 3085 2789 3140 quam
2829 3070 3074 3126 Urbanus
3099 3072 3149 3127 ei
3178 3069 3485 3137 reddiderat,
3518 3058 3746 3122 diiicultatis

2288 3161 2559 3231 cujusdam
2587 3176 2651 3216 ex
2672 3161 2837 3231 ipsius
2859 3160 3007 3217 libris
3032 3160 3101 3217 de
3121 3162 3316 3219 Libero
3340 3159 3549 3216 Arbitrio
3568 3151 3745 3245 enodatio-
3804 3180 3805 3245 χ

2290 3266 2410 3306 nem
2437 3251 2767 3307 Marcellinus
2802 3251 3200 3319 sciscitabatur;
3228 3254 3379 3323 eique
3397 3248 3533 3307 simul
3550 3242 3743 3302 indicabat.
3804 3242 3805 3261 λ

2290 3341 2535 3397 familiari
2572 3342 2780 3399 cuidam
2821 3360 2919 3401 suo
2960 3342 3119 3414 (forte
3147 3344 3249 3413 ipsi
3286 3334 3581 3409 Volusiano),
3602 3347 3683 3403 qua
3705 3328 3745 3381 de

2289 3436 2586 3507 virginitate
2609 3444 2807 3492 sanctae
2840 3436 3019 3491 Mariae
3050 3436 3276 3505 epistola
3305 3433 3369 3490 ad
3394 3429 3669 3488 Volusianum
3684 3430 3747 3474 ιη-

2289 3526 2513 3592 diderat,
2543 3542 2647 3583 non
2676 3527 2892 3582 omnino
2916 3526 3261 3583 satisfecisse.
3291 3524 3369 3580 Ad
3390 3524 3544 3579 locum
3570 3528 3684 3588 porro
3704 3509 3745 3563 li-

2289 3617 2369 3672 bri
2408 3617 2490 3673 sui
2515 3618 2653 3673 tertii
2687 3618 2756 3674 de
2788 3618 2979 3673 Libero
3009 3618 3244 3674 Arbitrio
3280 3613 3578 3687 respondens
3606 3610 3749 3663 testatur

2291 3707 2341 3762 in
2372 3707 2576 3777 primis,
2606 3708 2744 3764 nolle
2768 3723 2826 3763 se
2845 3709 2922 3764 sic
2938 3707 3060 3779 legi,
3092 3718 3185 3763 aut
3204 3707 3271 3763 ab
3294 3705 3467 3762 amicis
3479 3696 3660 3761 defendi.
3677 3702 3749 3747 ιω·

2292 3813 2448 3869 quam
2472 3799 2485 3852 i
2492 3814 2605 3869 pse,
2628 3800 2763 3854 sicut
2778 3799 3064 3869 scriptores
3082 3799 3243 3864 sacri,
3266 3798 3338 3854 illi
3357 3794 3575 3852 videlicet
3591 3784 3750 3844 homines

2291 3889 2383 3945 Dei
2410 3889 2499 3959 qui
2528 3889 2727 3959 Spiritu
2747 3897 2930 3945 saneto
2953 3888 3055 3945 acti
3093 3889 3255 3946 locuti
3291 3895 3429 3951 sunt,
3459 3882 3568 3940 nulli
3590 3874 3751 3934 credatur

2293 3979 2465 4035 errori
2504 3979 2763 4035 obnoxius
2795 3996 2810 4033 :
2840 3980 3076 4050 quinimo
3098 3980 3207 4050 jam
3241 3979 3313 4037 ibi
3340 3974 3587 4049 significat,
3609 3975 3752 4038 operum

2293 4086 2511 4126 suorum
2528 4073 2762 4126 omnium
2774 4085 2892 4126 sese
2911 4085 2975 4126 eo
2990 4069 3169 4127 animo
3184 4068 3565 4141 recognitionem
3574 4051 3752 4147 meditati.

2292 4170 2350 4215 ut
2369 4160 2566 4231 scripto
2585 4159 2649 4216 ad
2671 4160 2721 4215 id
2748 4160 2801 4215 in
2826 4160 3009 4231 vulgus
3034 4160 3252 4226 emisso,
3265 4140 3382 4231 qua:
3405 4156 3497 4212 sibi
3517 4152 3651 4209 minus
3665 4145 3699 4198 in
3716 4140 3754 4192 iis

2292 4253 2602 4324 probentur,
2634 4267 2900 4325 quamque
2935 4266 3122 4323 parum
3150 4252 3247 4307 sibi
3291 4251 3400 4321 ipse
3440 4250 3608 4318 parcat,
3640 4232 3755 4325 ρεὶπιξ

2292 4346 2640 4403 demonstret.
2688 4345 2889 4401 Deinde
2914 4353 3092 4401 tamen
3121 4344 3368 4407 affirmat,
3399 4338 3519 4396 nihil
3557 4335 3597 4389 in
3617 4342 3677 4393 eo,
3697 4332 3755 4390 (Ιυι

2292 4439 2545 4509 tangitur,
2573 4438 2691 4493 loco
2716 4436 2915 4492 dictum
2945 4452 2975 4491 a
3004 4452 3082 4505 se,
3123 4437 3264 4505 quod
3288 4435 3543 4508 quisquam
3571 4430 3670 4481 ηαδ
3697 4427 3754 4468 τθ⁴

2290 4528 2602 4600 prehendat.
2622 4528 2691 4584 Et
2714 4538 2857 4585 certe
2888 4546 2993 4585 non
3012 4528 3166 4596 alios,
3184 4543 3339 4600 quam
3355 4516 3593 4593 Pelagiani
3607 4511 3756 4579 ἀοῐωδ·

2290 4621 2359 4675 tis
2385 4629 2696 4689 sectatores,
2723 4620 2885 4677 verba
2912 4620 2980 4677 de
3004 4621 3193 4691 quibus
3221 4619 3484 4692 agebatur,
3507 4616 3677 4679 carpere
3700 4609 3757 4650 ³η·

2294 4728 2402 4783 sos,
2434 4713 2634 4785 liquido
2652 4714 3005 4787 cognoscitur.

2891 4804 3119 4863 CAPUT
3157 4805 3247 4862 IV.

2292 4897 2318 4951 1
2356 4895 2564 4950 Librum
2599 4897 2661 4951 de
2699 4896 2831 4951 Fide
2850 4905 2900 4951 et
2928 4896 3172 4968 Operibus
3202 4896 3304 4951 edit
3339 4889 3627 4965 Augustinus.
3662 4878 3689 4933 ε
3712 4870 3763 4929 At

2363 4986 2637 5041 Paulinam
2666 4987 2728 5042 de
2762 4987 2975 5041 videndo
3004 4986 3113 5041 Deo
3134 4987 3321 5053 scribit,
3348 4999 3523 5040 necnon
3554 4976 3612 5032 ad
3632 4970 3785 5053 FW".

2362 5078 2641 5143 nationum,
2691 5078 2835 5147 cujus
2863 5093 2957 5147 ope
2990 5077 3042 5131 in
3071 5077 3286 5147 gratiam
3319 5090 3428 5129 cum
3462 5071 3656 5142 ερὶεωρο
3684 5068 3766 5125 θ’θ’

2362 5171 2501 5237 dam,
2528 5170 2611 5240 qui
2627 5170 2733 5239 ejus
2755 5168 2991 5222 adversus
3013 5184 3273 5222 erroneam
3298 5165 3563 5236 Opinionem
3586 5153 3690 5207 dicta

2361 5262 2471 5315 sine
2496 5260 2768 5329 oﬁ'ensione
2793 5269 3070 5331 acceperat,
3101 5260 3261 5313 redire
3293 5256 3443 5328 cupit.
3482 5252 3511 5305 5
3550 5242 3689 5331 γαίᾳ

2361 5318 2796 5420 mutuo-epistolas
2812 5318 3012 5403 mitt'unt
3030 5318 3280 5403 liaulinus
3298 5354 3341 5400 et
3356 5318 3649 5413 Ἀκσυιάπκευ

2358 5442 2427 5494 ad
2470 5412 2786 5495 scribendum
2829 5456 2977 5495 suum
3014 5457 3141 5511 opus
3182 5439 3244 5493 de
3284 5412 3480 5492 Civitati:
3509 5427 3591 5483 Dei
3619 5412 3767 5491 appella

2359 5552 2766 5697 ﬂagritunssuum
2789 5624 2858 5681 de
2884 5624 3085 5695 Spiritu
3110 5631 3163 5680 et
3188 5622 3381 5677 Littera
3408 5630 3502 5673 non
3532 5611 3594 5665 ita
3621 5596 3765 5697 Elim}

2286 5686 2526 5772 ediderat
2559 5716 2903 5788 Augustinus,
2924 5686 3062 5772 cum
3090 5715 3156 5771 ad
3181 5708 3499 5769 scribendum
3526 5700 3585 5756 αθ

578 5770 747 5863 simis,
775 5812 909 5871 quos
954 5799 1009 5855 in
1049 5797 1270 5861 discidio
1292 5801 1378 5861 vel
1415 5817 1567 5862 amor
1602 5770 1687 5863 vel
1738 5770 1897 5862 tirnor
1941 5770 2171 5861 hominis
2283 5770 3062 5879 Dperibus'an'imum'appulit
3092 5804 3193 5880 (De
3218 5801 3347 5861 Fide
3365 5808 3411 5856 et
3436 5794 3589 5866 0pm,
3612 5801 3655 5839 η.
3685 5770 3764 5843 2|),
