1929 3197
59 199 107 229 1⁵7

59 267 87 289 ιιι
98 260 213 288 nimirum
226 260 384 295 quibusdam
399 260 569 296 responderet
583 261 697 297 scriptis,
713 271 771 297 quae
781 263 831 290 sibi

60 307 180 340 nonnulli,
203 306 261 334 iaici
283 306 401 341 quidem,
430 307 476 335 sed
496 307 643 335 divinorum
665 309 831 343 eloquiorum

60 354 158 383 studiosi
171 353 261 381 fratres
274 353 402 381 miserant
417 353 574 391 (Relractat.
591 355 634 382 lib.
654 356 682 387 2,
698 363 755 391 cap.
772 356 828 392 38).

60 401 93 428 Ita
117 408 190 436 porro
212 400 323 427 istarum
348 401 519 436 scriptionum
549 406 673 430 auctores
700 402 778 431 ﬁdem
803 403 830 431 in

58 446 178 474 Chrismm
189 445 383 482 distinguebant
395 454 411 474 a
423 447 499 475 bonis
513 448 649 483 operibus,
667 453 696 476 ut
706 449 740 476 ad
753 454 829 477 :cter-

58 501 111 521 nam
120 493 193 520 vitam
207 500 260 520 non
275 493 335 521 sine
346 493 400 526 illa,
411 493 470 521 sine
481 493 521 521 his
532 499 620 521 tamen
633 495 771 530 pervenire
781 503 829 523 nos

57 546 126 575 posse
142 538 326 566 existimarent.
350 538 486 566 Ducebant
506 544 656 574 propterea,
676 547 769 568 omnes
794 540 828 568 ad

57 583 236 620 percipiendum
255 583 384 619 Baptismi
405 589 599 612 sacramentum
618 589 646 612 et
659 585 693 613 ad
707 585 827 613 Domini-

56 638 110 658 (λιιι
123 637 225 658 mensam
240 629 420 658 admittendos
431 637 507 664 esse;
520 639 570 659 nec
583 631 729 659 curandum
739 632 827 660 omni-

55 683 94 708 no,
108 675 138 703 de
148 675 292 711 corrigenda
303 676 367 709 vita,
388 683 483 709 necne,
497 677 663 712 cogitarent;
676 677 730 705 imo
751 685 826 713 vero,

54 720 145 749 etiamsi
157 722 277 749 statuisse
290 728 338 749 eos
350 726 486 750 constaret
497 722 525 749 in
538 722 692 750 criminibus
705 731 737 751 ac
751 723 826 760 ﬁu’gi-

56 768 91 795 tiis
107 768 158 796 suis
171 775 355 803 perseverare;
370 768 404 795 de
416 768 511 804 quibus
526 768 699 797 emendandis
717 770 735 797 ii
758 778 825 799 non-

52 813 94 840 nisi
111 817 166 848 post
186 817 325 849 acceptum
345 813 479 849 Baptisma
492 819 583 843 essent
601 815 760 844 admonendi
776 816 827 852 (De

51 858 107 886 Fide
123 864 147 887 et
165 859 251 894 Opera,
275 868 317 886 un.
341 860 367 893 I,
388 859 451 895 I0);
475 868 572 888 novum
586 862 656 889 enim
675 869 745 895 esse,
771 862 825 890 imo

49 911 187 937 perversum
207 910 284 940 atque
303 910 513 940 praeposterum,
535 907 608 941 prius
621 907 718 936 docere
731 915 825 943 quem-

47 949 180 977 admodum
193 950 278 978 vivere
296 950 392 978 debeat
402 951 575 985 christianos,
588 960 620 980 ac
631 953 728 981 deinde
742 954 825 989 bapti-

48 995 205 1031 sari(Ibid.,
221 997 316 1029 “.35,
331 997 370 1032 I).
388 998 476 1033 Atque
488 997 525 1024 illi
539 998 566 1026 in
585 999 736 1033 opinionem
756 999 823 1027 adeo

50 1041 216 1075 perniciosam
238 1042 378 1077 precipites
408 1044 460 1070 acti
481 1048 544 1071 sunt
568 1052 659 1072 amore
684 1044 822 1074 hominum

46 1087 219 1121 quorumdam,
233 1087 322 1123 quibus
334 1095 368 1116 eo
380 1088 527 1124 denegatus
547 1090 615 1118 forte
630 1090 715 1118 fuerat
732 1091 821 1126 Bapti-

49 1139 126 1166 smus,
141 1133 205 1169 quod
219 1133 350 1168 repudiata
366 1134 455 1170 priore
467 1135 579 1171 conjuge
589 1136 669 1164 aliam
691 1137 717 1164 in
729 1138 821 1165 matri-

49 1179 153 1206 monium
164 1179 284 1208 duxerant
296 1181 305 1217 (
317 1180 396 1213 lbid.,
416 1189 442 1208 η.
455 1180 497 1215 2).
507 1181 572 1215 Quae
586 1189 630 1210 res
644 1182 820 1218 Augustinum

50 1224 168 1260 compulit,
184 1229 209 1252 ut
222 1233 273 1253 non
297 1226 383 1254 solum
404 1226 528 1261 doceret,
543 1235 594 1263 qua
616 1228 721 1256 ratione
740 1230 820 1257 vitam

52 1271 168 1300 instituere
178 1272 300 1308 debeant,
318 1274 363 1309 qui
377 1274 461 1309 gratia
471 1273 567 1302 Christi
581 1280 643 1303 sunt
654 1276 818 1311 regenerati;

52 1324 126 1347 verum
145 1317 219 1349 etiam
244 1319 336 1355 quales
349 1327 409 1348 esse
422 1321 571 1354 conveniat,
591 1322 635 1357 qui
656 1322 765 1357 cupiunt
786 1323 820 1350 ad

52 1363 162 1396 lavacrum
172 1366 379 1403 regenerationis
389 1365 503 1394 admitti.
519 1366 583 1400 Qua:
604 1371 661 1395 toto
683 1368 820 1397 volumine

51 1413 212 1449 dlsputaverat,
225 1422 256 1442 ea
266 1413 352 1448 capite
365 1413 461 1440 ultimo
471 1413 545 1441 velut
556 1413 583 1441 in
596 1413 696 1443 fascem
707 1419 817 1443 revocat

51 1458 176 1495 ooll'gitque
188 1459 198 1496 (
208 1459 320 1487 Retract.
331 1457 374 1485 lib.
387 1457 415 1491 2,
428 1466 486 1493 cap.
500 1458 559 1494 58).

80 1504 102 1531 Ξ.
121 1505 183 1533 Idem
196 1505 288 1533 eodem
301 1504 408 1534 circiter
423 1509 542 1540 tempore
561 1506 637 1540 ponit
658 1507 815 1542 opusculum

53 1550 110 1583 llud,
121 1551 183 1587 quod
194 1551 309 1579 Paulinae
319 1551 353 1579 de
361 1550 476 1578 videndo
491 1551 545 1579 Deo
558 1552 702 1587 scripserat
716 1553 726 1588 (
735 1552 816 1587 Ibid.,

52 1605 96 1634 up.
107 1598 133 1626 ιι
145 1599 163 1634 ).
181 1598 234 1627 Hoc
246 1598 273 1626 in
288 1605 371 1634 opere
383 1597 462 1633 quale
472 1598 509 1625 sit
527 1597 645 1626 futurum
662 1604 722 1634 post
734 1608 818 1635 gene-

53 1644 118 1672 ralem
127 1646 338 1674 resurrectionem
347 1644 491 1678 heatorum
505 1652 613 1680 corpus,
630 1649 756 1674 utrumve
770 1655 817 1674 na.

52 1693 119 1718 tuam
130 1690 290 1725 spiritualem,
306 1689 457 1725 cujusmodi
469 1690 538 1718 Deus
550 1696 600 1725 est,
618 1698 730 1720 cernere
747 1700 812 1720 oeu-

49 1734 76 1762 ﬁs
84 1736 165 1770 possit,
174 1737 307 1770 discutere,
319 1737 404 1764 sancti
418 1736 540 1765 Doctoris
551 1744 604 1765 non
615 1741 657 1765 est
671 1738 814 1766 consilium

50 1780 127 1815 (Ibid.
141 1787 162 1809 et
183 1782 253 1818 Epist.
277 1784 339 1817 M7,
353 1792 381 1811 n.
402 1783 460 1818 ιθ).
482 1783 601 1819 Spondet
619 1789 719 1818 autem,
738 1793 768 1813 se
786 1786 813 1813 in

48 1828 239 1857 commutatione
252 1829 377 1865 quapiam
392 1836 426 1856 ex
441 1828 573 1864 professo,
585 1829 608 1857 si
622 1829 692 1858 Deus
702 1830 812 1865 juverit,

48 1872 90 1901 hac
106 1873 136 1902 de
149 1874 375 1911 redisputaturnm
389 1874 492 1910 (Epist.
506 1875 568 1908 M7,
581 1883 609 1903 η.
627 1876 683 1911 56).
704 1875 738 1903 Et
754 1884 813 1904 eam

46 1919 134 1953 quidm
146 1919 208 1948 libro
214 1920 246 1948 de
253 1920 370 1948 Civitate
379 1920 426 1948 Dei
435 1920 563 1956 vigesimo
577 1921 695 1949 secundo
706 1925 811 1949 tractat.

48 1962 94 2000 Egit
105 1973 198 2002 quoque
218 1966 251 1994 de
271 1967 322 1994 hoc
338 1970 495 2002 argumento
510 1966 536 1993 in
551 1966 665 2002 quadam
688 1967 810 2002 epistola,

45 2010 335 2044 quodCommonitorium
356 2011 390 2039 ad
410 2012 563 2047 episcopum
580 2012 731 2040 Siccenscm
747 2013 812 2041 For-

45 2055 182 2084 ltmtianum
193 2061 268 2085 vocat
280 2057 290 2093 (
300 2057 485 2085 RetractaMib.
498 2057 527 2090 2,
542 2065 598 2093 cap.
613 2057 643 2085 Μ
660 2066 667 2090 ;
681 2062 704 2085 et
722 2058 807 2094 Epist.

48 2099 214 2136 Imtnecnon
224 2103 251 2131 in
261 2103 313 2130 alia
324 2103 357 2130 ad
368 2103 484 2131 Italicam
495 2103 631 2139 aliquanto
639 2108 702 2132 ante
712 2105 809 2140 scripta

45 2146 130 2181 (ερίιι.
140 2148 190 2186 92).
204 2150 232 2178 In
243 2150 293 2178 hac
302 2150 416 2183 dixerat,
428 2150 505 2178 istius
519 2151 639 2186 corporis
652 2150 744 2178 oculos
755 2159 805 2180 nec

48 2191 120 2222 Videre
127 2194 209 2229 Deum,
224 2204 275 2224 nec
288 2204 348 2224 esse
361 2197 481 2228 visuros;
497 2196 531 2223 ad
550 2195 577 2223 id
590 2196 762 2224 asserendum
775 2205 808 2225 eo

50 2236 159 2274 adductus,
171 2241 238 2277 quod
251 2241 397 2270 timendum
407 2245 488 2274 esset,
503 2248 536 2269 ne
552 2241 621 2269 Deus
633 2241 689 2276 ipse
707 2249 807 2277 corpo-

53 2287 158 2314 reuuin
166 2287 212 2316 loci
225 2288 312 2323 spatio
324 2287 516 2322 intervalloque
528 2287 639 2314 visibilis
653 2287 808 2316 crederetur

55 2327 136 2365 (ερία-
148 2333 198 2367 118,
210 2343 237 2361 n.
252 2334 279 2367 1,
293 2338 317 2361 et
330 2333 413 2368 Epist.
425 2333 469 2365 92,
488 2342 514 2360 η.
531 2332 571 2368 '5).
586 2332 624 2360 Ea
640 2333 743 2361 ratione
756 2342 805 2361 an-

54 2374 138 2405 tistitem
148 2380 281 2414 quemdam
293 2387 327 2407 ex
340 2379 433 2407 amicis
447 2379 564 2407 Siccensi
575 2378 685 2406 dioecesi
699 2379 724 2406 in
739 2379 805 2408 Pro-

52 2422 150 2451 wosulari
160 2425 352 2453 conterminum
364 2424 503 2453 refellebat
516 2425 595 2460 paulo
609 2424 803 2460 vehementius,

50 2468 281 2501 iicvidelicetardore
296 2473 514 2509 reprehensionis
527 2474 662 2509 abreptus,
678 2477 706 2500 ut
723 2473 804 2502 verba

47 2521 78 2542 5m
88 2517 114 2545 ad
123 2518 312 2547 observantiam
325 2519 469 2555 episcopali
483 2519 605 2555 dignitati
618 2519 737 2548 debitam
751 2527 804 2547 non

48 2562 93 2590 ralis
103 2565 220 2601 erigeret;
234 2574 287 2602 qua
305 2566 413 2602 quidem
430 2566 488 2602 lege
500 2573 532 2594 eo
546 2574 577 2594 se
590 2566 677 2594 minus
693 2571 803 2602 putave-

47 2609 226 2645 ritobstrictum,
240 2612 313 2648 quod
331 2612 386 2640 suis
403 2612 429 2639 in
443 2612 539 2640 litteris
556 2613 690 2641 neminem
705 2620 738 2641 ex
755 2621 804 2641 no-

47 2652 100 2682 mine
109 2659 249 2692 appellaret.
267 2658 443 2686 Nihilusccius
460 2663 548 2686 tamen
563 2659 588 2686 id
601 2659 742 2694 episcopus
759 2659 804 2687 ille

50 2696 67 2723 in
76 2700 168 2736 pejorun
180 2709 294 2740 partem,
308 2704 403 2739 suique
421 2704 489 2732 adeo
501 2704 688 2732 contumeliam
701 2705 799 2740 rapuit.

53 2740 121 2777 0litavit
139 2750 301 2786 Augustinus
318 2759 378 2777 cum
400 2751 446 2777 illo
470 2751 560 2779 venire
584 2751 610 2778 in
625 2751 802 2786 colloquium;

53 2794 124 2822 sleuius
132 2795 198 2829 fore,
213 2801 243 2823 ut
257 2796 316 2831 ejus
330 2796 447 2823 animum
463 2796 513 2824 sibi
527 2797 711 2824 reconciliaret
721 2797 803 2832 petita

52 2839 165 2874 “inlicita
174 2843 262 2870 venia.
280 2842 357 2876 Quod
378 2850 437 2869 cum
458 2848 568 2870 conatus
587 2848 667 2875 esset,
682 2842 803 2870 scribente

50 2884 69 2910 ⁸⁸
75 2892 128 2921 αα.
137 2889 233 2926 inquit,
243 2889 298 2917 uiro
310 2890 455 2923 venerabili,
464 2890 580 2925 nobisque
587 2890 701 2917 omnibus
708 2889 803 2917 honore

48 2934 180 2971 Mando,
194 2936 337 2968 nimirum,
351 2939 381 2963 nt
403 2942 451 2963 nos
466 2936 680 2972 interpretamur,
694 2935 803 2966 Aurelio

170 2982 287 3016 Sutor.
313 2982 450 3015 Aususr.
472 2983 496 3015 Ι.

710 201 808 232 LIBER
828 203 1005 236 SEPTIMUS.

1626 221 1677 250 458

886 266 1104 303 Carthaginensi,
1120 271 1211 300 venire
1230 272 1274 301 ille
1288 273 1385 307 noluit.
1405 276 1496 305 dolum
1516 278 1626 308 forsitan
1647 282 1675 309 in

886 319 915 362 se
932 314 1089 349 suspicatus,
1104 316 1160 345 sive
1172 317 1199 345 id
1218 318 1363 354 Augustino
1381 330 1441 351 esse
1455 323 1537 351 animi
1559 325 1695 362 illudere‘,

885 357 946 393 ipsi,
962 364 1042 396 atque
1055 361 1090 390 de
1102 370 1194 391 errore
1208 364 1335 395 insultare
1347 375 1354 394 2
1369 369 1440 402 quod
1459 369 1574 400 immane
1588 357 1692 407 quan-i

884 407 940 468 Ἔπη
954 405 988 433 ab
993 406 1185 468 :jus‘ingenip.
1201 410 1370 468 abhorrebat.
1390 414 1513 443 Attamen
1527 405 1672 447 antistitem
1688 422 1695 468 ξ

884 448 960 478 illum
976 451 1125 482 adeundum
1136 455 1186 483 sibi
1199 456 1306 485 domum
1322 465 1375 486 non
1390 461 1500 494 putavit,
1518 469 1561 494 ne,
1579 464 1601 490 si
1620 464 1673 492 mi-

883 502 934 523 nus
951 499 1147 529 excusationem
1167 502 1212 530 ille
1225 503 1388 539 admitteret,
1413 506 1439 533 id
1457 507 1631 537 oﬁ‘ensionem
1645 515 1675 538 et

881 542 1034 572 scandalum
1048 551 1154 580 pareret
1167 548 1270 584 (Epist.
1287 550 1348 584 148,
1361 559 1388 578 n.
1406 552 1445 587 4).
1462 552 1561 581 Verum
1572 562 1633 582 cum
1647 555 1675 583 ei

881 589 1033 641 contigisset
1053 591 1271 623 Fortunatianum
1291 596 1445 633 episcopum
1459 598 1560 633 videre,
1573 604 1688 641 quanto]

880 636 908 659 et
920 641 998 668 quam
1012 644 1077 665 vero
1087 638 1180 668 dolore
1193 641 1228 668 ob
1240 642 1318 669 amici
1328 642 1550 674 abalienationem
1572 636 1689 682 punge-1

880 683 963 713 retur,
981 681 1019 709 illi
1040 685 1159 719 aperuit;
1174 686 1305 722 simulque
1320 689 1432 724 rogavit,
1452 697 1512 718 eum
1533 681 1671 724 inviseret.

879 726 1019 756 certiorem
1034 729 1068 757 de
1087 731 1243 761 sinceritate
1264 734 1350 761 animi
1368 735 1409 762 sui
1429 735 1600 770 redditurus;
1617 745 1671 766 non

879 772 950 799 enim
964 781 993 801 se
1013 775 1087 803 illum
1100 779 1247 812 aspernari,
1266 779 1314 807 sed
1327 780 1352 807 in
1368 780 1413 808 illo
1427 781 1510 809 Deum
1522 782 1608 818 ipsum
1624 791 1672 812 ve-
1719 793 1722 795 ·

879 819 966 846 nerari
990 827 1021 848 ae
1041 822 1144 856 timere,
1159 829 1239 860 utque
1253 825 1303 854 sibi
1318 826 1445 854 offensam
1462 828 1530 856 hanc
1544 828 1590 857 ille
1604 837 1670 859 oon»

878 862 974 897 donet,
996 866 1121 895 obtestari
1143 868 1235 904 (Ibid.,
1260 879 1286 898 η.
1303 871 1341 907 1).
1361 871 1454 901 Eidem
1477 873 1671 904 Fortunatiano

877 915 969 955 postea
990 919 1163 943 memoratam
1178 917 1317 951 epistolam
1331 918 1446 954 scripsit,
1464 920 1491 947 in
1504 928 1555 955 qua
1567 921 1671 950 iteratis

876 952 970 981 iisdem
985 957 1117 990 precibus,
1131 963 1161 986 ut
1174 966 1204 987 se
1223 959 1258 987 de
1277 952 1417 996 impetrata
1430 961 1464 989 ab
1484 952 1530 990 illo
1543 963 1671 999 episcopo

876 999 952 1026 venia
971 1001 1111 1036 exhilaret,
1128 1011 1207 1038 quam
1226 1006 1376 1034 humillime
1394 1011 1472 1043 atque
1486 1008 1670 1037 amantissime

876 1048 965 1078 potest
988 1047 1119 1075 obsecrat.
1148 1049 1228 1085 Atqui
1265 1051 1429 1086 quantolibet
1455 1052 1592 1089 mitigandi
1618 1054 1670 1082 viri

875 1088 951 1117 istius
958 1090 1091 1120 desiderio
1102 1098 1249 1127 teneretur,
1262 1103 1295 1123 eo
1306 1100 1392 1124 tamen
1405 1096 1608 1134 haudquaquam
1625 1103 1669 1127 est

875 1136 1033 1171 prohibitus,
1047 1139 1190 1173 quominus
1200 1141 1339 1169 veritatem
1348 1143 1403 1177 jam
1415 1143 1463 1170 abs
1478 1152 1506 1171 se
1519 1152 1667 1181 propugna-

876 1186 928 1209 tam
943 1184 1156 1214 constantissime
1165 1190 1292 1216 tueretur.
1302 1189 1406 1217 Etenim
1417 1194 1527 1218 testatur
1538 1199 1579 1225 sc,
1592 1192 1665 1227 quod

874 1227 901 1254 in
925 1228 983 1263 ejus
1004 1230 1117 1265 gratiam
1141 1232 1301 1267 scripsisset.
1321 1234 1432 1263 minime
1455 1237 1608 1270 pmuitere:
1633 1244 1667 1265 ac

874 1274 969 1307 Deum,
985 1277 1120 1311 quomodo
1134 1285 1184 1306 nos
1204 1286 1264 1315 quae
1287 1286 1366 1308 sensu
1380 1282 1563 1317 percipiuntur
1574 1284 1667 1312 cerni-

873 1328 943 1353 mus,
956 1321 1041 1350 videri
1050 1323 1160 1351 omnino
1173 1332 1227 1352 non
1242 1333 1331 1360 posse,
1350 1335 1384 1354 ne
1395 1335 1409 1354 a
1423 1328 1545 1363 gloriosis
1558 1329 1667 1364 quidem

873 1367 1037 1401 corporibus,
1054 1369 1196 1397 conﬁrmat
1209 1371 1367 1400 auctoritate
1385 1372 1534 1406 Athanasii,
1548 1375 1665 1402 Ambro-

872 1411 915 1444 sii,
927 1411 1055 1448 Gregorii,
1078 1421 1110 1441 ac
1126 1414 1169 1443 vel
1188 1416 1304 1444 maxime
1326 1417 1490 1453 Hieronymi.
1513 1419 1559 1446 Sin
1574 1424 1666 1448 autem

871 1464 983 1492 corpora
997 1463 1050 1486 tam
1066 1467 1149 1495 prope
1163 1460 1198 1488 ad
1214 1465 1335 1489 naturam
1354 1463 1496 1497 spirituum
1510 1471 1662 1498 accessura,

872 1508 900 1530 ut
911 1511 955 1531 res
967 1504 1138 1540 incorporeas
1152 1507 1236 1535 oculis
1249 1515 1379 1543 usurpare
1391 1510 1505 1544 valeant,
1522 1510 1665 1547 episcopus

871 1550 916 1577 ille
930 1551 1078 1584 existimet;
1089 1559 1119 1580 se
1128 1552 1162 1580 ad
1173 1553 1346 1587 audiendum,
1356 1555 1452 1590 quibus
1464 1556 1594 1584 rationum
1605 1564 1665 1585 mo‘

871 1596 968 1624 mentis
982 1596 1133 1631 opinionem
1153 1605 1229 1626 suam
1242 1599 1368 1632 stabiliat,
1385 1601 1581 1635 paratissimum
1602 1609 1667 1630 esse

871 1641 963 1677 (ΙινὶιιἼ
975 1651 1002 1670 n.
1013 1643 1042 1679 ι)
1054 1652 1061 1670 :
1078 1644 1190 1677 interea,
1205 1644 1269 1673 dum
1279 1645 1337 1673 hanc
1350 1647 1462 1681 quaestio
1475 1652 1567 1676 exacte
1581 1655 1666 1684 paca-

870 1691 949 1723 teque
958 1688 1076 1716 discussa
1090 1689 1179 1722 fuerit,
1193 1697 1241 1718 cor
1254 1690 1350 1725 ipsum,
1362 1699 1415 1727 quo
1429 1691 1538 1720 dubium
1553 1701 1606 1721 non
1619 1697 1666 1721 est

868 1733 930 1768 quin
944 1734 1026 1762 Deum
1039 1735 1123 1762 simus
1137 1735 1229 1769 visuri,
1247 1736 1391 1771 parandum
1412 1737 1663 1775 mundandumque.

868 1778 982 1808 lnnuere
989 1785 1077 1808 autem
1086 1781 1201 1814 videtur.
1212 1789 1270 1813 eos.
1277 1790 1390 1817 quorum
1400 1783 1553 1812 testimonio
1566 1785 1662 1817 utitur.

865 1826 921 1860 jam
935 1826 989 1853 vita
999 1827 1128 1862 migrasse
1146 1836 1152 1854 :
1171 1827 1242 1862 quod
1261 1828 1283 1855 si
1297 1828 1332 1855 ita
1344 1828 1422 1860 foret,
1437 1829 1509 1856 illam
1520 1830 1663 1864 epistolam

866 1876 928 1906 post
938 1880 1038 1900 annum
1052 1873 1208 1908 vigesimum
1221 1881 1236 1900 a
1251 1873 1524 1909 quadringentesimo,
1535 1883 1590 1910 quo
1599 1883 1662 1904 sau-

865 1924 924 1946 ctus
937 1919 1115 1955 Hieronymus
1129 1919 1204 1951 obiit,
1221 1919 1331 1955 rejieere
1343 1925 1488 1955 oporteret.
1511 1920 1564 1949 Sed
1578 1921 1662 1950 verba

865 1965 910 1992 illa
920 1973 974 1993 non
985 1970 1038 1993 tam
1053 1965 1138 2001 rigide
1151 1971 1275 2001 putamus
1289 1966 1488 2001 interpretanda
1503 1976 1510 1994 :
1526 1968 1660 2002 siquidem

867 2011 1075 2039 Fortunatianus
1095 2011 1231 2040 Siccensis
1245 2020 1315 2039 anno
1331 2013 1595 2048 quadringentesimo
1607 2022 1658 2041 un-

863 2056 969 2084 decimo
980 2057 1127 2085 Collationi
1141 2057 1340 2092 Carthaginensi
1352 2057 1486 2091 interfuit;
1497 2058 1566 2086 unde
1580 2059 1660 2087 colli-

862 2110 909 2138 gas
922 2102 947 2130 ei
966 2103 1129 2131 successisse
1141 2103 1167 2130 in
1183 2103 1336 2138 episcopatu
1351 2102 1496 2137 Urbanum,
1512 2111 1590 2139 quem
1607 2104 1658 2133 Ec-

862 2148 950 2176 clesiae
969 2148 1087 2177 Siccensi
1100 2156 1171 2176 anno
1183 2147 1443 2183 quadringentesimo
1455 2148 1560 2177 decimo
1580 2154 1659 2177 sexto

862 2201 964 2222 necnon
995 2199 1023 2222 et
1054 2193 1317 2230 quadringentesimo
1346 2193 1451 2222 decimo
1483 2202 1553 2222 nono
1587 2202 1657 2230 pra:-

861 2240 942 2268 fuisse
963 2240 1044 2268 visuri
1062 2247 1172 2272 sumus;
1192 2247 1278 2275 neque
1298 2239 1378 2267 etiam
1398 2248 1491 2274 parum
1510 2239 1657 2268 verisimile

860 2291 916 2320 est,
931 2285 1054 2314 eumdem
1073 2287 1129 2321 jam
1154 2286 1216 2313 inde
1238 2286 1272 2314 ab
1296 2293 1367 2313 anno
1391 2285 1656 2321 quadringentesimo

860 2333 964 2361 decimo
990 2332 1069 2360 tertio
1095 2332 1191 2360 factum
1217 2331 1275 2366 ejus
1301 2331 1373 2359 sedis
1394 2332 1558 2367 episcopum.
1582 2332 1656 2366 Quo-

859 2379 929 2407 circa
951 2378 1050 2406 tardius
1069 2378 1121 2406 isto
1139 2385 1210 2405 anno
1225 2382 1372 2406 memorata
1390 2377 1502 2413 epistola
1523 2378 1585 2414 poni
1599 2386 1655 2408 non

858 2430 955 2462 potest.

892 2473 919 2500 5.
948 2471 1084 2501 Urbanum
1110 2471 1305 2508 presbyterum,
1329 2472 1405 2508 cujus
1431 2472 1594 2501 mentionem
1623 2473 1652 2500 in

858 2518 968 2554 cpistola
983 2518 1017 2545 ad
1029 2517 1210 2546 Marcellinum
1226 2521 1346 2545 extremo
1367 2518 1473 2546 circiter
1491 2526 1562 2547 anno
1584 2526 1654 2554 qua~

857 2565 1065 2601 dringentesimo
1074 2564 1233 2593 duodecimo
1244 2564 1306 2592 data
1316 2564 1546 2600 fecitAugustinus
1553 2565 1653 2602 (Epist.

858 2613 918 2645 M5,
932 2621 960 2640 n.
974 2612 1013 2644 2),
1035 2612 1109 2640 illum
1128 2612 1214 2646 ipsum
1229 2619 1289 2640 esse
1303 2619 1356 2640 non
1370 2612 1531 2646 dubitamus,
1548 2613 1581 2640 de
1596 2621 1651 2649 quo

857 2658 927 2686 idem
938 2658 964 2686 in
987 2665 1110 2686 sermone
1128 2657 1162 2685 ad
1186 2658 1290 2693 plebem
1305 2658 1387 2686 dicit:
1406 2658 1516 2687 Sanctus
1532 2660 1611 2695 frater
1624 2664 1652 2687 et

856 2704 1019 2740 coepiscopo:
1040 2712 1111 2731 meus
1138 2703 1255 2731 Urbanus
1275 2709 1369 2737 noster,
1389 2705 1433 2738 qui
1455 2705 1497 2731 hic
1520 2705 1650 2740 presbyter

856 2751 913 2786 fuit,
923 2755 947 2777 et
962 2750 1036 2777 modo
1046 2754 1083 2777 est
1091 2749 1218 2778 Siccensis
1228 2749 1361 2785 episcopus
1383 2750 1504 2786 (Sci-mon
1513 2769 1519 2774 .
1529 2748 1649 2783 Fragm.‘

856 2804 883 2823 π.
899 2797 925 2829 I,
941 2796 1017 2829 primi
1037 2796 1129 2832 fragm.
1143 2795 1165 2832 ).
1183 2795 1235 2824 Sed
1248 2803 1297 2823 nec
1313 2796 1392 2823 alium
1406 2796 1486 2823 etiam
1498 2794 1647 2829 signiﬁcat,

856 2841 918 2870 dum
934 2841 1106 2877 Peregrinum
1120 2841 1260 2869 diaconum
1277 2841 1472 2876 Hipponeusein
1492 2838 1597 2865 Urbano
1609 2838 1645 2867 ad

856 2887 1023 2916 subeundum
1032 2887 1183 2923 episcopale
1198 2894 1293 2914 munus
1305 2893 1375 2913 anno
1388 2884 1456 2911 forte
1467 2882 1649 2919 quadringen.

859 2934 953 2965 tesimo
963 2933 1068 2963 decimo
1080 2932 1159 2961 tertio
1171 2931 1348 2967 proﬁciscenti
1360 2929 1485 2957 comitem
1496 2927 1577 2956 fuisse
1592 2932 1656 2975 traf'

1296 2975 1465 3016 (enim)
