3858 6430
541 543 622 598 dit
651 539 840 612 (Epist.
871 536 992 601 M9,
1019 547 1071 590 η.
1095 533 1206 605 54).
1253 533 1302 590 Is
1324 534 1512 600 Roma,
1537 549 1646 606 quo
1673 535 1773 592 iter
1793 542 2120 605 susceperat,

539 631 653 706 iam
676 631 730 685 in
753 628 986 685 Africam
1012 641 1155 682 anno
1175 634 1296 696 post
1311 625 1889 697 quadringentesimum
1917 626 2128 684 decimo

539 735 697 784 sexto
719 731 1049 780 remearent
1070 720 1262 791 (Serm.
1283 719 1520 792 Fragm.,
1549 737 1603 776 n.
1635 723 1662 776 l
1694 718 2084 794 primijragm.)
2109 736 2122 774 :

543 815 868 887 Peregrinus
915 827 1063 878 vero,
1109 811 1202 882 qui
1238 824 1359 868 cum
1409 825 1476 867 eo
1525 811 1730 868 Siccam
1778 811 1953 868 fuerat
2006 824 2129 881 pro-

538 909 738 975 fectus,
766 908 1064 978 Hipponem
1105 903 1346 964 nondum
1372 905 1680 975 repetierat,
1708 917 1832 960 eum
1875 903 2129 975 Augusti-

545 1012 649 1059 nus
672 1000 975 1073 epistolam,
1006 997 1159 1068 cujus
1195 1003 1280 1054 est
1304 997 1532 1064 initium,
1560 997 1708 1063 Quod
1727 997 1791 1052 de
1813 997 2131 1069 pereuntia”

545 1093 653 1151 tum
679 1109 923 1166 prospera
961 1090 1157 1164 (Epist.
1197 1089 1345 1160 149),
1371 1089 1437 1144 ad
1481 1088 1762 1144 Paulinum
1787 1088 1936 1144 dedit
1966 1107 1980 1144 :
2009 1103 2130 1158 qum

540 1188 765 1261 proinde
795 1202 893 1243 nec
906 1195 1031 1242 ante
1052 1200 1250 1240 annum
1270 1180 1844 1253 quadringentesimum
1861 1179 2128 1236 decimum

539 1280 780 1345 tertium,
829 1292 1001 1348 neque
1059 1284 1178 1347 post
1227 1273 1812 1345 quadringentesimum
1862 1271 2127 1327 decimum

539 1370 782 1442 quintum
811 1369 1009 1440 scripta
1036 1367 1151 1422 init.
1179 1366 1256 1422 Eu
1282 1373 1461 1422 autem
1488 1364 1556 1421 ad
1586 1365 1766 1435 plures
1793 1364 1999 1422 Paulini
2024 1364 2130 1434 epi-

537 1463 706 1519 stolas
756 1461 1158 1532 responsionem
1217 1458 1492 1514 .continet.
1543 1456 1747 1529 Nempe
1803 1455 2128 1527 Augustinus

539 1553 818 1625 epistolam
843 1551 1162 1622 Carthagine
1185 1548 1254 1604 ad
1282 1549 1427 1605 illum
1458 1563 1554 1619 per
1577 1548 1811 1604 hiemem
1840 1547 1969 1604 anni
1993 1560 2126 1617 qua-

539 1646 939 1719 dringentesimi
966 1645 1138 1701 octavi
1160 1643 1244 1700 vel
1269 1641 1780 1714 quadringentesimi
1801 1640 1930 1696 noni
1956 1639 2124 1694 desti-

538 1748 693 1794 narat
741 1737 932 1812 (Epist.
979 1737 1116 1810 95):
1160 1735 1321 1806 hujus
1357 1735 1630 1800 Paulinus,
1677 1749 1798 1805 quae
1834 1732 1938 1788 sibi
1988 1730 2127 1787 forte

538 1832 718 1901 elapsa
756 1840 892 1896 erat,
932 1829 1034 1885 sibi
1073 1829 1214 1884 mitti
1264 1826 1647 1898 apographum,
1679 1835 1771 1881 aut
1803 1823 1872 1880 de
1920 1825 2127 1893 integro

535 1922 964 1991 resurrectionis,
995 1921 1062 1978 de
1100 1929 1206 1992 qua
1248 1921 1305 1976 in
1346 1918 1534 1976 eadem
1561 1919 1651 1974 illa
1680 1918 1902 1990 epistola
1927 1916 2124 1988 ageba-

537 2025 648 2084 tur,
680 2017 956 2072 materiam
983 2015 1228 2082 edisseri,
1258 2014 1444 2085 cupiit.
1480 2012 1645 2068 Simul
1672 2011 1966 2083 Augustino
2004 2024 2127 2079 pro-

536 2110 763 2180 po‘nltin
791 2108 956 2165 Vetus
997 2123 1059 2163 ac
1099 2099 1306 2162 Novum
1346 2106 1761 2161 instrumentum
1803 2103 2127 2175 quaestiones

535 2211 766 2267 novem;
813 2215 945 2272 quas
969 2215 1089 2256 cum
1121 2200 1237 2270 ipse
1275 2209 1483 2253 summa
1527 2196 1782 2268 expendit
1831 2193 2122 2266 diligentia,

536 2300 650 2348 tum
705 2292 1055 2366 Augustinum
1101 2291 1426 2355 obtestatur,
1473 2297 1533 2344 ut
1568 2301 1720 2343 suam
1755 2287 1823 2342 de
1862 2287 1968 2341 illis
2013 2300 2127 2341 sen-

534 2385 760 2440 tentiam
781 2385 882 2440 sibi
910 2385 1190 2451 rescribat,
1210 2399 1272 2438 ac
1305 2382 1372 2437 de
1387 2396 1530 2436 nona
1553 2381 1603 2434 in
1623 2379 1831 2450 primis,
1847 2391 1967 2449 quae
1985 2379 2126 2434 circa

533 2473 805 2532 Simeonis
817 2477 884 2531 ad
905 2476 1122 2530 Mariam
1143 2475 1285 2529 dicta
1306 2469 1618 2528 versabatur
1649 2469 1851 2541 (Pent,
1864 2471 2004 2541 apud
2017 2471 2125 2524 Au-

535 2573 696 2638 gu‘at.,
722 2565 886 2635 Epist.
919 2563 1044 2630 121,
1069 2576 1123 2618 u.
1154 2564 1265 2633 14).
1293 2563 1540 2632 Acceptis
1583 2561 1732 2618 hisco
1768 2562 1978 2629 litteris,
2007 2576 2128 2632 quae

535 2656 816 2711 aPauiino
862 2656 1078 2712 circiter
1110 2666 1308 2711 annum
1358 2654 1942 2726 quadringentesimum
1982 2653 2127 2709 deci-

534 2761 682 2803 mum
699 2747 911 2817 scriptae
927 2746 1163 2815 ﬁlerunt,
1182 2745 1514 2819 Augustinus
1527 2744 1804 2800 confestim
1817 2745 1892 2799 illi
1907 2759 2129 2815 respon-

534 2836 631 2905 dit,
660 2845 722 2893 ac
747 2837 862 2908 ejus
889 2838 1211 2908 quaestiones
1239 2838 1431 2908 partim
1456 2836 1746 2906 expedivit,
1775 2839 1967 2907 partim
2005 2853 2129 2908 pro-

530 2938 753 3000 perante
805 2929 1082 2987 tabellario
1115 2932 1319 2988 omisit.
1367 2930 1683 3001 Exemplum
1709 2943 1840 2986 vero
1862 2929 2124 3000 epistola,

532 3025 675 3094 quod
691 3023 944 3080 Paulinus
963 3026 1209 3096 petierat,
1233 3025 1626 3096 adjungeudum
1645 3024 1768 3078 huic
1787 3021 2128 3094 responsioni

529 3116 758 3170 curavit.
804 3116 952 3171 Hanc
984 3127 1169 3186 porro,
1215 3129 1375 3186 quam
1399 3115 1791 3181 desideramus,
1821 3114 2130 3186 responsio-

531 3218 662 3262 nem
705 3207 993 3261 verisimile
1037 3211 1123 3261 est
1169 3205 1347 3260 datam
1385 3206 1529 3261 haud
1570 3205 1752 3260 multis
1792 3212 1915 3260 ante
1941 3203 2131 3258 diebus

534 3296 721 3361 fuisse,
747 3307 870 3352 cum
897 3297 1055 3352 aliam
1075 3297 1279 3352 addidit
1302 3295 1576 3362 Paulinus,
1603 3311 1724 3367 quat
1757 3295 2006 3351 simulter
2035 3311 2129 3366 pe-

531 3387 658 3454 riit,
689 3399 795 3459 qua
811 3387 996 3443 itidem
1023 3388 1318 3458 depsalmo
1351 3397 1503 3443 sexto
1541 3387 1772 3453 decimo,
1815 3387 1986 3458 deque
2011 3402 2130 3442 ver-

535 3479 623 3535 bis
649 3477 916 3535 Simeonis
943 3479 1011 3534 ad
1035 3479 1254 3534 Mariam
1275 3480 1626 3550 Augustinum
1642 3479 1980 3536 consulebat.
2004 3479 2130 3535 Hauc

504 3639 508 3644 _
533 3568 833 3642 Hipponem
864 3579 985 3625 cum
1005 3579 1088 3626 est
1100 3571 1327 3642 perlata,
1354 3578 1465 3624 tum
1507 3570 1762 3642 Cataquae
1789 3571 1928 3642 apud
1957 3572 2123 3627 Boni-

533 3661 734 3717 facium
757 3661 997 3732 ejusdem
1029 3663 1177 3719 urbis
1206 3663 1513 3734 episcopum
1553 3664 1921 3720 diversabatur
1950 3665 2132 3736 Augu-

502 3749 731 3831 fstinus.
769 3753 1112 3827 Quapropter
1151 3744 1298 3810 illam
1329 3755 1571 3826 Hippone
1611 3757 1714 3812 sibi
1764 3756 2128 3812 transmissum

506 3899 508 3904 ,
533 3844 823 3916 accipiens,
855 3847 1104 3918 Cataquae
1117 3855 1438 3918 responsum
1464 3846 1642 3914 dedit;
1671 3847 1770 3903 sed
1795 3848 1867 3902 ibi
1893 3861 2128 3918 graecum

532 3938 867 4010 psalterium,
899 3939 1051 3994 unde
1083 3938 1279 4009 psalmi
1316 3937 1514 3992 decimi
1550 3938 1689 3993 sexti
1740 3937 2128 4008 expositionem

533 4038 760 4102 peteret,
779 4043 887 4086 non
913 4030 1132 4102 reperit.
1164 4029 1306 4086 istud
1327 4027 1542 4101 quoque
1557 4043 1880 4101 responsum
1901 4029 2126 4096 excidit;

502 4107 633 4204 sed
655 4139 829 4196 neque
870 4124 1092 4182 Paulino
1119 4123 1387 4181 redditum
1421 4123 1556 4190 tuit;
1579 4121 1735 4180 sicuti
1757 4137 1863 4180 nec
1889 4124 1984 4179 illa
2009 4125 2127 4194 epi-

502 4285 507 4300 .
533 4211 690 4283 stola,
720 4225 823 4288 qua
856 4218 1001 4286 prius
1017 4217 1342 4287 Augustinus
1363 4217 1428 4271 ad
1453 4217 1571 4287 ejus
1590 4217 1914 4288 quaestiones
1934 4232 2128 4273 novem

533 4307 905 4380 respOnderat.
931 4310 1107 4378 Quare
1119 4307 1299 4365 denuo
1325 4310 1391 4364 ad
1413 4309 1566 4364 illum
1595 4309 1831 4366 scribere
1849 4321 2128 4366 necessum

533 4401 790 4458 Paulinus
817 4401 1022 4470 habuit,
1054 4394 1172 4457 cum
1202 4413 1344 4456 anno
1362 4415 1521 4473 supra
1539 4401 2126 4475 quadringentesimum

500 4499 505 4511 '
531 4489 848 4552 duodecimo
873 4493 958 4551 vel
979 4494 1145 4550 tertio
1170 4493 1378 4550 decimo
1389 4492 1575 4561 Quinti
1595 4493 1900 4566 presbyteri
1925 4494 2127 4551 etalio-

524 4597 653 4645 rum
670 4583 868 4660 aliquot
887 4585 1170 4644 adventum
1195 4586 1277 4642 illi
1300 4579 1578 4653 nuntiavit,
1595 4587 1665 4642 de
1683 4585 1909 4658 quantm
1927 4588 2126 4644 itinere

532 4675 667 4733 nihil
692 4680 834 4735 aliud
860 4675 1118 4735 habemus
1139 4687 1489 4749 commrtum.
1508 4679 1564 4736 'ls
1581 4689 1759 4734 autem
1789 4680 1862 4735 ibi
1891 4679 2127 4735 destina-

536 4773 652 4824 tum
676 4763 772 4822 a'bs
791 4785 853 4824 se
879 4769 1142 4840 quoddam
1161 4770 1564 4840 misericordia,
1593 4779 1650 4826 ut
1667 4771 1919 4844 appellat,
1945 4772 2124 4827 consi-

533 4861 667 4916 lium
689 4860 1020 4931 signiﬁcabat
1049 4862 1341 4933 Augustino
1363 4863 1566 4935 (Epist.
1597 4865 1725 4930 119,
1758 4882 1811 4919 11.
1844 4866 1931 4933 1);
1971 4865 2124 4936 cujus

534 4948 968 5020 contubernales,
1014 4952 1192 5008 divino
1239 4956 1571 5026 mancipatus
1600 4957 1877 5028 obsequio,
1905 4959 2124 5014 univcr-

534 5045 638 5101 sim
663 5044 896 5118 quidem,
934 5039 1284 5118 Peregrinum
1323 5059 1450 5104 vero
1479 5044 1760 5105 diaconum
1787 5052 2119 5119 nominatim,

533 5136 613 5192 uti
633 5137 968 5207 'eo‘njic‘imus,
993 5138 1252 5194 salutabat
1284 5137 1470 5210 (I‘btd.,
1493 5155 1548 5195 η.
1577 5139 1689 5214 54).
1731 5142 2023 5198 Postremae
2047 5142 2122 5196 illi

534 5228 774 5302 epiStolte
795 5228 998 5286 Paulini
1024 5231 1351 5302 Augustinus
1368 5234 1545 5304 prima
1569 5233 1693 5287 data
1714 5235 1994 5290 occasione
2013 5233 2123 5290 Ru-

530 5319 627 5380 11111
653 5322 982 5398 diaconi,qui
1005 5341 1070 5383 ex
1100 5321 1422 5397 Hipponensi
1444 5337 1600 5396 portu
1623 5327 1892 5393 solvebat,
1911 5341 2119 5384 memo-

530 5415 703 5474 ratam
723 5417 1000 5490 epistolam
1045 5420 1260 5475 circiter
1296 5427 1495 5474 annum
1535 5418 2119 5489 quadringentesimum

526 5519 779 5582 quartum
805 5509 1070 5567 decimum
1098 5510 1388 5580 rescripsit.
1419 5503 1495 5565 ibi
1516 5509 1907 5580 iqumstionibus
1926 5525 1957 5566 a
1975 5513 2118 5569 Pau-

492 5609 500 5677 ζ
526 5602 640 5660 11110
656 5604 942 5677 propositis
969 5601 1254 5669 satislacit;
1275 5615 1395 5658 eam
1419 5611 1601 5658 tamen
1627 5615 1747 5675 qua;
1766 5605 1832 5662 ad
1852 5602 2118 5666 Sitnebnis

493 5667 689 5773 [verba
709 5667 1040 5769 pertinebat,
1079 5667 1295 5748 nonnisi
1343 5693 1539 5751 leviter
1567 5667 1852 5770 attingens,
1872 5713 1950 5756 'co
1977 5701 2119 5757 scili-

503 5845 507 5858 ,
529 5800 639 5858 661,
665 5791 786 5862 quia
807 5788 937 5845 illud
955 5787 1250 5860 argumenti
1272 5788 1330 5845 “in
1348 5789 1753 5864 alteraf‘epistoia
1787 5796 1852 5852 ad
1873 5797 2117 5854 eumdem

530 5879 750 5949 scripta,
783 5879 931 5950 cujus
957 5880 1258 5951 exemplum
1283 5881 1420 5940 sicut
1447 5892 1503 5941 et
1527 5883 1745 5946 alterius
1762 5895 1889 5960 quae
1909 5890 2114 5963 incipit,

1678 417 1835 475 VITA
1872 417 1930 474 S.
1974 412 2338 476 AUGUSTINI
2376 409 2694 470 EPISCOPI:
3627 429 3700 492 ιω

2231 531 2360 590 Cttut
2388 547 2472 586 eos
2519 532 2701 601 fratres
2741 531 2896 588 nostri
2940 529 3124 604 (Epist.
3154 531 3264 608 95),
3295 534 3364 594 illi
3387 543 3696 619 transmittebat,

2226 625 2338 711 jam
2353 631 2477 711 ante
2489 631 2808 711 tractaverat
2824 621 3013 697 (Ερίει-
3031 623 3149 694 149.
3169 641 3219 687 ηε
3241 625 3343 699 ἰ⁵⁵)·
3359 629 3426 690 De
3443 611 3697 711 P'WW‘:

2233 709 2379 766 tione
2405 707 2602 764 ibidem
2621 749 2635 776 ,
2660 723 2956 783 quanquam
2979 724 3086 770 non
3112 725 3175 768 ex
3196 714 3430 791 professo,
3446 707 3587 786 tamen
3605 723 3698 784 clare

2232 800 2519 859 admodum
2547 812 2602 857 et
2627 802 2798 858 valide
2821 801 3050 874 disputat
3073 803 3250 882 (Epist.
3279 805 3386 881 95).

2305 896 2357 952 ι.
2388 895 2533 966 Opus
2547 894 2614 952 de
2633 895 2859 956 Civitate
2885 895 2979 957 Dei
3005 904 3183 958 contra
3210 897 3445 970 Gentiles,
3462 903 3536 982 qui
3555 907 3699 984 religio-
3776 925 3777 984 1

2233 1003 2360 1046 116111
2383 988 2739 1046 Christianam
2764 987 3056 1051 maledictis
3085 999 3139 1046 et
3160 991 3414 1054 calumniis
3439 979 3496 1054 ob
3509 979 3699 1074 expugna-

2234 1087 2342 1136 tam
2387 1079 2583 1137 Urbem
2623 1079 3051 1156 prosciudebant,
3099 1097 3199 1142 non
3232 1099 3492 1155 paucorum
3519 1105 3700 1150 annorum

2234 1170 2406 1239 spatio
2430 1169 2821 1238 elucubratum,
2850 1169 2953 1228 hoc
2976 1172 3197 1246 primum
3212 1189 3342 1236 anno
3365 1189 3616 1254 insaeptum
3632 1194 3699 1240 est.

2234 1261 2292 1319 id
2308 1263 2451 1320 enim
2481 1264 2698 1337 scripsit
2714 1263 3040 1336 Augustinus
3057 1265 3122 1326 ad
3137 1267 3471 1332 Marcellinum
3495 1273 3700 1345 tribunum,

2233 1355 2322 1424 qui
2347 1370 2488 1411 anno
2518 1356 2633 1427 ipso
2660 1356 3179 1430 quadringentesimo
3204 1360 3394 1418 decimo.
3420 1364 3566 1431 tertio,
3585 1365 3701 1422 idibus

2233 1446 2553 1516 Septembris
2580 1461 2752 1504 caesus
2792 1447 2974 1508 vivere
3013 1448 3170 1508 desiit
3197 1468 3212 1510 :
3237 1467 3330 1509 nec
3363 1460 3513 1510 tamen
3537 1455 3602 1514 diu
3620 1466 3701 1514 ante

2234 1535 2372 1592 illius
2413 1537 2614 1594 caedem
2657 1554 2874 1596 manum
2924 1539 3047 1598 huic
3090 1541 3317 1600 admovit
3355 1543 3508 1616 operi;
3539 1546 3701 1624 quando-

2232 1629 2446 1698 quidem
2478 1630 2645 1688 libros
2665 1631 2780 1704 ejus
2807 1630 2976 1701 duos,
3003 1648 3124 1692 cum
3151 1633 3234 1693 illa
3259 1635 3475 1706 contigit,
3498 1637 3562 1694 vix
3584 1639 3700 1709 perie-

2231 1731 2395 1777 cerat.
2427 1721 2563 1777 Hinc
2580 1722 2719 1780 haud
2748 1723 3320 1798 dubie'l‘actum,utqui
3344 1727 3629 1789 Marcellinum
3649 1733 3702 1789 al-

2231 1814 2374 1886 loqui
2400 1824 2634 1886 eruperat
2660 1815 2712 1870 in
2750 1816 2970 1874 exordio
2998 1818 3154 1890 primi
3181 1834 3244 1876 ac
3267 1820 3465 1881 secundi
3486 1821 3586 1889 libri,
3607 1838 3702 1879 ttun-
3776 1831 3777 1890 1

2230 1921 2390 1976 quam
2420 1906 2473 1962 in
2502 1906 2722 1979 reliquis
2751 1924 3057 1966 sermonem
3094 1911 3162 1970 ad
3187 1926 3308 1968 eum
3343 1920 3573 1970 convertat.
3604 1910 3693 1966 Cum

2231 1996 2371 2052 idem
2402 1998 2516 2068 ipse
2543 1998 2878 2057 Marcellinus
2916 2000 3082 2058 libros
3105 2001 3159 2058 in
3183 2004 3281 2060 hoc
3299 2011 3600 2073 argumentum
3612 2019 3702 2058 cou-

2231 2088 2314 2144 lici
2341 2089 2654 2160 deprecatus
2683 2088 2872 2150 fuisset
2903 2089 3097 2165 (Epist.
3117 2094 3240 2162 l56,
3267 2111 3320 2150 η.
3349 2078 3429 2165 ὃ);
3454 2093 3704 2166 responderat

2232 2177 2282 2234 ei
2306 2193 2448 2236 anno
2498 2181 3023 2252 quadringentesimo
3088 2183 3394 2242 duodecimo
3455 2185 3702 2257 Augustine.

2232 2271 2499 2341 ejusmodi
2527 2273 2849 2342 qnaastioues
2873 2290 2903 2329 a
2933 2290 2992 2330 sc
3021 2285 3132 2332 tum
3154 2277 3465 2350 pertractari,
3482 2291 3562 2332 non
3584 2290 3703 2345 quem-

2230 2364 2515 2421 admodum
2546 2364 2611 2421 de
2640 2365 2725 2422 his
2751 2367 3009 2438 agendum
3039 2378 3122 2426 est
3152 2369 3396 2426 librorum
3423 2368 3616 2442 negotio,
3646 2366 3704 2422 sed

2231 2456 2674 2527 quemadmodum
2718 2467 2894 2530 potest
2938 2444 3214 2531 epistulari
3262 2471 3342 2517 sat
3385 2476 3487 2518 csse
3525 2457 3706 2529 colloquio

2235 2549 2424 2622 (Epist.
2447 2552 2568 2620 158,
2598 2569 2652 2608 η.
2676 2552 2725 2625 1)
2757 2572 2770 2609 :
2801 2554 2939 2626 quod
2965 2556 3180 2626 quidem
3205 2556 3356 2614 facile
3383 2571 3469 2612 nos
3489 2553 3656 2618 adducit,
3670 2559 3706 2606 ut

2231 2657 2352 2698 eum
2371 2653 2494 2699 tunc
2515 2645 2768 2717 temporis
2796 2645 3030 2702 nondum
3053 2647 3332 2704 inchoasse
3349 2663 3467 2722 opus
3486 2644 3591 2701 istud
3611 2642 3704 2698 arbi-

2233 2744 2451 2790 tremur.
2494 2736 2600 2794 Sed
2628 2751 2748 2792 cum
2777 2737 2936 2794 simul
2963 2739 3327 2798 Marcellinum
3353 2749 3501 2811 rogat,
3526 2745 3569 2792 ut
3589 2733 3655 2790 sibi
3679 2734 3706 2788 si

2232 2827 2356 2899 quid
2372 2828 2438 2883 ad
2455 2829 2845 2887 convincendos
2860 2830 3104 2890 inﬁdeles
3119 2833 3296 2891 adhuc
3315 2830 3613 2888 necessarium
3621 2826 3709 2898 judi-

2231 2932 2334 2987 cet,
2351 2923 2648 2994 signiﬁcare
2663 2941 2730 2980 ne
2745 2934 2990 2997 gravetur
3010 2937 3065 2981 ut
3082 2926 3160 2984 rei
3187 2927 3422 3002 epistolis,
3441 2926 3519 2992 ait,
3536 2920 3594 2979 rei
3607 2911 3710 2983 111111,

2232 3015 2277 3068 si
2301 3016 2551 3086 adjuvet-it
2577 3016 2735 3085 Deus,
2757 3019 2826 3072 ad
2849 3019 3020 3084 omnia
3046 3020 3347 3093 respondere
3382 3032 3571 3074 curemus
3591 3010 3709 3088 (Ιύἱάοι

2233 3123 2286 3161 n.
2319 3105 2411 3178 20)
2443 3124 2458 3175 ;
2490 3124 2651 3165 nemo
2675 3109 2832 3168 isthic
2854 3126 2964 3168 non
2982 3112 3184 3180 videat,
3199 3129 3302 3186 qua
3322 3114 3507 3170 ratione
3523 3107 3656 3166 sensim
3667 3101 3713 3157 ad

2233 3197 2399 3254 libros
2416 3198 2483 3256 de
2497 3198 2558 3256 Ci
2567 3201 2725 3258 vitate
2745 3203 2837 3257 Dei
2854 3204 3274 3262 conscribendos
3297 3215 3494 3262 sanctus
3509 3202 3644 3258 Doctor
3661 3196 3714 3248 in-

2235 3289 2427 3346 ductus
2451 3293 2540 3347 sit.
2574 3294 2716 3365 Ergo
2743 3296 2862 3351 zelo
2903 3296 3098 3354 domus
3137 3300 3253 3363 Dei,
3280 3307 3339 3354 ut
3375 3296 3586 3370 loquitur,
3612 3302 3712 3348 etar-

2233 3383 2461 3440 descens
2480 3385 2735 3442 adversus
2771 3387 3062 3445 Gentilium
3099 3391 3470 3463 blasphemias,
3503 3394 3715 3460 proqu-

2235 3476 2432 3531 tionem
2459 3477 2601 3534 illius
2637 3479 2911 3549 suscipere
2937 3482 3080 3552 apud
3111 3483 3348 3538 animum
3372 3494 3511 3536 suum
3527 3470 3715 3534 constituit

2237 3565 2484 3640 (Retract.
2507 3567 2594 3623 tib.
2613 3568 2668 3636 2,
2699 3587 2814 3644 cap.
2837 3571 2926 3637 65,
2956 3589 3009 3648 tt.
3037 3573 3115 3644 1).
3157 3573 3265 3629 Sed
3295 3572 3388 3628 abs
3411 3565 3619 3642 singulari
3634 3562 3715 3617 hoc-

2232 3674 2295 3715 ce
2323 3670 2634 3731 argumento
2657 3661 2724 3722 ad
2749 3662 3082 3718 iracundum
3103 3666 3391 3736 generatim
3411 3663 3473 3719 de
3494 3669 3658 3730 utraque
3670 3650 3718 3707 ci-

2232 3753 2419 3822 vitate,
2445 3754 2628 3810 mundi
2653 3755 2904 3812 videlicet
2931 3773 2995 3812 ac
3023 3758 3119 3814 Dei
3144 3800 3162 3828 ,
3187 3760 3268 3816 sic
3303 3760 3540 3816 calamum
3569 3755 3722 3808 translu-

2236 3845 2315 3913 lit,
2346 3854 2404 3900 ut
2440 3846 2601 3902 simul
2654 3862 2937 3918 aggressus
2970 3849 3063 3917 sit,
3096 3859 3153 3905 et
3203 3847 3450 3922 quidquid
3489 3847 3534 3902 in
3557 3828 3721 3916 gentililii

2233 3938 2408 3995 cultus
2433 3937 2800 3996 delensionem
2841 3940 3179 4010 splendidius
3213 3942 3388 3998 all‘erri
3409 3943 3603 4011 poterat,
3627 3939 3723 3984 evet-

2234 4040 2366 4098 tere,
2399 4041 2454 4087 et
2475 4031 2821 4088 christianum
2847 4033 3167 4106 religionem
3193 4034 3402 4094 invictis
3423 4030 3634 4089 rationum
3651 4032 3722 4074 ωο-

2233 4125 2427 4180 mentis
2474 4135 2740 4182 astruere.
2795 4127 2924 4194 Quae
2961 4142 3132 4198 porro
3153 4128 3346 4200 grandi
3388 4125 3471 4182 illo
3513 4131 3637 4192 opere
3665 4123 3723 4182 Ρεῐ

2233 4216 2367 4272 duos
2389 4231 2548 4286 supra
2579 4219 2760 4288 viginti
2783 4219 2946 4276 libros
2965 4228 3386 4291 putt-actarum,
3404 4227 3566 4275 eorum
3583 4217 3722 4298 suntut

2233 4307 2404 4378 capita
2434 4308 2487 4362 in
2511 4307 3000 4366 Retractationibus
3039 4310 3279 4382 attingit.
3303 4311 3404 4367 Tot
3421 4308 3564 4364 libros
3583 4295 3726 4356 ῐιοιιυῖελ

2233 4398 2472 4470 pluribus
2493 4398 2648 4454 anuis
2683 4399 3098 4475 interruptisque
3122 4403 3329 4460 vicibus
3352 4401 3403 4460 ei
3427 4398 3552 4456 licuit
3577 4391 3626 4448 ad
3645 4400 3724 4442 ιιωο

2232 4489 2446 4546 bilicum
2467 4489 2753 4561 adducere,
2781 4502 2966 4550 coacto
2993 4495 3247 4553 videlicet
3271 4496 3340 4552 ab
3369 4495 3469 4552 illis
3491 4486 3636 4560 sepius
3657 4475 3725 4533 δύ’

2232 4584 2342 4639 "Im
2372 4599 2672 4652 removere.
2703 4596 2763 4642 υι
2779 4587 2845 4643 ad
2871 4603 2933 4643 ea
2955 4605 3073 4660 quae
3095 4591 3268 4664 magis
3280 4602 3466 4660 urgere
3483 4577 3728 4641 videbantur.

2232 4680 2381 4736 illum
2414 4681 2990 4755 oouvertaetﬂbidj.
3022 4683 3239 4740 Primos
3270 4683 3406 4739 duos
3430 4677 3504 4736 vel
3533 4686 3634 4736 W8.
3657 4674 3729 4720 ωι

2231 4775 2382 4831 nobis
2400 4773 2511 4845 jam
2531 4775 2756 4844 dictum,
2785 4775 2890 4833 hoc
2915 4792 3074 4844 anno,
3096 4778 3373 4848 proximos
3397 4789 3512 4831 vero
3535 4766 3628 4826 istis
3640 4761 3731 4814 duos

2232 4881 2373 4921 anno
2387 4867 2916 4940 quadringentesimo
2937 4869 3151 4926 decimo
3165 4869 3354 4941 quinto
3365 4859 3642 4935 composuit,
3652 4861 3732 4909 cum

2233 4972 2325 5012 eos
2347 4957 2508 5027 paulo
2537 4967 2660 5015 ante
2693 4959 3156 5031 quadragesimale
3177 4961 3437 5033 jejunium
3478 4959 3600 5012 esset
3627 4954 3734 5001 ειοτο

2230 5064 2320 5106 ³⁸³⁸
2345 5049 2534 5123 (Ερίιι-
2560 5049 2684 5119 169,
2707 5067 2760 5106 η.
2794 5050 2871 5124 1).
2896 5052 3129 5122 Primum
3158 5051 3360 5126 vulgati
3387 5055 3502 5105 sunt
3523 5042 3580 5099 ab
3598 5053 3648 5095 eo
3665 5041 3735 5087 ιτεε

2230 5142 2308 5197 1111
2333 5143 2492 5214 primi
2523 5161 2538 5197 :
2566 5159 2667 5201 nec
2707 5143 2781 5200 ita
2809 5145 2975 5204 multo
3015 5153 3146 5217 post
3189 5142 3244 5201 in
3285 5160 3442 5217 quam
3462 5137 3734 5210 plurimorum

2228 5251 2420 5293 manus
2459 5245 2834 5306 pervenerunt.
2875 5238 2995 5294 Non
3035 5237 3260 5294 defuere
3307 5238 3442 5294 inter
3483 5224 3734 5302 idololatria

2227 5330 2315 5399 qui
2338 5329 2404 5385 de
2430 5329 2742 5386 reiellendis
2771 5330 2874 5385 illis
2896 5330 3228 5401 cogitarent;
3249 5329 3382 5393 imo,
3413 5334 3471 5381 ut
3493 5317 3761 5390 responsum.

2227 5434 2381 5476 suum
2404 5421 2457 5476 in
2479 5422 2654 5478 lucem
2683 5421 3009 5489 eruitterent,
3035 5421 3355 5478 dicebantur
3381 5415 3508 5474 nihil
3537 5402 3738 5498 aliud}?

2226 5520 2488 5582 spectare,
2510 5513 2612 5568 nisi
2637 5515 3084 5584 opportunitatem
3103 5512 3366 5584 aliquam,
3387 5501 3529 5578 cuius
3547 5492 3740 5584 benene?"
3776 5511 3777 5526 ¹

2225 5581 2278 5662 id
2299 5608 2402 5664 illis
2421 5609 2543 5665 sine
2566 5581 2726 5664 metu“
2747 5608 2922 5678 legum
2947 5581 3305 5678 impca‘ialium
3328 5605 3522 5662 liceret.
3539 5595 3656 5664 auos
3675 5581 3738 5638 αά·

2223 5716 2424 5770 mouet),
2449 5701 2629 5772 inquit
2641 5701 2990 5772 Augustinus,
3016 5717 3117 5756 11οη
3143 5708 3320 5771 optent
3346 5693 3476 5768 quod
3497 5691 3560 5745 εἰ.
3571 5699 3657 5741 non
3676 5691 3739 5772 et:
3776 5713 3777 5724 χ

2225 5796 2383 5866 pedit.
2413 5794 2591 5851 Facite
2623 5803 2697 5852 est
2721 5795 2858 5851 enim
2883 5795 3119 5866 cuiquam
3144 5781 3306 5846 videri
3345 5780 3650 5865 respondisset
3676 5777 3741 5838 ειη

2223 5899 2386 5947 tacere
2407 5888 2647 5946 “nam.
2674 5888 2773 5945 Aut
2789 5886 2915 5962 quid
2933 5884 3279 5958 utloquaeius
3293 5880 3506 5941 parcitate
3525 5874 3658 5945 Ῡσυι
3670 5871 3742 5918 ποθι
