3838 6258
490 314 600 374 465

501 446 605 489 nos
627 428 840 503 quidem
868 422 1001 482 nihil
1040 422 1303 489 videmus,
1339 416 1622 490 quominus
1660 413 1906 471 eumdem
1931 412 2075 503 illum

506 502 988 594 esseipersuasum
1035 516 1358 580 habeamus,
1387 511 1476 582 qui
1521 507 1769 580 praetorio
1814 505 1912 560 sub
1952 502 2076 558 anni

492 615 1004 692 quadringentesimi
1041 611 1169 669 noni
1213 609 1419 666 initium
1449 605 1731 677 praefectus
1759 603 1889 669 fuit;
1919 609 2080 671 atque

491 710 656 767 etiam
683 725 808 765 eum
837 709 1032 780 ipsum,
1061 703 1128 759 ad
1155 716 1313 774 quem
1335 699 1402 755 de
1429 695 1743 753 coercendis
1771 695 1822 750 in
1877 693 2076 762 Hippo-

493 802 649 859 nensi
680 809 854 856 tractu
885 796 1171 855 Donatistis
1201 794 1412 850 circiter
1439 806 1638 846 annum
1661 786 2074 860 quadringente-

488 897 688 952 simum
735 896 979 966 quintum
1027 891 1306 964 epistolam
1335 887 1479 945 dedit
1506 884 1831 957 Augustinus
1870 881 2074 955 (Epist.

489 989 599 1059 86)
625 1007 639 1044 :
662 989 810 1043 illum
840 986 984 1043 enim
1013 985 1106 1041 Vir
1142 991 1356 1040 sanctus
1384 989 1619 1038 veterem
1656 976 1883 1033 amicum
1921 979 2078 1029 vocat

483 1078 690 1152 (Epist.
722 1081 856 1148 151,
882 1097 935 1134 n.
968 1078 1047 1150 1).

559 1172 612 1226 3.
648 1171 775 1226 Post
819 1170 1118 1228 lleracliani
1172 1166 1381 1224 cladem
1419 1163 1642 1235 contigit
1673 1170 1731 1217 ut
1764 1157 2076 1216 Caecilianus

484 1260 542 1316 in
589 1261 766 1316 Africa
805 1276 930 1317 cum
978 1260 1185 1316 Marino
1223 1259 1417 1316 comite
1463 1271 1568 1312 una
1595 1262 1755 1320 esset,
1786 1252 1939 1322 longa
1973 1248 2077 1304 sibi

485 1354 842 1410 familiaritate
864 1397 879 1421 ,
902 1361 963 1409 ut
980 1354 1251 1420 ferebant,
1280 1350 1582 1422 conjuncto.
1609 1346 1744 1403 Cum
1781 1354 1957 1399 autem
1978 1341 2076 1395 ali-

493 1449 709 1520 quando
729 1449 795 1504 ad
825 1464 946 1505 eum
975 1450 1210 1504 venisset
1234 1445 1548 1502 Caecilianus
1578 1485 1593 1509 ,
1626 1439 1990 1495 Marcellinum
2015 1448 2079 1489 ac

485 1541 709 1597 fratrem
733 1541 850 1611 ejus
892 1540 1084 1595 Comes
1112 1537 1392 1594 accersivit
1433 1554 1446 1590 :
1494 1533 1684 1605 quibus
1727 1528 1960 1585 dimissis
1994 1541 2078 1582 re-

486 1633 707 1699 mansit,
754 1641 812 1688 ut
856 1632 1142 1698 ferebatur,
1184 1630 1518 1694 Cmcilianus,
1563 1634 1617 1682 et
1658 1631 1924 1680 secretum
1956 1635 2075 1676 cum

489 1726 585 1781 illo
613 1725 938 1796 colloquium
973 1725 1187 1791 habuit;
1213 1724 1476 1793 simulque
1500 1721 1645 1775 missi
1669 1759 1684 1785 ,
1716 1716 1807 1788 qui
1828 1714 2077 1771 fratribus

488 1833 709 1873 manum
745 1818 1135 1888 injicerent,.et
1163 1825 1448 1885 utrumque
1496 1814 1550 1868 in
1581 1819 1776 1867 tetrum
1806 1822 2076 1864 carcerem

483 1925 552 1966 ac
611 1909 1008 1966 tenebricosum
1058 1908 1421 1964 detruderent.
1491 1901 1844 1959 Nihilosecius
1896 1907 2077 1953 tamen

483 2000 647 2058 isthic
676 2001 857 2056 laetitia
886 2000 1226 2056 Marcellinus
1248 1995 1688 2069 perfundebatur,
1722 2005 1928 2046 necnon
1956 2005 2074 2044 ma-

484 2092 593 2160 jori
625 2092 924 2162 potiebatur
952 2091 1203 2147 felicitate
1224 2132 1238 2156 ,
1267 2103 1427 2159 quam
1451 2087 1679 2156 ipsemet
1704 2083 1955 2146 Marinus,
2000 2089 2077 2135 ut-

483 2190 611 2252 pote
655 2183 743 2253 qui
781 2196 882 2238 nec
919 2181 1174 2252 dignitate
1208 2195 1308 2235 nec
1344 2177 1578 2248 potentia
1606 2173 1819 2244 assequi
1847 2179 2073 2243 poterat,

481 2277 767 2347 quominus
792 2274 985 2330 furoris
1007 2275 1205 2344 proprii
1233 2270 1461 2327 stimulis
1487 2269 1743 2323 miserum
1767 2266 1821 2320 in
1853 2263 2073 2319 modum

485 2367 863 2424 laneinaretur.
895 2365 1136 2434 Quodam
1177 2364 1265 2418 die
1293 2363 1457 2417 frater
1483 2361 1620 2430 ejus,
1655 2373 1775 2413 cum
1799 2356 1909 2427 jam
1936 2356 2080 2425 pari-

488 2467 576 2514 ter
604 2460 659 2515 in
701 2458 942 2514 custodia
973 2463 1307 2521 tenerentur,
1349 2454 1423 2507 ait
1452 2452 1528 2506 illi
1561 2470 1574 2505 :
1620 2449 1681 2506 Si
1709 2466 1800 2520 ego
1838 2448 1944 2502 hate
1986 2463 2078 2518 pro

485 2552 676 2606 meritis
710 2552 877 2622 patior
898 2559 1218 2621 peccatorum
1239 2563 1461 2600 meorum
1483 2563 1501 2612 ;
1524 2554 1598 2610 tu,
1629 2545 1776 2615 cujus
1803 2542 1956 2596 vitam
1981 2557 2078 2594 no-

485 2647 650 2700 vimus
672 2653 774 2697 tam
812 2653 996 2698 attente
1021 2643 1360 2713 ferventerque
1387 2639 1735 2704 christianum,
1763 2635 1942 2706 quibus
1964 2650 2076 2687 ma-

487 2737 553 2791 lis
593 2735 781 2790 meritis
823 2734 891 2788 ad
929 2735 1027 2788 ista
1075 2734 1344 2805 perductus
1387 2732 1474 2786 es?
1513 2730 1691 2784 Atille
1721 2745 1739 2782 :
1765 2727 2076 2792 Parvumne,

487 2829 668 2899 inquit,
699 2828 822 2882 mihi
850 2828 1106 2882 existimas
1141 2825 1361 2898 conferri
1404 2825 1643 2878 divinitus
1671 2821 2002 2891 beneﬁcium,
2034 2819 2080 2874 si

496 2933 660 2977 tamen
683 2923 777 2978 hoc
802 2922 1141 2976 testimonium
1171 2930 1310 2974 tuum
1342 2920 1403 2973 de
1425 2919 1526 2972 vita
1562 2934 1672 2971 mea
1701 2931 1875 2970 verum
1904 2923 1996 2980 est,
2026 2920 2080 2966 ut

489 3016 584 3070 hoc
611 3016 747 3087 quod
774 3015 959 3085 patior,
992 3015 1188 3069 etiamsi
1212 3030 1370 3084 usque
1407 3012 1474 3065 ad
1501 3010 1798 3078 effusionem
1821 3007 2081 3079 sanguinis

492 3107 679 3173 patiar,
729 3106 797 3159 ibi
844 3114 1046 3176 peccata
1071 3121 1182 3158 mea
1214 3106 1487 3174 puniantur
1509 3144 1524 3168 ,
1568 3117 1658 3156 nec
1698 3101 1822 3153 mihi
1847 3101 1915 3152 ad
1941 3099 2082 3169 futuo

491 3212 610 3249 rum
631 3195 886 3266 judicium
905 3195 1254 3250 reserventur?
1274 3193 1375 3246 Hic
1394 3195 1524 3262 forte
1546 3192 1748 3262 aliquis,
1771 3189 1952 3245 subdit
1972 3191 2083 3245 Au-

502 3287 769 3358 gustinus,
823 3287 997 3342 credat
1032 3305 1145 3341 eum
1182 3288 1340 3358 fuisse
1367 3287 1461 3340 sibi
1504 3287 1758 3340 conscium
1801 3285 2086 3355 aliquorum

496 3380 811 3434 occultorum
848 3379 1179 3448 impudicitia:
1227 3388 1562 3450 peccatorum.
1604 3377 1786 3432 Dicam
1810 3395 1927 3449 ergo
1963 3378 2089 3448 quid

497 3485 579 3523 me
625 3468 876 3524 Dominus
905 3468 1044 3524 Deus
1065 3511 1080 3535 ,
1117 3469 1184 3523 ad
1213 3486 1449 3542 magnam
1475 3485 1638 3523 meum
1670 3469 2081 3539 consolationem,

494 3575 564 3615 ea:
587 3560 698 3627 eius
726 3577 813 3614 ore
839 3561 1036 3626 audire,
1058 3569 1107 3615 et
1147 3561 1298 3632 plane
1322 3561 1450 3614 scire
1481 3560 1711 3615 voluerit.
1749 3559 1876 3616 Cum
1900 3562 1963 3616 de
1990 3561 2086 3617 hoc

499 3649 635 3722 ipso,
669 3661 724 3704 ut
747 3661 864 3706 sunt
885 3652 1128 3719 humana,
1147 3650 1395 3706 sollicitus
1427 3652 1564 3706 solus
1588 3669 1702 3706 cum
1729 3653 1836 3707 solo
1862 3670 2081 3724 agerem,

495 3743 605 3814 jam
650 3743 704 3796 in
743 3743 918 3797 eadem
947 3743 1174 3798 custodia
1207 3744 1496 3809 constituto,
1533 3760 1593 3796 ne
1619 3744 1741 3813 quid
1763 3753 1923 3809 esset,
1952 3744 2088 3798 unde

507 3850 702 3904 majore
741 3844 785 3888 et
819 3835 1093 3906 insigniore
1121 3835 1412 3906 paenitentia
1439 3833 1605 3889 Deum
1633 3835 1726 3889 sibi
1755 3836 1959 3906 placare
1999 3837 2087 3890 de-

510 3925 643 3980 beret
669 3943 688 3992 ,'
728 3926 834 3993 ille,
865 3935 921 3980 ut
961 3934 1066 3980 erat
1095 3927 1411 3980 verecundia:
1440 3925 1738 3998 singularis,
1763 3943 1875 3980 cum
1898 3929 2082 3998 ipsam,

497 4021 609 4075 licet
640 4019 847 4091 falsam,
871 4035 1035 4074 meam
1072 4020 1410 4091 suspicionem
1434 4019 1763 4087 erubesceret,
1795 4020 1884 4074 sed
1911 4019 2089 4076 admo-

506 4111 746 4164 nitionem
774 4110 1057 4180 gratissime
1079 4112 1346 4182 acciperet,
1378 4111 1599 4166 modeste
1625 4113 1939 4183 graviterque
1963 4114 2086 4166 sub-

495 4203 687 4264 ridens,
712 4212 757 4257 et
777 4211 985 4274 utraque
1009 4220 1164 4256 manu
1188 4220 1352 4258 meam
1381 4205 1639 4258 dexteram
1664 4205 2048 4275 apprehendens
2069 4222 2088 4259 :

496 4290 696 4360 Testor,
740 4293 937 4364 inquit,
997 4304 1313 4350 sacramenta
1361 4311 1473 4366 qua:
1513 4312 1602 4365 per
1647 4297 1778 4350 hanc
1815 4296 2091 4365 afferentur

503 4404 732 4454 manum,
780 4403 861 4441 nte
890 4386 1091 4442 nullum
1117 4405 1222 4442 esse
1248 4396 1512 4458 expertum
1540 4387 1878 4457 concubitum,
1909 4398 2090 4461 praeter

495 4487 724 4538 uxorem,
755 4487 846 4526 nec
870 4481 1005 4539 ante,
1033 4489 1122 4527 nec
1141 4482 1312 4542 postea
1343 4471 1534 4546 (Ibid.,
1557 4490 1610 4527 n.
1641 4469 1728 4546 9).

567 4565 621 4619 4.
669 4565 845 4634 Atque
900 4558 1299 4636 hzcc‘agebant
1327 4564 1685 4638 Carthagine;
1731 4584 1832 4639 qua
1861 4569 1915 4625 in
1955 4569 2087 4625 urbe

497 4657 685 4724 procul
709 4655 869 4710 dubio
894 4656 1082 4712 beatus
1111 4658 1434 4728 Augustinus
1455 4659 1565 4731 jam
1596 4669 1718 4717 ante
1742 4662 2084 4718 versabatur:

497 4761 676 4818 neque
701 4747 843 4802 enim
886 4748 1173 4803 verisimile
1197 4760 1315 4818 est,
1362 4767 1458 4822 per
1511 4761 1719 4825 tempus
1747 4755 1821 4810 illi
1853 4755 2087 4812 futurum

497 4836 664 4893 fuisse
711 4837 936 4894 liberum
973 4839 1100 4896 illuc
1145 4857 1208 4897 ex
1251 4844 1523 4914 proposito
1570 4861 1690 4901 sese
1733 4847 1999 4903 conferre.
2039 4847 2086 4905 ls

494 4945 659 5001 porro
705 4929 837 4984 nihil
876 4931 1088 5003 reliquit
1124 4933 1437 4992 intentatum
1460 4978 1474 5005 ,
1505 4947 1562 4992 ut
1589 4938 1824 4994 Marinus
1849 4956 1917 4996 ne
1945 4940 2085 4996 Mar-

495 5022 676 5079 cellini
721 5038 855 5080 nece
901 5040 996 5081 eor
1045 5027 1302 5086 Ecclesiae
1349 5029 1535 5087 dolore
1575 5034 1918 5102 percelleret,
1950 5051 2087 5092 neve

492 5130 646 5170 suam
679 5116 846 5186 ipsius
878 5117 1110 5174 animam
1154 5129 1302 5176 tanto
1341 5123 1545 5179 scelere
1583 5125 1887 5196 perimeret.
1947 5127 2086 5196 Quin

491 5203 810 5264 Caecilianus
840 5210 954 5279 ipse
978 5253 993 5279 ,
1040 5226 1199 5282 quem
1226 5214 1494 5270 nonnullae
1524 5216 1760 5273 rationes
1786 5218 2085 5291 suspicione

493 5313 796 5372 procurata:
818 5303 975 5374 hujus
995 5305 1314 5362 detentionis
1334 5311 1648 5377 onerabant,
1683 5312 1936 5368 Ecclesiae
1966 5328 2085 5381 pre-

494 5394 646 5450 cibus
675 5410 800 5451 suas
820 5395 1117 5466 conjunxit,
1145 5413 1373 5470 cumque
1398 5401 1658 5462 Marinum
1685 5419 1829 5473 saepe
1845 5406 2083 5460 monuis-

493 5496 597 5555 set,
638 5503 782 5558 sarpe
827 5489 1142 5559 suppliciter
1185 5502 1409 5559 orasset,
1451 5510 1600 5565 spem
1628 5495 1846 5550 lretioris
1873 5511 2086 5558 succes-

495 5593 587 5634 sus
609 5580 926 5637 ostendebat
953 5597 1061 5638 non
1088 5584 1355 5654 exiguam.
1388 5587 1667 5657 EpiscOpis
1691 5585 1915 5644 subinde
1935 5593 2082 5647 atlir-

499 5672 702 5740 mabat,
726 5689 941 5732 omnem
969 5691 1027 5734 se
1051 5692 1277 5749 operam
1299 5687 1456 5750 atque
1482 5678 1796 5735 industriam
1827 5683 1880 5738 in
1907 5683 1958 5739 id
1984 5701 2083 5742 ne-

493 5765 632 5836 getli
659 5766 935 5838 conferre;
967 5785 996 5827 a
1016 5771 1208 5842 quibus
1250 5771 1410 5829 etiam
1441 5771 1572 5829 illud
1603 5773 1821 5832 omnino
1847 5777 1911 5835 ad
1937 5794 2082 5837 amo-

1582 297 1742 354 ma
1777 294 1835 353 s.
1875 285 2238 352 AUGUSTINI
2276 282 2594 346 EPISCOPl.
3589 298 3666 358 ιω

2185 406 2417 464 liendam
2443 405 2538 460 abs
2561 417 2620 459 se
2646 400 2897 457 invidiam
2924 400 3273 460 necessarium
3299 416 3425 474 esse,
3446 409 3665 472 coan

2183 501 2357 556 batur.
2387 497 2550 553 Multa
2579 496 2937 568 praeclaraque
2985 495 3317 567 promittebat
3351 497 3578 570 Marinus;
3599 508 3666 564 sed

2183 610 2249 651 eo
2282 602 2507 658 tantum,
2526 600 2586 647 ut
2610 591 2784 647 fucum
2807 590 3007 647 faceret
3033 591 3362 660 antistitibus,
3379 609 3468 652 neu
3489 597 3665 670 captivos

2183 704 2213 743 e
2263 687 2487 743 vinculis
2529 686 2844 742 eximerent.
2891 685 3002 740 Hoc
3041 686 3232 757 quippe
3265 686 3371 742 ﬁeri
3392 691 3455 742 ab
3480 691 3532 747 iis
3555 713 3666 768 posse

2183 777 2529 842 credebatur,
2562 778 2674 834 sive
2719 776 3101 834 intercessione
3139 787 3293 849 atque
3316 779 3572 843 interventu
3597 792 3666 848 Ec.

2184 873 2364 929 elesiaa
2394 873 2537 944 apud
2583 873 2959 943 Imperatorem
2985 912 2999 935 ,
3030 871 3142 927 sive
3173 872 3324 928 etiam
3354 874 3556 934 adhibita
3576 898 3669 940 non.

2183 965 2330 1021 nulla
2377 964 2626 1020 violentia
2653 1007 2668 1031 ,
2716 962 2858 1035 quod
2906 963 3150 1020 videntur
3189 979 3250 1020 ea
3292 968 3445 1022 sancti
3484 969 3668 1031 Praesulis

2183 1056 2345 1112 verba
2419 1056 2750 1127 significare,
2813 1055 3165 1111 Ecclesiastiea
3217 1073 3386 1112 manus
3431 1073 3566 1131 posset
3614 1085 3670 1123 eos

2184 1151 2376 1221 eripere
2415 1149 2611 1224 (Ibid,
2659 1168 2713 1204 η.
2750 1150 2840 1224 5).
2889 1153 3059 1220 Atque
3094 1164 3210 1206 eam
3251 1152 3317 1208 ob
3350 1167 3470 1222 rem,
3519 1165 3564 1212 ut
3592 1161 3668 1230 epi-

2183 1257 2464 1313 scoporum
2508 1257 2648 1298 unus
2695 1243 2761 1298 ad
2801 1242 3219 1313 Imperatorem,
3270 1244 3469 1300 fratrum
3515 1257 3666 1307 acturus

2183 1351 2416 1403 causam,
2466 1336 2764 1393 mitteretur
2785 1377 2800 1403 ,
2832 1351 2940 1392 non
2967 1336 3236 1391 consensit
3272 1337 3438 1405 modo,
3460 1339 3539 1394 sed
3557 1343 3663 1400 etiam

2182 1427 2353 1497 petiit,
2379 1427 2694 1498 promittens
2724 1427 2948 1494 interea,
2975 1425 3147 1482 donec
3170 1426 3333 1482 factus
3357 1439 3482 1484 esset
3503 1433 3658 1501 certior,

2183 1519 2310 1590 quid
2337 1521 2531 1576 missus
2555 1521 2839 1591 episcopus
2880 1520 3233 1590 impetrasset,
3262 1520 3374 1591 ejus
3398 1538 3451 1578 se
3481 1528 3668 1596 cognitio-

2183 1627 2307 1667 nem
2332 1613 2722 1682 ampliaturum.
2752 1611 3058 1666 Destinatus
3081 1626 3272 1667 revera
3301 1612 3393 1666 fuit
3416 1613 3474 1668 ad
3493 1615 3658 1674 Comita-

2183 1715 2294 1758 tum
2335 1720 2454 1759 cum
2496 1705 2720 1760 diacono
2747 1703 2961 1775 quidam
2987 1703 3297 1774 episcopus;
3327 1704 3463 1775 isque
3487 1705 3661 1767 fratribus

2182 1811 2291 1851 non
2318 1796 2526 1851 veniam
2556 1795 2769 1866 quidem
2799 1793 3044 1862 obtinuit,
3075 1810 3142 1849 ne
3163 1793 3401 1850 videlicet
3422 1810 3566 1851 eorum
3583 1801 3658 1853 exi-

2183 1888 2414 1942 stimatio
2448 1888 2534 1943 vel
2579 1887 2725 1943 tenui
2754 1887 3057 1957 suspicione
3095 1885 3390 1954 laederetur,
3416 1904 3562 1944 verum
3589 1890 3660 1946 lla-

2181 1980 2300 2035 rino
2327 1981 2506 2036 comiti
2533 1983 2811 2051 imperata,
2843 1988 2902 2034 ut
2919 1979 3311 2050 quamprimum
3337 1995 3423 2034 eos
3439 1981 3663 2045 dimitteret.

2183 2086 2355 2142 neque
2381 2071 2487 2125 ulla
2515 2087 2671 2141 poena
2698 2071 2778 2125 vel
2809 2070 3008 2141 injuria
3034 2069 3288 2127 alliceret.
3317 2070 3415 2127 Sed
3438 2087 3664 2144 responsum

2184 2162 2523 2232 Imperatoris
2545 2163 2814 2234 praevertit
2836 2161 3047 2219 Comes.

2253 2255 2306 2310 5.
2349 2255 2528 2311 Tertio
2565 2256 2652 2312 die
2677 2265 2801 2312 ante
2828 2257 3054 2312 natalem
3084 2257 3332 2330 martyris
3365 2257 3582 2330 Cypriani,
3601 2257 3666 2316 hoc

2184 2354 2268 2400 est
2287 2387 2303 2407 .
2325 2347 2494 2416 pridie
2515 2348 2634 2404 idus
2659 2349 2980 2419 septembris
3004 2390 3020 2416 ,
3051 2349 3234 2406 invisit
3258 2349 3534 2406 Caecilianus
3553 2353 3669 2423 Angu-

2185 2437 2404 2506 stinum,
2432 2439 2588 2510 eique
2626 2455 2795 2511 spem,
2821 2456 2978 2512 quam
3009 2457 3244 2512 unquam
3281 2453 3443 2510 antea,
3477 2443 3665 2499 meliorem

2184 2527 2370 2583 dedit:
2410 2529 2636 2586 Romam
2680 2533 2824 2587 enim
2867 2532 3228 2602 profecturum
3264 2548 3377 2590 sese
3418 2534 3665 2603 propediem,

2184 2633 2507 2691 sperareque
2532 2621 2667 2676 adeo
2695 2622 2818 2691 sibi,
2846 2623 3155 2695 priusquam
3185 2623 3478 2691 discederet,
3501 2624 3596 2682 illud
3612 2623 3669 2680 be-

2184 2715 2360 2772 neficii
2403 2716 2669 2772 Comitem
2717 2732 2838 2774 esse
2875 2733 3278 2775 concessurum.
3323 2720 3471 2775 Beato
3507 2718 3669 2774 Antistiti

2186 2819 2463 2881 persancte
2487 2809 2773 2867 aflirmavit
2795 2853 2810 2880 ,
2839 2827 2899 2868 se
2933 2811 3140 2868 Marino
3179 2828 3296 2868 cum
3321 2812 3384 2868 ad
3419 2813 3536 2867 illum
3559 2810 3671 2867 venis-

2185 2911 2288 2969 set,
2321 2912 2510 2973 aperte
2535 2903 2861 2971 declarasse,
2893 2901 3308 2960 familiaritatem
3331 2904 3479 2972 illam,
3500 2919 3577 2974 qua
3595 2917 3670 2957 sese

2189 3001 2297 3048 tam
2329 2993 2700 3064 frequentibus
2746 2995 3026 3066 colloquiis
3076 2996 3418 3068 dignabatur,
3459 2994 3500 3050 si
3531 2993 3665 3066 quidem

2189 3087 2353 3143 hosce
2379 3087 2570 3145 fratres
2599 3088 2947 3144 damnaturus
2975 3098 3157 3157 esset,
3179 3089 3279 3145 sibi
3308 3105 3406 3144 non
3432 3083 3667 3151 honori,sed

2191 3181 2385 3236 damno
2415 3182 2648 3238 futuram
2678 3183 2835 3254 longe
2862 3183 3095 3238 maximo
3123 3201 3135 3236 :
3165 3184 3358 3239 etenim
3383 3198 3487 3238 cum
3505 3180 3668 3236 obscura

2191 3286 2372 3332 essent
2399 3277 2622 3346 nemini,
2653 3293 2774 3348 qua:
2799 3277 2900 3332 sibi
2929 3293 3048 3332 cum
3071 3279 3178 3333 illis
3200 3275 3566 3338 intercedebant,
3587 3272 3670 3326 alieo

2190 3371 2421 3426 nationis
2441 3386 2617 3426 causa:
2642 3412 2657 3438 ,
2689 3386 2879 3427 omnes
2921 3371 3073 3427 facile
3099 3371 3417 3437 credituros,
3444 3385 3494 3426 se
3527 3381 3599 3423 nec
3623 3365 3674 3419 itt-

2191 3461 2435 3520 consulto
2461 3476 2562 3516 nec
2585 3461 2932 3517 dissentiente
2957 3473 3173 3532 captum
3202 3463 3460 3533 utriusque
3479 3460 3532 3516 de
3561 3453 3674 3512 medio

2192 3552 2412 3607 tollendi
2441 3551 2742 3607 consilium.
2776 3551 3014 3622 Denique
3047 3569 3211 3608 manu
3243 3554 3306 3608 ad
3335 3553 3485 3607 altare
3508 3553 3676 3622 porreeta

2193 3641 2472 3713 dejeravit,
2495 3659 2623 3698 vere
2652 3659 2711 3699 se
2736 3643 2940 3698 Marino
2961 3643 3164 3701 dixisse
3182 3660 3242 3700 ea
3263 3645 3446 3708 omnia,
3463 3641 3608 3714 quibus
3622 3636 3677 3690 ille

2193 3735 2327 3792 adeo
2367 3745 2642 3808 permotus
2671 3737 2772 3793 sibi
2805 3737 2952 3793 visus
2981 3737 3082 3804 sit,
3118 3747 3178 3794 ut
3217 3737 3425 3793 minime
3460 3733 3676 3794 dubitaret,

2192 3830 2320 3901 quin
2351 3831 2631 3886 amborum
2662 3831 2814 3886 venia
2857 3847 2953 3901 pro
2991 3831 3184 3887 viatico
3207 3874 3221 3897 ,
3257 3831 3306 3887 id
3348 3838 3456 3894 est,
3481 3835 3677 3884 munerum

2194 3923 2403 3978 illorum
2436 3923 2575 3991 loco,
2605 3923 2798 3994 quibus
2824 3923 3011 3978 donari
3038 3923 3284 3979 solebant
3308 3919 3451 3978 amici
3475 3913 3674 3976 disceden-

2195 4025 2294 4084 tes,
2327 4017 2427 4071 sibi
2457 4016 2525 4071 ab
2549 4032 2616 4072 eo
2653 4016 3064 4072 concederetur.
3090 4017 3296 4085 Quibus
3332 4015 3525 4079 auditis,
3547 4011 3678 4065 fatetur

2194 4111 2520 4181 Augustinus
2546 4111 2646 4166 sibi
2673 4120 2778 4166 tam
2811 4118 2959 4167 certo
2987 4125 3300 4181 persuasum
3325 4110 3486 4174 fuisse,
3509 4098 3676 4162 Caecilia-

2195 4221 2321 4260 num
2344 4204 2635 4260 liberandis
2656 4206 2720 4261 iis
2743 4205 2983 4261 sedulam
3013 4220 3234 4276 operam
3257 4219 3318 4260 ac
3342 4204 3561 4259 sinceram
3587 4205 3678 4265 pm-

2194 4306 2338 4353 stare
2366 4339 2380 4364 ,
2414 4306 2473 4352 ut
2515 4313 2632 4352 eam
2663 4298 2970 4368 opinionem
3009 4298 3170 4354 etiam
3209 4297 3319 4352 viso
3365 4305 3459 4350 tam
3488 4280 3680 4347 contrario

2196 4388 2338 4444 exitu
2365 4403 2472 4443 non
2503 4388 2730 4444 exuerit.
2756 4388 3044 4445 Enimvero
3066 4431 3082 4457 ,
3111 4405 3230 4444 cum
3257 4385 3491 4459 postridie
3513 4381 3590 4452 ejus
3606 4370 3676 4429 ἆίεί

2194 4480 2487 4551 accepisset
2511 4523 2526 4546 ,
2554 4489 2835 4551 utrumque
2860 4497 3075 4537 carcere
3098 4480 3342 4537 eductum
3365 4520 3380 4546 ,
3409 4475 3469 4532 ad
3498 4468 3675 4530 Comitem

2196 4573 2474 4628 sententiae
2503 4573 2906 4643 pronuntiandae
2935 4588 3094 4628 causa
3135 4571 3433 4643 perductum
3454 4578 3575 4628 esse;
3600 4570 3683 4628 ρετ·

2194 4665 2374 4720 culsus
2425 4664 2638 4734 quidem
2687 4663 2784 4719 fuit
2830 4681 2935 4720 non
2983 4665 3368 4721 mediocriter:
3406 4659 3685 4716 verumtamen

2193 4755 2259 4810 iis
2289 4797 2304 4823 ,
2332 4770 2451 4825 qua:
2490 4753 2734 4810 audierat
2757 4771 2824 4812 ex
2852 4757 3133 4813 Caeciliano
3151 4799 3166 4825 ,
3200 4755 3542 4814 conﬁrmatus,
3565 4745 3686 4811 dell“

2196 4861 2381 4903 eorum
2427 4845 2742 4904 liberatione
2772 4857 2975 4903 tantum
3003 4865 3108 4904 non
3136 4858 3310 4905 certus
3331 4887 3347 4914 ,
3375 4841 3593 4900 Comitem
3613 4828 3686 4887 exi-

2194 4939 2432 4995 stimavit
2457 4939 2714 5012 Cypriani
2754 4943 3007 5014 martyris
3030 4942 3357 5014 pervigilium
3383 4953 3444 4994 eo
3474 4929 3684 4999 delegisse.

2193 5040 2253 5087 ut
2281 5031 2440 5089 tidem
2461 5048 2613 5088 suam
2641 5033 2930 5090 Caeciliano
2958 5035 3227 5101 liberaret,
3255 5042 3404 5103 atque
3429 5030 3487 5083 ita
3507 5015 3688 5113 fidelibus

2194 5124 2298 5180 hoc
2346 5125 2620 5196 inopinato
2666 5135 2866 5182 eventu
2917 5125 3222 5182 exhilaratis
3277 5123 3341 5179 ad
3384 5122 3533 5177 locum
3568 5113 3689 5168 sancit

2191 5216 2436 5289 Martyris
2461 5217 2794 5288 ascenderet,
2823 5219 3074 5289 parcendi
3113 5216 3419 5289 benignitate
3436 5254 3450 5280 ,
3469 5219 3596 5281 quam

2192 5310 2404 5367 cidendi
2446 5321 2711 5382 potestate
2741 5312 3042 5368 sublimior.
3092 5310 3195 5368 Sed
3240 5308 3430 5365 Marino
3466 5303 3592 5368 longe
3618 5289 3689 5388 alia

2192 5416 2345 5458 mens
2370 5412 2520 5470 erat;
2550 5403 2777 5458 necdum
2803 5402 2947 5458 enim
2979 5403 3200 5458 licuerat
3235 5393 3521 5469 Augustino,
3541 5395 3633 5455 qua?
3652 5389 3690 5470 ιξι

2192 5511 2255 5552 ea
2283 5498 2579 5568 quaestione
2608 5505 2944 5570 gererentur,
2976 5494 3264 5560 sciscitari,
3293 5505 3404 5548 cum
3424 5499 3534 5581 860?
3557 5467 3690 5581 “PE

2194 5565 2362 5648 fertur
2385 5591 2455 5646 de
2485 5565 2707 5647 fratrum
2736 5591 2996 5663 supplicio
3036 5589 3199 5646 tristis
3227 5584 3446 5642 nuntius.
3481 5565 3688 5663 Siquid”-m

2151 5677 2158 5699 '
2190 5699 2311 5740 cum
2344 5684 2476 5740 nihil
2504 5700 2656 5756 mque
2686 5659 2959 5741 vere-retur
2982 5685 3172 5741 Comes
3192 5722 3208 5750 ,
3237 5693 3386 5751 quam
3411 5687 3473 5728 ne
3495 5659 3686 5722 Ecclesw

2197 5777 2496 5836 interventu
2543 5791 2653 5835 suae
2699 5777 2998 5836 crudelitati
3040 5777 3392 5848 eriperentur,
3437 5757 3684 5827 υιτυωςικο
