3838 6258
127 412 216 472 ηις
1419 395 1623 455 LIBER
1658 396 2010 458 SEPTIMUS.

131 542 236 588 cum
275 522 320 579 id
358 519 564 577 minime
611 516 1038 590 exspectabatur,
1084 512 1388 580 damnavit,
1436 522 1595 586 atque
1621 529 1653 570 e

136 615 320 688 vestigio
358 610 581 668 trnncari
607 609 798 682 jussit.
822 607 956 677 Quin
979 606 1134 662 etiam
1167 620 1272 677 quo
1298 605 1466 676 magis
1492 620 1655 676 nego-

136 716 237 770 tium
261 715 611 771 maturaretur,
642 704 826 759 locum
864 701 1033 758 eidem
1061 701 1350 772 assignavit
1379 701 1522 770 prius
1548 715 1655 756 non

127 805 355 862 hominum
380 797 669 870 suppliciis,
692 795 790 852 sed
811 795 954 850 urbis
973 803 1287 849 ornamento
1311 793 1651 849 destinatum.

124 895 302 954 Etenim
321 892 684 947 damnatorum
715 889 968 960 sanguine
998 902 1264 957 nunquam
1293 895 1448 941 antea
1484 883 1656 941 fuerat

125 990 403 1051 funestatus,
428 983 526 1038 nisi
554 981 700 1052 quod
729 982 910 1052 paucis
937 988 1060 1034 ante
1087 979 1274 1034 diebus
1303 993 1423 1034 reos
1452 979 1656 1050 aliquot

129 1079 367 1151 capitalem
396 1074 462 1129 ibi
491 1089 709 1144 pcenam
735 1073 880 1128 luere
905 1070 1177 1136 voluerat;
1225 1069 1382 1140 idque
1405 1070 1472 1126 de
1502 1071 1655 1126 indu-

134 1171 247 1227 stria
265 1169 426 1222 factum
459 1163 527 1218 ab
554 1164 654 1218 illo
682 1161 1147 1234 persuasissimum
1173 1160 1289 1226 fuit,
1323 1171 1379 1216 ut
1411 1177 1477 1216 ne
1504 1162 1654 1217 vide-

137 1265 245 1320 licet
277 1273 491 1331 peream
529 1256 729 1312 ibidem
772 1255 1077 1312 Marcellino
1099 1297 1114 1321 ,
1160 1254 1237 1309 rei
1288 1254 1654 1326 indignitatem

130 1355 460 1421 honoremque
500 1349 604 1403 loci
649 1357 868 1420 augeret
906 1348 1206 1403 insolentia.
1251 1346 1366 1402 Non
1418 1350 1560 1404 enim
1603 1350 1655 1406 ei

125 1456 307 1520 poterat
323 1459 428 1500 esse
444 1443 748 1508 obscurum,
770 1457 927 1514 quam
948 1441 1187 1496 luctuosa
1208 1441 1460 1497 Ecclesia:
1481 1443 1654 1497 futura

125 1549 247 1594 esset
280 1553 335 1593 ea
373 1534 668 1601 damnatio;
696 1550 801 1607 qua
839 1543 1035 1589 sancta:
1077 1534 1152 1588 illi
1185 1536 1339 1588 matri
1365 1537 1653 1591 cruciatum

123 1631 290 1685 inferre
310 1645 406 1684 non
427 1629 652 1692 veritus,
681 1642 751 1684 eo
777 1628 1003 1699 graviori
1045 1627 1246 1683 scelere
1282 1645 1340 1683 se
1365 1629 1650 1700 obligavit,

121 1719 241 1792 quod
286 1720 442 1789 ipsum
481 1719 620 1774 inter
641 1718 758 1788 ejus
799 1719 936 1773 ﬁlios
977 1719 1233 1775 retulerat
1257 1722 1459 1790 accepti
1496 1723 1564 1776 ab
1591 1737 1652 1778 ea

123 1813 338 1883 Baptismi
365 1812 698 1868 beneficium.
746 1812 954 1880 Frater,
984 1816 1134 1883 cujus
1161 1814 1248 1869 ille
1273 1816 1553 1870 consilium
1599 1819 1652 1873 in

121 1914 247 1960 tanto
272 1905 458 1959 scelere
481 1913 698 1960 secutus
719 1913 804 1960 est
827 1946 842 1970 ,
871 1909 1137 1976 quondam
1165 1906 1217 1960 in
1251 1907 1439 1976 capitis
1466 1907 1653 1964 discri-

130 1999 254 2053 mine
270 1998 562 2052 constitutus
591 1995 877 2066 confugere
904 1998 970 2052 ad
993 1998 1242 2053 Ecclesiae
1266 2014 1421 2070 Opem
1439 2011 1652 2058 coactus

120 2088 265 2144 fuerat
287 2108 298 2143 :
321 2090 418 2145 imo
437 2105 564 2145 vero
586 2090 818 2146 Marinus
839 2091 972 2162 ipse,
995 2107 1115 2147 cum
1141 2092 1424 2162 aliquando
1446 2097 1650 2163 patroni

119 2183 388 2238 incurrisset
413 2183 670 2237 offensam
702 2182 720 2250 (
746 2183 790 2238 is
815 2185 956 2238 enim
1001 2183 1266 2253 insperata
1307 2184 1555 2240 felicitate
1583 2186 1651 2242 ad

119 2282 289 2329 tantam
310 2274 586 2345 potentiam
617 2274 978 2344 devenerat),
1012 2274 1271 2330 Ecclesia:
1299 2277 1649 2346 patrocinium

117 2366 321 2422 beneficii
347 2368 456 2423 loco
478 2367 884 2438 imploraverat,
913 2368 1055 2439 quod
1079 2369 1154 2423 illi
1178 2384 1509 2440 nequaquam
1536 2370 1650 2427 fue-

113 2470 180 2514 rat
203 2459 510 2530 denegatum.

171 2553 216 2608 6.
251 2552 506 2608 Nitebatur
538 2553 756 2624 quidem
795 2563 1063 2624 praecepto
1093 2554 1466 2626 Imperatoris,
1505 2557 1649 2626 quod

111 2644 195 2699 sibi
237 2659 322 2714 per
345 2644 540 2700 litteras
565 2645 919 2716 significatum
946 2645 1263 2716 prmdicabat
1282 2688 1295 2712 ,
1323 2647 1647 2718 obsequendi

114 2737 442 2792 necessitatem
469 2736 762 2792 obtendere
789 2755 804 2791 :
835 2737 929 2792 sed
955 2737 1097 2808 quod
1139 2738 1341 2808 legatus
1369 2739 1647 2809 episcopus

116 2828 178 2883 ab
202 2828 492 2899 imperatore
518 2830 826 2886 mandatum
865 2831 1020 2901 plane
1048 2831 1369 2886 contrarium
1396 2831 1643 2900 obtinuit,

115 2918 164 2973 id
204 2935 320 2974 vero
361 2921 701 2990 plenissimum
742 2920 867 2977 fecit
919 2920 1139 2976 Comitis
1178 2922 1532 2977 mendacium.
1580 2923 1647 2978 Et

108 3022 240 3066 certe
265 3013 495 3068 continuo
531 3024 812 3069 revocatus
837 3029 904 3069 ex
932 3013 1108 3068 Africa
1126 3055 1139 3078 ,
1167 3024 1220 3068 et
1252 3029 1472 3069 munere
1499 3015 1644 3069 omni

102 3119 154 3159 ac
192 3104 424 3175 dignitate
446 3107 704 3177 spoliatus
723 3149 736 3173 ,
773 3107 1112 3162 conscientia:
1138 3108 1365 3177 propriae
1385 3149 1399 3172 ,
1441 3117 1498 3162 ut
1524 3124 1642 3164 eam

100 3199 386 3265 pauitantia:
414 3214 521 3255 sua:
549 3201 633 3256 vel
661 3215 833 3270 plena:
864 3208 1051 3256 testem
1078 3199 1324 3265 haberet,
1357 3201 1643 3269 permissus

100 3298 166 3342 est
192 3287 438 3362 (Orosius,
465 3290 711 3346 Historiae
737 3292 824 3346 lib.
857 3293 910 3357 7,
941 3309 1056 3363 cap.
1083 3293 1152 3348 42
1169 3293 1208 3363 ).
1236 3292 1387 3359 Quod
1415 3293 1482 3347 ad
1502 3293 1641 3348 Mar-

98 3379 337 3447 cellinum,
378 3382 423 3436 is
459 3382 676 3454 quidem
720 3383 828 3438 vita
865 3383 1058 3448 cessit,
1087 3399 1191 3437 non
1230 3384 1481 3438 virtutum
1517 3399 1640 3439 sua-

96 3483 189 3524 rum
207 3472 374 3540 modo,
396 3484 834 3544 susceptorumve
854 3489 950 3544 pro
971 3474 1208 3530 Ecclesia
1237 3474 1475 3529 laborum
1501 3490 1643 3530 mer-

94 3561 244 3617 cedem
267 3579 328 3620 ac
356 3565 606 3629 fructum,
624 3565 718 3621 sed
744 3567 902 3621 etiam
923 3567 1168 3622 meritam
1193 3565 1362 3622 effuso
1387 3568 1642 3638 sanguine

93 3655 302 3726 martyris
327 3656 563 3712 lauream
594 3668 937 3728 recepturus;
961 3674 1067 3730 quo
1089 3673 1212 3714 eum
1243 3660 1456 3713 nomine
1478 3659 1642 3716 donat

92 3744 291 3803 Ecclesia
311 3750 361 3805 in
389 3750 636 3806 Romano
665 3751 1066 3823 Martyrologio:
1097 3752 1183 3807 ubi
1203 3767 1298 3807 cur
1317 3762 1502 3806 octavo
1523 3753 1641 3810 idus

91 3836 251 3902 apriles
271 3841 574 3896 celebretur
601 3841 718 3911 ejus
746 3843 1024 3909 memoria,
1049 3858 1262 3897 causam
1294 3842 1378 3897 vel
1405 3843 1638 3898 auctori-

92 3937 223 3984 tatem
248 3933 443 3988 nnllam
463 3934 713 3989 afferunt.
741 3935 1027 3991 Enimvero
1047 3936 1192 3990 illum
1218 3935 1392 3992 idibus
1412 3947 1642 4006 septem-

92 4017 178 4075 bris
210 4025 366 4093 pridie
401 4027 654 4082 videlicet
681 4031 796 4098 ejus
820 4029 958 4094 diei,
990 4029 1080 4098 qui
1115 4028 1364 4098 Cypriani
1396 4029 1640 4098 passione

94 4111 303 4172 solemnis
328 4129 464 4186 erat,
488 4133 798 4188 percussum
828 4119 1072 4176 vidimus.
1100 4119 1252 4186 Quod
1275 4126 1332 4174 ut
1356 4121 1636 4186 constabit,

95 4200 274 4263 dubium
314 4212 520 4266 nullum
567 4214 702 4277 erit,
744 4215 868 4284 quin
913 4213 1031 4283 cjus
1081 4213 1354 4284 percussio
1403 4214 1640 4268 evenerit

96 4299 303 4362 presenti
323 4317 499 4368 anno;
527 4318 650 4358 cum
691 4313 744 4358 et
769 4303 1119 4359 defectionem
1146 4303 1442 4358 Heracliani
1464 4303 1533 4358 sit
1551 4319 1640 4359 se-

92 4397 226 4456 cuta,
249 4404 296 4450 et
318 4398 667 4452 antecesserit
703 4397 872 4467 legem
917 4407 1035 4466 post
1072 4396 1274 4451 obitum
1323 4396 1438 4465 ejus
1485 4397 1640 4451 tertio

90 4479 308 4539 kalendas
363 4489 680 4559 septembris
730 4488 853 4541 anui
903 4486 1405 4558 quadringentesimi
1451 4486 1641 4541 decimi

95 4575 247 4640 qnarti
267 4577 427 4636 datam
446 4583 515 4636 ab
541 4581 800 4647 Honorio,
828 4595 930 4651 qua
958 4580 1004 4635 is
1027 4589 1177 4650 gesta
1201 4579 1529 4644 Collationis,
1555 4578 1641 4633 cui

96 4661 394 4726 Marcellinus
418 4673 740 4741 praefuerat,
771 4673 971 4728 habere
999 4673 1110 4726 vult
1141 4681 1447 4741 perpetuam
1472 4669 1638 4724 firmi-

89 4763 233 4812 tatem
272 4758 292 4826 (
312 4758 478 4818 Codice
512 4763 743 4833 Theod.,
775 4765 838 4818 de
865 4763 1160 4830 Hcereticis,
1191 4762 1298 4834 lege
1325 4762 1450 4834 55).
1481 4761 1642 4818 lsthic

88 4844 380 4921 Imperator,
409 4866 468 4909 ut
495 4855 945 4910 existimationem
977 4854 1116 4910 illius
1137 4895 1151 4919 ,
1177 4869 1478 4924 quanquam
1519 4867 1640 4922 per-

87 4934 335 4999 duellionis
376 4947 558 5016 specie
600 4945 885 5013 trucidati,
920 4956 1115 5001 sartam
1159 4955 1350 5001 tectam
1401 4945 1540 5001 velle
1582 4958 1641 5000 se

85 5034 315 5104 ostendat,
346 5038 524 5109 ipsum
551 5040 856 5110 spectabilis
882 5039 1154 5095 memoriae
1177 5043 1348 5092 virum
1369 5038 1636 5108 appellat:

89 5123 374 5193 Augustinus
390 5147 526 5187 vero
545 5131 794 5186 eumdem
811 5147 916 5188 non
944 5131 1202 5200 religiosa:
1219 5139 1423 5186 tantum
1443 5130 1632 5204 (Epist.

91 5212 206 5282 166,
227 5236 274 5274 n.
301 5222 363 5286 7;
392 5221 566 5293 Epist.
597 5222 720 5288 169,
753 5241 806 5278 n.
837 5221 965 5296 15),
996 5222 1090 5278 sed
1118 5223 1279 5277 etiam
1305 5231 1501 5277 sanctae
1529 5237 1639 5278 me-

87 5307 242 5363 morie
273 5311 423 5368 titulo
456 5314 704 5369 nobilitat
731 5313 840 5386 (De
870 5313 1072 5369 Natura
1101 5324 1148 5368 et
1178 5313 1383 5381 Gratia,
1414 5333 1466 5368 η.
1497 5314 1637 5385 25);

85 5397 212 5466 cujus
234 5404 386 5459 amici
431 5405 541 5459 sibi
578 5404 874 5460 charissimi
901 5404 1095 5474 (Epist.
1140 5405 1262 5470 190,
1293 5423 1346 5458 n.
1379 5406 1473 5475 20)
1507 5415 1561 5459 et
1587 5404 1640 5458 in

83 5484 251 5547 Christi
273 5494 540 5551 charitate
573 5496 856 5564 gratissimi
886 5495 1096 5568 (Epist.
1126 5496 1228 5551 166
1247 5536 1261 5560 ,
1291 5513 1345 5549 η.
1377 5495 1443 5565 6)
1472 5495 1639 5550 inter-

86 5577 197 5636 itum
219 5583 509 5655 deplorans
535 5602 549 5638 :
582 5585 706 5650 Quae
729 5586 828 5650 illi,
854 5587 947 5652 ait,
979 5587 1201 5658 probitas
1224 5589 1277 5638 in
1303 5585 1522 5638 moribus
1541 5626 1557 5650 ,
1586 5585 1640 5638 in

82 5672 277 5730 (lautitia
302 5678 452 5748 ﬁdes,
479 5679 539 5732 in
559 5677 787 5732 doctrina
813 5679 1054 5748 studium,
1086 5681 1138 5734 in
1163 5678 1405 5750 religione
1430 5677 1639 5731 sinceri-

87 5772 185 5828 ιαι,
204 5771 254 5822 in
277 5771 521 5842 conjugio
565 5769 834 5839 pudicitia,
863 5771 916 5825 in
931 5771 1128 5844 judicio
1155 5771 1500 5836 continentia;
1525 5787 1642 5840 erga

85 5852 284 5915 iuncos
305 5861 559 5934 patientia
574 5902 590 5927 ,
619 5877 742 5934 erga
764 5862 946 5918 anticus
971 5863 1262 5933 affabilitas,
1293 5880 1411 5938 erga
1439 5869 1640 5919 sanctos

1764 513 2040 584 haurimus,
2067 531 2186 588 erga
2213 533 2382 574 onum
2403 518 2619 579 charitas
2632 540 2654 591 ;
2680 522 2736 580 in
2760 526 3010 600 beneﬁciis
3036 538 3340 604 priestandis

1762 607 2000 677 facilitas,
2025 609 2079 662 in
2099 609 2323 681 petendis
2352 612 2536 682 pudor,
2556 614 2610 668 in
2631 625 2758 671 recte
2783 618 2933 690 factis
2958 638 3120 693 amor,
3142 627 3196 682 in
3226 645 3349 699 pec-

1760 700 1885 754 catis
1904 700 2083 757 dolor!
2105 702 2360 770 Quantum
2382 708 2534 764 decus
2559 711 2847 782 honestatis,
2869 719 2955 790 qui
2971 722 3211 792 splendor
3228 742 3347 795 gra-

1763 792 1864 858 tim,
1887 810 1999 865 qua:
2017 812 2138 849 cura
2159 798 2382 868 pietatis!
2410 799 2538 866 ρυω
2555 802 2607 857 in
2630 804 2958 864 subveniendo
2977 792 3339 884 misericordia,

1759 884 1813 939 in
1841 886 2142 973 ignoscendo
2169 893 2522 962 benevolentia,
2549 897 2602 950 in
2618 899 2812 954 orando
2833 901 3061 970 ﬁducia!
3088 908 3237 973 Quod
3257 927 3343 965 sa-

1761 978 1966 1035 lubriter
1983 971 2186 1049 sciebat,
2205 1001 2304 1054 qua
2324 987 2568 1043 modestia
2591 989 2924 1062 loquebatur!
2943 998 3078 1066 quod
3101 971 3344 1057 inutiliter

1761 1072 2023 1139 nesciebat,
2041 1092 2140 1145 qua
2158 1077 2415 1149 diligentia
2439 1084 2754 1138 scrutabatur
2770 1085 2791 1138 !
2819 1084 3047 1153 Quantus
3069 1090 3123 1143 in
3148 1108 3205 1146 eo
3221 1110 3344 1148 con—

1763 1172 1976 1235 temptus
1999 1183 2169 1221 rerum
2193 1172 2516 1240 prasentium
2532 1174 2554 1227 .'
2576 1185 2765 1245 quanta
2792 1194 2906 1248 spes
2923 1220 2938 1243 ,
2965 1187 3015 1233 et
3037 1180 3343 1238 desiderium

1762 1254 2002 1310 bonorum
2033 1263 2373 1316 teternorum!
2415 1262 2497 1318 Ne
2532 1266 2716 1322 relictis
2753 1269 2981 1324 omnibus
3017 1273 3349 1330 smeularibus

1760 1347 2038 1403 actionibus
2071 1352 2342 1422 susciperet
2368 1354 2625 1427 cingulum
2662 1359 2856 1413 militia:
2879 1361 3198 1431 christianw,
3235 1366 3344 1419 uin-

1760 1440 1928 1492 culum
1956 1442 2291 1511 prtepediebat
2316 1447 2567 1509 uxorium,
2587 1465 2684 1519 quo
2699 1451 2812 1521 jam
2831 1451 3099 1510 innodatus
3123 1470 3345 1528 ceperat

1760 1532 2107 1601 concupiscere
2147 1535 2355 1590 meliora
2378 1578 2392 1604 ,
2440 1544 2640 1608 quando
2679 1542 2794 1612 jam
2843 1560 2942 1598 non
2987 1545 3166 1601 licebat
3217 1547 3340 1616 illa,

1759 1623 1984 1690 quamvis
2008 1625 2269 1695 inferiora,
2302 1628 2633 1701 disrumpere.
2664 1632 2804 1699 Quid
2827 1653 2945 1704 ergo
2966 1638 3084 1692 huic
3105 1640 3159 1692 in
3184 1652 3343 1697 morte

1759 1713 1940 1766 accidit
1960 1717 2100 1781 mali,
2128 1734 2188 1771 ac
2207 1735 2306 1773 non
2331 1723 2498 1791 potius
2527 1722 2801 1791 plurimum
2827 1726 2962 1795 boni,
2982 1745 3096 1783 cum
3117 1730 3224 1785 haec
3245 1734 3341 1786 hac

1760 1805 1876 1859 bens
1901 1807 2032 1861 dona
2057 1812 2124 1862 ad
2151 1808 2434 1879 Christum,
2474 1816 2582 1870 sine
2611 1834 2709 1887 quo
2744 1820 2960 1875 inaniter
2985 1821 3249 1894 habentur,
3281 1843 3345 1883 ex

1761 1897 1856 1951 hac
1883 1900 1984 1953 vita
2006 1903 2270 1972 migrarit.’
2293 1904 2484 1976 (Epist.
2515 1909 2638 1976 151,
2668 1928 2754 1964 nn.
2787 1913 2842 1980 8,
2874 1914 2986 1985 10.)

1829 1990 1883 2082 '7.
1923 1990 2050 2082 l’ost
2093 1992 2236 2048 illam
2281 1995 2467 2052 Marini
2505 2002 2713 2056 comitis
2739 2013 2845 2058 tam
2873 2005 3088 2076 impiam
3129 2017 3344 2082 tamque

1757 2078 2026 2136 crudelem
2058 2084 2354 2152 perﬁdiam,
2387 2103 2493 2142 non
2517 2091 2687 2158 potuit
2712 2092 2809 2147 abs
2834 2109 2893 2150 se
2917 2095 3202 2167 impetrare
3226 2078 3341 2158 Ᾰιι-

1756 2168 2017 2238 gustinns,
2051 2181 2108 2226 ut
2134 2172 2455 2246 Carthagine
2488 2177 2686 2235 diutius
2727 2192 3043 2241 moraretur.
3076 2187 3341 2256 Quocirca

1755 2263 2008 2331 pestridie
2035 2265 2149 2334 ejus
2171 2267 2336 2336 ipsius
2363 2268 2470 2325 diei
2491 2285 2550 2326 se
2577 2271 2724 2328 dedit
2745 2275 2920 2330 itineri
2944 2293 2958 2329 :
2985 2280 3186 2350 sicque,
3211 2297 3338 2345 cum

1755 2351 1901 2407 illum
1929 2355 2125 2426 alloqui
2148 2355 2460 2416 Cmcilianus
2492 2361 2779 2432 voluisset,
2811 2366 2854 2420 is
2889 2367 2957 2423 de
2985 2380 3252 2428 maturato
3272 2374 3340 2428 il-

1754 2441 1857 2498 lius
1899 2444 2139 2502 discessu
2178 2449 2378 2505 certior
2422 2450 2593 2508 factus
2621 2462 2721 2509 est.
2772 2455 2973 2514 Idcirco
2997 2470 3172 2518 autem
3217 2479 3341 2523 sese

1754 2536 2050 2593 clanculum
2081 2555 2148 2595 ex
2169 2541 2300 2597 urbe
2327 2543 2612 2615 subripuit,
2644 2554 2704 2600 ut
2721 2563 2788 2602 ne
2815 2549 3156 2609 distineretur
3174 2558 3343 2626 gemi-

1755 2630 1914 2696 tibus,
1946 2631 2194 2704 lacrymis
2214 2675 2229 2700 ,
2260 2635 2686 2709 clamoribusque
2715 2639 3068 2710 plurimorum
3098 2661 3130 2701 e
3158 2647 3342 2704 claris-

1753 2719 1902 2774 simis
1926 2722 2149 2788 civibus,
2180 2725 2291 2794 qui,
2320 2735 2378 2779 ut
2404 2725 2628 2784 Comitis
2655 2728 2892 2786 furorem
2923 2742 3082 2804 atque
3103 2735 3341 2806 gladium

1751 2810 2097 2881 declinarent,
2121 2815 2175 2869 in
2194 2816 2434 2873 ecclesia:
2456 2821 2660 2890 asylum
2680 2821 3046 2894 confugerant.
3077 2826 3176 2883 Hic
3194 2830 3339 2884 enim

1751 2918 2052 2974 quanquam
2084 2906 2294 2962 illorum
2322 2909 2427 2963 vita
2466 2911 2684 2966 minime
2711 2913 3128 2984 periclitabatur,
3160 2927 3339 2975 tamen

1752 2995 1890 3051 haud
1923 2997 2084 3055 dubie
2110 2999 2258 3055 illum
2283 3012 2438 3057 erant
2461 3002 2787 3059 obsecraturi
2812 3047 2827 3073 ,
2852 3015 2910 3061 ut
2939 3023 3035 3077 pro
3060 3025 3120 3065 se
3141 3009 3338 3066 Comiti

1750 3089 2089 3158 supplicaret;
2109 3091 2249 3162 quod
2260 3107 2391 3148 sane
2405 3093 2584 3149 decori
2602 3110 2931 3166 nequaquam
2953 3099 3161 3154 sinebat
3176 3101 3334 3156 ratio.

1748 3178 1878 3234 Nam
1897 3180 1942 3234 si
1960 3179 2217 3236 adversus
2227 3182 2489 3239 Comitem
2502 3184 2595 3239 Vir
2613 3195 2827 3242 sanctus
2843 3202 2909 3242 eo
2929 3189 3213 3245 verborum
3237 3201 3338 3246 ter-

1748 3285 1872 3326 rore
1889 3286 2014 3326 usus
2031 3270 2052 3324 f
2053 3273 2235 3339 uisset,
2253 3273 2390 3344 quod
2417 3289 2638 3330 necesse
2652 3276 2719 3331 ad
2737 3277 3121 3346 procurandum
3142 3281 3335 3338 anima:

1746 3365 1969 3420 salutem
1995 3366 2291 3430 videbatur,
2315 3367 2367 3420 id
2399 3367 2487 3422 ille
2512 3384 2782 3439 nunquam
2808 3370 2932 3426 boni
2959 3373 3334 3430 consuluisset.

1747 3457 1924 3523 Quare
1976 3466 2174 3512 tantam
2227 3458 2592 3529 indignitatem
2646 3475 2752 3516 non
2809 3461 3020 3531 ferens,
3055 3463 3333 3520 abscessit.

1747 3551 1989 3606 Dolebam
2017 3555 2253 3624 grauiter,
2284 3554 2455 3624 inquit
2480 3570 2701 3624 magnus
2729 3555 2931 3611 Prmsul
2949 3598 2963 3620 ,
2991 3557 3146 3612 uicem
3184 3575 3336 3614 vene.

1745 3643 1918 3697 rabilis
1943 3645 2227 3715 coepiscopi
2265 3646 2364 3698 mei
2396 3654 2549 3699 tantae
2587 3647 2793 3700 rectoris
2832 3645 3100 3713 Ecclesiae,
3133 3649 3201 3702 ad
3241 3665 3336 3704 cu-

1745 3735 1827 3802 ius
1853 3737 2098 3806 pertinere
2121 3737 2379 3790 dicebatur
2406 3737 2621 3807 o/ﬁcium
2642 3779 2657 3804 ,
2681 3747 2794 3807 post
2814 3738 3033 3793 hominis
3068 3749 3170 3793 tam
3193 3741 3338 3809 nefa-

1745 3828 1873 3880 riam
1900 3829 2156 3899 fallaciam
2180 3829 2349 3882 adhuc
2379 3846 2432 3885 se
2457 3829 2678 3898 praebere
2706 3830 2945 3884 humilem
2967 3873 2983 3898 ,
3013 3849 3112 3902 quo
3143 3835 3332 3887 caeteris

1747 3928 2038 3988 parceretur
2064 3935 2083 3973 :
2112 3920 2178 3974 iis
2201 3919 2477 3984 videlicet,
2506 3923 2596 3990 qui
2638 3936 2697 3975 se
2732 3931 3046 3989 receperant
3079 3923 3132 3975 in
3155 3923 3334 3978 eccle-

1745 4010 1912 4074 siam;
1945 4009 2046 4064 nisi
2080 4009 2216 4064 forte
2247 4010 2487 4064 nonnulli
2526 4010 2684 4064 etiam
2715 4011 2766 4063 in
2793 4010 3029 4065 custodia
3070 4010 3333 4067 liabereno

1747 4109 1850 4155 tur.
1877 4099 2084 4166 Fateor,
2110 4099 2277 4166 addit,
2311 4116 2425 4152 cum
2460 4109 2654 4153 tantum
2696 4099 2886 4152 malum
2929 4098 3072 4154 nullo
3115 4104 3330 4172 pectoris

1743 4191 1920 4246 robore
1946 4192 2214 4262 potuissem
2241 4191 2470 4256 tolerare,
2502 4191 2706 4246 discessi
2735 4189 2918 4264 (Ibid.,
2951 4209 3003 4245 η.
3033 4191 3125 4263 5).
3149 4193 3331 4260 Quan-

1746 4299 1904 4354 quam
1924 4285 2055 4340 alias
2079 4285 2258 4349 etiam,
2289 4294 2486 4355 praeter
2509 4285 2798 4340 Marcellini
2824 4301 3032 4351 necem,
3062 4287 3333 4341 discessus

1747 4377 1827 4430 sui
1853 4391 2041 4432 causas
2073 4376 2266 4444 affert;
2298 4377 2564 4448 (quarum)
2595 4394 2697 4430 una
2725 4386 2831 4444 est,
2865 4377 3052 4447 inquit,
3093 4379 3330 4446 quoniam

1749 4471 2001 4535 laborem,
2033 4487 2177 4539 quem
2201 4473 2254 4525 in
2282 4473 2373 4525 illa
2398 4471 2517 4524 urbe
2539 4471 2731 4541 perpeti
2759 4486 2954 4522 necesse
2972 4479 3045 4523 est
3063 4510 3079 4535 ,
3107 4479 3155 4524 et
3181 4486 3329 4541 quem

1746 4560 1791 4614 si
1818 4575 2065 4628 exponere
2109 4561 2256 4614 velim
2279 4602 2294 4627 ,
2334 4560 2476 4614 aliud
2514 4567 2704 4612 tantum
2749 4557 3053 4627 loquendum
3081 4569 3184 4625 est,
3215 4561 3334 4629 jam

1747 4652 1989 4705 sustinere
2025 4667 2126 4704 non
2156 4666 2356 4720 possunt
2377 4691 2392 4716 ,
2435 4649 2571 4721 quod
2608 4649 2891 4716 inﬁrmitati
2929 4664 3054 4703 tuere
3085 4651 3330 4720 proprias,

1747 4760 1858 4815 quia
1887 4754 2003 4797 nota
2026 4753 2094 4797 est
2118 4743 2346 4797 omnibus
2373 4743 2458 4813 qui
2486 4741 2789 4814 familiarius
2818 4757 2898 4796 me
2929 4753 3172 4797 nouerunt
3195 4784 3210 4808 ,
3243 4760 3334 4798 ac-

1749 4841 1894 4896 cessit
1921 4841 2069 4892 etiam
2094 4846 2336 4902 senectus,
2364 4851 2477 4907 qua:
2501 4834 2696 4907 generis
2729 4836 2937 4889 humani
2960 4845 3032 4890 est
3051 4837 3332 4892 communis

1747 4933 2034 5003 inﬁrmitas.
2082 4931 2253 4986 Altera
2292 4945 2446 4983 causa
2472 4937 2577 4995 est,
2613 4928 2748 4999 quod
2775 4929 2960 4996 statui,
2995 4929 3040 4982 si
3078 4929 3332 4984 Dominus

1748 5026 1883 5092 velit,
1914 5034 2158 5096 quantum
2185 5021 2308 5076 mihi
2334 5037 2396 5076 ex
2418 5020 2522 5075 illis
2546 5019 2974 5088 occupationibus,
3005 5035 3132 5088 quas
3156 5019 3336 5075 Eccle-

1750 5119 1858 5181 siat,
1881 5116 1964 5170 cui
1989 5114 2194 5186 proprio
2218 5128 2422 5167 munere
2446 5112 2624 5174 servio,
2652 5111 2919 5165 necessitas
2944 5111 3160 5180 ﬂagitat,
3179 5110 3334 5164 datur

1753 5211 1990 5279 temporis
2008 5251 2022 5274 ,
2052 5208 2107 5262 id
2136 5216 2296 5262 totum
2336 5205 2627 5275 impendere
2655 5204 2816 5258 labori
2841 5203 3119 5257 studiorum
3149 5203 3218 5256 ad
3252 5217 3336 5256 ec-

1752 5302 2052 5356 clesiasticas
2091 5298 2323 5354 scientias
2361 5294 2748 5366 pertinentium;
2782 5293 2864 5347 ubi
2905 5309 2984 5346 me
3019 5293 3254 5357 arbitror,
3283 5291 3331 5344 si

1751 5400 1854 5454 Dei
1882 5396 2235 5453 misericordia:
2259 5394 2454 5466 placet,
2477 5394 2628 5446 etiam
2650 5391 2862 5462 posteris
2886 5387 3077 5458 aliquid
3094 5390 3334 5455 profutu-

1749 5509 1863 5546 rum
1896 5490 2078 5563 (Ibid.,
2106 5487 2296 5558 n.15).
2320 5486 2452 5540 Tum
2475 5482 2815 5538 Cazcilianum
2841 5480 2966 5533 olim
2990 5477 3337 5531 catechume-

1750 5603 1878 5643 num
1895 5629 1910 5652 ,
1937 5587 2025 5657 qui
2053 5602 2083 5640 a
2109 5594 2293 5640 sancto
2327 5583 2556 5638 Doctore
2596 5594 2780 5636 verum
2807 5577 3011 5631 discere
3035 5567 3336 5657 quaerebat,

1751 5656 1980 5750 graviter
1998 5675 2268 5740 admonet,
2299 5689 2365 5728 ne
2386 5689 2445 5726 se
2470 5685 2567 5740 per
2594 5670 2918 5738 Baptismum
2944 5656 3339 5763 adﬁngere—tl:

1751 5768 1955 5824 delibns
1997 5767 2194 5821 diutius
2239 5762 2587 5834 procrastinet
2627 5772 2692 5811 ea
2735 5766 2866 5807 vana
2906 5759 3145 5834 ratione,
3170 5759 3343 5814 quasi

1753 5860 1939 5919 fideles
1972 5874 2078 5917 non
2121 5856 2326 5930 possint
2354 5848 2733 5920 rempublicam
2776 5850 2921 5899 recte
2957 5833 3350 5896 administrare
