3858 6430
497 372 601 434 471

492 477 680 562 ἰᾳυιιιη
712 486 884 541 visum
911 481 978 539 iri
1018 481 1218 539 nemini
1238 521 1254 547 ,
1283 479 1330 537 si
1355 479 1409 536 id
1435 477 1537 535 sibi
1577 475 1715 549 juris
1740 490 1954 534 sumere
1981 490 2089 532 non

495 578 760 645 dubitent,
784 586 843 632 ut
865 576 1008 648 ipsas
1026 574 1096 632 de
1119 588 1217 632 sua
1240 572 1432 638 salute,
1457 586 1524 627 ac
1545 569 1613 627 de
1632 570 1816 642 gratim
1841 569 2090 626 adversa-

494 675 590 730 riis
614 670 1112 729 commonefaciant.
1155 668 1293 724 Tum
1328 683 1447 724 eam
1483 675 1671 739 rogant
1696 665 1764 723 de
1795 665 1931 721 libro
1951 679 2086 738 quo-

491 767 620 824 dam
665 765 984 823 Demetriadi
1027 765 1318 834 inscripto,
1365 777 1578 820 necnon
1619 762 1892 819 erroribus
1933 762 2090 833 longe

495 857 962 930 periculosissimis
1001 854 1236 922 referto,
1276 853 1378 910 sibi
1409 853 1648 921 nuntiet,
1677 868 1748 910 an
1785 853 1932 909 illum
1973 853 2089 924 ipsa

493 951 788 1017 evolverit;
832 951 1051 1021 cujusve
1089 948 1349 1006 habeatur
1375 949 1640 1015 auctoris,
1667 955 1760 1004 aut
1783 963 1885 1019 qua
1914 946 2090 1004 fronte

493 1042 644 1098 illum
679 1043 970 1098 Demetrias
997 1042 1267 1113 exceperit
1303 1055 1367 1097 ea
1407 1040 1710 1108 docentem,
1737 1040 1880 1097 unde
1905 1041 2089 1098 credat

494 1136 806 1207 virginalem
848 1149 998 1190 suam
1035 1135 1372 1192 sanctitatem
1393 1176 1407 1198 ,
1459 1149 1751 1206 omnesque
1787 1134 2088 1206 spirituales

494 1227 708 1282 divitias
727 1268 742 1294 ,
773 1227 983 1281 nonnisi
1009 1241 1079 1283 ex
1112 1242 1172 1283 se
1200 1227 1314 1297 ipsa
1343 1226 1444 1283 sibi
1475 1241 1627 1294 esse;
1657 1236 1818 1298 atque
1844 1226 1913 1282 ita
1940 1227 2088 1296 prius

494 1333 656 1389 quam
681 1318 750 1373 sit
775 1317 1086 1389 plenissime
1116 1319 1292 1384 beata,
1323 1319 1495 1375 discat
1523 1319 1634 1374 Deo
1658 1334 1797 1383 esse,
1825 1319 1966 1390 quod
1994 1320 2089 1374 ab-

491 1408 595 1474 sit,
624 1411 849 1480 ingrata.
893 1410 960 1464 Et
995 1410 1094 1480 ipsi
1131 1411 1344 1481 quidem
1387 1409 1526 1466 hanc
1553 1410 1832 1482 epistolam
1875 1409 2088 1482 Pelagio

492 1500 801 1571 adjudicare
825 1515 886 1556 se
905 1516 1012 1556 non
1034 1501 1388 1564 dissimulant,
1411 1500 1502 1556 sed
1533 1501 1827 1571 pleniorem
1850 1501 1991 1555 illius
2011 1502 2088 1556 rei

498 1593 811 1665 quaerebant
829 1592 1284 1649 continuationem
1309 1591 1528 1664 (Epist.l
1540 1592 1630 1657 88,
1647 1611 1700 1648 η.
1715 1592 1792 1665 4).
1817 1592 1922 1648 Sua
1945 1593 2086 1663 ipsos

493 1686 716 1742 minime
733 1685 920 1743 fefellit
934 1688 1114 1758 opinio
1128 1703 1140 1740 :
1155 1687 1352 1742 etenim
1371 1686 1425 1741 in
1450 1686 1586 1742 libro
1601 1686 1668 1742 de
1685 1685 1864 1742 Gratia
1889 1685 2086 1742 Christi

491 1794 636 1835 anno
655 1780 1180 1852 quadringentesimo
1199 1780 1406 1835 decimo
1426 1788 1616 1836 octavo
1641 1781 1695 1835 in
1720 1779 1892 1835 lucem
1920 1779 2084 1846 edito,

493 1872 821 1942 Augustinus
855 1872 993 1929 haud
1028 1873 1192 1928 semel
1232 1872 1476 1929 eamdem
1513 1873 1660 1930 illam
1684 1873 2088 1928 commentatio-

493 1979 620 2020 nem
652 1973 902 2038 tanquam
933 1965 1131 2036 Pelagii
1157 1966 1325 2021 citare
1351 1965 1481 2020 nihil
1510 1965 1736 2020 dubitat.
1765 1965 1938 2035 Atque
1965 1964 2089 2020 hinc

493 2055 764 2128 intelligas
789 2058 931 2125 licet,
957 2058 1232 2127 Augustini
1254 2066 1310 2113 et
1331 2057 1504 2129 Alypii
1531 2057 1598 2113 ad
1617 2057 1880 2113 Julianam
1905 2058 2092 2113 rescri-

493 2155 586 2218 pta
627 2164 692 2204 eo
727 2148 939 2220 quidem
983 2165 1145 2220 opere
1181 2150 1479 2221 antiquiora
1505 2165 1659 2215 esse,
1687 2165 1872 2205 verum
1907 2150 2089 2220 paucis

492 2239 783 2295 admodum
822 2240 1041 2309 diebus,
1072 2241 1504 2313 quandoquidem
1548 2243 1602 2297 in
1649 2241 1734 2296 his
1781 2242 1976 2312 Pelagii
2022 2243 2088 2297 ad

491 2332 864 2391 Innocentium
895 2334 1100 2390 litteras
1118 2377 1133 2401 ,
1167 2351 1307 2391 anno
1331 2335 1856 2406 quadringentesimo
1880 2334 2089 2389 decimo

491 2427 726 2498 septimo
752 2426 966 2482 circiter
992 2443 1232 2483 mensem
1272 2427 1632 2499 septembrem
1671 2425 1885 2482 Zosimo
1915 2425 2090 2482 reddi-

496 2526 599 2586 tas,
628 2526 926 2573 memorant
948 2517 1135 2588 (Ibid,
1158 2535 1213 2572 n.
1243 2518 1356 2588 14).

1103 2607 1331 2665 CAPUT
1372 2607 1483 2664 VII.

499 2699 530 2757 1
567 2697 786 2756 Honorii
824 2702 908 2755 lea:
933 2702 1148 2756 severior
1184 2702 1238 2756 in
1274 2701 1570 2756 Donatistas
1597 2703 1889 2774 pertinaces.
1915 2703 1950 2758 2
1977 2703 2090 2758 Do-

571 2801 722 2848 natus
756 2792 1164 2865 Mutugennensis
1189 2804 1237 2850 et
1259 2795 1389 2850 alius
1408 2795 1600 2867 pariter
1625 2814 1741 2850 cum
1759 2814 1816 2851 eo
1838 2798 2090 2870 presbyter

571 2886 635 2942 de
671 2897 815 2958 parte
851 2885 1045 2942 Donati
1080 2889 1134 2943 in
1160 2890 1441 2944 custodiam
1481 2889 1686 2945 dantur.
1717 2891 1752 2945 5
1780 2890 2091 2963 Augustinus

574 2975 880 3034 Macedonio
929 2979 1100 3035 scribit
1152 2980 1215 3037 de
1266 2981 1703 3038 intercessionibus
1745 2983 2092 3054 episcoporum

574 3090 668 3143 pro
697 3076 812 3129 reis.
841 3075 876 3129 4
905 3073 971 3128 In
1005 3075 1066 3128 iis
1091 3075 1528 3131 intercessionibus
1559 3092 1710 3147 quam
1736 3077 2006 3146 prudenter
2035 3094 2094 3130 ac

574 3165 851 3220 verecunde
886 3182 994 3220 sese
1033 3176 1224 3236 gereret
1249 3167 1586 3238 Augustinus,
1618 3178 1738 3222 teste
1767 3167 2088 3235 Macedonio,

573 3255 658 3309 cui
680 3256 768 3310 ille
801 3257 863 3310 de
899 3257 1160 3312 christiani
1199 3261 1524 3330 magistratus
1551 3261 1722 3330 oﬂiciis
1750 3261 1974 3331 verisque
1995 3263 2095 3316 vir-

576 3344 764 3401 tutibus
789 3346 1071 3402 doctrinam
1101 3349 1275 3405 tradit.
1297 3350 1330 3404 5
1353 3349 1541 3404 Contra
1576 3349 1879 3423 Pelagianos
1905 3353 1972 3406 ad
1998 3352 2096 3407 Ili-

578 3439 696 3492 larii
719 3439 1022 3509 quaestiones
1046 3457 1079 3493 a
1108 3439 1292 3496 Sicilia
1318 3441 1498 3497 missas
1526 3444 1807 3515 respondet.

575 3531 630 3585 1.
655 3530 763 3586 Sibi
785 3530 936 3588 facile
962 3533 1352 3602 persuadebant
1372 3534 1675 3602 Donatistae,
1702 3551 1819 3593 sese
1842 3536 2095 3595 Ecclesiae

502 3636 601 3692 per
633 3623 920 3680 Marcellini
959 3625 1161 3683 caedem
1203 3641 1312 3682 non
1353 3627 1529 3683 minus
1560 3627 1899 3698 detrimenti,
1936 3646 2093 3702 quam

502 3715 774 3772 cruciatus
799 3717 1040 3774 attulisse
1069 3738 1083 3774 :
1108 3735 1294 3776 verum
1323 3720 1462 3777 haud
1487 3721 1658 3777 multo
1689 3733 1808 3793 post
1839 3724 1977 3779 Deus
2001 3739 2094 3780 eos

508 3807 714 3876 docuit,
737 3809 879 3865 illam
904 3822 1117 3867 mortuo
1141 3813 1446 3868 Marcellino
1470 3829 1576 3869 non
1597 3825 1833 3888 ereptam
1858 3816 1955 3871 sibi
1977 3831 2094 3872 esse

504 3909 846 3972 potestatem,
879 3919 980 3974 qua
1018 3903 1312 3960 Ecclesiam
1347 3915 1472 3962 ante
1509 3915 1693 3961 natum
1733 3907 2094 3963 Marcellinum

502 4000 704 4048 tutatus
739 3992 928 4048 fuerat.
965 3994 1178 4050 Etenim
1222 3995 1431 4051 decimo
1459 3995 1712 4053 kalendas
1750 3998 1909 4067 julias
1940 3998 2095 4068 hujus

501 4084 673 4155 ipsius
693 4085 818 4140 anni
846 4086 1350 4158 quadringentesimi
1374 4087 1566 4144 decimi
1593 4089 1766 4160 quarti
1799 4091 1965 4161 legem
1989 4091 2096 4146 Ho-

502 4178 688 4231 norius
713 4187 897 4234 contra
927 4195 1022 4235 eos
1053 4181 1195 4247 tulit,
1240 4197 1358 4252 qua:
1386 4181 1600 4253 quidem
1631 4183 1761 4253 legis
1800 4184 1960 4238 tertio
1997 4184 2094 4239 ka-

503 4266 692 4324 lendas
733 4268 1029 4326 fehruarias
1071 4273 1198 4327 anni
1241 4273 1748 4345 quadringentesimi
1794 4275 2093 4332 duodecimi

502 4358 852 4429 promulgatae
875 4361 1097 4432 singulis
1133 4379 1269 4434 pene
1291 4364 1554 4434 capitibus
1579 4365 1875 4432 insistebat,
1907 4366 2000 4421 sed
2028 4368 2095 4423 ad

503 4465 688 4507 eorum
705 4453 1040 4510 severitatem
1059 4454 1285 4510 multum
1307 4454 1535 4510 addebat
1556 4455 1766 4528 (Codice
1789 4455 2009 4526 Tlteod.,
2034 4459 2097 4512 de

504 4540 794 4610 Hoereticis,
826 4545 933 4617 lege
965 4547 1078 4618 44).
1120 4547 1405 4602 Enimvero
1434 4562 1556 4601 cum
1582 4547 1664 4603 lex
1695 4548 1819 4603 anni
1844 4549 2096 4620 quadrin-

502 4637 781 4701 gentesimi
811 4637 1116 4694 duodecimi
1143 4638 1229 4693 vel
1258 4638 1588 4695 nobilissimo
1616 4640 1806 4712 cuique
1831 4642 2093 4712 quinqua-

501 4722 648 4792 ginta
677 4731 880 4780 tantum
917 4729 1032 4782 auri
1075 4729 1256 4798 pondo
1297 4729 1508 4786 inuicta:
1545 4733 1762 4786 nomine
1803 4731 2090 4802 irrogaret,

503 4813 624 4868 haec
648 4813 866 4870 eosdem
893 4819 1138 4874 ducentis
1171 4821 1373 4890 argenti
1403 4821 1551 4877 libris
1587 4824 1841 4890 muletat;
1882 4825 2090 4893 addito,

500 4905 793 4974 irrogatam
838 4921 1098 4963 summam
1144 4925 1262 4966 esse
1306 4913 1462 4967 toties
1503 4914 1570 4969 ab
1617 4930 1936 4988 unoquoque
2001 4933 2095 4973 ex-

501 4996 771 5067 igendam,
811 5001 1017 5069 quoties
1057 5001 1124 5055 ad
1164 5007 1592 5061 communionem
1631 5009 2092 5067 sehismaticorum

501 5091 754 5157 redierit;
785 5093 872 5163 qui
903 5095 946 5148 si
986 5095 1105 5165 plus
1142 5097 1425 5167 quinquies
1464 5098 1705 5168 relapsus
1747 5101 1939 5172 ftterit,
1980 5113 2092 5159 tum

503 5183 622 5253 ejus
656 5197 848 5238 nomen
877 5185 943 5239 ad
985 5184 1385 5255 Imperatorem,
1413 5198 1472 5242 nt
1508 5189 1581 5243 illi
1621 5206 1833 5260 pinnam
1862 5195 2091 5266 aliquam

500 5272 679 5329 adhuc
714 5274 1038 5330 severiorem
1064 5286 1296 5346 quaerat,
1331 5277 1678 5334 deferendum
1706 5295 1827 5336 esse
1852 5301 1863 5335 :
1889 5285 2016 5354 quin
2041 5295 2094 5341 et

501 5369 767 5439 superiori
794 5367 1002 5439 adjicit,
1040 5369 1284 5425 dominos
1304 5413 1317 5437 ,
1347 5372 1437 5441 qui
1477 5383 1848 5443 procuratores
1875 5390 2029 5442 suos,
2061 5393 2090 5433 a

497 5460 692 5534 quibus
714 5471 886 5516 emtas
913 5461 968 5516 in
1003 5476 1189 5516 eorum
1229 5462 1443 5532 praediis
1483 5464 1629 5520 coire
1669 5465 1955 5524 Donatista:
1983 5485 2092 5528 non

495 5554 608 5611 sint
637 5555 920 5626 prohibiti,
947 5556 1238 5628 impunitos
1266 5559 1606 5630 reliquerint,
1638 5560 1893 5621 fructibus
1918 5568 2090 5623 omni-

495 5646 618 5714 bus,
644 5648 734 5719 qui
761 5663 870 5705 uno
896 5665 1038 5706 anno
1059 5649 1112 5706 in
1140 5649 1326 5728 iisdem
1355 5652 1568 5724 praediis
1592 5655 1931 5728 colliguntur,
1954 5661 2090 5717 mul-

495 5738 751 5808 ctandos;
797 5741 1022 5799 clericos
1061 5752 1343 5816 antequam
1382 5746 1460 5803 eis
1511 5761 1646 5819 aqua
1681 5759 1736 5804 et
1772 5751 1880 5821 igni
1920 5753 2090 5810 inter—

494 5832 734 5904 dicatur,
785 5842 1045 5902 universis
1102 5845 1212 5903 suis
1261 5845 1597 5906 facultatibus
1645 5847 1986 5916 spoliandos;
2037 5862 2087 5907 et

1630 358 1788 416 vm
1825 356 1884 416 s.
1926 355 2290 416 AUGUSTINI
2327 355 2650 420 Episcopi.
2913 339 2919 345 ’
2965 320 2967 323 ’
3142 312 3148 316 ’
3661 382 3738 445 m

2195 477 2487 547 generatim
2522 477 2786 551 quoslibet
2811 479 3134 549 Donatistae,
3163 481 3418 552 infames,
3447 501 3512 544 ex
3535 495 3728 556 omnium

2194 583 2482 643 congressu
2505 579 2562 627 et
2582 572 2835 630 societate
2862 575 3216 647 proscriptos,
3251 577 3588 650 intestabiles,
3609 586 3724 646 deni-

2194 675 2298 732 que
2342 661 2574 733 privatos
2617 664 2762 718 omni
2813 666 3165 722 contrahendi
3206 666 3363 739 jure,
3416 669 3726 736 declarandos.

2194 752 2460 811 Praeterea
2508 755 2663 813 tertio
2703 753 2955 812 kalendas
3001 757 3333 830 septembris
3375 761 3598 832 ejusdem
3633 774 3726 829 anni

2195 845 2702 919 quadringentesimi
2739 847 2931 904 decimi
2967 849 3143 920 quarti
3182 851 3504 910 auctoritate
3539 871 3650 924 sua,
3673 865 3726 919 uti

2190 938 2302 1010 jam
2341 939 2540 996 dictum
2567 947 2681 1009 est,
2707 939 3014 998 Collationis
3040 950 3163 1000 acta
3201 944 3561 1015 comprobavit
3583 947 3722 1024 (Ibid,

2197 1030 2305 1103 lege
2321 1031 2436 1104 55).

2264 1123 2318 1176 2.
2349 1122 2464 1180 Etsi
2485 1125 2810 1196 Augustinus
2836 1127 2976 1197 apud
3001 1127 3214 1198 judices
3240 1144 3437 1203 magno
3460 1133 3617 1190 studio
3634 1151 3725 1209 age-

2193 1224 2296 1284 ret,
2324 1225 2381 1271 ut
2417 1217 2767 1289 imperialium
2809 1219 2984 1290 legum
3021 1221 3073 1275 in
3109 1221 3423 1278 Donatistas
3450 1227 3724 1286 severitatem

2193 1306 2484 1363 christiana
2509 1309 2914 1367 mansuetudine
2939 1311 3286 1384 mitigarent;
3319 1322 3544 1372 attamen
3574 1318 3723 1378 facien-

2193 1402 2320 1458 dum
2346 1403 2445 1460 sibi
2465 1404 2705 1475 putabat,
2730 1415 2789 1461 ut
2813 1406 3022 1472 illarum
3045 1408 3373 1466 auctoritate
3393 1412 3574 1468 sensim
3593 1417 3724 1472 tradu-

2193 1507 2442 1552 cerentur
2472 1497 2540 1554 ad
2575 1499 2866 1555 Ecclesiam
2904 1501 3250 1566 catholicam,
3287 1503 3324 1557 ii
3352 1506 3724 1580 praecipueque

2193 1603 2312 1642 rum
2357 1588 2410 1643 in
2453 1603 2548 1643 sua
2595 1589 2921 1660 Hipponensi
2967 1591 3193 1648 dioecesi
3243 1593 3572 1652 residentium
3609 1602 3718 1656 saluti

2192 1683 2498 1753 prospicere
2521 1684 2802 1740 tenebatur
2829 1685 3018 1758 (Epist.
3052 1687 3185 1755 155,
3208 1697 3258 1742 et
3286 1687 3453 1760 Epist.
3476 1690 3601 1764 154).
3617 1692 3659 1747 In
3675 1709 3719 1749 ea

2193 1776 2378 1846 procul
2407 1774 2568 1832 dubio
2591 1785 2744 1833 erant
2782 1777 2889 1834 duo
2927 1777 3001 1834 illi
3039 1780 3351 1854 presbyteri
3387 1782 3540 1852 partis
3560 1783 3710 1850 Donati,

2193 1869 2284 1939 qui
2305 1878 2489 1925 sancto
2511 1869 2776 1941 Episcopo
2797 1871 2883 1926 vel
2906 1883 3207 1943 satagente,
3233 1874 3321 1930 vel
3340 1873 3520 1930 saltem
3535 1877 3713 1941 cupiente
3798 1907 3799 1943 ἢ

2195 1961 2566 2032 comprehensi
2591 1971 2731 2028 sunt,
2764 1972 2924 2034 atque
2949 1963 3255 2035 Hipponem
3289 1964 3534 2036 perducti,
3556 1977 3598 2021 ut
3612 1967 3713 2038 judi-

2195 2053 2346 2110 cibus
2371 2053 2526 2121 forte,
2555 2055 2751 2126 quibus
2774 2055 2949 2127 legum
2977 2056 3246 2128 imperata
3275 2060 3485 2128 exsequi
3507 2059 3714 2116 incumbe-

2195 2144 2305 2211 bat,
2333 2145 2667 2212 sisterentur,
2702 2155 2862 2216 utque
2905 2146 2957 2201 in
2993 2147 3264 2210 custodia.
3305 2163 3374 2204 ne
3409 2149 3624 2205 violentas
3644 2151 3712 2206 sibi

2196 2250 2383 2290 manus
2414 2234 2699 2305 inferrent,
2740 2247 3103 2293 servarentur.
3135 2239 3294 2295 Alter
3320 2254 3521 2302 eorum,
3552 2241 3618 2295 cui
3640 2240 3712 2294 Do.

2196 2335 2320 2381 nato
2345 2341 2560 2396 nomen,
2583 2328 2817 2384 oblatum
2844 2345 3038 2400 equum
3064 2344 3177 2385 non
3207 2329 3372 2386 modo
3397 2333 3631 2397 recusavit,
3647 2332 3710 2386 sed

2195 2420 2356 2476 etiam
2397 2435 2517 2476 sese
2558 2421 2626 2476 ad
2665 2429 2862 2477 terram
2902 2421 3167 2478 collidens
3204 2423 3439 2494 graviter
3476 2423 3706 2478 sauciarit:

2196 2522 2379 2583 postea
2400 2513 2511 2584 jam
2542 2514 2798 2571 adductus
2829 2515 3159 2586 Hipponem,
3193 2517 3509 2588 prcecipitem
3530 2532 3576 2572 se
3591 2517 3628 2571 in
3645 2531 3708 2586 pu-

2198 2614 2342 2659 teum
2353 2605 2515 2672 dedit,
2541 2606 2682 2663 unde
2699 2606 2844 2662 illum
2863 2607 3084 2663 invitum
3109 2623 3176 2664 ac
3194 2609 3528 2665 reluctantem
3542 2607 3710 2663 eduxere

2198 2696 2477 2753 Catholici.
2509 2697 2677 2754 Tanta
2707 2699 2864 2770 hujus
2889 2709 3004 2757 erat
3039 2702 3379 2771 pervicacia,
3411 2709 3461 2756 ut
3492 2700 3709 2755 clamitaret

2199 2796 2458 2859 perpetuo
2476 2831 2490 2857 ,
2529 2791 2668 2846 velle
2697 2805 2756 2846 se
2782 2791 2837 2847 in
2865 2806 3050 2848 errore
3078 2807 3450 2863 perseverare,
3477 2793 3590 2848 velle
3611 2792 3709 2846 ineo

2202 2882 2374 2953 perire
2403 2901 2417 2938 :
2442 2883 2738 2954 cogendum
2779 2884 2846 2940 ad
2888 2885 3088 2941 bonum
3109 2929 3126 2956 ,
3169 2887 3528 2958 quodcumque
3558 2885 3706 2940 demum

2149 2965 2155 2970 ”
2198 2974 2328 3029 illud
2353 2973 2442 3040 sit,
2467 2975 2752 3044 neminem,
2780 2976 2992 3048 quando
3013 2978 3159 3034 Deus
3184 2993 3286 3033 nos
3306 2978 3464 3034 nostri
3474 2976 3582 3048 juris
3599 2984 3708 3044 atque

2199 3065 2403 3120 arbitrii
2424 3080 2544 3122 esse
2571 3067 2824 3123 voluisset
2848 3087 2862 3123 :
2885 3067 3163 3124 Christum
3189 3068 3470 3140 discipulos
3493 3080 3600 3131 suos,
3616 3079 3702 3119 cum

2200 3172 2293 3213 eos
2317 3157 2547 3215 deficere
2575 3160 2639 3215 ab
2667 3161 2758 3216 illo
2787 3160 3047 3229 libuisset,
3076 3177 3188 3218 non
3218 3163 3521 3226 retinuisse;
3541 3162 3703 3228 Aposto-

2200 3249 2373 3322 lisque
2400 3253 2510 3307 suis
2543 3253 2816 3322 optionem
2841 3267 2904 3309 ac
2930 3255 3145 3324 plenam
3179 3253 3476 3309 facultatem
3505 3265 3578 3305 seu
3601 3260 3702 3303 rece-

2199 3341 2359 3398 dendi
2387 3359 2483 3399 seu
2511 3343 2825 3400 remanendi
2852 3346 3200 3415 permisisse;
3233 3344 3302 3400 ad
3331 3353 3607 3403 extremum,
3633 3351 3702 3390 non

2200 3435 2396 3493 debere
2414 3438 2514 3492 sibi
2535 3439 2662 3494 vitio
2677 3439 2832 3505 verti,
2856 3437 2996 3509 quod
3019 3439 3125 3494 vim
3151 3439 3254 3495 sibi
3276 3436 3461 3494 afferre
3481 3431 3703 3492 statuisset;

2199 3531 2512 3600 Apostolum
2564 3532 2706 3587 enim
2748 3532 2903 3587 bonis
2944 3540 3000 3588 et
3036 3531 3197 3588 laude
3240 3529 3408 3602 dignis
3444 3523 3705 3594 adscripsissc

2200 3622 2519 3690 actionibus,
2549 3624 2595 3678 si
2623 3623 2742 3694 quis
2774 3637 2968 3694 corpus
2998 3621 3236 3679 ﬂammis
3272 3616 3612 3678 absumendum
3633 3619 3705 3666 tra-

2199 3713 2370 3771 deret.
2399 3715 2534 3770 Cum
2559 3715 2608 3770 ei
2627 3755 2642 3781 ,
2670 3730 2790 3785 quae
2813 3715 3097 3770 constituta
3126 3715 3184 3771 in
3219 3712 3498 3770 Collatione
3531 3707 3701 3767 fuerant.

2200 3805 2618 3876 obiectabantur,
2642 3807 2874 3876 partium
2894 3820 3110 3862 suarum
3128 3820 3346 3863 causam
3361 3800 3582 3875 jactabat,
3595 3795 3703 3850 etiam

2200 3909 2384 3956 contra
2409 3901 2786 3970 Augustinum,
2816 3899 3102 3958 defendere
3133 3917 3196 3957 se
3232 3913 3416 3971 posse,
3445 3891 3579 3950 modo
3599 3898 3702 3942 τεῖο-

2200 4002 2411 4049 caretur
2445 3992 2499 4048 id
2536 3993 2679 4064 quod
2720 3993 3010 4048 Donatista:
3053 3997 3455 4056 concesserant,
3497 3989 3702 4056 personam

2201 4102 2308 4142 non
2334 4086 2683 4158 praejudicare
2710 4101 2974 4157 personae.
3002 4087 3249 4157 Angebat
3272 4091 3561 4154 magnopere
3579 4074 3700 4138 Autu-

2201 4181 2397 4235 stinum
2425 4180 2604 4234 miseri
2628 4179 2778 4235 istius
2797 4179 3094 4251 presbyteri
3116 4179 3342 4250 lugenda
3366 4170 3584 4233 conditio,
3601 4172 3702 4218 eum-

2201 4288 2305 4344 que
2343 4271 2572 4328 maxime
2610 4272 2894 4328 sollicitum
2937 4270 3172 4327 habebat
3206 4269 3388 4328 salutis
3428 4263 3696 4354 ἱβθίαθξθῖθ

2202 4365 2310 4420 Hac
2348 4380 2476 4436 ergo
2515 4363 2817 4419 stimulatus
2858 4365 3141 4435 epistolam
3169 4364 3237 4420 ad
3274 4377 3392 4419 eum
3420 4355 3538 4414 misit
3563 4346 3694 4421 (Ερὶειο

2203 4458 2352 4529 173),
2381 4456 2578 4511 amoris
2605 4455 2764 4511 simul
2785 4465 2838 4512 et
2865 4457 3221 4513 vehementiae
3245 4454 3465 4526 plenam,
3485 4457 3564 4516 qua

2201 4551 2320 4606 illas
2357 4548 2591 4603 rationes
2628 4550 3094 4620 argutationesque
3128 4546 3421 4608 evertebat,
3451 4535 3601 4610 quibus
3623 4521 3694 4580 Sil“

2200 4643 2290 4697 ille
2308 4642 2482 4698 fucum
2504 4642 2555 4696 in
2572 4657 2665 4698 sua
2687 4643 2973 4713 pertinacia
2990 4652 3149 4715 atque
3164 4640 3396 4698 caecitate
3409 4631 3610 4690 faciebat

2200 4733 2369 4789 clarat
2389 4733 2483 4798 ibi,
2508 4725 2638 4804 quid
2656 4705 2868 4789 inducat
2894 4705 3206 4802 Ecclesiam,
3231 4741 3286 4788 ut
3306 4730 3406 4785 vim
3425 4724 3612 4792 aliquam
3627 4705 3694 4764 ad-

2201 4827 2399 4882 hibeat.
2429 4825 2580 4895 Quod
2619 4835 2796 4882 autem
2827 4827 3056 4883 confessi
3086 4825 3368 4884 Donatistae
3394 4813 3694 4909 membri:

2200 4935 2384 4976 sonam
2415 4936 2520 4975 non
2551 4920 2897 4992 praeiudicare
2923 4935 3186 4992 personae,
3211 4913 3533 4974 demonstrat,
3564 4905 3599 4954 si
3622 4905 3695 4992 ποις

2199 5013 2367 5083 possit
2393 5011 2444 5067 ei
2464 5053 2479 5078 ,
2507 4974 2712 5082 pbivaio
2753 4974 2958 5067 scilicet
2999 5011 3332 5082 presbytero,
3361 4974 3694 5083 ofﬁcerCLGllod
3785 5043 3794 5056 .

2199 5072 2273 5158 illi
2303 5111 2411 5158 tam
2439 5072 2748 5158 solemniter
2770 5072 3177 5170 concesserant;
3200 5098 3358 5156 multo
3381 5090 3535 5147 minus
3554 5072 3693 5170 Eccl?-

2169 5261 2171 5265 l
2199 5197 2292 5252 siae
2320 5197 2584 5253 universae
2609 5195 2779 5251 fraudi
2805 5195 3059 5265 futurum,
3083 5194 3221 5266 quod
3249 5181 3490 5246 commisit
3513 5170 3695 5266 commit:

2202 5297 2379 5345 terevc
2415 5291 2588 5361 potuit
2624 5289 2957 5344 Caecilianus.
3003 5260 3137 5343 Eum
3164 5285 3379 5354 denique
3411 5260 3694 5361 ριόνοξθξειξί

2199 5345 2536 5452 argumehto,
2562 5379 2706 5451 quod
2727 5395 2791 5435 ex
2817 5378 3033 5435 historia
3063 5345 3529 5434 Maximianistarum
3547 5345 3692 5452 (Ῑίξυξίξ
3797 5345 3799 5394 ¹

2198 5438 2292 5530 lici
2307 5438 2598 5545 petierant:
2605 5471 2934 5528 commodius
2951 5473 2996 5528 si
3013 5488 3115 5543 qua
3132 5468 3291 5542 possit
3303 5466 3405 5532 ἱβδθ
3421 5438 3688 5545 τεδνθηδῳξ

2271 5534 2326 5624 5'.
2361 5567 2686 5638 Augustinus
2707 5565 2982 5637 superiore
3022 5580 3194 5628 anno,
3241 5567 3294 5614 ut
3329 5534 3686 5638 νὶἁὶιιιιιβςηἯξ

2195 5677 2352 5719 suum
2403 5622 2474 5717 de
2505 5657 2729 5716 Civitate
2771 5622 2865 5714 Dei
2901 5657 3123 5714 adorsus
3163 5661 3270 5718 est,
3303 5622 3683 5763 cuiii‘2llim

2197 5766 2442 5827 quartum
2467 5770 2530 5812 ac
2555 5755 2794 5825 quintum
2819 5754 3059 5824 proxime
3083 5742 3318 5823 sequenti
3338 5717 3634 5827 aud-viiii):l

2198 5813 2317 5904 dum
2357 5849 2428 5905 ita
2455 5849 2543 5918 sit,
2572 5813 2903 5919 nequaquam
2941 5845 3034 5902 nhs
3069 5834 3424 5920 re_videbitur,
3459 5819 3560 5908 Ιιωο
3578 5813 3681 5866 ²¹¹¹¹⁰
