1929 3192
58 181 101 212 m
688 171 788 199 unus
808 171 984 205 ssp'rmus
1165 176 1167 178 ‘
1263 171 1265 173 ’
1360 182 1363 185 ·
1600 185 1655 216 m

55 238 140 278 quod
149 235 321 265 Macedoniam
334 233 427 262 Africae
438 236 500 261 tunc
511 231 636 276 vicarium
647 252 654 265 ,
667 232 805 267 epistolas,

55 271 111 324 qius
127 282 211 320 partim
225 285 286 317 post
298 280 394 308 missos
403 279 436 307 ad
448 271 576 307 eumdem
585 278 685 314 primos
693 283 747 307 tres
756 278 808 307 hu-

53 335 117 369 jusoe
124 330 201 367 operis
210 329 291 356 libros
301 326 386 360 dedit,
409 325 543 361 assignare
564 324 690 361 (Pouid.,
706 326 733 353 in
751 325 809 354 Vita

53 380 151 416 Αιμιειη
159 385 180 404 c.
189 375 242 410 20).
253 375 337 410 Atque
346 372 426 409 ipdus
435 373 542 408 quidem
552 372 697 400 Macedonii
707 372 808 408 episto-

51 427 82 454 las
93 425 121 452 ad
132 422 297 459 Augustinum
310 420 437 448 habemus
453 419 528 447 binas
537 440 545 452 ,
566 419 632 447 scite
647 418 766 454 profecto
776 426 809 447 ac

27 466 29 471 '
52 472 162 507 eleganter
167 468 275 504 scriptas
281 467 366 505 (Apud
372 467 490 503 August.,
499 465 594 502 Epim.
604 466 667 500 t52,
677 465 738 502 ist)
749 475 755 492 ε
766 471 807 493 ιο⁴

51 519 117 547 tidem
129 523 223 553 quoque
237 513 375 550 Augustini
387 513 420 541 ad
435 514 521 549 ipsum
536 513 726 548 responsiones
745 520 807 548 per-

52 563 230 601 quamegregias
253 560 357 597 (Epistt.
369 560 431 593 155,
446 560 520 595 155).
537 560 613 587 Hunc
627 560 806 595 Augustinus,

52 620 103 640 cum
118 614 209 647 propter
228 607 369 643 praeclaras
387 607 444 642 ejus
461 606 540 634 dotes
553 611 633 641 alque
646 606 672 633 in
685 605 808 641 gerendis

53 658 145 694 publicis
160 656 227 684 rebus
249 654 416 690 prudentiam
437 658 465 682 et
486 654 663 690 integritatem
675 674 682 686 ,
705 659 760 681 tum
773 654 808 682 ob

52 706 92 732 hoc
101 703 246 740 potissimum
258 702 347 737 magni
360 700 473 728 faciebat
483 721 490 734 ,
503 701 573 736 quod
584 701 702 728 animum
713 700 805 735 ipsius,

52 751 139 781 utdieit.
151 749 272 777 charitate
283 748 439 776 tetemitatis
448 752 476 775 et
489 747 617 780 veritatis,
631 752 709 782 atque
725 748 807 782 ipsius

51 795 159 823 claritatis
177 794 267 822 aﬂ'ectu
289 793 386 821 divinae
405 793 442 821 illi
464 793 620 828 cmlestique
639 793 804 828 reipublicae,

51 843 107 876 cujus
119 846 230 876 regnator
251 844 291 867 est
308 839 432 867 Christus
444 860 451 872 ,
472 843 630 875 agnosceret
641 839 785 867 inhiantem
798 860 805 872 ,

50 889 130 916 videret
143 888 353 924 propinquantem
364 908 372 921 ,
394 887 504 921 ejusque
517 885 650 921 potiunda:
663 886 807 920 amplecte-

48 941 105 962 retur
121 934 243 962 ardentem
266 933 366 970 (Epist.
388 933 451 966 155,
466 941 494 959 n.
508 932 549 967 1).
565 932 732 967 Quapropter
745 940 806 960 cum

47 981 97 1008 talis
108 987 136 1008 ac
146 984 223 1008 tantus
241 980 280 1006 vir
297 979 445 1006 amicitiam
464 979 533 1006 inire
544 986 605 1006 cum
627 983 719 1006 saneto
733 979 806 1007 Prae-

47 1027 111 1060 sulc,
129 1034 216 1054 necnon
230 1033 270 1060 per
283 1026 390 1053 litteras
403 1033 462 1052 cum
479 1033 511 1052 co
523 1026 636 1059 Colloqui
650 1047 656 1058 ,
678 1026 807 1060 scriptore

45 1072 94 1106 ejus
109 1071 184 1106 aliqua
205 1071 286 1098 ridere
302 1076 463 1106 percuperet
480 1071 570 1107 (Ibid,
586 1080 611 1097 η.
628 1072 682 1106 il),
703 1077 805 1106 gratum

44 1117 80 1144 ille
90 1122 258 1152 acceptumque
273 1117 385 1149 habuit;
404 1117 524 1151 promisit
538 1118 638 1151 aliquot
651 1128 665 1144 e
679 1118 732 1144 suis
746 1126 806 1152 opn-

44 1162 173 1190 sculiseise
184 1163 324 1189 missurum
337 1162 431 1197 (Epist.
446 1162 506 1195 152,
519 1171 543 1188 η.
559 1162 596 1197 5),
612 1170 642 1189 ac
658 1163 742 1190 eidem
761 1172 805 1197 per

44 1207 177 1235 Bonifatium
196 1208 352 1243 episcopum
366 1229 373 1240 ,
396 1208 463 1235 forte
485 1208 687 1243 Cataquenscm,
704 1209 805 1236 litteras

45 1254 161 1291 quibusah
175 1255 229 1290 ipso
252 1255 364 1281 veniam
385 1262 431 1281 reo
453 1254 556 1281 cuidam
583 1255 707 1288 petebat,
735 1255 805 1281 misit

44 1299 115 1335 (liii,
136 1309 159 1327 η.
173 1301 207 1336 1).
230 1300 407 1328 Macedonius
431 1305 502 1327 certe
526 1300 728 1335 haudquaquam
750 1307 805 1328 erat

44 1346 214 1380 nuntiaturus,
237 1352 268 1374 ut
293 1347 432 1381 repulsam
455 1346 488 1373 ab
509 1354 537 1373 se
559 1347 636 1373 ullam
659 1348 805 1373 li'rretAn-

45 1394 112 1426 lists,
123 1401 192 1429 quem
215 1394 294 1422 unice
323 1394 464 1421 colendum
480 1401 594 1427 vereque
609 1394 805 1427 suspiciendum

45 1440 125 1475 putabat
135 1439 232 1478 (Epistt.
246 1440 314 1474 159.,
328 1441 388 1472 154,
405 1440 465 1476 tit).
476 1440 654 1474 Przeterquznn
667 1440 735 1474 quod
750 1445 805 1467 erat

45 1486 87 1521 ip!
100 1491 157 1515 tanta
177 1487 360 1523 propensione
382 1487 407 1513 in
431 1487 618 1518 clementiam,
641 1492 667 1513 ut
680 1495 738 1513 cum
760 1495 805 1514 sua

46 1535 115 1566 sponte
134 1539 205 1566 reos,
232 1541 266 1560 ne
289 1532 451 1560 criminibus
478 1532 635 1566 patrocinari
658 1532 803 1563 \ideretur,

45 1576 148 1606 tholum
160 1587 208 1606 non
223 1579 358 1610 auderet;
375 1586 420 1605 eos
433 1578 466 1605 de
476 1586 505 1605 se
518 1579 616 1611 optimc
631 1579 739 1605 meritos
751 1579 806 1605 κλμ

45 1624 150 1658 dilueret,
169 1633 182 1652 a
203 1627 302 1662 quibus
329 1625 362 1652 de
384 1633 460 1660 poena
485 1626 606 1651 sontibus
633 1625 805 1652 condonanda

45 1675 123 1705 ωρωε
133 1677 195 1699 esset
208 1672 311 1707 (Epist.
343 1671 394 1698 152
408 1693 414 1703 ,
429 1680 455 1697 n.
471 1671 508 1706 5).
522 1670 636 1703 Verum,
652 1680 711 1697 rum
729 1672 806 1698 \ullet

45 1720 66 1742 nt
83 1716 210 1751 inquiebat,
233 1718 284 1745 sibi
318 1725 366 1752 pro
376 1724 500 1744 concessa
513 1717 596 1751 gratia
612 1717 758 1743 mercedem
774 1717 806 1743 ab

44 1763 161 1798 Augustino
170 1764 272 1800 rependi
284 1786 292 1797 ,
321 1772 381 1790 eum
398 1771 445 1798 per
459 1764 559 1790 litteras
582 1764 736 1790 urbanitatis
752 1764 805 1797 plo-

44 1808 144 1838 n'LSSitlm
156 1812 244 1846 rogavit
256 1833 263 1844 ,
287 1811 344 1838 sibi
366 1810 409 1837 ille
425 1810 526 1836 consilii
544 1810 583 1836 sui
599 1810 727 1835 rationem
742 1817 803 1843 ape-

42 1855 106 1889 riret,
115 1863 170 1884 ante
178 1857 317 1893 religionis
331 1856 482 1883 Christianae
493 1856 587 1882 officiis
598 1861 804 1882 consentaneum

42 1904 104 1932 esset,
115 1909 155 1935 pro
166 1903 214 1930 reis
227 1903 375 1937 episcopos
393 1901 559 1928 intercedere
572 1911 577 1927 :
596 1902 672 1928 simul
685 1922 691 1933 ,
708 1907 734 1927 ut
746 1909 805 1935 pro-

42 1945 154 1975 missasibi
165 1948 237 1976 abeo
247 1950 353 1983 scripta
368 1948 547 1980 mitterentur,
567 1949 656 1982 petiit;
670 1957 722 1983 quo
733 1949 804 1974 scili—

43 1993 296 2029 rct.quattdoquidcm
319 1994 375 2028 ejus
393 1994 531 2028 prmsentia
553 1994 601 2020 frui
624 1994 727 2020 interim
754 2003 804 2020 non

42 2035 127 2072 licent,
143 2040 230 2067 saltem
249 2041 339 2076 ipsius
353 2039 474 2066 doctrina
489 2040 604 2066 aleretur
618 2039 710 2074 (Ibid,
726 2049 751 2066 η.
769 2040 803 2074 1).

44 2081 111 2118 inqu
127 2085 280 2121 Augustinus
306 2086 407 2120 primos
421 2090 475 2112 tres
489 2085 571 2111 libros
586 2085 618 2111 de
633 2086 745 2112 (liritatc
761 2086 805 2113 [)ei

43 2128 154 2159 maritat
165 2138 223 2159 cum
237 2131 413 2159 deferendos.
428 2130 503 2164 Quod
521 2138 584 2157 vero
597 2130 629 2157 ad
644 2131 804 2165 propositam

43 2172 82 2200 sibi
95 2174 121 2202 ait
133 2183 159 2204 eo
178 2178 359 2213 qumstionem
371 2198 378 2211 ,
401 2177 481 2204 verbo
497 2177 532 2203 illi
549 2178 701 2210 respondit.
726 2178 804 2204 \itam

43 2219 154 2250 scilicetac
164 2223 275 2251 salutem
288 2224 345 2251 reis
360 2231 392 2250 eo
405 2223 494 2250 animo
506 2228 596 2257 petere
606 2224 744 2257 episcopos
753 2244 759 2254 ,
778 2228 804 2250 ut

42 2265 296 2298 lliishuaemendare
311 2278 343 2297 ac
353 2278 401 2306 per
412 2271 593 2304 pmnitentiam
608 2271 696 2296 elui-re
711 2271 800 2296 lit-eat:

45 2309 79 2337 Νι
91 2312 149 2342 ilbi
164 2316 253 2351 ritum,
270 2318 313 2344 ait.
323 2338 330 2349 ,
345 2317 381 2343 sic
394 2317 483 2350 finiunt
497 2325 540 2351 per
554 2317 723 2350 supplicium,
741 2323 765 2343 ut
777 2326 805 2343 (ιιι

42 2355 246 2397 ﬁnium”an
264 2363 343 2397 finire
360 2363 513 2397 supplicium
535 2362 630 2397 (Epist.
650 2363 708 2394 1.33,
722 2372 747 2388 η.
765 2364 802 2397 5).

41 2401 168 2436 Ιιηοιιωω
178 2409 208 2438 de
222 2419 254 2439 re
267 2411 351 2446 paulo
365 2410 447 2437 fusius
468 2418 560 2437 eorum
574 2410 657 2444 gratia
671 2410 784 2444 disputat
797 2432 803 2442 ,

41 2451 74 2484 ιιιὶ
83 2451 141 2482 “me
151 2463 198 2485 non
210 2457 309 2485 eadem
324 2478 331 2489 ,
346 2465 397 2493 qua
409 2457 524 2492 pollebat
536 2457 714 2491 Macedonius,
731 2466 804 2493 saga-

41 2495 100 2526 εἶτα
117 2501 223 2536 proditi,
245 2503 389 2538 epistolam
411 2503 478 2530 hanc
495 2510 569 2529 suam
588 2503 679 2530 lecturi
702 2508 801 2530 essent.

42 2539 128 2578 εφαιῆ
142 2547 218 2575 etiam
229 2569 238 2582 ,
261 2555 317 2583 qua
336 2548 440 2575 ratione
458 2556 505 2582 pro
519 2548 571 2575 reis
586 2548 753 2582 interpellate
768 2549 804 2574 fas

41 2586 178 2620 unum:
190 2593 225 2622 de
238 2594 345 2630 legibus
364 2594 390 2621 in
410 2594 571 2621 restituenda
594 2603 623 2621 re
642 2595 727 2622 aliena
750 2603 804 2621 ser-

41 2634 195 2668 "Mﬂlnlta
210 2640 344 2676 prtecipit.
365 2640 434 2675 Quin
457 2640 520 2667 illud
544 2640 634 2668 itidem
649 2647 730 2672 notat,
748 2642 802 2668 Ma-

159 2685 252 2714 innata
265 2686 381 2722 quadam
403 2687 565 2714 humanitate
586 2688 738 2722 impulsum,
757 2696 804 2721 pro

39 2722 172 2765 εῐετὶωφί
193 2731 325 2759 delictum
344 2732 450 2767 aliquod
463 2732 608 2759 admiserat
623 2733 802 2767 supplicasse;

38 2769 96 2805 "ill
111 2774 213 2811 quidem
239 2777 366 2813 precibus
387 2778 534 2812 mitigatum
557 2779 692 2805 Aurelium
714 2786 805 2812 ptenas

123 2820 217 2850 clerico
238 2822 346 2851 debitas
370 2829 532 2859 temperasse
551 2829 661 2859 apparet
676 2833 681 2851 :
699 2825 732 2851 de
753 2833 803 2860 qua

37 2863 122 2895 κει-ι
135 2867 171 2897 ita
193 2868 317 2906 loquitur
340 2871 510 2906 Augustinus,
537 2878 565 2899 ut
580 2872 665 2899 eidem
681 2879 709 2899 se
724 2871 804 2900 fuisse

38 2912 170 2945 om
178 2916 318 2952 signiﬁcet
328 2916 418 2953 (ιιξάη
429 2927 474 2947 tut.
488 2919 531 2953 t6,
547 2919 599 2954 10).

12 3130 219 3192 1....

898 235 925 262 4,
945 235 1123 272 Augustinus,
1137 238 1181 274 qui
1194 240 1379 277 episcoporum
1395 243 1601 274 intercessiones
1618 245 1646 275 in

862 282 956 310 eadem
970 283 1082 319 epistola
1096 286 1306 321 approbarent.
1328 296 1360 318 ac
1381 290 1528 320 Macedonii
1551 291 1648 324 fidem.

861 337 913 365 qua
927 330 952 357 ei
966 337 996 358 se
1008 331 1199 365 postulationes
1209 333 1340 368 ejusmodi
1355 343 1406 364 non
1421 342 1576 373 negaturum
1589 345 1653 374 quo-

862 375 1004 405 dammodo
1016 384 1173 414 receperat,
1193 379 1309 409 habebat
1319 382 1471 411 obstrictam
1483 406 1492 418 ,
1512 384 1582 413 haud
1602 394 1652 414 ne-

861 423 993 459 gligenter
999 425 1060 460 jure
1074 433 1123 454 suo
1135 431 1214 455 utens
1226 448 1234 461 ,
1249 436 1310 456 reos
1320 428 1354 456 ad
1364 436 1394 458 se
1407 430 1589 467 confugientes
1603 440 1652 468 pa-

862 470 975 498 trocinio
986 478 1035 498 suo
1045 471 1153 500 destitui
1161 480 1213 500 non
1225 477 1267 502 est
1280 481 1374 509 passus
1385 475 1479 512 (Ερὶει.
1495 477 1556 511 152,
1572 487 1599 505 n.
1616 479 1651 512 5;

862 514 946 551 Epist.
962 516 1029 550 154,
1047 526 1074 545 n.
1089 517 1134 553 t):
1149 526 1242 547 verum
1255 527 1315 548 eam
1329 520 1450 549 exhibuit
1462 522 1512 551 hac
1524 522 1551 550 in
1562 531 1592 551 re
1607 531 1651 552 sa-

861 561 987 596 pientiam
998 566 1026 591 et
1037 564 1222 593 verecundiam
1234 585 1242 599 ,
1257 569 1288 593 ut
1300 573 1354 594 non
1364 567 1444 596 modo
1453 568 1512 604 ejus
1524 576 1651 605 respuere

860 608 994 643 postulata
1008 617 1061 638 non
1076 612 1193 646 potuerit
1206 612 1389 647 Macedonius,
1409 614 1457 642 sed
1476 615 1557 643 etiam
1567 636 1574 649 ,
1589 617 1654 652 quin

860 654 1019 682 modestiam
1030 656 1114 691 ipsius
1124 656 1248 686 laudibus
1256 659 1413 693 cumularet,
1424 667 1592 697 nequaquam
1600 662 1654 691 sibi

861 703 1058 736 temperaverit.
1073 703 1161 738 Atque
1175 704 1201 731 in
1216 705 1302 732 Vitam
1317 706 1402 733 sancti
1414 706 1471 734 Viri
1484 709 1651 745 transcripsit

861 747 997 775 Possidius
1010 749 1054 776 illa
1067 750 1147 777 verba
1161 760 1167 777 :
1185 750 1253 778 Miro
1263 752 1338 779 modo
1348 753 1443 788 alliciar
1453 755 1578 789 sapientia
1591 761 1634 783 tua
1643 778 1651 789 ,

861 797 883 820 et
894 793 921 820 in
932 794 984 821 illis
996 795 1176 829 quwedidisti,
1197 801 1219 823 et
1240 797 1267 824 in
1287 798 1326 825 Itis
1340 806 1396 833 qua
1417 799 1582 828 interveniens
1602 811 1649 836 pro

861 839 988 867 sceleratis
1002 842 1099 868 mittere
1111 849 1161 868 non
1174 843 1297 877 gravaris.
1315 843 1385 871 Nam
1397 849 1421 871 et
1434 845 1480 872 illa
1494 850 1589 873 tantum
1603 846 1653 874 Im-

861 885 917 912 bent
930 886 1069 920 acuminis,
1084 887 1210 921 scientia,
1225 889 1364 917 sanctitatis
1375 910 1381 922 ,
1395 895 1423 917 ut
1437 891 1501 918 nihil
1512 900 1591 927 supra
1603 893 1652 926 sit;

860 936 883 958 et
895 932 950 959 hac
961 937 1059 960 tantum
1071 935 1237 968 verecundior,
1251 941 1278 962 ut
1291 937 1340 964 nisi
1355 938 1448 972 faciant
1457 938 1524 973 quod
1535 939 1650 973 mandas,

860 977 962 1013 culpam
972 987 1047 1013 penes
1061 988 1100 1007 me
1111 989 1248 1014 remanere,
1260 990 1311 1010 non
1324 983 1352 1010 in
1364 984 1463 1019 negotio
1478 993 1542 1018 esse,
1555 986 1653 1021 dijudi-

859 1032 911 1051 cem
921 1046 929 1058 ,
944 1024 1043 1052 domine
1057 1027 1145 1053 merito
1155 1028 1311 1061 venerabilis,
1327 1034 1350 1056 et
1363 1037 1419 1057 vere
1431 1031 1590 1066 suspiciende
1602 1041 1650 1067 pa-

860 1074 906 1097 ter.
923 1069 983 1097 Non
996 1071 1062 1098 enim
1074 1072 1153 1099 instas
1173 1073 1252 1108 (quod
1269 1074 1382 1110 plerique
1393 1076 1506 1103 homines
1518 1077 1590 1104 istius
1603 1078 1652 1106 loci

859 1116 968 1151 faciunt)
983 1122 1010 1143 ut
1022 1118 1196 1154 quodcumque
1209 1120 1333 1147 sollicitus
1345 1121 1455 1148 volueris
1464 1142 1470 1154 ,
1486 1127 1653 1156 extorqueas;

859 1162 903 1189 sed
913 1162 980 1197 quod
994 1162 1038 1189 tibi
1050 1171 1066 1189 a
1074 1163 1162 1198 judice
1176 1169 1211 1191 tot
1224 1165 1291 1192 curis
1309 1166 1427 1193 obstricto
1449 1167 1549 1202 petibile
1569 1167 1651 1194 visum

861 1209 954 1245 fuerit,
974 1209 1094 1237 admones
1115 1210 1282 1238 tubeerviente
1301 1212 1459 1246 uerecundia,
1474 1221 1529 1248 qua:
1542 1214 1653 1242 maxime

859 1255 998 1290 difﬁcilith
1025 1256 1090 1283 inter
1115 1256 1192 1283 bonos
1221 1257 1329 1292 efﬁcacia
1358 1263 1393 1285 est
1416 1257 1509 1295 (Ibid.,
1538 1264 1560 1287 et
1583 1259 1653 1287 Pos-

858 1301 920 1335 sid.,
939 1302 966 1329 in
984 1301 1080 1335 ludia,
1105 1311 1132 1330 τι.
1152 1302 1208 1338 25).
1228 1302 1313 1331 Simul
1338 1303 1518 1338 Macedonius,
1533 1313 1592 1340 qua:
1615 1313 1647 1333 ex

860 1347 931 1375 illius
943 1349 1069 1383 operibus
1084 1349 1193 1383 legerat,
1208 1350 1347 1384 magnifica
1360 1350 1550 1384 praedicatione
1565 1351 1653 1379 extol-

860 1394 890 1421 lit
902 1394 996 1429 (Epist.
1010 1395 1071 1429 154,
1087 1404 1114 1422 τι.
1125 1395 1153 1431 Ξ)
1166 1404 1173 1422 :
1187 1403 1270 1431 eaque
1291 1403 1344 1423 non
1371 1397 1420 1424 alia
1439 1397 1520 1424 fuisse
1531 1405 1547 1424 a
1562 1397 1655 1432 primis

861 1440 935 1467 libris
955 1440 989 1467 de
1003 1440 1115 1468 Civitate
1136 1441 1202 1475 Dei,
1228 1448 1282 1469 non
1303 1442 1416 1469 obscure
1437 1442 1572 1476 indicant,
1592 1450 1654 1470 cum

860 1486 941 1521 ipsius
951 1485 1054 1522 (Ibid),
1070 1491 1124 1514 tum
1139 1487 1278 1523 Augustini
1289 1488 1369 1515 verba
1381 1488 1475 1524 (Epist.
1491 1488 1552 1522 155,
1569 1497 1596 1516 n.
1610 1488 1652 1524 2).

859 1532 1043 1560 Macedoniam
1066 1533 1093 1560 in
1115 1533 1253 1568 procinctu
1269 1532 1351 1561 fuisse
1364 1538 1475 1569 apparet
1489 1534 1523 1561 ad
1537 1534 1653 1562 redeun-

859 1578 922 1606 dum
936 1579 962 1606 in
976 1579 1086 1612 Italiam,
1102 1579 1173 1606 unde
1186 1580 1347 1614 scripturum
1374 1580 1523 1615 Augustino
1533 1599 1542 1612 ,
1561 1580 1583 1607 si
1603 1587 1654 1616 qua

860 1624 885 1651 id
897 1624 952 1651 ﬁeri
969 1624 1063 1659 possit,
1077 1625 1208 1659 promittit
1220 1633 1226 1651 :
1242 1629 1269 1651 ut
1286 1629 1362 1652 tanta;
1374 1624 1494 1652 doctrina:
1508 1633 1580 1661 opus,
1607 1625 1650 1653 in-

859 1670 918 1705 quit
927 1670 981 1703 ille,
997 1670 1096 1703 debitis,
1112 1670 1158 1697 etsi
1176 1678 1226 1697 non
1240 1670 1464 1706 satisfacientibus,
1482 1675 1655 1698 remuneretur

860 1716 983 1751 obsequiis
999 1716 1096 1752 (Epist.
1112 1716 1179 1748 154,
1195 1724 1221 1743 n.
1236 1715 1276 1752 5).
1291 1716 1367 1743 illum
1386 1720 1448 1743 ante
1462 1716 1654 1752 profectionem

860 1769 970 1789 nntnere
981 1783 987 1795 ,
1012 1762 1082 1797 quod
1097 1770 1126 1790 se
1141 1761 1250 1798 digitum
1265 1767 1345 1796 esset,
1361 1762 1487 1790 donatum
1501 1762 1586 1790 voluit
1597 1762 1654 1789 Au-

860 1809 982 1843 gustinus
994 1817 1000 1835 :
1014 1808 1111 1836 etenim
1127 1808 1176 1843 ipsi
1191 1808 1409 1843 prtestantissima
1419 1808 1532 1843 epistola
1546 1815 1656 1843 respon-

859 1855 898 1883 dit
913 1855 1008 1892 (Epist.
1022 1855 1093 1891 155),
1107 1862 1157 1890 qua
1170 1855 1303 1890 praecipua
1315 1862 1427 1890 quaeque
1437 1854 1487 1882 viri
1504 1854 1654 1889 christiani,

860 1909 891 1928 ac
904 1901 1051 1936 praesertim
1064 1905 1222 1936 potestatem
1236 1900 1354 1935 gerentis
1366 1900 1454 1928 ofﬁcia
1469 1900 1558 1928 eidem
1573 1908 1656 1936 pone—

859 1947 905 1975 bat
929 1947 964 1975 ob
986 1947 1096 1980 oculos;
1121 1947 1184 1974 illud
1209 1947 1235 1973 in
1258 1946 1350 1981 primis
1370 1953 1430 1973 eum
1446 1939 1610 1979 admonens,
1626 1951 1655 1974 ut

859 2002 952 2022 omnes
965 2002 1027 2022 suas
1042 1994 1152 2022 virtutes
1162 1993 1258 2021 divinae
1271 1993 1381 2020 bonitati
1394 1999 1517 2028 acceptas
1530 1993 1651 2025 referret,

835 2057 839 2060 -
859 2045 938 2076 atque
961 2041 1039 2068 isttnn
1063 2040 1142 2067 finem
1157 2040 1183 2067 in
1197 2040 1322 2068 omnibus
1344 2040 1512 2074 magistratus
1535 2039 1576 2066 sui
1590 2038 1651 2067 ofﬂ-

859 2088 907 2115 ciis
917 2087 966 2114 sibi
978 2087 1140 2121 propositum
1155 2086 1279 2118 haberet,
1295 2085 1414 2113 subditos
1429 2085 1462 2113 ad
1477 2085 1559 2112 Deum
1573 2089 1652 2113 mter-

860 2140 973 2168 namque
996 2133 1078 2159 vitam
1102 2131 1244 2159 adducere.
1266 2131 1340 2158 Hanc
1362 2130 1514 2164 Possidius,
1536 2130 1575 2158 De
1588 2131 1653 2157 veris

865 2179 1020 2211 Virtutibus,-
1039 2180 1149 2207 alteram
1167 2186 1232 2206 vero
1250 2178 1284 2206 ad
1297 2178 1479 2206 Macedonium
1494 2177 1650 2213 epistolam,

859 2226 898 2252 De
919 2225 1143 2253 lttlercessionibus
1161 2225 1334 2261 episcoporum
1353 2224 1467 2260 appellat
1488 2222 1613 2260 (Possid.,
1625 2223 1652 2251 iu

859 2271 956 2303 ludia,
974 2280 1030 2306 cap.
1048 2270 1085 2307 1).

895 2319 921 2346 5.
943 2318 998 2345 Hoc
1011 2317 1079 2344 forte
1091 2324 1161 2344 anno
1173 2315 1434 2351 quadringentesimo
1443 2314 1549 2342 decimo
1557 2319 1653 2349 quarto

860 2365 957 2392 librum
976 2371 1024 2391 seu
1046 2363 1184 2398 epistolam
1200 2362 1233 2389 ad
1246 2361 1373 2389 Hilarium
1387 2361 1421 2388 de
1435 2360 1625 2396 quaestionibus
1638 2368 1654 2387 e

859 2410 947 2439 Sicilia
965 2409 1053 2437 tnissis
1072 2408 1179 2444 scripsit
1198 2408 1360 2443 Augustinus
1373 2407 1469 2444 (Epist.
1482 2405 1557 2443 157).
1578 2406 1653 2434 Hanc

860 2456 990 2490 siquidem
1005 2462 1075 2482 anno
1089 2453 1353 2489 quadringentesimo
1368 2453 1472 2481 decimo
1486 2453 1579 2488 quinto
1594 2452 1655 2481 llic-

860 2509 907 2529 ron
911 2509 988 2536 ymus
999 2505 1026 2529 et
1036 2500 1146 2528 Orosius
1156 2504 1316 2533 memorant,
1327 2507 1358 2527 ac
1370 2508 1449 2535 nuper
1458 2499 1583 2535 scriptam
1594 2506 1655 2526 esse

861 2552 998 2575 testantur.
1019 2546 1158 2574 Neminem
1173 2553 1206 2573 ex
1223 2550 1278 2573 toto
1292 2545 1440 2573 christiano
1455 2545 1520 2573 urbe
1534 2545 1633 2572 latebat
1643 2565 1652 2578 ,

859 2601 938 2628 quam
961 2594 1037 2628 longe
1065 2593 1135 2621 inter
1158 2592 1283 2620 Ecclesia:
1306 2591 1429 2619 doctores
1453 2592 1602 2619 eruditione
1623 2599 1655 2619 ac

860 2640 972 2668 scientia
991 2644 1131 2676 prtestaret
1151 2638 1331 2675 Hipponensis
1346 2639 1504 2674 episcopus;
1521 2646 1599 2673 quem
1613 2645 1654 2666 vel

859 2688 917 2721 ipse
926 2687 1086 2714 Volusianus
1099 2685 1216 2713 nondum
1231 2684 1330 2717 fidelis,
1345 2684 1409 2711 nihil
1424 2684 1494 2719 quod
1504 2683 1538 2710 ad
1550 2690 1652 2710 sacram

859 2733 1006 2760 doctrinam
1022 2733 1176 2767 pertineret,
1191 2731 1316 2766 ignorare
1330 2730 1459 2757 audierat.
1473 2729 1537 2756 Cum
1549 2728 1584 2754 αιι
1597 2727 1650 2753 Au-

859 2779 990 2814 glutinant
1005 2779 1111 2810 uenitur,
1126 2777 1262 2812 inquiebat
1282 2776 1327 2804 ille
1337 2797 1345 2809 ,
1371 2776 1419 2810 legi
1431 2775 1514 2806 deest,
1530 2772 1651 2809 quidquid

860 2825 990 2861 contigerit
1004 2825 1115 2860 ignorari
1135 2823 1231 2859 (Epist.
1252 2823 1315 2855 155,
1329 2831 1356 2849 n.
1370 2822 1399 2856 2)
1410 2830 1416 2847 ;
1427 2824 1505 2854 atque
1515 2818 1582 2845 adeo
1597 2818 1652 2846 Au-

859 2871 957 2907 gustini
969 2872 1047 2898 {amre
1069 2871 1198 2898 interesse
1217 2868 1364 2900 asserebat,
1378 2870 1406 2892 ut
1419 2871 1464 2891 sua
1478 2863 1527 2890 sibi
1539 2862 1651 2897 quaesita

861 2925 911 2954 per
924 2924 984 2945 eum
996 2916 1201 2953 explicarentur.
1214 2914 1279 2943 Cum
1291 2919 1354 2948 ergo
1368 2908 1590 2938 animadverteret
1605 2907 1651 2938 Hi-
