3858 6406
609 348 712 403 ιπι

607 478 795 540 hrtus,
824 475 961 532 tradi
989 487 1017 530 a
1039 473 1355 547 quibusdam
1394 473 1533 544 apud
1569 471 1861 542 Syracusas
1904 485 2038 526 nova
2081 472 2196 524 tunc

605 569 850 641 dogmata
881 611 895 630 .
946 567 1105 623 Posse
1145 583 1254 623 esse
1294 567 1545 620 hominem
1582 567 1690 620 sine
1724 574 1944 634 peccato,
1977 575 2024 619 ct
2052 581 2194 618 man.

606 664 725 718 datu
753 661 851 718 Det
878 663 1030 734 facile
1063 662 1315 716 cttstodire
1335 703 1348 725 ,
1373 660 1418 715 si
1446 661 1599 722 velit;
1623 659 1870 729 infantem
1898 675 1998 713 non
2026 661 2194 729 bapti-

604 765 777 812 utttnt
809 765 971 810 morte
1007 762 1314 824 pmoentum
1343 767 1444 807 non
1473 767 1620 822 posse
1646 753 1809 823 perire
1834 753 2029 816 merito,
2060 767 2191 820 quo-

605 853 744 906 niam
773 850 882 906 sine
921 858 1125 920 peccato
1163 849 1404 904 nascitur.
1452 847 1667 901 Divitem
1716 857 1998 901 manentem
2025 849 2078 900 in
2121 845 2196 900 di-

602 943 738 998 vitiis
776 943 882 996 suis
904 982 920 1008 ,
961 957 1171 1012 regnum
1194 940 1289 994 Dei
1319 956 1419 995 non
1458 955 1605 1011 posse
1636 939 1851 1010 ingredi,
1885 941 1982 993 nisi
2023 941 2191 993 omnia

604 1049 700 1093 sua
737 1033 1016 1090 vendiderit
1047 1051 1067 1101 ,-
1095 1049 1187 1088 nec
1259 1033 1492 1104 prodesse
1537 1033 1698 1086 eidem
1761 1048 1906 1094 posse
1931 1072 1943 1098 ,
1969 1032 2012 1084 si
2062 1036 2190 1102 forte

610 1141 675 1183 ea:
705 1127 832 1198 ipsis
867 1126 1053 1180 divitiis
1101 1127 1340 1179 mandata
1394 1125 1598 1194 fecerit,
1649 1132 1790 1190 etc.,
1839 1123 1906 1177 de
1948 1123 2030 1178 his
2082 1126 2190 1177 Λιι-

601 1218 870 1289 gustlnum
891 1217 1196 1282 consuluit;
1227 1229 1513 1287 persuasus
1553 1216 1718 1287 lpslus
1755 1217 1954 1284 gratia,
1992 1215 2043 1270 id
2070 1223 2184 1283 est,

600 1323 852 1365 concessa
879 1309 928 1363 ei
957 1308 1209 1364 divinitus
1249 1308 1317 1361 ad
1359 1307 1660 1362 docendum
1699 1307 1985 1374 facultate,
2031 1323 2146 1379 qua:
2169 1349 2183 1372 ,

599 1405 703 1469 ait,
751 1403 982 1457 omnibus
1013 1412 1133 1456 nota
1158 1410 1248 1456 est.
1277 1401 1409 1456 Hinc
1439 1402 1580 1456 enim
1609 1417 1814 1456 summa
1844 1415 1964 1456 cum
1988 1401 2188 1472 pollere

599 1496 953 1561 auctoritate,
999 1493 1299 1564 signiﬁcare
1342 1493 1553 1548 videtur
1592 1494 1707 1548 istis
1751 1493 1966 1550 verbis:
2011 1492 2085 1546 De
2109 1493 2186 1548 Itis

599 1586 826 1642 omnibus
845 1599 988 1656 rogo,
1014 1585 1216 1654 quantis
1237 1585 1377 1638 valeo
1399 1584 1647 1654 precibus,
1671 1583 2001 1637 Sanctitatem
2021 1593 2180 1650 tuam,

597 1690 653 1736 ut
673 1682 854 1754 jubeas
891 1697 982 1735 nos
1011 1681 1232 1751 apertius
1253 1681 1454 1746 instrui,
1503 1696 1600 1749 quo
1636 1679 1915 1733 noverimus
1943 1687 2184 1746 quatenus

594 1775 780 1828 sentire
806 1774 1074 1828 debeamus
1122 1772 1314 1845 (Epist.
1356 1773 1505 1842 156).
1544 1773 1902 1840 Quamobrem
1934 1772 2181 1842 Augusti-

593 1877 720 1925 nus,
753 1872 1099 1934 posteaquam
1131 1863 1328 1917 affatim
1366 1864 1618 1933 explicuit
1647 1905 1660 1930 ,
1707 1864 1831 1934 quid
1862 1863 1929 1918 de
1957 1864 2058 1918 illis
2085 1865 2182 1918 Pc-

593 1957 812 2028 lagianis
826 1958 1207 2029 quaestionibus
1221 1967 1462 2012 censeret
1486 1976 1497 2011 :
1517 1957 1782 2028 Acccplsli,
1797 1958 1890 2022 ait,
1906 1959 2042 2027 quod
2059 1958 2182 2012 mihi

591 2051 789 2107 videtur
813 2067 830 2106 :
857 2051 1036 2105 melius
1063 2059 1312 2120 exponant
1338 2051 1434 2103 ista
1460 2049 1720 2112 meliores;
1745 2066 1842 2102 non
1864 2049 1948 2102 isti
1967 2065 2180 2118 quarunt

592 2142 697 2210 iant
723 2144 838 2196 novi
861 2143 1152 2195 sententiam
1180 2140 1577 2211 reprobandum,
1606 2140 1696 2193 scd
1721 2140 1809 2193 alii
1828 2141 1914 2209 qui
1940 2141 2180 2192 veraciter

589 2243 818 2304 possunt.
883 2233 1020 2286 Nam
1059 2242 1105 2286 et
1148 2248 1239 2303 ego
1278 2233 1506 2304 paratior
1532 2249 1643 2286 sum
1670 2233 1878 2297 discere,
1909 2247 2061 2303 quam
2087 2233 2180 2284 do-

586 2341 696 2378 cere
718 2342 736 2389 ;
775 2334 822 2378 ct
843 2337 896 2378 tu
924 2342 1160 2395 magnum
1183 2330 1408 2397 confcres
1435 2326 1750 2394 beneﬁcium,
1783 2328 1824 2379 si
1854 2343 1911 2378 ea
1937 2341 2050 2394 qua:
2074 2326 2178 2378 illic

592 2418 832 2470 asanctis
863 2417 1108 2488 fratribus
1150 2417 1390 2470 adversus
1431 2417 1642 2470 istorum
1685 2417 1970 2485 vaniloquia
2013 2417 2173 2469 disse-

584 2515 787 2574 runtur,
819 2525 919 2561 non
947 2523 1025 2560 me
1047 2508 1211 2578 facias
1236 2508 1471 2578 ignorare
1501 2506 1692 2577 (Epist.
1723 2507 1844 2573 157,
1871 2523 1922 2560 η.
1951 2506 2064 2577 41).

1187 2605 1416 2661 CAPUT
1457 2605 1588 2660 Vlll.

597 2692 624 2747 1
678 2690 876 2746 Psalmi
919 2692 1090 2763 plures
1127 2701 1232 2746 tum
1273 2707 1408 2746 anno
1451 2691 1642 2746 Christi
1683 2693 2172 2763 quadringentesimo

657 2783 852 2839 decimo
879 2785 1072 2849 quinto,
1107 2793 1214 2837 tum
1243 2794 1359 2837 ante
1387 2784 1618 2854 expositi.
1641 2783 1676 2837 2
1729 2781 1940 2838 Orosius
1962 2784 2171 2854 presby-

657 2885 728 2930 ter
751 2875 818 2930 ab
842 2885 1062 2931 extrema
1085 2875 1338 2946 Hispania
1365 2877 1495 2930 venit
1524 2875 1592 2930 ad
1609 2877 1968 2948 Augustinum.
1999 2879 2032 2932 5
2071 2876 2171 2931 llic

653 2968 794 3023 illius
817 2969 1178 3023 consultationi
1209 2973 1434 3038 facturus
1468 2971 1592 3024 satis
1622 2969 1805 3023 librum
1839 2979 2015 3024 contra
2047 2969 2168 3023 Pri-

661 3059 988 3114 scillianistas
1018 3069 1066 3115 et
1095 3060 1406 3132 Origenistas
1435 3063 1719 3116 conscribit.
1747 3063 1781 3116 4
1804 3062 2039 3117 Orosiutn
2055 3080 2169 3116 cum

650 3153 760 3206 suis
804 3152 992 3223 aliquot
1027 3155 1381 3223 scriptionibus
1414 3155 1565 3208 mittit
1605 3155 1672 3208 ad
1714 3155 2107 3225 Hieronymum,
2138 3174 2170 3211 n

659 3257 758 3313 quo
785 3242 980 3296 edoceri
1009 3243 1073 3296 de
1101 3245 1284 3303 animo:
1321 3245 1597 3314 prtcsertint
1624 3246 1817 3315 origine
1846 3248 1999 3316 cupit.
2029 3248 2062 3302 5
2093 3246 2169 3300 Ti-

653 3333 870 3387 masinm
894 3343 939 3388 et
958 3333 1208 3388 Iacobum
1235 3343 1433 3388 revocat
1455 3335 1516 3388 ab
1546 3337 1715 3389 cribro
1742 3335 1961 3406 Pelagii,
1993 3347 2168 3391 contra

628 3411 800 3494 quem
852 3425 1153 3494 opusculum
1195 3425 1298 3478 edit
1338 3426 1404 3479 de
1453 3425 1653 3480 Natura
1691 3436 1736 3480 ct
1773 3427 1971 3482 Gratia.
2016 3430 2049 3485 6
2089 3431 2167 3483 Ad

652 3511 865 3584 quesita
893 3516 1125 3586 quasdam
1156 3516 1349 3581 Evodii,
1384 3533 1538 3588 eaque
1575 3519 1831 3587 pracipua
1854 3563 1867 3585 ,
1902 3524 2167 3591 respondet

657 3621 752 3677 per
775 3607 966 3676 aliquot
995 3609 1252 3679 epistolas.
1287 3611 1318 3663 7
1350 3608 1557 3663 Librum
1579 3610 1644 3664 de
1676 3609 1994 3682 Perfectione
2015 3615 2168 3685 justi-

655 3702 739 3755 titte
761 3699 978 3756 hominis
997 3704 1268 3772 componit.

650 3793 706 3848 1.
748 3793 807 3850 In
829 3795 1054 3866 cpistola
1087 3795 1150 3848 ad
1183 3795 1442 3850 Evodium
1475 3794 1576 3850 hoc
1601 3804 1842 3852 vertente
1865 3812 2006 3852 anno
2031 3814 2164 3870 qua-

573 3887 998 3960 dringentesimo
1021 3886 1230 3942 decimo
1264 3887 1449 3956 quinto
1477 3886 1598 3941 data
1637 3889 1796 3942 variae
1834 3899 2165 3946 commenta-

577 3982 755 4039 tiones
771 3988 1195 4047 notantur,quas
1230 3979 1570 4050 Augustinus,
1601 3987 1660 4034 ut
1689 3979 1803 4050 ipse
1830 3981 2008 4046 tradit,
2043 3993 2167 4038 ante

583 4073 786 4130 Pascha
806 4115 821 4140 ,
861 4089 924 4128 ac
947 4073 1058 4142 jam
1087 4071 1398 4127 imminente
1427 4070 1842 4143 Qttadragesima
1875 4074 2164 4143 inemptas,
2195 4105 2204 4112 -

581 4173 706 4220 tunc
735 4165 989 4234 temporis
1022 4164 1086 4218 ad
1119 4163 1429 4218 umbilicum
1465 4163 1759 4219 adduxerat
1805 4165 1998 4236 (Epist.
2023 4169 2126 4223 169
2149 4210 2164 4235 ,

580 4272 633 4309 n.
666 4253 738 4328 1).
787 4254 842 4308 ln
886 4255 969 4308 his
1017 4262 1192 4308 autem
1225 4255 1390 4309 libros
1407 4253 1580 4319 duos,
1604 4264 1856 4325 quartum
1884 4257 2088 4312 scilicet
2116 4267 2169 4313 ct

573 4350 820 4420 quintum
849 4348 916 4404 de
933 4348 1163 4404 Civitate
1196 4349 1309 4415 Dei,
1335 4360 1599 4404 memorat
1624 4368 1637 4403 :
1667 4350 1857 4420 quibus
1881 4351 2029 4406 addit
2053 4367 2169 4422 per-

577 4443 782 4514 amplas
806 4459 834 4499 a
865 4459 926 4499 se
963 4443 1188 4499 dictatas
1230 4441 1562 4498 Psalmorum
1601 4444 1918 4514 sexagesimi
1966 4446 2119 4515 primi
2150 4490 2163 4514 ,

579 4538 951 4608 septuagesimi
981 4521 1136 4607 primi
1165 4543 1222 4591 ct
1249 4539 1622 4607 septuagesimi
1651 4539 1863 4608 septimi
1886 4540 2167 4610 expositio-

580 4641 694 4683 nes.
721 4628 961 4684 Psalmos
984 4629 1119 4683 alios
1147 4644 1239 4683 seu
1265 4628 1471 4683 calamo
1500 4644 1596 4683 seu
1620 4645 1870 4686 sermone
1891 4633 2001 4701 jam
2033 4632 2167 4687 bene

580 4721 778 4774 multos
797 4722 1120 4791 explicucrat
1147 4739 1160 4775 :
1193 4737 1317 4774 nam
1345 4722 1574 4777 vidimus
1601 4724 1934 4798 trigesimum
1957 4734 2166 4781 sextum

581 4813 897 4884 Carthagine
932 4815 1002 4866 ab
1049 4829 1116 4868 eo
1162 4815 1299 4868 inter
1348 4816 1770 4872 conciouandum
1799 4819 1906 4887 jam
1948 4819 2072 4875 inde
2100 4820 2168 4872 ab

589 4919 733 4958 anno
802 4903 1323 4973 quadringentesimo
1383 4907 1544 4961 tertio
1597 4909 1937 4979 explanatum
2005 4909 2169 4966 fuisse

583 4994 805 5069 (Supra,
825 4994 912 5049 lib.
933 4994 986 5061 5,
1006 5011 1120 5066 cap.
1140 4995 1190 5059 8,
1209 5013 1260 5048 n.
1279 4995 1359 5066 6);
1377 5012 1440 5052 ac
1453 4998 1504 5052 in
1523 5009 1816 5056 memorata
1833 5002 2054 5073 epistola
2067 5002 2166 5058 do-

581 5097 668 5144 cet
705 5087 1054 5144 vehementer
1094 5089 1390 5158 exspectari
1434 5088 1764 5164 ﬂagitarique
1805 5096 1872 5150 ab
1901 5097 2016 5166 ipso
2041 5098 2168 5152 reli-

581 5195 716 5252 quos
751 5179 1026 5246 Psalmos,
1059 5195 1286 5248 quorum
1326 5182 1551 5239 necdum
1579 5187 1963 5256 expositionem
1997 5204 2167 5258 neque

579 5275 836 5344 scriptura
868 5287 1041 5345 neque
1082 5274 1264 5330 habito
1294 5276 1360 5332 ad
1399 5278 1605 5346 plebem
1635 5291 1882 5333 sermone
1917 5280 2161 5337 ediderat

581 5366 769 5439 (Epist.
800 5367 926 5435 169,
953 5381 1005 5421 n.
1036 5368 1111 5439 1).
1145 5366 1321 5422 lnnuit
1339 5368 1496 5422 etiam
1530 5367 1582 5421 id
1609 5367 1710 5422 sibi
1735 5377 1884 5434 tunc,
1916 5371 2164 5428 nimirum

580 5460 680 5514 sub
715 5460 842 5514 anni
867 5475 896 5513 a
923 5459 1445 5530 quadringentesimo
1481 5459 1651 5528 quinti
1685 5459 1877 5515 decimi
1921 5464 2118 5520 exitum
2144 5508 2159 5535 ,

577 5550 633 5606 in
661 5553 841 5606 animo
869 5549 1066 5616 fuisse,
1109 5549 1329 5604 omnino
1357 5549 1478 5604 huic
1511 5550 1681 5620 operi,
1713 5551 1974 5626 simulque
2010 5557 2161 5615 alteri

578 5638 646 5700 de
673 5641 899 5698 Civitate
927 5642 1022 5697 Dei
1043 5683 1058 5709 ,
1089 5640 1416 5696 absolvenda
1453 5641 1759 5699 incumbere
1785 5687 1799 5713 ,
1843 5661 2068 5721 eamque
2087 5654 2163 5708 ob

575 5743 692 5790 rem
713 5727 886 5789 libros
910 5732 976 5790 de
999 5732 1260 5789 Trinitate
1281 5732 1456 5791 adhuc
1481 5733 1728 5806 dillcrrc;
1762 5752 1880 5796 cum
1903 5755 2161 5817 prmterea

581 5830 637 5880 et
661 5823 877 5890 majoris
905 5837 1082 5882 essent
1101 5825 1447 5899 difﬁcultatis,
1478 5838 1533 5887 et
1557 5831 1801 5904 minoris,
1832 5836 2017 5894 saltem
2041 5840 2159 5908 ple-

2708 302 2747 310 -.
2775 280 2819 315 ..ζ’-

1672 357 1824 414 ΗΤΛ
1866 359 1922 413 S.
1963 355 2172 412 AUGU!

2277 353 2327 407 ει
2370 353 2687 410 emacem.
2793 311 2806 315 ’
3303 330 3344 388 Γ
3677 385 3739 444 η,

2304 469 2483 538 risque
2523 469 2794 524 hominum
2815 509 2832 534 ,
2871 471 3130 529 utilitatis.
3177 475 3242 530 Et
3272 492 3438 550 reapse

2300 562 2446 628 operi
2468 571 2762 622 extremam
2789 563 3040 633 imposuit
3065 581 3295 635 manum,
3322 587 3379 627 ac
3399 574 3598 639 Ptulans
3614 559 3737 648 om

2301 653 2490 721 partim
2519 654 2767 708 dictando
2786 693 2800 720 ,
2840 656 3029 725 partim
3057 660 3406 720 condonanda
3425 669 3675 742 summa;
3694 696 3736 738 ιι,

2299 759 2404 813 que
2429 744 2590 800 etiam
2619 755 2672 800 et
2701 746 2802 802 hoc
2825 757 2875 803 et
2897 747 2990 803 illo
3009 751 3174 807 modo
3194 757 3470 816 nonnullos.

2368 838 2421 892 3.
2462 839 2588 894 Post
2625 853 2945 898 memoratas
2973 843 3025 898 in
3053 852 3160 901 tm
3185 845 3299 901 illos
3321 847 3532 912 Psallam
3559 859 3757 920 nomen:

2299 933 2522 988 taliones
2543 974 2558 998 ,
2592 933 2864 1006 subjungit
2892 935 3213 1006 Augustinus
3240 937 3395 997 libros
3423 959 3454 998 ι
3483 959 3536 1002 se
3565 963 3636 1017 pa
3656 953 3739 1012 0m.

2297 1025 2432 1079 sium
2465 1025 2788 1098 Hieronymo
2829 1028 3054 1095 missos,
3095 1037 3206 1086 tum
3241 1031 3394 1090 alium
3432 1051 3604 1108 quoque
3633 1045 3739 1106 eidem

2295 1117 2518 1182 Oresio,
2553 1118 2742 1176 Contra
2770 1119 3188 1178 Priscillianistas
3219 1131 3265 1178 et
3301 1122 3598 1196 Origeut'tlst.
3619 1133 3739 1194 insui.

2295 1217 2442 1276 ptum
2461 1207 2620 1280 (Ibid.
2631 1251 2646 1276 ,
2661 1228 2714 1265 n.
2732 1210 2843 1283 15).
2862 1211 3276 1272 Orosius’autem
3291 1215 3527 1286 Hispanus
3542 1227 3738 1297 presbyter,
3776 1227 3777 1238 ‘

2293 1300 2380 1368 qui
2412 1309 2464 1354 ct
2493 1300 2686 1355 Paulus
2715 1302 2766 1356 in
2800 1303 2892 1367 iis,
2927 1319 3045 1372 quae
3074 1317 3140 1358 ex
3168 1303 3282 1372 ejus
3303 1309 3526 1375 operibus
3545 1313 3668 1370 adhuc
3683 1331 3740 1372 sus

2295 1401 2530 1461 possunt,
2553 1393 2829 1459 vocitatur,
2851 1396 2904 1450 iu
2925 1405 3162 1452 extrema
3181 1397 3434 1468 Hispania,
3452 1404 3740 1468 sciliwmmni

2294 1483 2492 1551 littore,
2513 1495 2668 1540 natus
2685 1497 2798 1542 erat
2814 1486 3000 1559 (llud,
3021 1498 3066 1542 ct
3079 1487 3429 1559 Epist.166,n.
3446 1493 3513 1563 2).
3529 1496 3569 1552 Is
3582 1513 3663 1555 cun
3675 1517 3740 1558 non
3776 1497 3777 1502 “

2290 1579 2664 1634 communione
2692 1589 2894 1636 tantum
2919 1581 3214 1640 catholicus
3233 1624 3249 1648 ,
3279 1599 3449 1644 verum
3474 1587 3598 1648 etiam
3615 1593 3740 1662 pietate

2288 1685 2350 1722 ac
2377 1669 2500 1725 fidei
2542 1669 2847 1728 christiana;
2887 1673 3068 1730 studio
3107 1689 3386 1732 succensus
3423 1690 3566 1748 esset,
3595 1685 3740 1753 patriam

2287 1778 2440 1818 suam
2472 1773 2597 1820 tunc
2624 1779 2656 1819 a
2688 1766 2935 1822 Barbaris
2957 1767 3121 1840 diripi
3144 1770 3428 1840 vastarique
3449 1773 3584 1832 minus
3596 1779 3739 1846 gemuit,
3776 1839 3777 1842 η

2288 1872 2447 1924 quam
2474 1855 2631 1912 fidem
2658 1873 2754 1928 per
2777 1859 3064 1929 Hispanias
3083 1861 3244 1917 variis
3271 1863 3517 1920 erroribus
3531 1870 3738 1937 oppugnari.
3776 1861 3777 1936 ί

2285 1949 2480 2004 Audita
2507 1949 2666 2020 igitur
2687 1951 2969 2022 Augustini
2997 1952 3158 2021 fama,
3175 1969 3242 2010 eo
3259 1953 3465 2012 doctore
3483 1955 3537 2014 de
3555 1959 3737 2026 capitibus,
3776 1991 3777 2026 ξ

2286 2041 2475 2111 quibus
2512 2041 2806 2112 augebatur
2825 2084 2840 2107 ,
2862 2043 3121 2113 quidquid
3150 2045 3308 2100 vellet
3329 2087 3341 2110 ,
3366 2045 3542 2104 discere
3561 2061 3604 2107 te
3621 2063 3734 2118 posse,

2285 2150 2492 2190 necnon
2523 2149 2620 2192 suo
2648 2150 2773 2207 erga
2802 2151 2984 2192 sacras
3023 2138 3234 2195 litteras
3270 2139 3430 2198 amori
3465 2139 3522 2193 ab
3549 2140 3618 2196 illo
3645 2141 3734 2210 plan

2285 2227 2656 2297 cumulateque
2673 2227 3007 2284 satisfactum
3033 2229 3098 2285 iri
3126 2228 3454 2286 existimavit.
3474 2231 3562 2288 lloc
3579 2245 3734 2286 uacua
3776 2229 3777 2298 Ῐ

2284 2319 2402 2373 allio
2431 2335 2572 2384 eum,
2606 2329 2662 2374 ut
2692 2319 2744 2374 iu
2771 2320 3003 2374 Alricum
3033 2335 3098 2375 ex
3131 2320 3330 2379 ultimis
3353 2321 3576 2392 Hispaniis
3609 2320 3736 2391 trajice-
3776 2317 3777 2392 ἢ

2283 2420 2383 2476 ret,
2413 2411 2698 2467 adductum
2731 2412 2894 2468 fuisse
2921 2413 3073 2469 testis
3095 2423 3184 2469 est
3208 2415 3348 2470 omni
3367 2414 3617 2483 exceptione
3635 2414 3736 2482 mjot

2282 2505 2610 2574 Augustinus
2632 2505 2821 2577 (Epist.
2845 2505 2970 2569 169,
2989 2523 3042 2558 η.
3065 2505 3179 2576 15).
3204 2505 3412 2562 Videtur
3427 2505 3681 2562 nihilomins
3695 2503 3736 2560 al

2282 2598 2611 2667 propositum
2655 2596 3059 2666 exsequendum
3107 2597 3265 2654 citius
3297 2612 3445 2668 quam
3477 2596 3735 2662 destinaverat,

2284 2689 2636 2744 Barbarorum
2669 2689 2983 2744 crudelitate
3009 2699 3248 2746 coactus.
3281 2690 3533 2746 Enimvero
3550 2689 3600 2744 tle
3617 2688 3735 2757 seipse

2279 2783 2504 2847 asserit,
2535 2797 2596 2837 se
2623 2783 2677 2837 iu
2710 2783 2939 2837 tumultu
2969 2783 3206 2853 quodam
3227 2825 3243 2850 ,
3287 2782 3527 2840 infortunii
3553 2779 3736 2842 lormidittt

2281 2879 2582 2947 puculsum
2603 2877 2872 2948 aufugisse
2889 2875 3089 2949 (0ros.,
3118 2877 3255 2932 Hist.
3273 2879 3358 2933 lib.
3380 2879 3428 2944 5,
3444 2871 3734 2947 cap.2);lltrht-

2277 2984 2458 3025 norum
2496 2970 2586 3024 vix
2625 2969 2856 3024 evitasse
2901 2969 3162 3034 insidias;
3199 2978 3357 3039 atque
3393 2969 3529 3025 etiam
3556 2974 3736 3038 postquam

2272 3062 2382 3131 jam
2406 3076 2553 3115 mare
2575 3060 2997 3125 conscendisset,
3017 3061 3167 3117 saxis
3187 3075 3248 3116 ac
3270 3061 3382 3115 telis
3398 3055 3736 3130 potiundorum

2277 3155 2566 3224 repentium
2594 3153 2806 3207 nebulae
2849 3151 3138 3218 beneficio,
3170 3169 3290 3209 cum
3325 3151 3518 3222 jamjam
3547 3144 3737 3217 capienda

2276 3247 2564 3311 videretur,
2598 3245 2832 3300 evasisse
2863 3262 2878 3300 :
2906 3259 3028 3314 qum
3059 3246 3297 3314 pericula
3329 3253 3460 3299 tanta
3488 3235 3733 3296 luisseaddit,

2277 3349 2326 3393 ut
2351 3355 2410 3394 ca
2433 3340 2548 3394 sine
2569 3339 2816 3409 lacrymis
2837 3351 2996 3392 nemo
3015 3338 3122 3392 nisi
3139 3338 3303 3392 durus
3316 3336 3484 3392 audire
3498 3328 3734 3404 queatUh'd-t

2273 3432 2362 3484 tib.
2381 3432 2435 3496 5,
2452 3447 2566 3500 εαρ.
2581 3430 2699 3501 20).
2721 3429 2857 3484 Dicit
2879 3437 3161 3498 praeterea,
3183 3445 3304 3484 cum
3329 3446 3360 3485 e
3389 3427 3533 3498 patria
3544 3425 3581 3478 vi
3595 3419 3734 3492 quadam

2273 3525 2482 3578 occulta
2521 3524 2757 3592 eiectus,
2791 3538 2854 3578 ac
2888 3523 3003 3576 sine
3032 3524 3336 3591 voluntate,
3369 3523 3476 3578 sine
3499 3515 3733 3575 necessitate.

2275 3615 2388 3669 sine
2415 3629 2679 3668 consensu
2712 3621 2858 3669 esset
2887 3628 3138 3684 egressus
3156 3657 3171 3681 ,
3203 3615 3257 3669 in
3286 3614 3498 3669 Africam
3535 3604 3734 3676 trajecisse.

2274 3722 2446 3776 neque
2486 3714 2545 3762 se
2579 3707 2970 3776 navigationem
2999 3721 3155 3762 suam
3197 3722 3265 3764 eo
3306 3705 3504 3762 tendere
3525 3701 3632 3773 prius
3649 3708 3737 3751 com-

2275 3799 2498 3868 perisse,
2522 3814 2680 3869 quam
2702 3799 2767 3852 ad
2791 3799 2906 3869 ejus
2931 3799 3225 3869 provincia:
3251 3800 3391 3856 littus
3409 3797 3657 3870 appelleret;
3673 3793 3737 3840 ιω

2275 3892 2493 3948 demum
2538 3892 2913 3960 considerato,
2951 3908 3058 3963 qua
3093 3895 3306 3950 ratione
3345 3893 3605 3962 deportatus
3623 3878 3737 3938 eodm

2278 3984 2481 4047 fuisset,
2508 3999 2702 4039 cursus
2729 3984 2814 4038 sui
2843 3983 3002 4040 linem
3033 3994 3087 4040 et
3119 3986 3390 4041 consilium
3412 3974 3736 4050 deprehendisse:

2271 4091 2336 4130 ac
2368 4083 2614 4130 revocato
2643 4076 2978 4145 collectoque
3014 4078 3198 4132 animo
3234 4075 3545 4147 cognovisse,
3570 4058 3736 4123 eosedi'

2276 4170 2473 4223 vinitus
2487 4168 2554 4222 ad
2567 4169 2607 4222 Α
2618 4169 2919 4238 ugustinum
2935 4168 3093 4239 dirigi
3111 4210 3126 4234 ,
3151 4180 3210 4226 ut
3227 4170 3265 4224 ll
3275 4167 3502 4240 ispanicis
3515 4160 3629 4217 malis
3639 4164 3739 4211 reme

2273 4261 2420 4314 dium
2450 4261 2505 4314 in
2529 4260 2648 4328 ipso
2671 4259 2933 4329 reperiret
2961 4259 3141 4329 (Apud
3161 4261 3398 4332 August.,
3421 4253 3560 4312 Orosit'
3573 4242 3736 4305 Corruit.
3776 4243 3777 4302 ἰ

2273 4369 2327 4406 n.
2350 4351 2426 4422 1).
2448 4351 2644 4421 Sicque
2667 4365 2696 4403 a
2720 4350 2996 4405 verisimili
3023 4366 3130 4406 non
3155 4351 3420 4416 abhorret,
3440 4361 3556 4408 eum,
3578 4353 3650 4409 qua
3668 4344 3741 4386 sese

2273 4445 2534 4516 praecipiti
2559 4442 2900 4498 festinatione
2925 4442 2994 4499 ad
3015 4459 3209 4498 navent
3235 4442 3478 4513 rapiebat,
3503 4437 3541 4491 in
3560 4423 3741 4501 quoddam

2275 4536 2562 4606 navigium,
2589 4534 2734 4605 quod
2761 4534 2870 4590 alio
2895 4535 3013 4592 vela
3041 4535 3256 4600 faceret,
3290 4535 3549 4605 ingressum
3566 4532 3663 4580 esse.

2276 4602 2454 4682 tamen
2484 4627 2590 4681 Deo
2609 4602 2830 4681 cursum
2871 4627 3009 4683 illius
3040 4602 3382 4691 moderante,
3413 4622 3473 4677 ad
3496 4629 3609 4676 oram
3628 4602 3739 4676 aPPH‘

2271 4721 2447 4776 coisse
2476 4718 2800 4776 Africanam.

2344 4815 2398 4869 5.
2438 4811 2570 4868 Cum
2604 4811 2880 4883 Augustini
2921 4813 3248 4884 colloquium
3279 4811 3582 4868 vehementer
3609 4795 3742 4884 οριδτῖι

2272 4906 2514 4972 Orosius,
2539 4878 2978 4976 exspectaretque
3001 4878 3456 4976 opportunitatem,
3479 4904 3528 4952 ut
3548 4888 3687 4976 capita.
3702 4878 3742 4930 άθ

2271 5001 2464 5072 quibus
2500 4999 2699 5057 erudiri
2740 5015 2800 5056 se
2831 4975 3114 5070 cupiebat,
3140 5001 3314 5058 eidem
3345 4999 3395 5052 in
3422 4990 3618 5050 libellum
3639 4975 3742 5034 relalt

2271 5093 2541 5158 traderet;
2569 5092 2788 5163 contigit
2811 5101 2874 5147 ut
2897 5092 3088 5148 eodem
3104 5133 3119 5160 ,
3148 5107 3254 5163 quo
3280 5092 3409 5160 ipse,
3431 5075 3648 5141 desiderio
3663 5077 3742 5138 PN“

2271 5186 2521 5242 curanda:
2542 5186 2778 5241 omnium
2801 5186 2986 5240 salutis
3011 5185 3241 5256 peruioti
3259 5182 3444 5238 Paulus
3465 5185 3597 5244 atque
3615 5165 3741 5255 Ευίπξ·

2270 5278 2390 5350 pius
2421 5277 2654 5349 episcopi
2696 5277 3160 5334 commonitorium
3186 5277 3254 5333 de
3277 5269 3560 5346 quibusdam

2269 5371 2370 5428 bus
2397 5381 2582 5426 sancto
2611 5370 2824 5425 Ductori
2855 5369 3125 5426 oll‘errent.
3157 5369 3324 5424 Porro
3348 5360 3568 5435 quoniam
3589 5351 3656 5408 isti
3677 5351 3742 5395 “0"

2269 5479 2477 5528 omnes,
2509 5462 2604 5519 sed
2633 5473 2804 5519 certas
2824 5462 3075 5533 quasdam
3101 5462 3335 5518 haereses
3358 5444 3743 5536 prodideranltfaf
3776 5451 3777 5518 ξ

2261 5568 2486 5629 propter
2507 5557 2606 5613 sibi
2629 5555 3393 5619 necessarium-duxitOt-osius,
3413 5556 3576 5605 omnes
3594 5535 3742 5633 ot-Ill'tgﬂl'l

2261 5619 2574 5722 doginatum
2611 5651 2984 5707 hasteticornm
3013 5652 3239 5707 arbores
3262 5662 3379 5704 cum
3417 5639 3530 5712 ipsis
3555 5619 3741 5722 "didii":

2265 5704 3113 5816 seu.‘.t‘.t,...;.‘tat."t.
3151 5704 3265 5799 te.
3303 5739 3390 5794 ille
3423 5704 3560 5790 beato
3589 5704 3742 5816 tum“

2269 5843 2704 5900 consultationem
2739 5857 2834 5900 seu
2857 5841 3320 5900 comnmuoriont
3359 5822 3596 5904 epistulari
3621 5814 3739 5870 lum“
