1929 3187
54 243 109 273 In

59 300 163 334 obtulit,
175 298 217 327 ubi
233 305 298 335 quae
314 296 490 331 Priscilliani,
503 303 594 333 qurere
608 295 730 333 Origenis
743 304 844 325 venena

71 346 202 383 Hispaniam
210 352 242 373 eo
251 350 375 380 tempore
389 342 552 374 infestarent,
562 345 722 377 exposuerat
735 341 760 377 (1
764 342 806 369 bid
810 341 840 379 .).

68 392 174 423 Disceudi
183 390 317 427 cupiditas
329 390 386 424 illa,
400 397 450 425 qua
464 388 590 425 ﬂagrabat
604 388 722 420 Orosius.
735 396 786 416 non
799 396 845 424 po-

75 444 129 468 terat
141 446 188 467 non
203 445 262 465 esse
280 436 466 472 acceptissima
479 434 625 470 Augustino
640 443 647 462 :
662 435 685 462 is
697 442 761 470 ergo
776 435 845 463 illius

74 485 152 522 optatis
163 488 191 511 ut
204 482 382 516 satisfaceret,
397 482 502 516 librum,
518 484 559 509 cut
576 480 666 508 titulus
680 485 736 514 est,
752 480 846 508 Contra

75 529 262 559 Ργίειίαὶωιὶειαε
273 533 299 555 ει
312 527 479 564 Οήθεηὶειαδ,
491 526 606 562 scripsit,
620 531 698 561 atque
713 525 761 561 ipsi
776 534 845 554 nun-

75 576 164 613 cupavit
172 574 270 604 Oresio.
284 573 313 602 ln
324 581 358 602 eo
368 578 464 609 quanta
478 572 562 608 potuit
574 576 628 599 tum
641 571 779 605 brevitate,
790 576 845 600 tum

76 623 239 661 perspicuitate
250 628 316 649 usus
324 642 333 655 ,
346 620 410 648 nihil
425 619 480 648 fere
492 619 620 647 adversus
632 617 845 646 Priscillianista-

76 679 124 699 rum
139 677 231 697 errores
251 669 338 701 dixit;
353 676 388 696 eo
411 666 481 703 quod
502 667 559 695 suis
580 670 673 694 contra
687 664 845 693 Manichacus

75 717 281 753 disptuationibus,
296 723 363 751 quas
373 715 483 743 Orosius
498 714 540 741 vel
557 713 612 749 jam
626 712 736 749 legerit,
750 712 790 740 vel
806 711 845 739 le-

72 773 124 802 με
133 763 266 793 commode
276 763 370 798 possit,
380 762 497 790 stabilita
506 760 634 797 principia
643 764 742 793 essent,
752 759 846 795 quibus

71 816 93 841 ct
108 811 153 847 ipsi
171 809 375 838 Priscilliaoisttn
391 809 562 844 profligantur
573 806 678 843 (Contra
693 804 807 833 Priscifl.
823 809 847 833 et

72 858 204 893 οηζιαιηη.
213 857 249 892 ί).
258 857 286 885 In
296 856 357 889 fine,
366 855 429 883 dum
439 855 471 882 de
479 854 627 882 caelestium
638 853 777 889 spirituum
790 852 846 880 dis—

70 904 181 933 tinctione
200 902 324 937 loquitur,
351 900 462 936 pulchre
489 898 631 928 admodum
646 898 680 926 de
694 897 846 933 hujusmodi

66 949 243 985 quaestionibus
256 948 385 979 obscuris,
401 947 492 981 eisque
505 953 557 982 μοι)
572 944 730 973 necessariis
739 965 746 978 ,
758 944 846 972 disse-

67 997 101 1025 rit
111 1006 118 1024 :
128 1003 157 1024 ac
169 997 272 1031 ingenue
283 994 381 1022 fatetur
393 993 498 1027 Oresio,
514 992 546 1020 ad
563 992 625 1019 illttd
639 990 802 1027 respondere
816 997 846 1017 se

64 1042 210 1077 neutiquam
222 1048 308 1076 posse.
324 1039 399 1073 Quo,
414 1039 512 1074 inquit,
527 1047 567 1065 me
588 1042 732 1065 contemnas
742 1057 749 1070 ,
773 1044 845 1072 quem

64 1096 174 1123 stagnum
185 1093 255 1122 pater
266 1094 319 1114 esse
331 1086 470 1119 doctorem,
482 1093 597 1120 quietiam
609 1084 658 1111 ista
672 1083 734 1116 sint,
750 1087 772 1109 et
786 1082 845 1118 quid

63 1135 122 1162 inter
138 1142 165 1162 se
180 1132 313 1168 «ti/ferant,
336 1133 420 1160 nescio
445 1131 536 1167 (Ibid.,
560 1140 586 1158 η.
613 1130 667 1167 14).
685 1130 753 1158 Alibi
776 1137 843 1165 quo-

62 1187 109 1215 qu
120 1179 227 1207 fructum
239 1179 311 1206 hunc
324 1178 440 1206 affirmat
458 1186 491 1205 ex
511 1185 558 1205 sua
575 1176 785 1212 peregrinatione
798 1182 844 1202 ca—

60 1231 158 1262 pturum
172 1226 249 1254 fuisse
264 1225 405 1258 Orosium,
426 1224 495 1259 quod
519 1223 589 1256 illis,
610 1231 668 1258 quae
683 1222 716 1249 de
731 1228 761 1249 se
775 1220 845 1248 fama

62 1271 177 1307 vulgabit,
188 1271 297 1306 posthac
307 1279 360 1298 tton
372 1275 473 1298 tantum
483 1269 543 1297 fidei
555 1269 589 1296 sit
601 1269 737 1296 ltabilurus
748 1267 843 1304 (Epist.

62 1318 118 1353 1“,
135 1327 161 1346 at.
182 1317 220 1354 Ω).
245 1318 313 1346 Huic
342 1317 465 1345 tractatui
485 1316 647 1351 Augustinus
670 1315 756 1343 locum
779 1315 846 1342 assi-

60 1367 118 1399 μι
132 1363 199 1392 inter
213 1371 261 1392 eos
272 1384 281 1397 ,
295 1370 364 1398 quos
381 1370 451 1390 anno
466 1361 725 1398 quadringentesimo
741 1360 845 1389 decimo

60 1410 143 1446 quinto
154 1409 303 1445 mmposuit
319 1419 325 1436 :
340 1416 454 1445 cumque
469 1408 569 1436 editum
582 1415 642 1435 eum
658 1410 780 1442 oporteat
792 1414 845 1433 non

60 1455 135 1485 Inito
153 1461 213 1491 post
231 1455 319 1484 Orosii
339 1455 482 1483 adventum
503 1454 529 1482 in
547 1453 680 1485 Africam,
696 1460 743 1480 cur
757 1452 800 1479 hic
819 1452 843 1479 in

60 1508 113 1532 ω
123 1502 282 1537 prorineiam
296 1501 370 1538 prius
385 1501 481 1530 eodem
499 1507 570 1528 anno
583 1498 845 1535 quadringentesimo

60 1545 257 1583 (lucinioquinto
268 1548 373 1576 venisse
387 1546 516 1575 dicendus
531 1546 575 1578 sit,
591 1553 645 1572 non
661 1544 790 1572 videmus.

92 1595 115 1625 4.
133 1596 187 1623 Etsi
198 1603 279 1632 quem
291 1603 326 1623 ex
341 1594 508 1630 navigatione
520 1601 568 1622 sua
585 1593 700 1620 fructum
715 1592 765 1619 sibi
780 1599 844 1627 pro-

68 1641 161 1670 tl'ncnt
173 1642 294 1673 Orosius.
306 1650 369 1671 eum
387 1641 495 1670 abunde
515 1641 572 1668 viso
594 1640 736 1675 auditoque
753 1640 845 1674 Augu-

63 1686 278 1723 liiloperciperet
294 1697 300 1715 :
316 1687 478 1723 Augustinus
494 1691 596 1719 tamen,
617 1686 661 1721 qui
683 1694 744 1713 eum
766 1685 843 1712 vellet

62 1733 136 1768 pleno
148 1733 234 1762 fenore
247 1733 416 1769 locupletari,
431 1741 484 1761 non
498 1736 638 1762 contentus
651 1731 689 1758 illi
705 1731 845 1759 tradidisse

61 1787 121 1815 aut!
131 1786 238 1815 noverat,
255 1781 306 1817 ipsi
320 1781 422 1810 fontem
439 1779 601 1808 uberrimum
611 1799 619 1812 ,
634 1777 704 1805 unde
718 1776 845 1812 quidquid

60 1825 109 1854 liis
120 1833 149 1855 se
160 1827 242 1856 doceri
256 1834 336 1863 posse
348 1834 401 1855 non
416 1826 534 1862 putabat,
546 1824 617 1852 facili
633 1824 739 1859 negotio
753 1823 844 1851 hauri-

62 1879 109 1904 τιτι,
123 1873 258 1907 indicavit;
273 1879 354 1909 atque
369 1878 397 1901 ut
411 1873 600 1908 Hieronymum
614 1871 787 1904 conveniret,
804 1874 845 1897 est

62 1917 214 1947 adhortatus.
236 1920 263 1949 ld
284 1920 426 1955 Augustini
447 1919 503 1946 sive
522 1917 680 1950 consilium,
699 1918 754 1944 sive
773 1924 843 1950 prac-

64 1968 169 1997 (θρίω).
180 1973 258 1999 (unm
272 1966 388 1994 libenter
400 1964 502 1999 accepit
514 1963 638 1995 Orosius,
651 1963 728 1998 eique
743 1970 844 1989 morem

61 2011 234 2042 minus
245 2011 375 2039 decrevit.
394 2011 469 2040 Illum
491 2014 598 2038 sanctus
612 2009 745 2042 Antistes,
767 2012 796 2034 ut
818 2008 843 2035 in

66 2056 140 2084 reditu
149 2060 219 2093 prius
229 2058 263 2087 ad
277 2066 307 2086 se
321 2058 478 2093 diverteret,
487 2065 566 2093 quant
583 2056 608 2083 in
623 2056 733 2091 patriam
747 2062 845 2081 remea-

66 2107 116 2137 Mt
127 2106 241 2140 fugavit;
255 2105 326 2140 quod
351 2113 380 2133 se
401 2104 583 2139 prazstiturum
607 2102 706 2137 recepit
725 2100 842 2129 Orosius.

64 2147 197 2184 lmine
207 2155 360 2186 pergratum
377 2150 436 2183 fuit,
449 2149 522 2185 quod
534 2156 593 2176 eam
608 2147 775 2175 occasionem
787 2147 846 2173 Ilie-

64 2200 166 2230 lttllﬂlto
178 2196 357 2225 dubitationes
369 2203 432 2226 suas
445 2193 612 2230 proponendi
628 2193 825 2221 nancisceretur
837 2201 843 2217 :

64 2243 154 2273 ω
169 2252 217 2280 pro
235 2250 341 2273 summo
355 2251 404 2272 suo
418 2243 443 2270 in
457 2242 596 2269 veritatem
612 2240 713 2273 studio,
732 2238 845 2266 multum

69 2287 220 2319 “ﬁcabat
231 2298 293 2318 cum
309 2298 343 2317 eo
355 2288 470 2324 colloqui
487 2295 534 2323 per
549 2287 651 2314 litteras
664 2294 670 2317 ;
686 2285 783 2320 quippe
797 2292 844 2311 cu—

68 2334 110 2370 i“
120 2336 237 2372 inuitam
251 2344 334 2373 atque
345 2336 523 2365 eruditionem
539 2334 644 2370 plurimi
661 2332 782 2360 faciebat.
797 2332 845 2359 At-

68 2381 108 2417 ιΙιί
121 2390 184 2418 ορ.
198 2384 229 2412 ιι
242 2383 318 2413 istud
336 2387 394 2411 erat
412 2382 520 2410 homine
532 2380 564 2409 ad
580 2379 711 2415 agendum
730 2378 798 2411 fido,
812 2378 845 2405 ad

69 2428 197 2461 parendum
207 2434 342 2466 prompto,
354 2429 387 2457 atl
402 2428 526 2457 ferendos
542 2427 642 2455 itineris
655 2426 760 2454 labores
770 2433 848 2453 exer-

70 2473 143 2502 citato.
153 2475 239 2503 Talem
255 2480 345 2503 autem
357 2474 457 2509 jamdiu
468 2473 604 2508 qttterebat
611 2477 719 2499 sanctus
728 2471 844 2503 Praesui;

67 2526 108 2547 αα
116 2521 160 2555 ipsi
171 2522 245 2550 facile
256 2522 426 2550 occurrebat.
436 2520 566 2554 Quocirca
575 2526 620 2546 eas
628 2526 721 2546 omnes
729 2518 846 2552 aliasque

69 2564 130 2595 dum
141 2569 166 2596 ἡ
176 2569 273 2597 (Maio
287 2567 375 2595 adhuc
393 2567 490 2602 juvene
508 2570 610 2598 uacttts,
628 2565 700 2592 illum
716 2564 749 2591 ad
764 2572 793 2591 se
807 2563 847 2590 di-

71 2611 235 2643 *οωῶ
251 2614 363 2649 huiusce
382 2613 422 2640 rei
439 2613 524 2648 gratia
545 2612 654 2638 missum
675 2609 844 2637 existimavit.

69 2656 167 2694 Arripuit
182 2660 262 2694 igitur
276 2659 447 2690 occasionem
458 2678 466 2690 ,
481 2665 513 2685 ac
529 2657 690 2692 Hieronymo
704 2655 845 2683 deferenda

68 2705 152 2732 aravit
159 2707 255 2740 scripta
267 2706 321 2732 duo
335 2705 507 2739 longiuscula,
520 2711 579 2738 qua:
592 2703 674 2729 libros
685 2703 795 2736 ipsemet
805 2709 847 2727 vo-

68 2749 119 2777 αὶιιι
131 2751 220 2786 (Epist.
232 2751 330 2783 169,11.
342 2751 388 2783 l5;
403 2750 483 2784 Epist
496 2749 554 2782 [90,
564 2748 658 2783 11.20),
673 2755 757 2782 coque
771 2746 847 2774 titulo

68 2794 330 2826 indetractationibus
341 2797 395 2823 suis
411 2800 546 2823 ι’θιέηερεΔ
561 2794 682 2829 quamvis
697 2793 746 2820 hac
757 2796 847 2819 nostra

69 2846 132 2872 ωιο
146 2843 215 2873 inter
235 2844 307 2871 illius
323 2843 448 2878 epistolas
467 2845 640 2869 numerentur
654 2841 663 2875 (
677 2839 769 2875 Epistt.
781 2838 842 2872 166,

70 2886 129 2922 167).
138 2888 327 2925 Hieronymum
342 2890 367 2915 in
379 2889 462 2923 prittto
472 2888 583 2915 COIlslllll
595 2887 626 2914 de
638 2886 741 2921 origine
750 2885 845 2912 animae

67 2932 181 2968 hominis;
197 2936 224 2963 in
237 2936 324 2963 altero
334 2939 421 2962 autem
433 2935 464 2961 de
475 2935 605 2961 sententia
618 2933 661 2960 illa
671 2931 774 2965 Jacobi,
783 2930 848 2964 “Qui-

64 2988 157 3016 cumque
173 2987 249 3008 totam
266 2982 344 3016 legent
360 2982 507 3014 servaverit,
522 2980 632 3013 o/I'uudttt
647 2984 728 3005 autem
743 2981 769 3005 tn
784 2986 845 3011 uno,

738 238 839 267 LIBER
858 237 1033 268 SEPTIMUS.

1632 243 1685 274 478

898 299 980 333 factus
1000 302 1036 325 est
1054 298 1164 325 omnium
1178 306 1235 327 reus
1254 298 1264 335 (
1276 299 1364 327 Jacobi
1377 308 1404 335 tt,
1421 301 1454 329 10
1468 300 1487 337 ).
1503 301 1588 330 Hasce
1603 301 1685 331 libros

900 343 1075 379 Hieronymus
1087 351 1138 371 non
1154 345 1211 372 sine
1223 342 1333 373 honoris
1343 346 1526 375 testificatione
1534 352 1682 376 memorat:

898 390 944 418 sed
967 390 1018 418 illis
1040 392 1201 426 respondere
1223 400 1254 420 eo
1278 390 1426 427 recusavit,
1441 394 1511 429 quod
1528 404 1612 432 neque
1633 395 1684 424 sibi

897 437 980 465 otium
994 437 1028 466 ad
1043 438 1068 466 id
1085 439 1263 468 necessarium
1278 445 1447 476 suppeteret.
1463 449 1548 478 neque
1563 442 1685 470 utilitati-

898 483 947 512 bus
969 483 1096 512 Ecclesite
1117 484 1295 521 conduceret,
1315 486 1491 522 Augustinum
1510 495 1541 515 ac
1554 485 1685 525 Hierony-

898 538 980 564 mum,
994 531 1036 559 vcl
1051 531 1078 558 in
1092 531 1223 564 minimis,
1237 532 1362 567 opinione
1374 532 1473 560 divisos
1483 532 1575 561 videri.
1587 530 1621 561 Et
1636 533 1686 562 hoc

1710 469 1728 517 Ξ

898 574 965 604 forte
979 576 1142 612 Augustino,
1158 581 1334 614 prmterquam
1349 577 1418 615 quod
1439 577 1512 607 illum
1531 579 1580 607 sibi
1593 579 1627 607 de
1646 579 1687 608 his
1709 593 1712 598 ν

898 622 1038 658 aliquando
1048 631 1237 660 responsurum
1249 625 1383 660 sperabat,
1395 625 1559 660 potissimum
1572 626 1597 653 in
1607 632 1687 653 causa

899 667 956 700 fuit,
969 677 1016 696 cur
1027 669 1135 698 eosdem
1151 670 1210 697 illos
1223 670 1315 703 libros,
1327 670 1414 706 quoad
1424 671 1488 698 vixit
1500 668 1686 706 Hieronymus,

898 715 995 750 publici
1006 715 1072 750 juris
1084 715 1171 743 facere
1182 716 1296 743 noluerit
1307 712 1393 752 (Apud
1404 714 1522 752 Augurt.,
1532 714 1614 750 Epist.
1624 716 1685 749 1‘72,

899 768 924 787 η.
933 761 958 793 1;
968 760 1079 788 Retract.
1088 760 1129 788 lib.
1137 761 1164 795 2,
1172 770 1229 797 cap.
1238 761 1293 798 45).
1303 761 1405 790 Exinde
1413 762 1483 790 ettim
1492 767 1520 789 ut
1528 770 1618 790 eorum
1628 769 1689 797 apo-

898 807 1025 843 grapltum
1034 807 1146 843 cuipiam
1157 808 1242 840 daret,
1257 816 1308 835 tton
1323 807 1401 836 modo
1414 807 1501 835 induci
1513 815 1565 835 non
1575 811 1687 842 poterat,

898 852 946 881 sed
972 861 1057 888 neque
1080 853 1173 882 amicis
1197 851 1322 882 credebat
1341 854 1447 882 domum
1471 853 1688 882 deferendos:id

897 899 989 934 gratiae
1003 904 1104 928 tatttum
1117 900 1276 934 concedens,
1290 905 1318 928 ut
1333 900 1439 928 eosdem
1454 899 1551 927 lectum
1560 899 1593 927 ad
1605 908 1633 926 se
1643 907 1688 926 ve-

898 945 994 974 nirent.
1008 946 1088 975 Certe
1104 948 1129 975 in
1143 947 1191 975 liae
1203 952 1286 982 parte,
1299 952 1438 982 antequam
1451 945 1603 982 Hieronymi
1616 946 1688 973 litte-

897 999 940 1018 ras
953 992 1039 1028 (Apud
1050 993 1167 1029 August.,
1181 993 1261 1028 Epist.
1274 993 1335 1028 172)
1347 992 1501 1027 accepisset,
1511 999 1570 1018 sese
1580 991 1688 1027 gerebat

897 1035 1025 1065 liberius:
1038 1046 1099 1065 nam
1112 1038 1180 1065 inter
1191 1038 1256 1065 alios
1270 1038 1421 1073 complures
1434 1037 1525 1070 libros,
1538 1045 1605 1072 quos
1618 1036 1687 1064 Evo-

897 1082 941 1112 dio
951 1083 1138 1111 describendos
1152 1083 1238 1118 offert,
1250 1083 1297 1111 ltos
1308 1091 1412 1118 quoque
1425 1087 1581 1110 anttumerat
1592 1081 1686 1119 (Epist.

899 1129 960 1162 l69,
975 1139 1001 1157 η.
1020 1130 1074 1165 15).
1090 1129 1199 1157 Videtur
1220 1130 1290 1157 idem
1312 1129 1345 1157 ab
1363 1129 1523 1164 Hieronymo
1544 1128 1688 1155 traductio-

897 1184 957 1203 nem
974 1176 1144 1212 Septuaginta
1164 1176 1355 1211 interpretum,
1374 1175 1407 1203 ab
1426 1183 1458 1203 co
1478 1176 1570 1202 faetatn
1582 1178 1688 1212 ,_alque

897 1222 1016 1250 astericis
1029 1222 1196 1258 verubusque
1210 1220 1372 1255 distinctam,
1384 1229 1431 1257 per
1444 1220 1565 1248 Orosium
1580 1209 1688 1255 petiisse

899 1267 993 1305 (Epist.
1004 1268 1062 1302 l't'2,
1072 1267 1133 1304 u.2)
1145 1276 1263 1296 :necnon
1274 1267 1398 1303 epistolas
1411 1266 1510 1302 aliquot
1524 1272 1578 1294 tum
1590 1265 1623 1293 ad
1634 1266 1688 1293 vir-

896 1315 984 1349 ginem
1000 1313 1183 1346 Eustochium,
1200 1319 1254 1341 ttnn
1269 1314 1301 1341 ad
1313 1312 1392 1348 hujus
1404 1319 1515 1340 matrem
1531 1312 1636 1339 Paulam
1646 1311 1690 1347 ju-

898 1361 999 1388 niorcm
1019 1361 1160 1396 set-ipisse,
1178 1360 1277 1396 quibus
1292 1360 1349 1387 illas
1359 1381 1366 1394 ,
1382 1365 1411 1387 ut
1425 1358 1570 1395 procedere
1586 1366 1616 1386 ac
1629 1365 1691 1394 pro-

896 1405 969 1441 gredi
986 1406 1011 1433 in
1022 1405 1121 1434 virtute
1134 1410 1285 1441 pergerent,
1299 1404 1494 1433 adhortaretur.

933 1451 958 1479 5.
980 1451 1020 1479 Ad
1034 1450 1204 1479 scribendum
1225 1452 1320 1479 librum
1334 1451 1368 1479 de
1381 1450 1479 1478 Natura
1495 1454 1521 1478 et
1535 1449 1624 1478 Gratia
1634 1449 1689 1485 jam

898 1497 963 1526 forte
976 1498 1136 1534 Augustinus
1148 1505 1287 1533 aggressus
1300 1502 1368 1530 erat,
1382 1505 1442 1524 cum
1453 1505 1485 1524 ex
1495 1495 1582 1523 Africa
1591 1495 1691 1523 disces-

897 1544 1059 1572 sitOrosius.
1072 1544 1119 1572 Hie
1130 1545 1200 1571 enim
1214 1552 1266 1572 non
1280 1544 1316 1571 ita
1331 1544 1414 1571 multo
1428 1548 1498 1579 post,
1510 1549 1588 1578 quam
1601 1542 1627 1569 itt
1638 1541 1689 1569 Pa-

898 1590 1026 1617 ltcslinam
1056 1590 1241 1625 pervenisset,
1267 1590 1382 1625 ipsemet
1406 1587 1512 1623 Pelagio
1537 1591 1688 1623 prtcsente,

898 1642 1018 1664 sanctum
1027 1637 1180 1664 Antistitem
1192 1636 1302 1671 hujusce
1310 1634 1428 1663 haeretici
1437 1635 1514 1668 libro,
1522 1634 1572 1661 sibi
1580 1632 1613 1661 ab
1622 1633 1690 1660 illitis

897 1682 1034 1718 discipulis
1054 1683 1166 1714 tradito,
1188 1682 1342 1710 eorumdotn
1364 1685 1456 1717 rogatu
1476 1680 1628 1715 plenissime
1648 1687 1691 1706 re‘

897 1727 1028 1764 spondere
1051 1728 1192 1756 affirmavit
1216 1728 1225 1765 (
1242 1728 1357 1759 Orosius,
1380 1726 1406 1754 in
1426 1725 1582 1762 Apologia).
1599 1725 1649 1752 Per
1664 1724 1691 1752 id

897 1782 1002 1810 quoque
1011 1774 1139 1810 temporis
1148 1773 1182 1801 de
1191 1774 1290 1809 scripto
1298 1773 1411 1809 quodam
1423 1771 1562 1807 Augustini
1577 1772 1691 1806 loqttitur

898 1820 1089 1856 Hieronymus,
1106 1818 1176 1855 quod
1196 1819 1313 1847 nonduttt
1337 1818 1386 1846 sibi
1410 1818 1436 1846 in
1456 1825 1550 1845 manus
1565 1821 1689 1851 venerat,

896 1867 1020 1903 quodque
1030 1865 1165 1901 Pelagium
1181 1870 1253 1893 recta
1270 1866 1424 1900 impugnare
1438 1863 1573 1891 ferebatur
1587 1862 1691 1898 (Contra

899 1912 1000 1949 Pctug.,
1016 1910 1078 1939 dial.
1090 1912 1116 1946 5,
1126 1920 1182 1948 cap.
1197 1911 1237 1948 6).
1252 1911 1412 1947 Augustinus
1427 1909 1548 1937 similiter
1562 1908 1647 1936 eidem
1660 1908 1691 1935 li-

896 1961 945 1989 bro
959 1959 1047 1988 locum
1063 1968 1109 1988 eos
1123 1960 1206 1992 inter,
1221 1966 1332 1994 qttorutn
1348 1957 1459 1992 epistola
1479 1964 1549 1983 attno
1567 1955 1691 1990 quadrin-

896 2007 1044 2042 gentesimo
1058 2006 1164 2033 decimo
1180 2005 1273 2040 quinto
1288 2007 1406 2030 vertente
1420 2001 1479 2030 data
1495 2001 1629 2033 meminit,
1644 2007 1691 2035 po-

898 2058 1024 2080 stremum
1038 2052 1164 2086 aSsignat.
1179 2051 1277 2085 Pelagii
1292 2050 1389 2077 librum
1406 2048 1552 2083 Augustino
1565 2047 1692 2074 miserant

899 2099 1031 2126 Timasius
1044 2102 1071 2125 et
1083 2097 1199 2125 Jacobus
1215 2096 1264 2132 (De
1279 2095 1380 2122 Natura
1393 2100 1414 2122 et
1426 2094 1509 2127 Grut,
1524 2102 1549 2120 η.
1562 2092 1587 2128 l)
1602 2091 1692 2119 adole-

899 2150 1004 2174 scentes
1016 2144 1203 2172 honestissime
1215 2143 1279 2176 nati,
1291 2146 1317 2169 et
1331 2141 1457 2169 institutis
1470 2138 1622 2168 liberalibus
1632 2146 1693 2165 cru-

899 2191 946 2219 diti
960 2189 1057 2227 (Epist.
1074 2189 1133 2223 l79,
1147 2198 1173 2216 η.
1189 2188 1228 2224 2),
1243 2188 1287 2223 qui
1309 2185 1446 2223 ipsiusmct
1459 2184 1556 2219 Pelagii
1571 2183 1690 2215 hortatu,

899 2237 973 2264 omni
987 2244 1035 2271 spe
1046 2234 1166 2263 saeculari
1181 2234 1294 2268 objecta,
1307 2240 1365 2259 sese
1378 2231 1410 2258 ad
1422 2231 1466 2257 Dei
1481 2228 1616 2257 servitium
1628 2232 1693 2253 con-

900 2283 1013 2310 tulerant
1023 2280 1117 2318 (Epist.
1128 2281 1220 2313 t77,n.
1230 2279 1255 2311 6;
1264 2277 1346 2313 Epist.
1355 2276 1416 2309 179,
1425 2274 1556 2311 n.2).Sed
1565 2272 1607 2300 vix
1616 2272 1654 2299 illi
1663 2279 1692 2299 se

900 2328 997 2364 Pelagii
1010 2335 1091 2363 opera
1107 2324 1278 2353 saecularibus
1294 2322 1404 2350 vinculis
1418 2320 1617 2355 expediverant,
1631 2324 1692 2345 cum

900 2382 929 2402 se
942 2373 1044 2410 laqueis
1057 2372 1141 2400 multo
1154 2370 1344 2398 funcstiorillos
1354 2390 1360 2402 ,
1379 2368 1504 2395 nimirum
1519 2364 1633 2393 inducta:
1644 2371 1693 2401 per

901 2422 972 2448 illum
984 2420 1127 2451 hiereseos,
1144 2417 1327 2452 impliearunt;
1339 2423 1353 2442 a
1365 2414 1460 2450 quibus
1471 2418 1557 2441 tamen
1568 2419 1615 2440 eos
1621 2411 1693 2439 Deus

899 2462 996 2501 eripuit
1007 2462 1127 2494 subsidio
1138 2471 1169 2491 ac
1184 2462 1290 2490 monitis
1301 2461 1451 2497 Augustini.
1465 2459 1513 2487 Hic
1526 2458 1595 2486 enim
1609 2458 1692 2485 inter-

900 2512 989 2539 missis
1003 2510 1142 2538 confestim
1159 2516 1218 2544 qure
1237 2509 1263 2535 in
1284 2507 1404 2535 manibus
1422 2509 1515 2537 erant,
1529 2504 1625 2532 librum
1639 2509 1693 2531 non

900 2557 1027 2586 mediocri
1043 2556 1190 2585 intentione
1208 2554 1318 2590 perlegit
1337 2552 1386 2590 (De
1404 2551 1464 2579 Nat.
1482 2555 1504 2578 et
1518 2549 1601 2581 Grut,
1613 2555 1638 2575 rt.
1655 2548 1693 2585 1);

901 2605 1052 2640 reperitquc
1062 2602 1196 2638 Pelagium
1213 2606 1334 2628 naturam
1346 2598 1463 2627 hominis
1477 2602 1567 2625 contra
1579 2595 1625 2623 Dci
1635 2602 1695 2631 gra-

902 2652 963 2678 tiam
971 2654 1068 2685 quanta
1076 2653 1179 2684 poterat
1187 2645 1414 2683 argumentatione
1420 2642 1562 2671 defendere
1571 2640 1693 2678 (Retract.

902 2696 944 2724 lib.
953 2696 981 2730 2,
989 2706 1046 2732 cap.
1056 2694 1112 2731 t2).
1123 2695 1147 2722 ls
1155 2698 1244 2721 autem
1256 2692 1323 2720 liber
1330 2694 1388 2719 erat
1398 2690 1492 2725 dialogi
1502 2690 1595 2721 forma,
1605 2694 1695 2722 quent-

900 2742 1042 2770 admodum
1061 2750 1094 2770 ex
1112 2741 1180 2769 locis
1199 2740 1232 2768 ab
1251 2738 1398 2774 Augustino
1419 2736 1505 2764 citatis
1528 2733 1691 2768 intelligitur,

901 2788 1084 2817 concinnatus.
1098 2786 1129 2813 in
1142 2794 1174 2813 eo
1192 2784 1242 2812 sibi
1258 2785 1315 2819 ipse
1329 2782 1501 2819 qumstionem
1523 2779 1593 2806 illam
1611 2783 1694 2811 oppo-

902 2832 1145 2868 nebatzNumquid
1164 2831 1277 2868 gratiam
1291 2835 1345 2856 ‘non
1365 2826 1531 2856 excluderet,
1551 2828 1613 2849 cum
1635 2820 1693 2847 sine

902 2881 1010 2917 peccato
1025 2866 1114 2908 vivere
1131 2866 1268 2906 hominem
1290 2881 1368 2911 posse
1389 2867 1577 2900 centenderet?
1590 2866 1639 2895 Cui
1653 2866 1693 2894 rei

902 2912 990 2957 verbis
998 2924 1105 2955 disertis
1113 2926 1204 2961 gratiae
1213 2928 1290 2958 opem
1301 2921 1467 2952 divinatnquc
1482 2912 1692 2943 misericordiam

903 2974 1079 3003 necessariam
1102 2959 1161 3000 esse
1185 2968 1364 3006 profitebatur.
1386 2962 1560 2999 Augustinum
1585 2959 1694 2999 quidem
