3858 6384
615 418 724 484 ‘79

614 552 725 602 eos,
750 534 837 607 qui
858 530 1060 590 seclusa
1079 526 1244 602 gratia
1265 526 1331 583 de
1349 524 1727 598 justiﬁcanone
1750 522 1981 580 hominis
2004 519 2188 591 loque-

614 640 817 695 rentur,
843 643 962 683 cum
987 625 1208 681 horrore
1229 622 1602 689 detestantem,
1626 619 1801 677 latitia
1827 627 2046 690 repente
2068 632 2188 688 per-

610 725 744 783 fudit
767 723 1032 781 confessio
1055 720 1237 792 gratia:
1257 727 1363 774 tam
1383 727 1587 789 aperta.
1611 715 1804 772 Verum
1827 711 2064 785 pergenti
2086 711 2186 781 ipsi

608 815 787 888 legere
809 825 1022 880 camera,
1051 811 1387 883 perspicuum
1418 807 1633 865 tandem
1663 806 1778 874 fuit,
1805 805 1905 862 sub
1935 805 2034 860 hac
2056 818 2187 859 voce

607 907 1076 982 aequivocationem
1103 905 1271 961 latere
1293 901 1393 978 (De
1416 900 1541 957 Nat.
1571 911 1618 957 et
1644 899 1814 966 Grat.,
1837 916 1924 954 nn.
1951 899 2037 964 11,
2069 895 2181 969 12);

606 1016 728 1057 cum
759 1000 864 1056 illic
893 999 1135 1070 Pelagius
1166 1012 1345 1054 veram
1377 994 1572 1051 Christi
1610 995 1833 1066 gratiam
1881 1007 1984 1048 non
2028 991 2185 1046 modo

607 1107 714 1149 non
740 1099 1070 1163 agnosceret,
1095 1089 1189 1146 sed
1212 1089 1373 1145 etiam
1393 1087 1659 1144 contraria
1682 1088 1732 1143 ei
1753 1085 1918 1141 multa
1941 1085 2185 1156 loquere-

606 1192 694 1238 tur
713 1181 898 1254 (Epist.
924 1181 1040 1246 169,
1061 1197 1114 1234 n.
1134 1178 1214 1251 3),
1236 1194 1404 1250 eaque
1429 1178 1646 1233 omnino
1670 1177 1946 1232 moliretur
1961 1189 2183 1248 persua-

604 1273 750 1341 dere,
769 1290 885 1344 quze
906 1273 1050 1328 illam
1076 1271 1143 1328 de
1171 1270 1406 1326 ﬁdelium
1428 1269 1678 1326 cordibus
1701 1268 1953 1324 creditam
1974 1267 2185 1323 deleant

608 1365 797 1440 (Epist.
813 1367 934 1431 186,
954 1384 1006 1421 n.
1022 1366 1101 1438 1).
1122 1365 1212 1420 Isti
1243 1379 1370 1436 ergo
1396 1365 1549 1431 libro,
1570 1364 1693 1434 quia
1722 1362 1774 1418 id
1797 1363 1910 1418 ﬁeri
1938 1371 2185 1432 oportere

602 1462 842 1528 videbat,
879 1461 1021 1516 edita
1064 1461 1118 1515 in
1153 1460 1338 1530 vulgus
1371 1457 1727 1529 disputatione
1768 1453 2042 1525 respondit
2070 1453 2181 1508 Au-

604 1557 875 1628 gustinus,
905 1555 995 1626 qui
1023 1553 1123 1610 hoc
1148 1567 1302 1609 suum
1332 1567 1465 1622 Opus
1490 1565 1555 1607 eo
1583 1548 1852 1619 inscripsit
1876 1547 1952 1602 De
1983 1543 2184 1601 Natura

603 1655 651 1701 et
681 1644 890 1711 Gratia;
919 1644 1059 1715 quod
1105 1645 1177 1700 ibi
1220 1644 1443 1716 gratiam
1487 1639 1765 1706 defendat,
1817 1654 1921 1694 non
1971 1637 2182 1710 quidem

603 1745 786 1791 contra
829 1744 1103 1800 naturam,
1135 1733 1229 1790 sed
1274 1748 1369 1804 per
1403 1747 1561 1803 quam
1603 1730 1858 1785 liberatur
1893 1736 1950 1784 et
1985 1729 2183 1799 regitur

603 1836 788 1883 natura
811 1824 1349 1898 (Retract.lib.2,cap.
1366 1821 1481 1894 42).
1511 1821 1586 1878 ibi
1615 1822 1812 1878 dictum
1839 1820 1964 1876 illud
1988 1820 2184 1890 Pelagii

604 1918 853 1972 hominem
881 1934 1026 1988 posse
1049 1933 1155 1972 esse
1180 1917 1288 1971 sine
1328 1924 1551 1987 peccato,
1577 1925 1624 1969 et
1656 1913 1895 1968 mandata
1914 1913 2008 1968 Dei
2035 1914 2184 1986 facile

603 2012 871 2078 custodire,
901 2013 947 2066 si
974 2013 1106 2078 velit,
1138 2011 1207 2066 ab
1232 2012 1526 2082 Augustino
1554 2010 1926 2078 condemnari,
1957 2009 2185 2065 afﬁrmat

603 2103 820 2159 Orosius
872 2102 892 2176 (
919 2102 987 2158 In
1009 2101 1323 2176 Apologia).
1353 2102 1507 2158 Nulla
1548 2111 1726 2158 autem
1767 2102 1887 2158 libri
1917 2118 1946 2155 a
1968 2103 2184 2173 Pelagio

603 2197 785 2268 scripti
803 2197 959 2252 verba
978 2211 1082 2251 non
1095 2195 1310 2251 discutit
1330 2204 1384 2251 et
1403 2195 1656 2262 confutat,
1671 2195 1916 2266 aperiens
1935 2195 2184 2250 nimirum

603 2296 655 2342 et
683 2297 1009 2358 quantopere
1050 2287 1273 2343 aliorum
1310 2287 1593 2343 verborum
1623 2303 1776 2343 error
1804 2286 2084 2358 fugiendus
2119 2288 2188 2342 sit

601 2395 666 2435 ac
684 2379 1045 2448 detestandus,
1065 2391 1119 2436 et
1149 2381 1308 2436 simul
1330 2391 1585 2451 quantum
1612 2381 1664 2435 in
1697 2381 1803 2435 illis
1833 2381 1964 2451 ipsis
1985 2381 2182 2450 verbis,

602 2488 722 2543 qua:
750 2472 970 2528 minimc
997 2473 1134 2527 mala
1165 2472 1476 2536 videantur,
1509 2481 1683 2526 tamen
1715 2480 1930 2542 propter
1969 2471 2186 2528 allecta-

607 2573 716 2618 tum
743 2578 883 2619 verae
908 2564 1091 2634 gratia:
1120 2563 1343 2634 ejusque
1381 2562 1561 2617 auxilii
1600 2563 1866 2618 silentium
1885 2605 1898 2628 ,
1931 2564 2188 2620 inhaereat

605 2654 924 2723 suspicionis
939 2653 1112 2728 (Apud
1124 2655 1362 2725 August.,
1380 2653 1548 2724 Epist.
1570 2653 1718 2727 168).
1735 2655 1868 2710 Cum
1885 2669 2002 2710 eam
2019 2657 2189 2725 Augu-

606 2748 730 2804 stini
755 2748 1174 2805 lucubrationem
1205 2749 1536 2820 accepissent
1559 2748 1824 2805 Timasius
1859 2759 1913 2806 et
1935 2750 2184 2819 Jacobus,

605 2844 815 2915 scriptis
844 2844 1030 2900 litteris
1056 2844 1254 2916 gratias
1279 2853 1522 2916 egerunt,
1545 2853 1600 2900 et
1627 2845 1949 2915 singularem
1977 2861 2044 2900 ex
2074 2845 2189 2915 ejus

605 2937 828 2994 lectione
843 2953 902 2993 se
917 2937 1241 3008 voluptatem
1259 2938 1468 3009 cepisse
1496 2937 1759 2993 testiﬁcati
1779 2947 1902 2994 sunt
1924 2955 1937 3005 ;
1957 2938 2017 2993 af
2017 2939 2191 2994 firma-

604 3040 851 3101 runtque,
873 3031 1081 3085 tametsi
1098 3031 1208 3100 jam
1230 3039 1354 3086 ante
1373 3029 1709 3086 abdicassent
1733 3045 1990 3096 errorem,
2015 3040 2189 3085 tamen

603 3122 654 3178 ei
681 3137 738 3178 se
767 3121 964 3178 debere
992 3123 1300 3192 plurimum,
1323 3121 1464 3193 quod
1492 3137 1638 3176 arma
1665 3122 1764 3177 sibi
1782 3164 1796 3188 ,
1826 3122 2018 3192 quibus
2043 3122 2190 3176 illum

606 3213 660 3268 in
689 3212 808 3268 aliis
837 3221 1240 3283 oppugnarent,
1274 3211 1685 3281 suppeditasset.
1719 3211 1775 3265 ln
1805 3211 1904 3265 hac
1931 3211 2155 3281 epistola
2175 3255 2188 3279 ,

606 3319 767 3376 quam
794 3303 1071 3374 Augustini
1103 3303 1364 3359 beneﬁcio
1393 3302 1552 3357 etiam
1586 3318 1726 3357 nunc
1756 3303 2010 3357 habemus
2052 3303 2191 3358 inte-

604 3411 774 3465 grant,
798 3395 1064 3451 Timasius
1089 3406 1141 3452 et
1165 3395 1414 3464 Jacobus,
1442 3396 1584 3467 quod
1611 3396 1712 3452 hoc
1743 3408 1846 3451 tam
1877 3399 2188 3466 praeclarum

605 3488 789 3558 gratia:
816 3487 910 3542 Dei
941 3503 1151 3553 munus,
1175 3487 1252 3544 sic
1276 3488 1416 3543 enim
1442 3488 1688 3543 eumdem
1719 3488 1910 3543 librum
1934 3489 2187 3553 vocitant,

608 3594 712 3634 non
743 3579 892 3650 prius
919 3578 1253 3648 acceperint,
1287 3578 1466 3634 dolere
1496 3595 1554 3636 se
1584 3587 1875 3646 testantur;
1906 3580 2191 3650 contigisse

606 3669 868 3741 siquidem
888 3712 903 3736 ,
932 3679 990 3724 ut
1015 3671 1286 3737 nonnulli,
1310 3687 1536 3742 quorum
1570 3673 1780 3728 cmcitas
1804 3671 1904 3726 hac
1932 3682 2036 3726 tam
2066 3688 2189 3741 per-

609 3761 806 3832 Spicum
844 3762 1082 3818 veritatis
1130 3762 1479 3820 illustratione
1522 3764 1813 3835 indigeret,
1848 3763 1897 3818 id
1936 3765 2189 3834 temporis

606 3855 857 3911 absentes
879 3865 1092 3920 essent;
1125 3873 1258 3928 quos
1288 3867 1465 3913 tamen
1499 3858 1636 3914 idem
1663 3859 1845 3930 gratia:
1868 3859 2096 3925 donum,
2126 3861 2194 3914 li-

606 3955 690 4001 cet
734 3946 934 4014 serius,
982 3957 1259 4018 sperarent
1294 3959 1626 4020 accepturos.
1651 3949 1852 4017 Quibus
1877 3951 2052 4005 verbis
2095 3966 2188 4007 eos

608 4037 875 4109 Pelagium
906 4040 1240 4110 potissimum
1267 4041 1621 4112 signiﬁcasse,
1653 4043 1949 4113 suspicatus
1973 4053 2055 4100 est
2073 4046 2187 4101 Au-

603 4130 845 4198 gustinus
875 4130 975 4202 (De
1001 4130 1163 4185 Gestis
1190 4130 1409 4204 Pelagii,
1443 4151 1494 4187 η.
1519 4134 1632 4206 49).

676 4221 729 4276 6.
768 4220 884 4276 Jam
911 4223 1125 4292 quidem
1151 4223 1390 4278 absoluta
1418 4236 1530 4280 erat
1558 4226 1643 4280 illa
1666 4227 1732 4283 de
1765 4227 1961 4283 Natura
1981 4238 2033 4283 et
2054 4227 2191 4285 Gra-

605 4314 676 4370 tia
694 4314 1000 4386 disputatio,
1023 4331 1205 4370 vcrnm
1232 4315 1318 4371 hic
1341 4332 1512 4372 annus
1534 4318 1759 4374 necdum
1781 4322 2044 4389 evolutus,
2069 4337 2189 4378 cum

603 4407 931 4478 Augustinus
964 4408 1365 4479 responsionem
1386 4408 1451 4464 ad
1474 4411 1691 4480 quaesita
1714 4412 1899 4468 Evodii
1924 4415 1990 4470 de
2017 4415 2191 4471 Trini-

605 4509 711 4554 tate
733 4508 787 4555 et
812 4499 1054 4555 columba
1071 4500 1283 4570 scripsit
1311 4498 1500 4573 (Epist.
1533 4499 1678 4574 169).
1699 4502 1924 4561 Sanctus
1945 4506 2035 4561 ille
2050 4506 2190 4563 Uza-

605 4590 766 4646 lensis
793 4593 1033 4656 antistes,
1065 4607 1291 4663 quocum
1314 4593 1358 4648 is
1379 4603 1522 4648 arcta
1549 4595 1774 4664 quadam
1798 4598 2189 4653 necessitudine

603 4684 712 4751 jam
738 4682 858 4738 inde
882 4698 911 4736 a
938 4683 1205 4754 Baptismo
1229 4686 1544 4754 conjunctus
1581 4696 1717 4756 erat,
1759 4689 1932 4743 varias
1958 4690 2004 4744 ei
2045 4705 2189 4760 quae-

607 4772 804 4828 stiones
831 4773 896 4829 de
921 4775 1081 4830 rebus
1109 4778 1338 4832 maxime
1362 4779 1558 4845 arduis,
1587 4781 2189 4852 quemadmodumque”:

607 4873 827 4932 restant,
853 4868 1123 4938 utriusque
1152 4871 1389 4940 epistolae
1415 4874 1627 4942 planum
1650 4873 1868 4938 faciunt,
1889 4890 2190 4946 proponere

605 4970 968 5018 consueverat.
997 4961 1131 5018 Huic
1156 4973 1370 5020 sanctus
1396 4966 1592 5021 Doctor
1611 4967 1725 5037 ejus
1751 4970 2004 5026 momenti
2028 4970 2188 5026 rebus

606 5051 898 5124 studiisque
940 5061 1067 5108 tunc
1095 5055 1340 5125 occupari
1374 5069 1432 5110 se
1461 5056 1722 5124 innuerat,
1751 5075 1781 5114 a
1807 5063 1998 5131 quibus
2024 5062 2190 5117 nollet

605 5144 835 5198 avocari.
863 5143 1216 5201 Nihilominus
1242 5155 1419 5202 tamen
1449 5148 1498 5203 ei
1527 5149 1668 5204 circa
1694 5155 1989 5223 przecipuas
2015 5156 2189 5226 inqui-

607 5230 826 5288 sitioues
849 5233 1126 5302 satisfecit,
1170 5238 1360 5307 partim
1391 5254 1530 5294 anno
1560 5243 1828 5310 praesenti,
1872 5247 2061 5314 partim
2093 5263 2188 5302 su-

607 5326 843 5396 periore;
871 5325 1048 5381 missis
1076 5327 1281 5385 interim
1311 5331 1445 5396 aliis,
1474 5347 1537 5386 ex
1564 5347 1786 5401 quarum
1818 5336 2189 5403 explanatione

606 5418 780 5476 minus
806 5420 1035 5476 existere
1059 5432 1238 5492 posset
1257 5424 1598 5480 emolumenti
1620 5444 1630 5478 :
1655 5426 1847 5496 quippe
1866 5429 2017 5498 cujus
2043 5439 2188 5486 certa

605 5519 751 5570 esset
777 5514 1059 5582 sententia,
1090 5529 1194 5569 non
1221 5516 1327 5586 pati
1353 5532 1412 5573 se
1440 5532 1469 5570 a
1497 5516 1767 5573 laboribus
1794 5520 1960 5590 magis
1999 5538 2184 5579 neces-

606 5603 782 5674 sariis,
810 5607 1007 5678 quique
1041 5607 1280 5680 pluribus
1312 5609 1691 5678 conducerent,
1718 5611 1926 5680 abduci,
1959 5623 2012 5669 ut
2042 5615 2185 5671 dif‘i-

603 5699 850 5767 cultates,
877 5715 995 5771 quae
1010 5701 1152 5758 solos
1167 5701 1402 5758 eruditos
1420 5711 1726 5775 spectarent
1743 5706 2062 5763 enuclearet.
2087 5707 2187 5766 Ubi

605 5808 784 5849 autem
809 5795 1156 5864 quaestionem
1183 5795 1252 5853 de
1278 5797 1405 5854 visis
1433 5798 1746 5871 prodigiosis
1775 5799 2087 5871 quibusdam
2117 5802 2186 5858 ab

610 5883 814 5944 Evodio
840 5889 1056 5960 prolatis
1075 5899 1380 5963 pertractat,
1403 5909 1598 5966 cupere
1621 5909 1680 5951 se
1701 5893 1995 5966 proﬁtetur,
2026 5893 2188 5951 ratio-

1665 403 1822 463 VlTA
1861 403 1919 461 s.
1959 395 2322 461 AUGUSTINI
2359 396 2678 458 EPISCOPI.
3273 353 3275 356 ⁴
3673 427 3738 486 Μ

2292 531 2416 573 nem
2441 517 2667 590 aliquam
2695 517 2762 574 ad
2792 533 3001 574 manum
3030 519 3243 592 habere,
3272 540 3366 597 qua
3390 540 3568 599 piorum
3592 550 3640 593 ac
3660 555 3736 600 sin.

2293 618 2497 664 ctorum
2523 609 2658 676 visa,
2689 610 2755 665 ab
2780 610 3232 683 imaginationibus
3259 615 3400 686 plane
3422 634 3578 680 eorum
3597 625 3736 688 simili.

2293 701 2416 769 mis,
2441 718 2572 775 quas
2599 717 2835 773 persaepe
2862 702 2942 758 vel
2972 718 3121 760 error
3144 706 3226 761 vel
3251 705 3474 778 impietas
3503 714 3547 768 in
3578 715 3736 780 fraudem

2293 796 2514 863 inducit,
2537 795 2842 868 dignoscere
2867 797 3096 854 valeret:
3125 798 3364 871 additque
3388 803 3523 860 citius
3544 807 3736 877 [oremus

2291 890 2358 946 de
2401 889 2674 947 fallacibus
2712 891 3002 949 visionibus
3043 902 3336 950 narrantem
3376 905 3558 969 tempus
3579 901 3736 976 deﬁciat,

2291 997 2449 1054 quam
2470 982 2730 1053 ejusmodi
2750 983 3046 1039 illusionum
3068 986 3301 1055 exempla
3325 984 3498 1058 (Epist.
3522 990 3616 1058 159,
3635 1011 3673 1048 n.
3690 997 3737 1068 5).
3783 978 3821 1068 ll

2290 1076 2358 1131 Et
2383 1076 2508 1132 hinc
2537 1077 2794 1148 intelligas
2817 1075 2978 1133 fuisse
3003 1078 3053 1133 id
3083 1079 3331 1150 temporis
3355 1088 3404 1136 et
3427 1096 3558 1138 veras
3575 1092 3615 1139 et
3637 1085 3736 1142 falsas
3781 1071 3821 1150 I1

2288 1169 2540 1238 visiones,
2584 1177 2742 1240 atque
2785 1169 3132 1240 Augustinum
3174 1171 3483 1238 cautionem,
3524 1189 3579 1230 ne
3607 1184 3737 1234 temere

2289 1277 2476 1318 omnes
2502 1263 2584 1318 vel
2612 1270 2907 1333 respueret,
2939 1261 3024 1318 vel
3051 1261 3362 1332 admitteret,
3401 1279 3617 1323 summam
3642 1268 3737 1324 adhi-

2289 1353 2468 1410 buisse
2495 1354 2710 1426 (Supra,
2741 1354 2826 1408 lib.
2856 1354 2909 1421 5,
2933 1370 3046 1425 cap.
3078 1353 3132 1421 8,
3162 1371 3215 1409 η.
3243 1356 3320 1427 3).

2361 1448 2412 1500 7.
2449 1445 2610 1502 Nobis
2638 1461 2741 1502 non
2773 1446 2922 1501 licuit
2946 1454 3069 1501 ante
3091 1446 3192 1503 hoc
3211 1459 3407 1519 tempus
3423 1449 3737 1508 librumdePer-
3787 1434 3821 1519 ll

2287 1536 2515 1593 fectione
2538 1537 2754 1607 justitiae
2779 1535 3010 1592 hominis
3031 1537 3308 1606 collocare,
3337 1555 3478 1610 quem
3510 1541 3554 1596 in
3581 1541 3737 1599 lodicula
3789 1524 3821 1610 1⁷

2291 1627 2451 1703 (Cap.
2482 1628 2556 1699 4)
2586 1643 2691 1684 non
2738 1637 2937 1685 temere
2967 1636 3088 1699 post
3136 1644 3269 1700 opus
3293 1629 3358 1686 de
3378 1629 3545 1686 Natura
3564 1641 3604 1688 et
3621 1632 3738 1688 Gratia

2289 1724 2438 1795 ponit
2481 1723 2749 1779 Possidius
2783 1742 2796 1778 :
2827 1722 3250 1793 quandoquidem
3295 1724 3570 1793 Augustinus
3596 1725 3632 1780 in
3658 1741 3740 1782 me-
3787 1709 3821 1795 1Ἰ

2288 1822 2490 1870 morata
2530 1815 2597 1869 ad
2639 1813 2899 1869 Evodium
2929 1815 3153 1886 epistola
3197 1814 3394 1888 (Epist.
3422 1817 3530 1886 169)
3555 1817 3648 1871 illius
3665 1833 3738 1874 non

2287 1909 2547 1964 meminit.
2575 1907 2951 1963 Verumtamen
2975 1909 3273 1978 proximum
3292 1918 3404 1980 post
3421 1909 3537 1964 illam
3551 1909 3738 1980 epistolam
3784 1893 3821 1980 Γ

2290 2002 2462 2056 locum
2490 2000 2662 2056 eidem
2691 2000 2941 2066 tribuere,
2966 2000 3161 2056 rationi
3189 2001 3316 2055 satis
3341 2016 3585 2071 congruum
3603 2001 3662 2055 vel
3678 2001 3738 2056 hoc

2289 2092 2396 2149 tino
2421 2093 2679 2158 videatur,
2711 2091 2853 2163 quod
2878 2092 3042 2146 Paulo
3083 2101 3138 2148 et
3178 2092 3425 2163 Eutropio
3447 2091 3738 2161 episcOpis
3785 2091 3818 2163 l:

2288 2195 2411 2258 plus
2437 2186 2524 2254 sit,
2558 2185 2662 2240 illis
2684 2185 2948 2253 videlicet,
2980 2186 3071 2256 qui
3097 2186 3386 2256 Augustino
3406 2185 3597 2240 libellum
3621 2183 3738 2237 adver-
3785 2183 3821 2258 ιλ

2290 2296 2382 2336 sus
2409 2281 2614 2351 aliquas
2640 2280 2870 2335 haereses
2897 2279 3052 2350 paulo
3079 2291 3205 2336 ante
3232 2279 3523 2345 obtulerant,
3537 2279 3739 2349 quamOm-

2290 2374 2399 2429 sius
2429 2373 2482 2427 in
2518 2371 2745 2426 Africam
2770 2371 3020 2442 appulsus
3046 2370 3119 2425 de
3146 2371 3332 2426 iisdem
3359 2369 3420 2426 ad
3444 2371 3582 2440 ipsum
3609 2367 3740 2423 scribe-
3783 2357 3821 2442 Ιέ

2290 2473 2393 2520 ret.
2426 2463 2559 2517 Tum
2587 2462 2724 2519 forte
2760 2461 2813 2517 in
2855 2462 3228 2533 episcoporum
3265 2462 3459 2516 illorum
3490 2473 3631 2514 manus
3655 2456 3744 2511 venit

2291 2559 2552 2622 chartula,
2577 2576 2607 2616 e
2636 2561 2814 2616 Sicilia
2845 2577 2938 2630 per
2968 2561 3163 2616 fratres
3188 2575 3281 2616 seu
3305 2557 3531 2630 quosdam
3546 2553 3744 2610 Catholieos
3777 2551 3818 2630 1⁵

2293 2654 2470 2721 allata,
2489 2670 2709 2725 quaeque
2732 2655 2784 2709 in
2811 2655 2986 2713 fronte
3011 2655 3086 2709 sic
3106 2655 3479 2724 praenotabatur
3495 2669 3506 2704 :
3522 2647 3743 2718 Dte/inuam

2293 2757 2347 2802 ut
2374 2749 2558 2802 dicitur
2582 2747 2815 2803 Caelestii.
2845 2747 2991 2803 Hanc
3007 2747 3082 2801 illi
3099 2748 3280 2802 statim
3299 2745 3535 2800 dederunt
3552 2737 3746 2796 clarissimo

2295 2839 2416 2895 ﬁdei
2445 2841 2696 2896 asserturi
2721 2855 2785 2896 ac
2814 2838 3027 2906 vindici,
3059 2849 3224 2910 atque
3243 2847 3300 2893 ut
3317 2837 3366 2893 ei
3389 2832 3672 2906 responde
3692 2840 3747 2896 Pe‘

2296 2933 2511 2987 tierunt.
2545 2931 2594 2988 ls
2638 2932 3036 3000 inscriptionem
3079 2929 3296 3001 quidem
3339 2925 3543 2984 C(elestii
3575 2937 3649 2976 non
3675 2929 3748 2973 esse

2291 3023 2565 3094 judicavit,
2593 3024 2687 3078 sed
2716 2997 2905 3079 breves
2934 3025 3064 3079 istas
3097 2997 3436 3077 deﬁnitiones
3457 3015 3529 3071 vel
3557 3013 3677 3083 potius
3692 3020 3748 3060 η·

2297 3117 2668 3172 tiocinationes
2695 3132 2799 3172 non
2829 3115 3125 3171 abhorrere
3154 3115 3222 3170 ab
3250 3114 3384 3168 illius
3421 3106 3588 3180 ingenio
3603 3098 3749 3162 deterit,
3775 3127 3778 3170 ί

2300 3208 2540 3278 inspecto
2559 3208 2662 3262 alio
2683 3208 2797 3278 ejus
2812 3223 2995 3278 opere,
3023 3206 3177 3276 cujus
3193 3214 3453 3260 auctorem
3471 3206 3751 3256 eumessecoll'
3775 3206 3821 3278 Ιξ

2300 3299 2490 3353 stabat.
2529 3299 2790 3368 Adjuncta
2816 3299 3216 3354 deﬁnitionibus
3243 3306 3392 3354 erant
3414 3282 3750 3364 Scripturatesti-

2300 3392 2498 3457 monia,
2529 3407 2698 3461 coque
2727 3399 2894 3445 totum
2945 3390 2996 3446 id
3037 3390 3332 3460 spectabat,
3373 3397 3426 3443 ut
3462 3387 3648 3439 humanae
3668 3375 3751 3464 vita

2303 3491 2684 3547 astruercntur,
2713 3482 3140 3553 suadereturque
3168 3496 3324 3553 posse
3362 3477 3588 3534 hominem
3610 3469 3670 3523 hic
3685 3463 3753 3517 sine

2304 3584 2522 3646 peccato
2539 3589 2658 3630 esse
2683 3575 2785 3646 (De
2809 3575 3276 3646 Perfect.justitiw,
3306 3591 3357 3628 n.
3386 3572 3454 3642 1).
3479 3561 3754 3624 Chartulamco

2304 3677 2461 3738 pacto
2501 3669 2691 3724 refellit
2729 3669 3072 3738 Augustinus,
3107 3676 3168 3723 ut
3196 3666 3422 3723 nondum
3449 3663 3551 3718 illos
3567 3651 3784 3747 reprehin';

2304 3760 2430 3815 dere
2450 3759 2661 3825 audeat,
2687 3761 2774 3830 qui
2809 3759 3067 3823 dicerent,
3095 3758 3263 3814 fuisse
3296 3757 3374 3812 vel
3405 3769 3509 3810 esse
3541 3750 3584 3803 in
3612 3746 3754 3800 bacula

2301 3851 2507 3922 aliquos
2527 3850 2768 3906 homines
2783 3851 2954 3920 justos
2969 3850 3085 3905 sine
3100 3857 3322 3920 peccato
3338 3845 3504 3922 (Ibid,
3519 3859 3563 3894 η.
3577 3836 3643 3904 μ)
3656 3847 3666 3882 ε
3677 3838 3754 3898 quo-
3777 3838 3784 3879 '7

2305 3962 2423 4000 rum
2453 3944 2797 4000 nihilominus
2821 3944 3152 4014 opinionem,
3179 3941 3477 3998 auctoritate
3490 3923 3778 4014 (Sarmatiae?)

2305 4040 2378 4094 sis
2395 4040 2607 4095 concilii
2624 4053 2765 4093 anno
2798 4037 3320 4108 quadringentesimo
3347 4029 3532 4086 decimo
3553 4025 3688 4077 octavo
3703 4008 3756 4062 ἀι·

2301 4139 2556 4199 amatam,
2573 4138 2752 4201 postea
2768 4137 2980 4185 sanctus
2993 4129 3188 4182 Doctor
3200 4136 3259 4181 ut
3278 4120 3591 4196 perniciosum
3603 4109 3757 4201 errari!

2299 4223 2486 4294 carpit,
2623 4237 2811 4278 cavere
2847 4221 2998 4291 jubet
3038 4219 3251 4293 (Contra
3293 4216 3430 4271 Duas
3463 4209 3600 4280 Epist.
3623 4197 3755 4294 Ριίσθῗι

2300 4291 2466 4379 Μελ-4,
2496 4333 2549 4368 n.
2585 4314 2700 4384 28).
2730 4312 2943 4367 interim
2963 4291 3091 4366 vero
3117 4311 3169 4366 in
3200 4311 3302 4365 isto
3329 4308 3456 4363 libro
3481 4303 3564 4356 hoc
3583 4291 3760 4350 docem-

2297 4425 2400 4479 que
2432 4408 2537 4463 huc
2566 4405 2840 4471 incumbit,
2879 4414 2937 4459 ut
2974 4413 3154 4459 nostra
3181 4403 3352 4458 omnis
3387 4401 3436 4455 in
3471 4397 3579 4467 ipsa,
3606 4389 3760 4479 (illam
3775 4441 3778 4479 ί

2298 4475 2456 4554 fidem
2487 4498 2842 4565 ambulamus,
2885 4495 3311 4568 peregrinatione
3331 4489 3516 4564 justitia
3537 4475 3788 4550 intendam";

2295 4589 2412 4644 haec
2439 4605 2577 4657 esse,
2609 4597 2668 4644 ut
2696 4589 2763 4644 ad
2802 4589 2944 4644 illam
2985 4587 3359 4657 perfectionem
3389 4571 3760 4662 plenitudinem)ue
3779 4645 3790 4656 ’ἢ

2291 4681 2530 4751 justitize,
2560 4681 2648 4737 ubi
2674 4683 2728 4735 in
2753 4681 2931 4751 specie
2951 4679 3059 4750 jam
3103 4679 3258 4748 plena
3291 4686 3345 4732 et
3380 4669 3585 4745 perfecta
3605 4660 3788 4732 Chal‘llIS;

2293 4775 2415 4840 erit,
2445 4789 2585 4828 nunc
2613 4773 2776 4844 ipsius
2796 4787 2984 4828 cursus
3007 4770 3324 4827 rectitudine
3345 4774 3397 4821 et
3416 4755 3676 4836 perfectione
3688 4753 3782 4816 ten-t

2293 4864 2481 4921 damus
2511 4864 2610 4938 (De
2640 4864 2860 4936 Perfect.
2877 4865 3136 4936 justitim,
3158 4881 3211 4917 n.
3236 4861 3343 4933 18).

2855 4956 3079 5014 CAPUT
3112 4955 3202 5011 ιχ.
3601 5033 3607 5037 Α
3733 5035 3740 5037 _
3783 5007 3788 5012 .

2294 5055 2320 5109 1
2367 5053 2568 5125 Pelagii
2620 5051 2821 5107 liazresis
2850 5052 2903 5105 in
2937 5049 3214 5104 Palaestina
3238 5048 3541 5117 impugnatur
3566 5033 3618 5088 ab
3639 5025 3788 5130 ,Α

2364 5119 2537 5217 nymo,
2573 5144 2843 5216 eademque
2869 5143 2924 5197 in
2948 5140 3372 5212 Jcrosolymitano
3395 5136 3604 5190 conveniat
3624 5119 3788 5217 άὲεαξθ,

2364 5203 2461 5293 uir.
2481 5203 2778 5308 S'Pelagius
2810 5237 2872 5290 ab
2909 5233 3098 5289 Herotc
3115 5203 3173 5289 et
3186 5231 3380 5286 Lazaro
3397 5229 3624 5280 accusatus
3779 5277 3784 5286 .

2364 5291 2492 5388 citur
2531 5333 2600 5386 ad
2628 5291 2911 5404 episcOpale
2933 5330 3189 5401 judicium
3230 5325 3445 5379 habitum
3482 5291 3766 5404 υἱοξροίίι

2365 5425 2566 5478 haeresis
2598 5399 2806 5494 Pelagii
2826 5399 2944 5493 ipso
2974 5419 3200 5476 absoluto
3237 5413 3439 5484 Pelagio
3473 5399 3768 5494 οοηάεθπξαίξθ
3801 5411 3812 5481 i

2362 5521 2397 5576 5
2440 5484 2916 5590 Pelagianorum-in
2949 5513 3313 5584 Hieronymum
3337 5515 3384 5562 et
3407 5501 3616 5572 virginem

2363 5614 2532 5669 citium
2570 5576 2691 5683 post
2735 5608 2874 5664 illius
2916 5607 3095 5680 synodi
3139 5576 3386 5678 judicium
3423 5592 3630 5689 violenta:

2363 5709 2398 5764 4
2420 5707 2544 5762 Post
2577 5676 2802 5760 eamdem
2828 5676 3233 5775 Diospolitanant
3265 5690 3500 5767 synodum
3532 5676 3768 5738 πίθεσθ’·
3795 5695 3798 5700 ·

2362 5804 2557 5875 ptiones
2580 5800 2752 5872 vulgat
2781 5797 3042 5871 Pelagius.

2365 5860 2413 5951 1.
2454 5860 2765 5951 Orosius'in
2804 5860 3137 5950 Palaestinam
3172 5886 3403 5949 veniens,
3431 5875 3492 5932 ab
3517 5860 3765 5928 liieronym'

3816 519 3821 556 J

3819 793 3821 820 l

3818 883 3822 919 ῑ

3819 1345 3821 1381 ε

3819 1434 3821 1452 .

3819 1524 3821 1560 π

3817 1615 3822 1652 i

3813 1803 3822 1838 λ

3809 1893 3821 1918 .l

3815 2261 3821 2298 λ

3819 2357 3821 2388 ἐ

3818 2443 3822 2482 1

3815 2631 3822 2666 π

3813 2723 3822 2762 t

3811 2907 3821 2944 λ

3775 2997 3822 3048 ι)

3775 3090 3822 3140 ,π

3815 3183 3822 3220 1

3779 3261 3822 3322 ,ἐ

3775 4791 3782 4816 t

3783 5067 3788 5094 ε

3791 6015 3806 6034 .
