  <div class='ocr_page' id='page_1' title='image "/cluster/home/n/w/nwhite01/storage/ocr_20150623/32/uva.x000669813/250.png"; bbox 0 0 1929 3192; ppageno 0'>
   <div class='ocr_carea' id='block_1_1' title="bbox 35 205 98 238">
    <p class='ocr_par' dir='ltr' id='par_1_1' title="bbox 35 205 98 238">
     <span class='ocr_line' id='line_1_1' title="bbox 35 205 98 238; baseline -0.032 0"><span class='ocrx_word' id='word_1_1' title='bbox 35 205 98 238; x_wconf 61' lang='lat' dir='ltr'><strong>AS!</strong></span> 
     </span>
    </p>
   </div>
   <div class='ocr_carea' id='block_1_2' title="bbox 50 266 823 312">
    <p class='ocr_par' dir='ltr' id='par_1_2' title="bbox 50 266 823 312">
     <span class='ocr_line' id='line_1_2' title="bbox 50 266 823 312; baseline -0.014 -9"><span class='ocrx_word' id='word_1_2' title='bbox 50 283 97 312; x_wconf 78' lang='lat' dir='ltr'><strong>pro</strong></span> <span class='ocrx_word' id='word_1_3' title='bbox 106 281 148 302; x_wconf 90' lang='lat' dir='ltr'><strong>suo</strong></span> <span class='ocrx_word' id='word_1_4' title='bbox 160 272 266 305; x_wconf 85' lang='lat' dir='ltr'><strong>merito,</strong></span> <span class='ocrx_word' id='word_1_5' title='bbox 280 273 309 298; x_wconf 88' lang='lat' dir='ltr'><strong>et</strong></span> <span class='ocrx_word' id='word_1_6' title='bbox 323 275 373 306; x_wconf 91' lang='lat' dir='ltr'><strong>pro</strong></span> <span class='ocrx_word' id='word_1_7' title='bbox 384 276 424 302; x_wconf 90' lang='lat' dir='ltr'><strong>ea,</strong></span> <span class='ocrx_word' id='word_1_8' title='bbox 439 274 515 304; x_wconf 90' lang='lat' dir='ltr'><strong>quam</strong></span> <span class='ocrx_word' id='word_1_9' title='bbox 531 266 564 295; x_wconf 89' lang='lat' dir='ltr'><strong>ab</strong></span> <span class='ocrx_word' id='word_1_10' title='bbox 583 266 729 302; x_wconf 75' lang='lat' dir='ltr'><strong>Augustino</strong></span> <span class='ocrx_word' id='word_1_11' title='bbox 743 266 823 294; x_wconf 89' lang='lat' dir='ltr'><strong>habe-</strong></span> 
     </span>
    </p>
   </div>
   <div class='ocr_carea' id='block_1_3' title="bbox 48 312 823 354">
    <p class='ocr_par' dir='ltr' id='par_1_3' title="bbox 48 312 823 354">
     <span class='ocr_line' id='line_1_3' title="bbox 48 312 823 354; baseline -0.015 -4"><span class='ocrx_word' id='word_1_12' title='bbox 48 324 108 354; x_wconf 70' lang='lat' dir='ltr'><strong>bat,</strong></span> <span class='ocrx_word' id='word_1_13' title='bbox 130 317 358 348; x_wconf 76' lang='lat' dir='ltr'><strong>commendatione</strong></span> <span class='ocrx_word' id='word_1_14' title='bbox 386 319 509 350; x_wconf 80' lang='lat' dir='ltr'><strong>exceptus</strong></span> <span class='ocrx_word' id='word_1_15' title='bbox 530 318 570 341; x_wconf 84' lang='lat' dir='ltr'><strong>est</strong></span> <span class='ocrx_word' id='word_1_16' title='bbox 589 312 682 348; x_wconf 82' lang='lat' dir='ltr'><strong>(Apud</strong></span> <span class='ocrx_word' id='word_1_17' title='bbox 706 312 823 348; x_wconf 85' lang='lat' dir='ltr'><strong>August.,</strong></span> 
     </span>
    </p>
   </div>
   <div class='ocr_carea' id='block_1_4' title="bbox 60 359 827 399">
    <p class='ocr_par' dir='ltr' id='par_1_4' title="bbox 60 359 827 399">
     <span class='ocr_line' id='line_1_4' title="bbox 60 359 827 399; baseline -0.012 -4"><span class='ocrx_word' id='word_1_18' title='bbox 60 367 127 398; x_wconf 75' lang='lat' dir='ltr'><strong>Epist.</strong></span> <span class='ocrx_word' id='word_1_19' title='bbox 146 366 203 397; x_wconf 74' lang='grc'><strong>172,</strong></span> <span class='ocrx_word' id='word_1_20' title='bbox 226 374 253 392; x_wconf 75' lang='grc' dir='ltr'><strong>ιι.</strong></span> <span class='ocrx_word' id='word_1_21' title='bbox 278 364 317 399; x_wconf 97' lang='grc'><strong>1).</strong></span> <span class='ocrx_word' id='word_1_22' title='bbox 342 363 408 390; x_wconf 91' lang='lat' dir='ltr'><strong>llluc</strong></span> <span class='ocrx_word' id='word_1_23' title='bbox 427 361 545 396; x_wconf 83' lang='lat' dir='ltr'><strong>Pelagius</strong></span> <span class='ocrx_word' id='word_1_24' title='bbox 563 364 624 387; x_wconf 93' lang='lat' dir='ltr'><strong>ante</strong></span> <span class='ocrx_word' id='word_1_25' title='bbox 638 359 704 387; x_wconf 89' lang='lat' dir='ltr'><strong>duos</strong></span> <span class='ocrx_word' id='word_1_26' title='bbox 717 359 759 386; x_wconf 85' lang='lat' dir='ltr'><strong>vel</strong></span> <span class='ocrx_word' id='word_1_27' title='bbox 773 364 827 387; x_wconf 86' lang='lat' dir='ltr'><strong>tres</strong></span> 
     </span>
    </p>
   </div>
   <div class='ocr_carea' id='block_1_5' title="bbox 58 405 827 444">
    <p class='ocr_par' dir='ltr' id='par_1_5' title="bbox 58 405 827 444">
     <span class='ocr_line' id='line_1_5' title="bbox 58 405 827 444; baseline -0.013 -3"><span class='ocrx_word' id='word_1_28' title='bbox 58 413 114 441; x_wconf 85' lang='lat' dir='ltr'><strong>forte</strong></span> <span class='ocrx_word' id='word_1_29' title='bbox 123 419 199 439; x_wconf 86' lang='lat' dir='ltr'><strong>annos</strong></span> <span class='ocrx_word' id='word_1_30' title='bbox 213 410 371 442; x_wconf 85' lang='lat' dir='ltr'><strong>advenerat,</strong></span> <span class='ocrx_word' id='word_1_31' title='bbox 384 416 416 436; x_wconf 92' lang='lat' dir='ltr'><strong>ac</strong></span> <span class='ocrx_word' id='word_1_32' title='bbox 429 407 515 444; x_wconf 90' lang='lat' dir='ltr'><strong>primo</strong></span> <span class='ocrx_word' id='word_1_33' title='bbox 536 405 757 434; x_wconf 87' lang='lat' dir='ltr'><strong>necessitudinem</strong></span> <span class='ocrx_word' id='word_1_34' title='bbox 778 405 827 432; x_wconf 60' lang='lat' dir='ltr'><strong>ali-</strong></span> 
     </span>
    </p>
   </div>
   <div class='ocr_carea' id='block_1_6' title="bbox 60 451 824 496">
    <p class='ocr_par' dir='ltr' id='par_1_6' title="bbox 60 451 824 496">
     <span class='ocr_line' id='line_1_6' title="bbox 60 451 824 496; baseline -0.013 -9"><span class='ocrx_word' id='word_1_35' title='bbox 60 467 122 496; x_wconf 84' lang='lat' dir='ltr'><strong>quam</strong></span> <span class='ocrx_word' id='word_1_36' title='bbox 131 466 185 486; x_wconf 87' lang='lat' dir='ltr'><strong>cum</strong></span> <span class='ocrx_word' id='word_1_37' title='bbox 197 457 374 491; x_wconf 81' lang='lat' dir='ltr'><strong>Hieronymo,</strong></span> <span class='ocrx_word' id='word_1_38' title='bbox 386 461 446 482; x_wconf 89' lang='lat' dir='ltr'><strong>cum</strong></span> <span class='ocrx_word' id='word_1_39' title='bbox 458 453 482 481; x_wconf 89' lang='lat' dir='ltr'><strong>ei</strong></span> <span class='ocrx_word' id='word_1_40' title='bbox 492 456 569 480; x_wconf 91' lang='lat' dir='ltr'><strong>notus</strong></span> <span class='ocrx_word' id='word_1_41' title='bbox 578 451 665 479; x_wconf 89' lang='lat' dir='ltr'><strong>adhuc</strong></span> <span class='ocrx_word' id='word_1_42' title='bbox 679 458 731 479; x_wconf 92' lang='lat' dir='ltr'><strong>non</strong></span> <span class='ocrx_word' id='word_1_43' title='bbox 743 455 824 484; x_wconf 84' lang='lat' dir='ltr'><strong>esset,</strong></span> 
     </span>
    </p>
   </div>
   <div class='ocr_carea' id='block_1_7' title="bbox 65 497 825 540">
    <p class='ocr_par' dir='ltr' id='par_1_7' title="bbox 65 497 825 540">
     <span class='ocr_line' id='line_1_7' title="bbox 65 497 825 540; baseline -0.013 -6"><span class='ocrx_word' id='word_1_44' title='bbox 65 506 218 540; x_wconf 81' lang='lat' dir='ltr'><strong>eonjunxerat.</strong></span> <span class='ocrx_word' id='word_1_45' title='bbox 234 502 263 530; x_wconf 87' lang='lat' dir='ltr'><strong>ld</strong></span> <span class='ocrx_word' id='word_1_46' title='bbox 278 509 344 529; x_wconf 82' lang='lat' dir='ltr'><strong>sane</strong></span> <span class='ocrx_word' id='word_1_47' title='bbox 359 501 401 528; x_wconf 89' lang='lat' dir='ltr'><strong>his</strong></span> <span class='ocrx_word' id='word_1_48' title='bbox 414 500 511 532; x_wconf 88' lang='lat' dir='ltr'><strong>verbis,</strong></span> <span class='ocrx_word' id='word_1_49' title='bbox 528 507 558 526; x_wconf 85' lang='lat' dir='ltr'><strong>ne</strong></span> <span class='ocrx_word' id='word_1_50' title='bbox 573 503 676 526; x_wconf 81' lang='lat' dir='ltr'><strong>veterem</strong></span> <span class='ocrx_word' id='word_1_51' title='bbox 687 497 777 525; x_wconf 67' lang='lat' dir='ltr'><strong>lazdere</strong></span> <span class='ocrx_word' id='word_1_52' title='bbox 787 497 825 524; x_wconf 81' lang='lat' dir='ltr'><strong>ni-</strong></span> 
     </span>
    </p>
   </div>
   <div class='ocr_carea' id='block_1_8' title="bbox 64 543 827 582">
    <p class='ocr_par' dir='ltr' id='par_1_8' title="bbox 64 543 827 582">
     <span class='ocr_line' id='line_1_8' title="bbox 64 543 827 582; baseline -0.012 -3"><span class='ocrx_word' id='word_1_53' title='bbox 64 553 144 579; x_wconf 62' lang='lat' dir='ltr'><strong>tantur</strong></span> <span class='ocrx_word' id='word_1_54' title='bbox 156 548 363 577; x_wconf 71' lang='lat' dir='ltr'><strong>necessitudinem</strong></span> <span class='ocrx_word' id='word_1_55' title='bbox 378 546 425 582; x_wconf 86' lang='lat' dir='ltr'><strong>(In</strong></span> <span class='ocrx_word' id='word_1_56' title='bbox 438 545 531 573; x_wconf 78' lang='lat' dir='ltr'><strong>Jerem.</strong></span> <span class='ocrx_word' id='word_1_57' title='bbox 546 544 589 572; x_wconf 82' lang='lat' dir='ltr'><strong>lib.</strong></span> <span class='ocrx_word' id='word_1_58' title='bbox 605 545 633 577; x_wconf 67' lang='lat'><strong>4,</strong></span> <span class='ocrx_word' id='word_1_59' title='bbox 653 544 776 580; x_wconf 61' lang='lat' dir='ltr'><strong>prerat);</strong></span> <span class='ocrx_word' id='word_1_60' title='bbox 791 543 827 570; x_wconf 87' lang='lat' dir='ltr'><strong>si-</strong></span> 
     </span>
    </p>
   </div>
   <div class='ocr_carea' id='block_1_9' title="bbox 62 589 826 633">
    <p class='ocr_par' dir='ltr' id='par_1_9' title="bbox 62 589 826 633">
     <span class='ocr_line' id='line_1_9' title="bbox 62 589 826 633; baseline -0.012 -9"><span class='ocrx_word' id='word_1_61' title='bbox 62 597 149 633; x_wconf 72' lang='lat' dir='ltr'><strong>gniﬁcat</strong></span> <span class='ocrx_word' id='word_1_62' title='bbox 160 599 261 623; x_wconf 85' lang='lat' dir='ltr'><strong>sanctus</strong></span> <span class='ocrx_word' id='word_1_63' title='bbox 273 593 434 628; x_wconf 84' lang='lat' dir='ltr'><strong>Presbyter:</strong></span> <span class='ocrx_word' id='word_1_64' title='bbox 449 591 492 627; x_wconf 89' lang='lat' dir='ltr'><strong>qui</strong></span> <span class='ocrx_word' id='word_1_65' title='bbox 511 594 681 626; x_wconf 79' lang='lat' dir='ltr'><strong>posteaquam</strong></span> <span class='ocrx_word' id='word_1_66' title='bbox 693 589 826 624; x_wconf 87' lang='lat' dir='ltr'><strong>pernicio-</strong></span> 
     </span>
    </p>
   </div>
   <div class='ocr_carea' id='block_1_10' title="bbox 62 635 826 675">
    <p class='ocr_par' dir='ltr' id='par_1_10' title="bbox 62 635 826 675">
     <span class='ocr_line' id='line_1_10' title="bbox 62 635 826 675; baseline -0.012 -4"><span class='ocrx_word' id='word_1_67' title='bbox 62 644 182 675; x_wconf 78' lang='lat' dir='ltr'><strong>sissimam,</strong></span> <span class='ocrx_word' id='word_1_68' title='bbox 195 646 220 669; x_wconf 91' lang='lat' dir='ltr'><strong>ut</strong></span> <span class='ocrx_word' id='word_1_69' title='bbox 229 644 317 673; x_wconf 83' lang='lat' dir='ltr'><strong>vocat,</strong></span> <span class='ocrx_word' id='word_1_70' title='bbox 331 639 455 667; x_wconf 74' lang='lat' dir='ltr'><strong>hmresim</strong></span> <span class='ocrx_word' id='word_1_71' title='bbox 470 638 537 666; x_wconf 84' lang='lat' dir='ltr'><strong>clam</strong></span> <span class='ocrx_word' id='word_1_72' title='bbox 550 637 585 665; x_wconf 87' lang='lat' dir='ltr'><strong>ab</strong></span> <span class='ocrx_word' id='word_1_73' title='bbox 601 637 646 664; x_wconf 88' lang='lat' dir='ltr'><strong>ilio</strong></span> <span class='ocrx_word' id='word_1_74' title='bbox 659 635 826 664; x_wconf 82' lang='lat' dir='ltr'><strong>disseminari</strong></span> 
     </span>
    </p>
   </div>
   <div class='ocr_carea' id='block_1_11' title="bbox 60 681 824 722">
    <p class='ocr_par' dir='ltr' id='par_1_11' title="bbox 60 681 824 722">
     <span class='ocr_line' id='line_1_11' title="bbox 60 681 824 722; baseline -0.012 -5"><span class='ocrx_word' id='word_1_75' title='bbox 60 697 86 717; x_wconf 77' lang='lat' dir='ltr'><strong>ac</strong></span> <span class='ocrx_word' id='word_1_76' title='bbox 92 688 178 716; x_wconf 80' lang='lat' dir='ltr'><strong>sensim</strong></span> <span class='ocrx_word' id='word_1_77' title='bbox 188 686 313 722; x_wconf 85' lang='lat' dir='ltr'><strong>pullulare</strong></span> <span class='ocrx_word' id='word_1_78' title='bbox 327 685 465 716; x_wconf 81' lang='lat' dir='ltr'><strong>intellexit,</strong></span> <span class='ocrx_word' id='word_1_79' title='bbox 482 690 589 718; x_wconf 87' lang='lat' dir='ltr'><strong>operam</strong></span> <span class='ocrx_word' id='word_1_80' title='bbox 604 682 667 716; x_wconf 86' lang='lat' dir='ltr'><strong>dare</strong></span> <span class='ocrx_word' id='word_1_81' title='bbox 679 681 824 714; x_wconf 83' lang='lat' dir='ltr'><strong>constituit,</strong></span> 
     </span>
    </p>
   </div>
   <div class='ocr_carea' id='block_1_12' title="bbox 61 727 824 765">
    <p class='ocr_par' dir='ltr' id='par_1_12' title="bbox 61 727 824 765">
     <span class='ocr_line' id='line_1_12' title="bbox 61 727 824 765; baseline -0.01 -3"><span class='ocrx_word' id='word_1_82' title='bbox 61 739 81 762; x_wconf 85' lang='lat' dir='ltr'><strong>ut</strong></span> <span class='ocrx_word' id='word_1_83' title='bbox 87 742 110 762; x_wconf 85' lang='lat' dir='ltr'><strong>ea</strong></span> <span class='ocrx_word' id='word_1_84' title='bbox 116 733 146 761; x_wconf 91' lang='lat' dir='ltr'><strong>de</strong></span> <span class='ocrx_word' id='word_1_85' title='bbox 153 731 273 760; x_wconf 84' lang='lat' dir='ltr'><strong>Eoclesiis</strong></span> <span class='ocrx_word' id='word_1_86' title='bbox 281 730 432 758; x_wconf 80' lang='lat' dir='ltr'><strong>auferretur</strong></span> <span class='ocrx_word' id='word_1_87' title='bbox 440 728 658 765; x_wconf 85' lang='lat' dir='ltr'><strong>(Apud.August.,</strong></span> <span class='ocrx_word' id='word_1_88' title='bbox 669 727 751 764; x_wconf 81' lang='lat' dir='ltr'><strong>Epist.</strong></span> <span class='ocrx_word' id='word_1_89' title='bbox 763 727 824 761; x_wconf 79' lang='grc'><strong>172,</strong></span> 
     </span>
    </p>
   </div>
   <div class='ocr_carea' id='block_1_13' title="bbox 60 774 826 815">
    <p class='ocr_par' dir='ltr' id='par_1_13' title="bbox 60 774 826 815">
     <span class='ocr_line' id='line_1_13' title="bbox 60 774 826 815; baseline -0.01 -7"><span class='ocrx_word' id='word_1_90' title='bbox 60 789 80 808; x_wconf 76' lang='grc' dir='ltr'><strong>ι.</strong></span> <span class='ocrx_word' id='word_1_91' title='bbox 90 780 116 815; x_wconf 89' lang='grc'><strong>1).</strong></span> <span class='ocrx_word' id='word_1_92' title='bbox 127 778 238 813; x_wconf 88' lang='lat' dir='ltr'><strong>Scriptio</strong></span> <span class='ocrx_word' id='word_1_93' title='bbox 250 776 333 813; x_wconf 85' lang='lat' dir='ltr'><strong>ipsius</strong></span> <span class='ocrx_word' id='word_1_94' title='bbox 341 777 369 803; x_wconf 91' lang='lat' dir='ltr'><strong>in</strong></span> <span class='ocrx_word' id='word_1_95' title='bbox 380 776 454 803; x_wconf 85' lang='lat' dir='ltr'><strong>illam</strong></span> <span class='ocrx_word' id='word_1_96' title='bbox 466 775 589 802; x_wconf 90' lang='lat' dir='ltr'><strong>haeresim</strong></span> <span class='ocrx_word' id='word_1_97' title='bbox 601 774 685 810; x_wconf 89' lang='lat' dir='ltr'><strong>prima</strong></span> <span class='ocrx_word' id='word_1_98' title='bbox 699 774 757 806; x_wconf 88' lang='lat' dir='ltr'><strong>fuit,</strong></span> <span class='ocrx_word' id='word_1_99' title='bbox 767 780 826 809; x_wconf 62' lang='lat' dir='ltr'><strong>quae</strong></span> 
     </span>
    </p>
   </div>
   <div class='ocr_carea' id='block_1_14' title="bbox 60 820 826 859">
    <p class='ocr_par' dir='ltr' id='par_1_14' title="bbox 60 820 826 859">
     <span class='ocr_line' id='line_1_14' title="bbox 60 820 826 859; baseline -0.009 -6"><span class='ocrx_word' id='word_1_100' title='bbox 60 825 125 854; x_wconf 65' lang='lat' dir='ltr'><strong>atad</strong></span> <span class='ocrx_word' id='word_1_101' title='bbox 140 824 333 859; x_wconf 80' lang='lat' dir='ltr'><strong>Ctesiphontem</strong></span> <span class='ocrx_word' id='word_1_102' title='bbox 358 822 478 857; x_wconf 88' lang='lat' dir='ltr'><strong>epistola,</strong></span> <span class='ocrx_word' id='word_1_103' title='bbox 502 821 530 849; x_wconf 90' lang='lat' dir='ltr'><strong>in</strong></span> <span class='ocrx_word' id='word_1_104' title='bbox 548 828 600 856; x_wconf 82' lang='lat' dir='ltr'><strong>qua</strong></span> <span class='ocrx_word' id='word_1_105' title='bbox 621 820 826 855; x_wconf 84' lang='lat' dir='ltr'><strong>disputationem</strong></span> 
     </span>
    </p>
   </div>
   <div class='ocr_carea' id='block_1_15' title="bbox 61 867 827 906">
    <p class='ocr_par' dir='ltr' id='par_1_15' title="bbox 61 867 827 906">
     <span class='ocr_line' id='line_1_15' title="bbox 61 867 827 906; baseline -0.008 -7"><span class='ocrx_word' id='word_1_106' title='bbox 61 872 133 900; x_wconf 78' lang='lat' dir='ltr'><strong>hacde</strong></span> <span class='ocrx_word' id='word_1_107' title='bbox 144 879 172 898; x_wconf 86' lang='lat' dir='ltr'><strong>re</strong></span> <span class='ocrx_word' id='word_1_108' title='bbox 185 870 354 906; x_wconf 83' lang='lat' dir='ltr'><strong>promittebat</strong></span> <span class='ocrx_word' id='word_1_109' title='bbox 365 869 528 897; x_wconf 74' lang='lat' dir='ltr'><strong>uberiorem.</strong></span> <span class='ocrx_word' id='word_1_110' title='bbox 548 868 610 895; x_wconf 83' lang='lat' dir='ltr'><strong>Tria</strong></span> <span class='ocrx_word' id='word_1_111' title='bbox 622 867 719 895; x_wconf 83' lang='lat' dir='ltr'><strong>deinde</strong></span> <span class='ocrx_word' id='word_1_112' title='bbox 733 871 827 894; x_wconf 91' lang='lat' dir='ltr'><strong>contra</strong></span> 
     </span>
    </p>
   </div>
   <div class='ocr_carea' id='block_1_16' title="bbox 60 914 825 953">
    <p class='ocr_par' dir='ltr' id='par_1_16' title="bbox 60 914 825 953">
     <span class='ocr_line' id='line_1_16' title="bbox 60 914 825 953; baseline -0.005 -8"><span class='ocrx_word' id='word_1_113' title='bbox 60 918 192 953; x_wconf 77' lang='lat' dir='ltr'><strong>Pdagianos</strong></span> <span class='ocrx_word' id='word_1_114' title='bbox 212 916 345 944; x_wconf 80' lang='lat' dir='ltr'><strong>volumina</strong></span> <span class='ocrx_word' id='word_1_115' title='bbox 368 915 455 943; x_wconf 81' lang='lat' dir='ltr'><strong>forma</strong></span> <span class='ocrx_word' id='word_1_116' title='bbox 478 915 641 950; x_wconf 72' lang='lat' dir='ltr'><strong>dialogorum</strong></span> <span class='ocrx_word' id='word_1_117' title='bbox 666 914 825 949; x_wconf 83' lang='lat' dir='ltr'><strong>composuit,</strong></span> 
     </span>
    </p>
   </div>
   <div class='ocr_carea' id='block_1_17' title="bbox 57 960 828 999">
    <p class='ocr_par' dir='ltr' id='par_1_17' title="bbox 57 960 828 999">
     <span class='ocr_line' id='line_1_17' title="bbox 57 960 828 999; baseline -0.006 -7"><span class='ocrx_word' id='word_1_118' title='bbox 57 964 135 999; x_wconf 77' lang='lat' dir='ltr'><strong>quibus</strong></span> <span class='ocrx_word' id='word_1_119' title='bbox 153 971 259 992; x_wconf 86' lang='lat' dir='ltr'><strong>manum</strong></span> <span class='ocrx_word' id='word_1_120' title='bbox 269 964 325 998; x_wconf 89' lang='lat' dir='ltr'><strong>jam</strong></span> <span class='ocrx_word' id='word_1_121' title='bbox 341 962 405 989; x_wconf 89' lang='lat' dir='ltr'><strong>inde</strong></span> <span class='ocrx_word' id='word_1_122' title='bbox 425 961 458 989; x_wconf 89' lang='lat' dir='ltr'><strong>ab</strong></span> <span class='ocrx_word' id='word_1_123' title='bbox 476 966 597 989; x_wconf 76' lang='lat' dir='ltr'><strong>extremo</strong></span> <span class='ocrx_word' id='word_1_124' title='bbox 609 960 675 995; x_wconf 88' lang='lat' dir='ltr'><strong>julio</strong></span> <span class='ocrx_word' id='word_1_125' title='bbox 690 960 828 995; x_wconf 66' lang='lat' dir='ltr'><strong>praesentis</strong></span> 
     </span>
    </p>
   </div>
   <div class='ocr_carea' id='block_1_18' title="bbox 56 1004 828 1042">
    <p class='ocr_par' dir='ltr' id='par_1_18' title="bbox 56 1004 828 1042">
     <span class='ocr_line' id='line_1_18' title="bbox 56 1004 828 1042; baseline -0.006 -5"><span class='ocrx_word' id='word_1_126' title='bbox 56 1009 111 1037; x_wconf 85' lang='lat' dir='ltr'><strong>anni</strong></span> <span class='ocrx_word' id='word_1_127' title='bbox 124 1009 278 1037; x_wconf 78' lang='lat' dir='ltr'><strong>admoverat.</strong></span> <span class='ocrx_word' id='word_1_128' title='bbox 293 1008 408 1041; x_wconf 85' lang='lat' dir='ltr'><strong>Eodem,</strong></span> <span class='ocrx_word' id='word_1_129' title='bbox 423 1015 476 1042; x_wconf 90' lang='lat' dir='ltr'><strong>quo</strong></span> <span class='ocrx_word' id='word_1_130' title='bbox 488 1007 676 1042; x_wconf 84' lang='lat' dir='ltr'><strong>Hieronymus,</strong></span> <span class='ocrx_word' id='word_1_131' title='bbox 695 1004 828 1040; x_wconf 77' lang='lat' dir='ltr'><strong>Pelagiani</strong></span> 
     </span>
    </p>
   </div>
   <div class='ocr_carea' id='block_1_19' title="bbox 56 1053 828 1090">
    <p class='ocr_par' dir='ltr' id='par_1_19' title="bbox 56 1053 828 1090">
     <span class='ocr_line' id='line_1_19' title="bbox 56 1053 828 1090; baseline -0.008 -6"><span class='ocrx_word' id='word_1_132' title='bbox 56 1056 144 1084; x_wconf 87' lang='lat' dir='ltr'><strong>erroris</strong></span> <span class='ocrx_word' id='word_1_133' title='bbox 159 1055 264 1083; x_wconf 86' lang='lat' dir='ltr'><strong>horrore</strong></span> <span class='ocrx_word' id='word_1_134' title='bbox 275 1054 389 1090; x_wconf 87' lang='lat' dir='ltr'><strong>perculsi</strong></span> <span class='ocrx_word' id='word_1_135' title='bbox 408 1053 620 1088; x_wconf 79' lang='lat' dir='ltr'><strong>Jerosolymitani</strong></span> <span class='ocrx_word' id='word_1_136' title='bbox 643 1059 748 1087; x_wconf 87' lang='lat' dir='ltr'><strong>quoque</strong></span> <span class='ocrx_word' id='word_1_137' title='bbox 769 1058 828 1086; x_wconf 89' lang='lat' dir='ltr'><strong>pre-</strong></span> 
     </span>
    </p>
   </div>
   <div class='ocr_carea' id='block_1_20' title="bbox 56 1096 827 1137">
    <p class='ocr_par' dir='ltr' id='par_1_20' title="bbox 56 1096 827 1137">
     <span class='ocr_line' id='line_1_20' title="bbox 56 1096 827 1137; baseline -0.006 -9"><span class='ocrx_word' id='word_1_138' title='bbox 56 1100 151 1137; x_wconf 80' lang='lat' dir='ltr'><strong>sbyteri,</strong></span> <span class='ocrx_word' id='word_1_139' title='bbox 160 1105 248 1128; x_wconf 85' lang='lat' dir='ltr'><strong>contra</strong></span> <span class='ocrx_word' id='word_1_140' title='bbox 256 1101 358 1128; x_wconf 79' lang='lat' dir='ltr'><strong>hostem</strong></span> <span class='ocrx_word' id='word_1_141' title='bbox 368 1099 482 1134; x_wconf 79' lang='lat' dir='ltr'><strong>antiquae</strong></span> <span class='ocrx_word' id='word_1_142' title='bbox 493 1098 553 1126; x_wconf 87' lang='lat' dir='ltr'><strong>lidei</strong></span> <span class='ocrx_word' id='word_1_143' title='bbox 562 1098 679 1125; x_wconf 85' lang='lat' dir='ltr'><strong>veniunt.</strong></span> <span class='ocrx_word' id='word_1_144' title='bbox 689 1096 755 1124; x_wconf 89' lang='lat' dir='ltr'><strong>Cum</strong></span> <span class='ocrx_word' id='word_1_145' title='bbox 766 1097 827 1128; x_wconf 75' lang='lat' dir='ltr'><strong>illis,</strong></span> 
     </span>
    </p>
   </div>
   <div class='ocr_carea' id='block_1_21' title="bbox 59 1143 830 1179">
    <p class='ocr_par' dir='ltr' id='par_1_21' title="bbox 59 1143 830 1179">
     <span class='ocr_line' id='line_1_21' title="bbox 59 1143 830 1179; baseline -0.008 -4"><span class='ocrx_word' id='word_1_146' title='bbox 59 1155 83 1174; x_wconf 81' lang='lat' dir='ltr'><strong>ac</strong></span> <span class='ocrx_word' id='word_1_147' title='bbox 94 1147 192 1175; x_wconf 89' lang='lat' dir='ltr'><strong>illorum</strong></span> <span class='ocrx_word' id='word_1_148' title='bbox 205 1147 270 1175; x_wconf 86' lang='lat' dir='ltr'><strong>forte</strong></span> <span class='ocrx_word' id='word_1_149' title='bbox 285 1146 405 1179; x_wconf 88' lang='lat' dir='ltr'><strong>inductu,</strong></span> <span class='ocrx_word' id='word_1_150' title='bbox 417 1148 577 1173; x_wconf 89' lang='lat' dir='ltr'><strong>conventum</strong></span> <span class='ocrx_word' id='word_1_151' title='bbox 592 1143 766 1179; x_wconf 78' lang='lat' dir='ltr'><strong>Jerosolymis</strong></span> <span class='ocrx_word' id='word_1_152' title='bbox 780 1143 830 1170; x_wconf 88' lang='lat' dir='ltr'><strong>hoc</strong></span> 
     </span>
    </p>
   </div>
   <div class='ocr_carea' id='block_1_22' title="bbox 58 1188 830 1227">
    <p class='ocr_par' dir='ltr' id='par_1_22' title="bbox 58 1188 830 1227">
     <span class='ocr_line' id='line_1_22' title="bbox 58 1188 830 1227; baseline -0.008 -7"><span class='ocrx_word' id='word_1_153' title='bbox 58 1192 103 1227; x_wconf 60' lang='lat' dir='ltr'><strong>quo</strong></span> <span class='ocrx_word' id='word_1_154' title='bbox 114 1200 180 1220; x_wconf 88' lang='lat' dir='ltr'><strong>anno</strong></span> <span class='ocrx_word' id='word_1_155' title='bbox 188 1191 446 1227; x_wconf 74' lang='lat' dir='ltr'><strong>quadringentesimo</strong></span> <span class='ocrx_word' id='word_1_156' title='bbox 454 1190 558 1217; x_wconf 89' lang='lat' dir='ltr'><strong>decimo</strong></span> <span class='ocrx_word' id='word_1_157' title='bbox 568 1189 672 1224; x_wconf 89' lang='lat' dir='ltr'><strong>quinto,</strong></span> <span class='ocrx_word' id='word_1_158' title='bbox 682 1188 725 1215; x_wconf 90' lang='lat' dir='ltr'><strong>die</strong></span> <span class='ocrx_word' id='word_1_159' title='bbox 735 1192 830 1223; x_wconf 91' lang='lat' dir='ltr'><strong>quarto</strong></span> 
     </span>
    </p>
   </div>
   <div class='ocr_carea' id='block_1_23' title="bbox 59 1234 827 1272">
    <p class='ocr_par' dir='ltr' id='par_1_23' title="bbox 59 1234 827 1272">
     <span class='ocr_line' id='line_1_23' title="bbox 59 1234 827 1272; baseline -0.008 -6"><span class='ocrx_word' id='word_1_160' title='bbox 59 1238 92 1266; x_wconf 81' lang='lat' dir='ltr'><strong>vel</strong></span> <span class='ocrx_word' id='word_1_161' title='bbox 101 1238 173 1266; x_wconf 85' lang='lat' dir='ltr'><strong>tertio</strong></span> <span class='ocrx_word' id='word_1_162' title='bbox 186 1238 312 1265; x_wconf 79' lang='lat' dir='ltr'><strong>kalendas</strong></span> <span class='ocrx_word' id='word_1_163' title='bbox 326 1237 440 1272; x_wconf 87' lang='lat' dir='ltr'><strong>augusti,</strong></span> <span class='ocrx_word' id='word_1_164' title='bbox 454 1235 533 1263; x_wconf 83' lang='lat' dir='ltr'><strong>habet</strong></span> <span class='ocrx_word' id='word_1_165' title='bbox 546 1235 662 1262; x_wconf 75' lang='lat' dir='ltr'><strong>Joannes</strong></span> <span class='ocrx_word' id='word_1_166' title='bbox 675 1234 827 1270; x_wconf 88' lang='lat' dir='ltr'><strong>episcopus.</strong></span> 
     </span>
    </p>
   </div>
   <div class='ocr_carea' id='block_1_24' title="bbox 60 1279 831 1316">
    <p class='ocr_par' dir='ltr' id='par_1_24' title="bbox 60 1279 831 1316">
     <span class='ocr_line' id='line_1_24' title="bbox 60 1279 831 1316; baseline -0.008 -4"><span class='ocrx_word' id='word_1_167' title='bbox 60 1283 90 1311; x_wconf 73' lang='lat' dir='ltr'><strong>Eo</strong></span> <span class='ocrx_word' id='word_1_168' title='bbox 101 1289 202 1311; x_wconf 81' lang='lat' dir='ltr'><strong>vocatus</strong></span> <span class='ocrx_word' id='word_1_169' title='bbox 213 1284 324 1311; x_wconf 87' lang='lat' dir='ltr'><strong>Orosius</strong></span> <span class='ocrx_word' id='word_1_170' title='bbox 339 1282 492 1311; x_wconf 71' lang='lat' dir='ltr'><strong>leestium</strong></span> <span class='ocrx_word' id='word_1_171' title='bbox 501 1281 556 1316; x_wconf 91' lang='lat' dir='ltr'><strong>jam</strong></span> <span class='ocrx_word' id='word_1_172' title='bbox 566 1288 581 1308; x_wconf 87' lang='lat' dir='ltr'><strong>a</strong></span> <span class='ocrx_word' id='word_1_173' title='bbox 594 1280 707 1308; x_wconf 91' lang='lat' dir='ltr'><strong>concilio</strong></span> <span class='ocrx_word' id='word_1_174' title='bbox 719 1279 831 1307; x_wconf 84' lang='lat' dir='ltr'><strong>Cartha-</strong></span> 
     </span>
    </p>
   </div>
   <div class='ocr_carea' id='block_1_25' title="bbox 60 1326 832 1364">
    <p class='ocr_par' dir='ltr' id='par_1_25' title="bbox 60 1326 832 1364">
     <span class='ocr_line' id='line_1_25' title="bbox 60 1326 832 1364; baseline -0.008 -5"><span class='ocrx_word' id='word_1_175' title='bbox 60 1330 140 1364; x_wconf 72' lang='lat' dir='ltr'><strong>gineusi</strong></span> <span class='ocrx_word' id='word_1_176' title='bbox 157 1331 311 1358; x_wconf 88' lang='lat' dir='ltr'><strong>damnatum</strong></span> <span class='ocrx_word' id='word_1_177' title='bbox 334 1329 416 1357; x_wconf 84' lang='lat' dir='ltr'><strong>fuisse</strong></span> <span class='ocrx_word' id='word_1_178' title='bbox 437 1328 555 1358; x_wconf 82' lang='lat' dir='ltr'><strong>declarat</strong></span> <span class='ocrx_word' id='word_1_179' title='bbox 567 1337 574 1355; x_wconf 73' lang='grc' dir='ltr'><strong><em>τ</em></strong></span> <span class='ocrx_word' id='word_1_180' title='bbox 586 1327 683 1362; x_wconf 83' lang='lat' dir='ltr'><strong>Pelagii</strong></span> <span class='ocrx_word' id='word_1_181' title='bbox 698 1332 786 1354; x_wconf 88' lang='lat' dir='ltr'><strong>autem</strong></span> <span class='ocrx_word' id='word_1_182' title='bbox 800 1326 832 1353; x_wconf 93' lang='lat' dir='ltr'><strong>li-</strong></span> 
     </span>
    </p>
   </div>
   <div class='ocr_carea' id='block_1_26' title="bbox 59 1373 831 1412">
    <p class='ocr_par' dir='ltr' id='par_1_26' title="bbox 59 1373 831 1412">
     <span class='ocr_line' id='line_1_26' title="bbox 59 1373 831 1412; baseline -0.008 -7"><span class='ocrx_word' id='word_1_183' title='bbox 59 1376 117 1404; x_wconf 85' lang='lat' dir='ltr'><strong>brum</strong></span> <span class='ocrx_word' id='word_1_184' title='bbox 135 1377 167 1405; x_wconf 82' lang='lat' dir='ltr'><strong>ab</strong></span> <span class='ocrx_word' id='word_1_185' title='bbox 184 1377 268 1412; x_wconf 84' lang='lat' dir='ltr'><strong>ipsius</strong></span> <span class='ocrx_word' id='word_1_186' title='bbox 289 1375 427 1410; x_wconf 88' lang='lat' dir='ltr'><strong>discipulis</strong></span> <span class='ocrx_word' id='word_1_187' title='bbox 446 1374 579 1410; x_wconf 92' lang='lat' dir='ltr'><strong>proditum</strong></span> <span class='ocrx_word' id='word_1_188' title='bbox 592 1373 676 1401; x_wconf 80' lang='lat' dir='ltr'><strong>refelli</strong></span> <span class='ocrx_word' id='word_1_189' title='bbox 695 1373 729 1400; x_wconf 92' lang='lat' dir='ltr'><strong>ab</strong></span> <span class='ocrx_word' id='word_1_190' title='bbox 743 1373 831 1408; x_wconf 84' lang='lat' dir='ltr'><strong>Augu-</strong></span> 
     </span>
    </p>
   </div>
   <div class='ocr_carea' id='block_1_27' title="bbox 60 1419 832 1458">
    <p class='ocr_par' dir='ltr' id='par_1_27' title="bbox 60 1419 832 1458">
     <span class='ocr_line' id='line_1_27' title="bbox 60 1419 832 1458; baseline -0.004 -10"><span class='ocrx_word' id='word_1_191' title='bbox 60 1422 206 1458; x_wconf 79' lang='lat' dir='ltr'><strong>ttino:cujus</strong></span> <span class='ocrx_word' id='word_1_192' title='bbox 215 1422 302 1450; x_wconf 84' lang='lat' dir='ltr'><strong>sancti</strong></span> <span class='ocrx_word' id='word_1_193' title='bbox 315 1421 436 1449; x_wconf 88' lang='lat' dir='ltr'><strong>Doctoris</strong></span> <span class='ocrx_word' id='word_1_194' title='bbox 450 1421 475 1447; x_wconf 92' lang='lat' dir='ltr'><strong>in</strong></span> <span class='ocrx_word' id='word_1_195' title='bbox 488 1420 643 1455; x_wconf 87' lang='lat' dir='ltr'><strong>Pelagianas</strong></span> <span class='ocrx_word' id='word_1_196' title='bbox 651 1419 751 1454; x_wconf 88' lang='lat' dir='ltr'><strong>aliquot</strong></span> <span class='ocrx_word' id='word_1_197' title='bbox 759 1427 832 1454; x_wconf 82' lang='lat' dir='ltr'><strong>qua:-</strong></span> 
     </span>
    </p>
   </div>
   <div class='ocr_carea' id='block_1_28' title="bbox 60 1464 832 1503">
    <p class='ocr_par' dir='ltr' id='par_1_28' title="bbox 60 1464 832 1503">
     <span class='ocr_line' id='line_1_28' title="bbox 60 1464 832 1503; baseline -0.003 -10"><span class='ocrx_word' id='word_1_198' title='bbox 60 1467 137 1494; x_wconf 73' lang='lat' dir='ltr'><strong>stioncs</strong></span> <span class='ocrx_word' id='word_1_199' title='bbox 145 1468 295 1503; x_wconf 76' lang='lat' dir='ltr'><strong>epistolam,</strong></span> <span class='ocrx_word' id='word_1_200' title='bbox 304 1468 413 1494; x_wconf 89' lang='lat' dir='ltr'><strong>missam</strong></span> <span class='ocrx_word' id='word_1_201' title='bbox 423 1474 507 1501; x_wconf 87' lang='lat' dir='ltr'><strong>nuper</strong></span> <span class='ocrx_word' id='word_1_202' title='bbox 519 1465 552 1493; x_wconf 89' lang='lat' dir='ltr'><strong>ad</strong></span> <span class='ocrx_word' id='word_1_203' title='bbox 561 1465 689 1498; x_wconf 87' lang='lat' dir='ltr'><strong>Siciliam,</strong></span> <span class='ocrx_word' id='word_1_204' title='bbox 701 1464 727 1492; x_wconf 93' lang='lat' dir='ltr'><strong>in</strong></span> <span class='ocrx_word' id='word_1_205' title='bbox 738 1464 832 1492; x_wconf 90' lang='lat' dir='ltr'><strong>eodem</strong></span> 
     </span>
    </p>
   </div>
   <div class='ocr_carea' id='block_1_29' title="bbox 60 1511 832 1549">
    <p class='ocr_par' dir='ltr' id='par_1_29' title="bbox 60 1511 832 1549">
     <span class='ocr_line' id='line_1_29' title="bbox 60 1511 832 1549; baseline 0 -11"><span class='ocrx_word' id='word_1_206' title='bbox 60 1519 165 1540; x_wconf 73' lang='lat' dir='ltr'><strong>conventu</strong></span> <span class='ocrx_word' id='word_1_207' title='bbox 182 1513 254 1549; x_wconf 82' lang='lat' dir='ltr'><strong>legit.</strong></span> <span class='ocrx_word' id='word_1_208' title='bbox 272 1512 441 1541; x_wconf 89' lang='lat' dir='ltr'><strong>Introductus</strong></span> <span class='ocrx_word' id='word_1_209' title='bbox 455 1516 546 1548; x_wconf 87' lang='lat' dir='ltr'><strong>postea</strong></span> <span class='ocrx_word' id='word_1_210' title='bbox 562 1511 696 1547; x_wconf 75' lang='lat' dir='ltr'><strong>Pelagius,</strong></span> <span class='ocrx_word' id='word_1_211' title='bbox 714 1511 832 1539; x_wconf 91' lang='lat' dir='ltr'><strong>interro-</strong></span> 
     </span>
    </p>
   </div>
   <div class='ocr_carea' id='block_1_30' title="bbox 60 1558 831 1594">
    <p class='ocr_par' dir='ltr' id='par_1_30' title="bbox 60 1558 831 1594">
     <span class='ocr_line' id='line_1_30' title="bbox 60 1558 831 1594; baseline -0.003 -7"><span class='ocrx_word' id='word_1_212' title='bbox 60 1564 117 1592; x_wconf 70' lang='lat' dir='ltr'><strong>gatur</strong></span> <span class='ocrx_word' id='word_1_213' title='bbox 127 1560 159 1587; x_wconf 79' lang='lat' dir='ltr'><strong>ab</strong></span> <span class='ocrx_word' id='word_1_214' title='bbox 172 1560 306 1593; x_wconf 90' lang='lat' dir='ltr'><strong>omnibus,</strong></span> <span class='ocrx_word' id='word_1_215' title='bbox 319 1567 353 1586; x_wconf 89' lang='lat' dir='ltr'><strong>an</strong></span> <span class='ocrx_word' id='word_1_216' title='bbox 366 1567 397 1587; x_wconf 86' lang='lat' dir='ltr'><strong>ea</strong></span> <span class='ocrx_word' id='word_1_217' title='bbox 409 1567 468 1594; x_wconf 64' lang='lat' dir='ltr'><strong>quae</strong></span> <span class='ocrx_word' id='word_1_218' title='bbox 480 1558 514 1585; x_wconf 87' lang='lat' dir='ltr'><strong>ab</strong></span> <span class='ocrx_word' id='word_1_219' title='bbox 527 1558 676 1593; x_wconf 78' lang='lat' dir='ltr'><strong>Augustino</strong></span> <span class='ocrx_word' id='word_1_220' title='bbox 686 1562 776 1585; x_wconf 88' lang='lat' dir='ltr'><strong>essent</strong></span> <span class='ocrx_word' id='word_1_221' title='bbox 786 1565 831 1585; x_wconf 89' lang='lat' dir='ltr'><strong>re-</strong></span> 
     </span>
    </p>
   </div>
   <div class='ocr_carea' id='block_1_31' title="bbox 60 1603 835 1640">
    <p class='ocr_par' dir='ltr' id='par_1_31' title="bbox 60 1603 835 1640">
     <span class='ocr_line' id='line_1_31' title="bbox 60 1603 835 1640; baseline 0 -10"><span class='ocrx_word' id='word_1_222' title='bbox 60 1604 131 1639; x_wconf 82' lang='lat' dir='ltr'><strong>lnuta,</strong></span> <span class='ocrx_word' id='word_1_223' title='bbox 144 1605 288 1633; x_wconf 81' lang='lat' dir='ltr'><strong>docuiSset.</strong></span> <span class='ocrx_word' id='word_1_224' title='bbox 315 1605 416 1640; x_wconf 86' lang='lat' dir='ltr'><strong>Quibus</strong></span> <span class='ocrx_word' id='word_1_225' title='bbox 437 1605 482 1632; x_wconf 87' lang='lat' dir='ltr'><strong>ille</strong></span> <span class='ocrx_word' id='word_1_226' title='bbox 502 1612 563 1632; x_wconf 92' lang='lat' dir='ltr'><strong>cum</strong></span> <span class='ocrx_word' id='word_1_227' title='bbox 587 1603 835 1639; x_wconf 77' lang='lat' dir='ltr'><strong>respondissetzEt</strong></span> 
     </span>
    </p>
   </div>
   <div class='ocr_carea' id='block_1_32' title="bbox 59 1649 835 1687">
    <p class='ocr_par' dir='ltr' id='par_1_32' title="bbox 59 1649 835 1687">
     <span class='ocr_line' id='line_1_32' title="bbox 59 1649 835 1687; baseline -0.001 -9"><span class='ocrx_word' id='word_1_228' title='bbox 59 1651 100 1683; x_wconf 67' lang='lat' dir='ltr'><strong>quia</strong></span> <span class='ocrx_word' id='word_1_229' title='bbox 114 1656 147 1678; x_wconf 81' lang='lat' dir='ltr'><strong>est</strong></span> <span class='ocrx_word' id='word_1_230' title='bbox 165 1651 228 1678; x_wconf 82' lang='lat' dir='ltr'><strong>mihi</strong></span> <span class='ocrx_word' id='word_1_231' title='bbox 250 1651 426 1687; x_wconf 69' lang='lat' dir='ltr'><strong>Augustinus?</strong></span> <span class='ocrx_word' id='word_1_232' title='bbox 439 1650 489 1677; x_wconf 88' lang='lat' dir='ltr'><strong>hac</strong></span> <span class='ocrx_word' id='word_1_233' title='bbox 503 1650 678 1686; x_wconf 87' lang='lat' dir='ltr'><strong>responsione</strong></span> <span class='ocrx_word' id='word_1_234' title='bbox 692 1649 718 1677; x_wconf 91' lang='lat' dir='ltr'><strong>in</strong></span> <span class='ocrx_word' id='word_1_235' title='bbox 732 1650 835 1685; x_wconf 81' lang='lat' dir='ltr'><strong>cpisco—</strong></span> 
     </span>
    </p>
   </div>
   <div class='ocr_carea' id='block_1_33' title="bbox 59 1696 833 1732">
    <p class='ocr_par' dir='ltr' id='par_1_33' title="bbox 59 1696 833 1732">
     <span class='ocr_line' id='line_1_33' title="bbox 59 1696 833 1732; baseline -0.003 -7"><span class='ocrx_word' id='word_1_236' title='bbox 59 1702 115 1730; x_wconf 75' lang='lat' dir='ltr'><strong>pum,</strong></span> <span class='ocrx_word' id='word_1_237' title='bbox 128 1697 203 1732; x_wconf 81' lang='lat' dir='ltr'><strong>cujus</strong></span> <span class='ocrx_word' id='word_1_238' title='bbox 214 1705 261 1725; x_wconf 90' lang='lat' dir='ltr'><strong>ore</strong></span> <span class='ocrx_word' id='word_1_239' title='bbox 276 1697 406 1725; x_wconf 91' lang='lat' dir='ltr'><strong>Dominus</strong></span> <span class='ocrx_word' id='word_1_240' title='bbox 417 1697 549 1724; x_wconf 82' lang='lat' dir='ltr'><strong>universae</strong></span> <span class='ocrx_word' id='word_1_241' title='bbox 562 1696 659 1724; x_wconf 68' lang='lat' dir='ltr'><strong>Africre</strong></span> <span class='ocrx_word' id='word_1_242' title='bbox 672 1696 781 1723; x_wconf 85' lang='lat' dir='ltr'><strong>unitatis</strong></span> <span class='ocrx_word' id='word_1_243' title='bbox 789 1703 833 1723; x_wconf 88' lang='lat' dir='ltr'><strong>sa-</strong></span> 
     </span>
    </p>
   </div>
   <div class='ocr_carea' id='block_1_34' title="bbox 58 1740 833 1774">
    <p class='ocr_par' dir='ltr' id='par_1_34' title="bbox 58 1740 833 1774">
     <span class='ocr_line' id='line_1_34' title="bbox 58 1740 833 1774; baseline 0.001 -7"><span class='ocrx_word' id='word_1_244' title='bbox 58 1740 149 1769; x_wconf 82' lang='lat' dir='ltr'><strong>nitatem</strong></span> <span class='ocrx_word' id='word_1_245' title='bbox 159 1743 287 1770; x_wconf 76' lang='lat' dir='ltr'><strong>cxstincto</strong></span> <span class='ocrx_word' id='word_1_246' title='bbox 303 1742 500 1770; x_wconf 84' lang='lat' dir='ltr'><strong>Donatistarum</strong></span> <span class='ocrx_word' id='word_1_247' title='bbox 515 1741 658 1769; x_wconf 86' lang='lat' dir='ltr'><strong>schismate</strong></span> <span class='ocrx_word' id='word_1_248' title='bbox 678 1741 833 1774; x_wconf 87' lang='lat' dir='ltr'><strong>indulserat,</strong></span> 
     </span>
    </p>
   </div>
   <div class='ocr_carea' id='block_1_35' title="bbox 56 1785 835 1825">
    <p class='ocr_par' dir='ltr' id='par_1_35' title="bbox 56 1785 835 1825">
     <span class='ocr_line' id='line_1_35' title="bbox 56 1785 835 1825; baseline 0.003 -12"><span class='ocrx_word' id='word_1_249' title='bbox 56 1785 170 1820; x_wconf 77' lang='lat' dir='ltr'><strong>iniuriosa</strong></span> <span class='ocrx_word' id='word_1_250' title='bbox 184 1788 272 1817; x_wconf 67' lang='grc' dir='ltr'><strong>οπεηεὶ</strong></span> <span class='ocrx_word' id='word_1_251' title='bbox 291 1793 355 1816; x_wconf 94' lang='lat' dir='ltr'><strong>sunt</strong></span> <span class='ocrx_word' id='word_1_252' title='bbox 373 1793 502 1825; x_wconf 83' lang='lat' dir='ltr'><strong>quotquot</strong></span> <span class='ocrx_word' id='word_1_253' title='bbox 515 1788 636 1821; x_wconf 89' lang='lat' dir='ltr'><strong>aderant,</strong></span> <span class='ocrx_word' id='word_1_254' title='bbox 659 1792 685 1816; x_wconf 90' lang='lat' dir='ltr'><strong>et</strong></span> <span class='ocrx_word' id='word_1_255' title='bbox 699 1788 835 1823; x_wconf 82' lang='lat' dir='ltr'><strong>Pelagium</strong></span> 
     </span>
    </p>
   </div>
   <div class='ocr_carea' id='block_1_36' title="bbox 54 1834 835 1869">
    <p class='ocr_par' dir='ltr' id='par_1_36' title="bbox 54 1834 835 1869">
     <span class='ocr_line' id='line_1_36' title="bbox 54 1834 835 1869; baseline 0.003 -10"><span class='ocrx_word' id='word_1_256' title='bbox 54 1841 99 1860; x_wconf 90' lang='lat' dir='ltr'><strong>non</strong></span> <span class='ocrx_word' id='word_1_257' title='bbox 112 1842 128 1862; x_wconf 87' lang='lat' dir='ltr'><strong>e</strong></span> <span class='ocrx_word' id='word_1_258' title='bbox 140 1840 268 1863; x_wconf 75' lang='lat' dir='ltr'><strong>conventu</strong></span> <span class='ocrx_word' id='word_1_259' title='bbox 288 1835 385 1869; x_wconf 88' lang='lat' dir='ltr'><strong>solum,</strong></span> <span class='ocrx_word' id='word_1_260' title='bbox 403 1835 451 1863; x_wconf 88' lang='lat' dir='ltr'><strong>sed</strong></span> <span class='ocrx_word' id='word_1_261' title='bbox 469 1835 547 1862; x_wconf 85' lang='lat' dir='ltr'><strong>etiam</strong></span> <span class='ocrx_word' id='word_1_262' title='bbox 562 1842 595 1862; x_wconf 86' lang='lat' dir='ltr'><strong>ex</strong></span> <span class='ocrx_word' id='word_1_263' title='bbox 611 1834 728 1862; x_wconf 85' lang='lat' dir='ltr'><strong>Ecclesia</strong></span> <span class='ocrx_word' id='word_1_264' title='bbox 742 1834 835 1869; x_wconf 81' lang='lat' dir='ltr'><strong>expel-</strong></span> 
     </span>
    </p>
   </div>
   <div class='ocr_carea' id='block_1_37' title="bbox 54 1878 835 1915">
    <p class='ocr_par' dir='ltr' id='par_1_37' title="bbox 54 1878 835 1915">
     <span class='ocr_line' id='line_1_37' title="bbox 54 1878 835 1915; baseline 0.003 -10"><span class='ocrx_word' id='word_1_265' title='bbox 54 1878 149 1907; x_wconf 81' lang='lat' dir='ltr'><strong>lendum</strong></span> <span class='ocrx_word' id='word_1_266' title='bbox 168 1882 377 1909; x_wconf 82' lang='lat' dir='ltr'><strong>conclamarunt.</strong></span> <span class='ocrx_word' id='word_1_267' title='bbox 394 1881 461 1908; x_wconf 84' lang='lat' dir='ltr'><strong>Tum</strong></span> <span class='ocrx_word' id='word_1_268' title='bbox 473 1888 538 1908; x_wconf 86' lang='lat' dir='ltr'><strong>vero</strong></span> <span class='ocrx_word' id='word_1_269' title='bbox 550 1880 677 1913; x_wconf 86' lang='lat' dir='ltr'><strong>Joannes,</strong></span> <span class='ocrx_word' id='word_1_270' title='bbox 695 1888 746 1915; x_wconf 90' lang='lat' dir='ltr'><strong>quo</strong></span> <span class='ocrx_word' id='word_1_271' title='bbox 767 1880 835 1908; x_wconf 88' lang='lat' dir='ltr'><strong>libe-</strong></span> 
     </span>
    </p>
   </div>
   <div class='ocr_carea' id='block_1_38' title="bbox 54 1924 833 1963">
    <p class='ocr_par' dir='ltr' id='par_1_38' title="bbox 54 1924 833 1963">
     <span class='ocr_line' id='line_1_38' title="bbox 54 1924 833 1963; baseline 0.004 -13"><span class='ocrx_word' id='word_1_272' title='bbox 54 1924 98 1951; x_wconf 88' lang='lat' dir='ltr'><strong>rius</strong></span> <span class='ocrx_word' id='word_1_273' title='bbox 115 1927 237 1960; x_wconf 77' lang='lat' dir='ltr'><strong>injuriam</strong></span> <span class='ocrx_word' id='word_1_274' title='bbox 256 1928 406 1963; x_wconf 80' lang='lat' dir='ltr'><strong>Augustino</strong></span> <span class='ocrx_word' id='word_1_275' title='bbox 426 1926 526 1954; x_wconf 85' lang='lat' dir='ltr'><strong>illatam</strong></span> <span class='ocrx_word' id='word_1_276' title='bbox 546 1926 653 1961; x_wconf 86' lang='lat' dir='ltr'><strong>Pelagio</strong></span> <span class='ocrx_word' id='word_1_277' title='bbox 674 1926 833 1961; x_wconf 83' lang='lat' dir='ltr'><strong>ignosceret,</strong></span> 
     </span>
    </p>
   </div>
   <div class='ocr_carea' id='block_1_39' title="bbox 53 1970 835 2008">
    <p class='ocr_par' dir='ltr' id='par_1_39' title="bbox 53 1970 835 2008">
     <span class='ocr_line' id='line_1_39' title="bbox 53 1970 835 2008; baseline 0.003 -12"><span class='ocrx_word' id='word_1_278' title='bbox 53 1970 161 1998; x_wconf 64' lang='lat' dir='ltr'><strong>mandem</strong></span> <span class='ocrx_word' id='word_1_279' title='bbox 176 1972 202 1998; x_wconf 90' lang='lat' dir='ltr'><strong>in</strong></span> <span class='ocrx_word' id='word_1_280' title='bbox 213 1981 243 2000; x_wconf 77' lang='lat' dir='ltr'><strong>se</strong></span> <span class='ocrx_word' id='word_1_281' title='bbox 257 1973 378 2008; x_wconf 87' lang='lat' dir='ltr'><strong>recipere</strong></span> <span class='ocrx_word' id='word_1_282' title='bbox 400 1972 536 2008; x_wconf 82' lang='lat' dir='ltr'><strong>professus</strong></span> <span class='ocrx_word' id='word_1_283' title='bbox 557 1976 606 2000; x_wconf 86' lang='lat' dir='ltr'><strong>est.</strong></span> <span class='ocrx_word' id='word_1_284' title='bbox 622 1971 776 2007; x_wconf 73' lang='lat' dir='ltr'><strong>Augustinus</strong></span> <span class='ocrx_word' id='word_1_285' title='bbox 791 1979 835 2007; x_wconf 84' lang='lat' dir='ltr'><strong>ego</strong></span> 
     </span>
    </p>
   </div>
   <div class='ocr_carea' id='block_1_40' title="bbox 53 2016 834 2053">
    <p class='ocr_par' dir='ltr' id='par_1_40' title="bbox 53 2016 834 2053">
     <span class='ocr_line' id='line_1_40' title="bbox 53 2016 834 2053; baseline 0 -9"><span class='ocrx_word' id='word_1_286' title='bbox 53 2022 107 2048; x_wconf 61' lang='lat' dir='ltr'><strong>tum,</strong></span> <span class='ocrx_word' id='word_1_287' title='bbox 118 2016 213 2053; x_wconf 84' lang='lat' dir='ltr'><strong>inquit.</strong></span> <span class='ocrx_word' id='word_1_288' title='bbox 228 2016 275 2045; x_wconf 84' lang='lat' dir='ltr'><strong>Cui</strong></span> <span class='ocrx_word' id='word_1_289' title='bbox 290 2019 323 2044; x_wconf 86' lang='lat' dir='ltr'><strong>ab</strong></span> <span class='ocrx_word' id='word_1_290' title='bbox 336 2018 439 2050; x_wconf 88' lang='lat' dir='ltr'><strong>Orosio,</strong></span> <span class='ocrx_word' id='word_1_291' title='bbox 457 2018 513 2045; x_wconf 86' lang='lat' dir='ltr'><strong>sive</strong></span> <span class='ocrx_word' id='word_1_292' title='bbox 526 2017 605 2044; x_wconf 89' lang='lat' dir='ltr'><strong>etiam</strong></span> <span class='ocrx_word' id='word_1_293' title='bbox 619 2017 653 2044; x_wconf 85' lang='lat' dir='ltr'><strong>ab</strong></span> <span class='ocrx_word' id='word_1_294' title='bbox 663 2016 731 2051; x_wconf 86' lang='lat' dir='ltr'><strong>aliis,</strong></span> <span class='ocrx_word' id='word_1_295' title='bbox 746 2017 834 2044; x_wconf 88' lang='lat' dir='ltr'><strong>statim</strong></span> 
     </span>
    </p>
   </div>
   <div class='ocr_carea' id='block_1_41' title="bbox 52 2062 835 2098">
    <p class='ocr_par' dir='ltr' id='par_1_41' title="bbox 52 2062 835 2098">
     <span class='ocr_line' id='line_1_41' title="bbox 52 2062 835 2098; baseline 0.003 -10"><span class='ocrx_word' id='word_1_296' title='bbox 52 2062 187 2096; x_wconf 77' lang='lat' dir='ltr'><strong>repositum</strong></span> <span class='ocrx_word' id='word_1_297' title='bbox 197 2072 204 2090; x_wconf 82' lang='lat'><strong>:</strong></span> <span class='ocrx_word' id='word_1_298' title='bbox 216 2063 247 2091; x_wconf 87' lang='lat' dir='ltr'><strong>Si</strong></span> <span class='ocrx_word' id='word_1_299' title='bbox 260 2063 395 2098; x_wconf 74' lang='lat' dir='ltr'><strong>Augustini</strong></span> <span class='ocrx_word' id='word_1_300' title='bbox 407 2072 539 2098; x_wconf 83' lang='lat' dir='ltr'><strong>personant</strong></span> <span class='ocrx_word' id='word_1_301' title='bbox 548 2063 637 2096; x_wconf 80' lang='lat' dir='ltr'><strong>sumis,</strong></span> <span class='ocrx_word' id='word_1_302' title='bbox 651 2062 783 2098; x_wconf 81' lang='lat' dir='ltr'><strong>Augustini</strong></span> <span class='ocrx_word' id='word_1_303' title='bbox 795 2071 835 2090; x_wconf 84' lang='lat' dir='ltr'><strong>se-</strong></span> 
     </span>
    </p>
   </div>
   <div class='ocr_carea' id='block_1_42' title="bbox 47 2107 838 2144">
    <p class='ocr_par' dir='ltr' id='par_1_42' title="bbox 47 2107 838 2144">
     <span class='ocr_line' id='line_1_42' title="bbox 47 2107 838 2144; baseline 0.005 -12"><span class='ocrx_word' id='word_1_304' title='bbox 47 2115 117 2141; x_wconf 77' lang='lat' dir='ltr'><strong>gnere</strong></span> <span class='ocrx_word' id='word_1_305' title='bbox 123 2110 279 2137; x_wconf 75' lang='lat' dir='ltr'><strong>sententiam.</strong></span> <span class='ocrx_word' id='word_1_306' title='bbox 290 2109 379 2144; x_wconf 80' lang='lat' dir='ltr'><strong>Pergit</strong></span> <span class='ocrx_word' id='word_1_307' title='bbox 388 2107 498 2136; x_wconf 91' lang='lat' dir='ltr'><strong>Orosius</strong></span> <span class='ocrx_word' id='word_1_308' title='bbox 506 2116 602 2144; x_wconf 83' lang='lat' dir='ltr'><strong>urgere</strong></span> <span class='ocrx_word' id='word_1_309' title='bbox 609 2109 754 2144; x_wconf 78' lang='lat' dir='ltr'><strong>Pelagium.</strong></span> <span class='ocrx_word' id='word_1_310' title='bbox 761 2108 838 2137; x_wconf 85' lang='lat' dir='ltr'><strong>Joan-</strong></span> 
     </span>
    </p>
   </div>
   <div class='ocr_carea' id='block_1_43' title="bbox 43 2153 837 2190">
    <p class='ocr_par' dir='ltr' id='par_1_43' title="bbox 43 2153 837 2190">
     <span class='ocr_line' id='line_1_43' title="bbox 43 2153 837 2190; baseline 0 -9"><span class='ocrx_word' id='word_1_311' title='bbox 43 2160 90 2180; x_wconf 83' lang='lat' dir='ltr'><strong>nes</strong></span> <span class='ocrx_word' id='word_1_312' title='bbox 104 2159 194 2182; x_wconf 75' lang='lat' dir='ltr'><strong>autem</strong></span> <span class='ocrx_word' id='word_1_313' title='bbox 206 2159 267 2190; x_wconf 91' lang='lat' dir='ltr'><strong>post</strong></span> <span class='ocrx_word' id='word_1_314' title='bbox 280 2155 390 2182; x_wconf 84' lang='lat' dir='ltr'><strong>multam</strong></span> <span class='ocrx_word' id='word_1_315' title='bbox 409 2153 641 2189; x_wconf 85' lang='lat' dir='ltr'><strong>disceptationem,</strong></span> <span class='ocrx_word' id='word_1_316' title='bbox 656 2154 681 2182; x_wconf 94' lang='lat' dir='ltr'><strong>in</strong></span> <span class='ocrx_word' id='word_1_317' title='bbox 696 2162 747 2189; x_wconf 89' lang='lat' dir='ltr'><strong>qua</strong></span> <span class='ocrx_word' id='word_1_318' title='bbox 765 2154 837 2182; x_wconf 87' lang='lat' dir='ltr'><strong>Pela-</strong></span> 
     </span>
    </p>
   </div>
   <div class='ocr_carea' id='block_1_44' title="bbox 41 2198 837 2236">
    <p class='ocr_par' dir='ltr' id='par_1_44' title="bbox 41 2198 837 2236">
     <span class='ocr_line' id='line_1_44' title="bbox 41 2198 837 2236; baseline 0.001 -9"><span class='ocrx_word' id='word_1_319' title='bbox 41 2199 85 2232; x_wconf 73' lang='lat' dir='ltr'><strong>gio</strong></span> <span class='ocrx_word' id='word_1_320' title='bbox 100 2198 152 2235; x_wconf 81' lang='lat' dir='ltr'><strong>ipsi</strong></span> <span class='ocrx_word' id='word_1_321' title='bbox 164 2200 251 2228; x_wconf 87' lang='lat' dir='ltr'><strong>studio</strong></span> <span class='ocrx_word' id='word_1_322' title='bbox 261 2204 288 2229; x_wconf 89' lang='lat' dir='ltr'><strong>et</strong></span> <span class='ocrx_word' id='word_1_323' title='bbox 299 2208 380 2235; x_wconf 87' lang='lat' dir='ltr'><strong>opera</strong></span> <span class='ocrx_word' id='word_1_324' title='bbox 391 2200 486 2228; x_wconf 85' lang='lat' dir='ltr'><strong>adesse</strong></span> <span class='ocrx_word' id='word_1_325' title='bbox 496 2200 610 2234; x_wconf 87' lang='lat' dir='ltr'><strong>videtur,</strong></span> <span class='ocrx_word' id='word_1_326' title='bbox 623 2200 837 2236; x_wconf 86' lang='lat' dir='ltr'><strong>obstrepentibus</strong></span> 
     </span>
    </p>
   </div>
   <div class='ocr_carea' id='block_1_45' title="bbox 42 2244 837 2281">
    <p class='ocr_par' dir='ltr' id='par_1_45' title="bbox 42 2244 837 2281">
     <span class='ocr_line' id='line_1_45' title="bbox 42 2244 837 2281; baseline 0.004 -11"><span class='ocrx_word' id='word_1_327' title='bbox 42 2244 166 2277; x_wconf 88' lang='lat' dir='ltr'><strong>plurimis</strong></span> <span class='ocrx_word' id='word_1_328' title='bbox 177 2254 206 2274; x_wconf 86' lang='lat' dir='ltr'><strong>ac</strong></span> <span class='ocrx_word' id='word_1_329' title='bbox 217 2246 376 2280; x_wconf 88' lang='lat' dir='ltr'><strong>dicentibus,</strong></span> <span class='ocrx_word' id='word_1_330' title='bbox 389 2255 442 2273; x_wconf 90' lang='lat' dir='ltr'><strong>non</strong></span> <span class='ocrx_word' id='word_1_331' title='bbox 455 2254 534 2281; x_wconf 85' lang='lat' dir='ltr'><strong>posse</strong></span> <span class='ocrx_word' id='word_1_332' title='bbox 545 2246 667 2274; x_wconf 88' lang='lat' dir='ltr'><strong>eumdem</strong></span> <span class='ocrx_word' id='word_1_333' title='bbox 680 2246 837 2274; x_wconf 88' lang='lat' dir='ltr'><strong>advocatum</strong></span> 
     </span>
    </p>
   </div>
   <div class='ocr_carea' id='block_1_46' title="bbox 41 2291 837 2329">
    <p class='ocr_par' dir='ltr' id='par_1_46' title="bbox 41 2291 837 2329">
     <span class='ocr_line' id='line_1_46' title="bbox 41 2291 837 2329; baseline 0.004 -12"><span class='ocrx_word' id='word_1_334' title='bbox 41 2291 200 2325; x_wconf 79' lang='lat' dir='ltr'><strong>et-judicem</strong></span> <span class='ocrx_word' id='word_1_335' title='bbox 210 2301 276 2326; x_wconf 83' lang='lat' dir='ltr'><strong>esse,</strong></span> <span class='ocrx_word' id='word_1_336' title='bbox 286 2293 441 2329; x_wconf 87' lang='lat' dir='ltr'><strong>pronuntiat</strong></span> <span class='ocrx_word' id='word_1_337' title='bbox 454 2293 550 2321; x_wconf 79' lang='lat' dir='ltr'><strong>fratres</strong></span> <span class='ocrx_word' id='word_1_338' title='bbox 558 2292 701 2320; x_wconf 90' lang='lat' dir='ltr'><strong>mittendos</strong></span> <span class='ocrx_word' id='word_1_339' title='bbox 710 2301 769 2320; x_wconf 84' lang='lat' dir='ltr'><strong>cum</strong></span> <span class='ocrx_word' id='word_1_340' title='bbox 780 2292 837 2328; x_wconf 91' lang='lat' dir='ltr'><strong>epi-</strong></span> 
     </span>
    </p>
   </div>
   <div class='ocr_carea' id='block_1_47' title="bbox 41 2337 836 2374">
    <p class='ocr_par' dir='ltr' id='par_1_47' title="bbox 41 2337 836 2374">
     <span class='ocr_line' id='line_1_47' title="bbox 41 2337 836 2374; baseline 0.004 -11"><span class='ocrx_word' id='word_1_341' title='bbox 41 2337 126 2364; x_wconf 80' lang='lat' dir='ltr'><strong>stolis</strong></span> <span class='ocrx_word' id='word_1_342' title='bbox 139 2338 175 2364; x_wconf 89' lang='lat' dir='ltr'><strong>ad</strong></span> <span class='ocrx_word' id='word_1_343' title='bbox 189 2338 361 2367; x_wconf 88' lang='lat' dir='ltr'><strong>innocentium</strong></span> <span class='ocrx_word' id='word_1_344' title='bbox 378 2346 483 2374; x_wconf 86' lang='lat' dir='ltr'><strong>papam,</strong></span> <span class='ocrx_word' id='word_1_345' title='bbox 498 2339 629 2366; x_wconf 84' lang='lat' dir='ltr'><strong>universis</strong></span> <span class='ocrx_word' id='word_1_346' title='bbox 643 2338 714 2374; x_wconf 89' lang='lat' dir='ltr'><strong>quod</strong></span> <span class='ocrx_word' id='word_1_347' title='bbox 729 2339 774 2367; x_wconf 89' lang='lat' dir='ltr'><strong>ille</strong></span> <span class='ocrx_word' id='word_1_348' title='bbox 789 2339 836 2366; x_wconf 92' lang='lat' dir='ltr'><strong>de-</strong></span> 
     </span>
    </p>
   </div>
   <div class='ocr_carea' id='block_1_48' title="bbox 43 2385 837 2421">
    <p class='ocr_par' dir='ltr' id='par_1_48' title="bbox 43 2385 837 2421">
     <span class='ocr_line' id='line_1_48' title="bbox 43 2385 837 2421; baseline 0.003 -11"><span class='ocrx_word' id='word_1_349' title='bbox 43 2389 176 2411; x_wconf 82' lang='lat' dir='ltr'><strong>cerneret</strong></span> <span class='ocrx_word' id='word_1_350' title='bbox 188 2387 322 2420; x_wconf 82' lang='lat' dir='ltr'><strong>secuturis;</strong></span> <span class='ocrx_word' id='word_1_351' title='bbox 339 2394 371 2413; x_wconf 86' lang='lat' dir='ltr'><strong>ac</strong></span> <span class='ocrx_word' id='word_1_352' title='bbox 386 2386 426 2413; x_wconf 89' lang='lat' dir='ltr'><strong>sic</strong></span> <span class='ocrx_word' id='word_1_353' title='bbox 439 2385 543 2420; x_wconf 88' lang='lat' dir='ltr'><strong>utrique</strong></span> <span class='ocrx_word' id='word_1_354' title='bbox 556 2385 624 2421; x_wconf 88' lang='lat' dir='ltr'><strong>parti</strong></span> <span class='ocrx_word' id='word_1_355' title='bbox 638 2385 743 2413; x_wconf 88' lang='lat' dir='ltr'><strong>interim</strong></span> <span class='ocrx_word' id='word_1_356' title='bbox 755 2385 837 2412; x_wconf 85' lang='lat' dir='ltr'><strong>silen-</strong></span> 
     </span>
    </p>
   </div>
   <div class='ocr_carea' id='block_1_49' title="bbox 45 2428 838 2473">
    <p class='ocr_par' dir='ltr' id='par_1_49' title="bbox 45 2428 838 2473">
     <span class='ocr_line' id='line_1_49' title="bbox 45 2428 838 2473; baseline 0.006 -19"><span class='ocrx_word' id='word_1_357' title='bbox 45 2428 109 2456; x_wconf 86' lang='lat' dir='ltr'><strong>tium</strong></span> <span class='ocrx_word' id='word_1_358' title='bbox 124 2430 264 2466; x_wconf 88' lang='lat' dir='ltr'><strong>imperatur</strong></span> <span class='ocrx_word' id='word_1_359' title='bbox 279 2432 411 2467; x_wconf 81' lang='lat' dir='ltr'><strong>(Orosius,</strong></span> <span class='ocrx_word' id='word_1_360' title='bbox 421 2432 448 2459; x_wconf 85' lang='lat' dir='ltr'><strong>in</strong></span> <span class='ocrx_word' id='word_1_361' title='bbox 461 2431 608 2473; x_wconf 82' lang='lat' dir='ltr'><strong>Apologia).</strong></span> <span class='ocrx_word' id='word_1_362' title='bbox 622 2432 650 2458; x_wconf 93' lang='lat' dir='ltr'><strong>ln</strong></span> <span class='ocrx_word' id='word_1_363' title='bbox 663 2439 696 2460; x_wconf 88' lang='lat' dir='ltr'><strong>eo</strong></span> <span class='ocrx_word' id='word_1_364' title='bbox 706 2436 838 2459; x_wconf 88' lang='lat' dir='ltr'><strong>conventu</strong></span> 
     </span>
    </p>
   </div>
   <div class='ocr_carea' id='block_1_50' title="bbox 50 2476 836 2514">
    <p class='ocr_par' dir='ltr' id='par_1_50' title="bbox 50 2476 836 2514">
     <span class='ocr_line' id='line_1_50' title="bbox 50 2476 836 2514; baseline 0.003 -12"><span class='ocrx_word' id='word_1_365' title='bbox 50 2481 162 2504; x_wconf 75' lang='lat' dir='ltr'><strong>mentem</strong></span> <span class='ocrx_word' id='word_1_366' title='bbox 180 2478 274 2514; x_wconf 88' lang='lat' dir='ltr'><strong>Pelagii</strong></span> <span class='ocrx_word' id='word_1_367' title='bbox 287 2478 407 2506; x_wconf 81' lang='lat' dir='ltr'><strong>Joannes</strong></span> <span class='ocrx_word' id='word_1_368' title='bbox 418 2478 476 2505; x_wconf 86' lang='lat' dir='ltr'><strong>sive</strong></span> <span class='ocrx_word' id='word_1_369' title='bbox 490 2485 581 2505; x_wconf 88' lang='lat' dir='ltr'><strong>errore</strong></span> <span class='ocrx_word' id='word_1_370' title='bbox 600 2477 656 2504; x_wconf 89' lang='lat' dir='ltr'><strong>sive</strong></span> <span class='ocrx_word' id='word_1_371' title='bbox 676 2476 780 2504; x_wconf 80' lang='lat' dir='ltr'><strong>fallacia</strong></span> <span class='ocrx_word' id='word_1_372' title='bbox 795 2477 836 2504; x_wconf 94' lang='lat' dir='ltr'><strong>in-</strong></span> 
     </span>
    </p>
   </div>
   <div class='ocr_carea' id='block_1_51' title="bbox 60 2524 838 2560">
    <p class='ocr_par' dir='ltr' id='par_1_51' title="bbox 60 2524 838 2560">
     <span class='ocr_line' id='line_1_51' title="bbox 60 2524 838 2560; baseline 0.003 -9"><span class='ocrx_word' id='word_1_373' title='bbox 60 2524 170 2558; x_wconf 66' lang='lat' dir='ltr'><strong>let‘pretis</strong></span> <span class='ocrx_word' id='word_1_374' title='bbox 184 2525 250 2554; x_wconf 86' lang='lat' dir='ltr'><strong>adeo</strong></span> <span class='ocrx_word' id='word_1_375' title='bbox 262 2533 315 2554; x_wconf 91' lang='lat' dir='ltr'><strong>non</strong></span> <span class='ocrx_word' id='word_1_376' title='bbox 330 2530 374 2554; x_wconf 87' lang='lat' dir='ltr'><strong>est</strong></span> <span class='ocrx_word' id='word_1_377' title='bbox 386 2529 534 2557; x_wconf 86' lang='lat' dir='ltr'><strong>assecutus,</strong></span> <span class='ocrx_word' id='word_1_378' title='bbox 547 2528 578 2552; x_wconf 90' lang='lat' dir='ltr'><strong>ut</strong></span> <span class='ocrx_word' id='word_1_379' title='bbox 591 2524 692 2560; x_wconf 87' lang='lat' dir='ltr'><strong>aliquot</strong></span> <span class='ocrx_word' id='word_1_380' title='bbox 707 2529 768 2560; x_wconf 85' lang='lat' dir='ltr'><strong>post</strong></span> <span class='ocrx_word' id='word_1_381' title='bbox 780 2525 838 2553; x_wconf 92' lang='lat' dir='ltr'><strong>die-</strong></span> 
     </span>
    </p>
   </div>
   <div class='ocr_carea' id='block_1_52' title="bbox 65 2563 838 2607">
    <p class='ocr_par' dir='ltr' id='par_1_52' title="bbox 65 2563 838 2607">
     <span class='ocr_line' id='line_1_52' title="bbox 65 2563 838 2607; baseline -0.003 -7"><span class='ocrx_word' id='word_1_382' title='bbox 65 2563 100 2594; x_wconf 55' lang='lat' dir='ltr'><strong>m</strong></span> <span class='ocrx_word' id='word_1_383' title='bbox 113 2569 198 2606; x_wconf 74' lang='lat' dir='ltr'><strong>ipsum</strong></span> <span class='ocrx_word' id='word_1_384' title='bbox 219 2571 345 2600; x_wconf 86' lang='lat' dir='ltr'><strong>Orosium</strong></span> <span class='ocrx_word' id='word_1_385' title='bbox 368 2571 540 2607; x_wconf 68' lang='lat' dir='ltr'><strong>blasphemiae</strong></span> <span class='ocrx_word' id='word_1_386' title='bbox 554 2570 687 2606; x_wconf 82' lang='lat' dir='ltr'><strong>arguerit:</strong></span> <span class='ocrx_word' id='word_1_387' title='bbox 702 2579 780 2607; x_wconf 88' lang='lat' dir='ltr'><strong>quam</strong></span> <span class='ocrx_word' id='word_1_388' title='bbox 794 2571 838 2599; x_wconf 87' lang='lat' dir='ltr'><strong>ille</strong></span> 
     </span>
    </p>
   </div>
   <div class='ocr_carea' id='block_1_53' title="bbox 67 2612 838 2655">
    <p class='ocr_par' dir='ltr' id='par_1_53' title="bbox 67 2612 838 2655">
     <span class='ocr_line' id='line_1_53' title="bbox 67 2612 838 2655; baseline 0.004 -12"><span class='ocrx_word' id='word_1_389' title='bbox 67 2612 256 2647; x_wconf 59' lang='lat' dir='ltr'><strong>ﬁitninationem</strong></span> <span class='ocrx_word' id='word_1_390' title='bbox 271 2619 378 2655; x_wconf 80' lang='lat' dir='ltr'><strong>vulgata</strong></span> <span class='ocrx_word' id='word_1_391' title='bbox 392 2626 454 2646; x_wconf 83' lang='lat' dir='ltr'><strong>mox</strong></span> <span class='ocrx_word' id='word_1_392' title='bbox 468 2618 588 2653; x_wconf 87' lang='lat' dir='ltr'><strong>apologia</strong></span> <span class='ocrx_word' id='word_1_393' title='bbox 598 2618 632 2645; x_wconf 92' lang='lat' dir='ltr'><strong>ab</strong></span> <span class='ocrx_word' id='word_1_394' title='bbox 643 2626 671 2646; x_wconf 89' lang='lat' dir='ltr'><strong>se</strong></span> <span class='ocrx_word' id='word_1_395' title='bbox 682 2618 838 2653; x_wconf 85' lang='lat' dir='ltr'><strong>propulsare</strong></span> 
     </span>
    </p>
   </div>
   <div class='ocr_carea' id='block_1_54' title="bbox 69 2663 258 2698">
    <p class='ocr_par' dir='ltr' id='par_1_54' title="bbox 69 2663 258 2698">
     <span class='ocr_line' id='line_1_54' title="bbox 69 2663 258 2698; baseline 0.005 -8"><span class='ocrx_word' id='word_1_396' title='bbox 69 2663 193 2698; x_wconf 66' lang='lat' dir='ltr'><strong>Nmpulsns</strong></span> <span class='ocrx_word' id='word_1_397' title='bbox 207 2670 258 2693; x_wconf 88' lang='lat' dir='ltr'><strong>est.</strong></span> 
     </span>
    </p>
   </div>
   <div class='ocr_carea' id='block_1_55' title="bbox 91 2705 838 2747">
    <p class='ocr_par' dir='ltr' id='par_1_55' title="bbox 91 2705 838 2747">
     <span class='ocr_line' id='line_1_55' title="bbox 91 2705 838 2747; baseline -0.003 -7"><span class='ocrx_word' id='word_1_398' title='bbox 91 2705 110 2735; x_wconf 60' lang='grc'><strong>³-</strong></span> <span class='ocrx_word' id='word_1_399' title='bbox 128 2709 261 2740; x_wconf 67' lang='lat' dir='ltr'><strong>Iensibus</strong></span> <span class='ocrx_word' id='word_1_400' title='bbox 288 2710 324 2738; x_wconf 86' lang='lat' dir='ltr'><strong>ab</strong></span> <span class='ocrx_word' id='word_1_401' title='bbox 342 2711 564 2747; x_wconf 86' lang='lat' dir='ltr'><strong>Jerosolymitano</strong></span> <span class='ocrx_word' id='word_1_402' title='bbox 591 2716 735 2744; x_wconf 87' lang='lat' dir='ltr'><strong>conventu,</strong></span> <span class='ocrx_word' id='word_1_403' title='bbox 760 2719 838 2745; x_wconf 88' lang='lat' dir='ltr'><strong>quem</strong></span> 
     </span>
    </p>
   </div>
   <div class='ocr_carea' id='block_1_56' title="bbox 71 2753 838 2793">
    <p class='ocr_par' dir='ltr' id='par_1_56' title="bbox 71 2753 838 2793">
     <span class='ocr_line' id='line_1_56' title="bbox 71 2753 838 2793; baseline -0.001 -8"><span class='ocrx_word' id='word_1_404' title='bbox 71 2753 251 2792; x_wconf 67' lang='lat' dir='ltr'><strong>Mytex-alem</strong></span> <span class='ocrx_word' id='word_1_405' title='bbox 268 2764 368 2785; x_wconf 78' lang='lat' dir='ltr'><strong>vocare</strong></span> <span class='ocrx_word' id='word_1_406' title='bbox 381 2757 454 2791; x_wconf 85' lang='lat' dir='ltr'><strong>licet,</strong></span> <span class='ocrx_word' id='word_1_407' title='bbox 468 2757 583 2793; x_wconf 91' lang='lat' dir='ltr'><strong>quinque</strong></span> <span class='ocrx_word' id='word_1_408' title='bbox 596 2757 713 2785; x_wconf 91' lang='lat' dir='ltr'><strong>nondum</strong></span> <span class='ocrx_word' id='word_1_409' title='bbox 726 2756 838 2790; x_wconf 84' lang='lat' dir='ltr'><strong>exactis,</strong></span> 
     </span>
    </p>
   </div>
   <div class='ocr_carea' id='block_1_57' title="bbox 72 2800 840 2840">
    <p class='ocr_par' dir='ltr' id='par_1_57' title="bbox 72 2800 840 2840">
     <span class='ocr_line' id='line_1_57' title="bbox 72 2800 840 2840; baseline 0 -9"><span class='ocrx_word' id='word_1_410' title='bbox 72 2800 155 2832; x_wconf 61' lang='lat' dir='ltr'><strong>“tatur</strong></span> <span class='ocrx_word' id='word_1_411' title='bbox 164 2804 290 2840; x_wconf 80' lang='lat' dir='ltr'><strong>Pelagius</strong></span> <span class='ocrx_word' id='word_1_412' title='bbox 301 2803 336 2832; x_wconf 84' lang='lat' dir='ltr'><strong>ad</strong></span> <span class='ocrx_word' id='word_1_413' title='bbox 348 2804 420 2832; x_wconf 86' lang='lat' dir='ltr'><strong>aliud</strong></span> <span class='ocrx_word' id='word_1_414' title='bbox 437 2804 464 2832; x_wconf 95' lang='lat' dir='ltr'><strong>in</strong></span> <span class='ocrx_word' id='word_1_415' title='bbox 482 2804 622 2833; x_wconf 70' lang='lat' dir='ltr'><strong>Palaestina</strong></span> <span class='ocrx_word' id='word_1_416' title='bbox 635 2804 784 2840; x_wconf 86' lang='lat' dir='ltr'><strong>episcopale</strong></span> <span class='ocrx_word' id='word_1_417' title='bbox 794 2803 840 2839; x_wconf 88' lang='lat' dir='ltr'><strong>ju-</strong></span> 
     </span>
    </p>
   </div>
   <div class='ocr_carea' id='block_1_58' title="bbox 48 2843 840 2887">
    <p class='ocr_par' dir='ltr' id='par_1_58' title="bbox 48 2843 840 2887">
     <span class='ocr_line' id='line_1_58' title="bbox 48 2843 840 2887; baseline -0.003 -8"><span class='ocrx_word' id='word_1_418' title='bbox 48 2857 52 2887; x_wconf 78' lang='lat' dir='ltr'><strong>j.</strong></span> <span class='ocrx_word' id='word_1_419' title='bbox 162 2851 213 2887; x_wconf 78' lang='lat' dir='ltr'><strong>(De</strong></span> <span class='ocrx_word' id='word_1_420' title='bbox 236 2851 309 2879; x_wconf 82' lang='lat' dir='ltr'><strong>Gest.</strong></span> <span class='ocrx_word' id='word_1_421' title='bbox 332 2849 443 2887; x_wconf 82' lang='lat' dir='ltr'><strong>Pelagii,</strong></span> <span class='ocrx_word' id='word_1_422' title='bbox 464 2860 490 2878; x_wconf 80' lang='grc' dir='ltr'><strong>η.</strong></span> <span class='ocrx_word' id='word_1_423' title='bbox 511 2851 567 2887; x_wconf 83' lang='lat'><strong>55).</strong></span> <span class='ocrx_word' id='word_1_424' title='bbox 590 2852 655 2887; x_wconf 85' lang='lat' dir='ltr'><strong>Ejus</strong></span> <span class='ocrx_word' id='word_1_425' title='bbox 673 2854 840 2878; x_wconf 85' lang='lat' dir='ltr'><strong>accusatores</strong></span> 
     </span>
    </p>
   </div>
   <div class='ocr_carea' id='block_1_59' title="bbox 46 2884 842 2943">
    <p class='ocr_par' dir='ltr' id='par_1_59' title="bbox 46 2884 842 2943">
     <span class='ocr_line' id='line_1_59' title="bbox 46 2884 842 2943; baseline 0.001 -20"><span class='ocrx_word' id='word_1_426' title='bbox 46 2884 50 2919; x_wconf 51' lang='grc' dir='ltr'><em>δ</em></span> <span class='ocrx_word' id='word_1_427' title='bbox 68 2884 195 2943; x_wconf 47' lang='grc' dir='ltr'><strong>ιβηῦθῇῑ</strong></span> <span class='ocrx_word' id='word_1_428' title='bbox 202 2895 270 2930; x_wconf 84' lang='lat' dir='ltr'><strong>duo,</strong></span> <span class='ocrx_word' id='word_1_429' title='bbox 283 2896 369 2924; x_wconf 67' lang='lat' dir='ltr'><strong>Hero:</strong></span> <span class='ocrx_word' id='word_1_430' title='bbox 379 2884 571 2925; x_wconf 77' lang='lat' dir='ltr'><strong>Arelatensium</strong></span> <span class='ocrx_word' id='word_1_431' title='bbox 580 2884 729 2925; x_wconf 78' lang='lat' dir='ltr'><strong>etl.azarus</strong></span> <span class='ocrx_word' id='word_1_432' title='bbox 738 2896 842 2933; x_wconf 78' lang='lat' dir='ltr'><strong>Aquon-</strong></span> 
     </span>
    </p>
   </div>
   <div class='ocr_carea' id='block_1_60' title="bbox 38 2935 842 2990">
    <p class='ocr_par' dir='ltr' id='par_1_60' title="bbox 38 2935 842 2990">
     <span class='ocr_line' id='line_1_60' title="bbox 38 2935 842 2990; baseline 0.002 -19"><span class='ocrx_word' id='word_1_433' title='bbox 67 2935 120 2976; x_wconf 60' lang='grc' dir='ltr'><strong>πίω</strong></span> <span class='ocrx_word' id='word_1_434' title='bbox 131 2943 259 2983; x_wconf 76' lang='lat' dir='ltr'><strong>episcopi,</strong></span> <span class='ocrx_word' id='word_1_435' title='bbox 275 2943 322 2980; x_wconf 84' lang='lat' dir='ltr'><strong>qui</strong></span> <span class='ocrx_word' id='word_1_436' title='bbox 335 2944 507 2980; x_wconf 80' lang='lat' dir='ltr'><strong>perversitate</strong></span> <span class='ocrx_word' id='word_1_437' title='bbox 517 2945 722 2982; x_wconf 84' lang='lat' dir='ltr'><strong>disputationum</strong></span> <span class='ocrx_word' id='word_1_438' title='bbox 734 2945 793 2981; x_wconf 86' lang='lat' dir='ltr'><strong>ejus</strong></span> <span class='ocrx_word' id='word_1_439' title='bbox 802 2944 842 2974; x_wconf 82' lang='lat' dir='ltr'><strong>ol-</strong></span> 
     </span>
    </p>
   </div>
   <div class='ocr_carea' id='block_1_61' title="bbox 13 3119 88 3192">
    <p class='ocr_par' dir='ltr' id='par_1_61' title="bbox 13 3119 88 3192">
     <span class='ocr_line' id='line_1_61' title="bbox 13 3119 88 3192; baseline 0 -69"><span class='ocrx_word' id='word_1_440' title='bbox 13 3119 88 3192; x_wconf 41' lang='grc' dir='ltr'>ι</span> 
     </span>
    </p>
   </div>
   <div class='ocr_carea' id='block_1_62' title="bbox 690 194 985 230">
    <p class='ocr_par' dir='ltr' id='par_1_62' title="bbox 690 194 985 230">
     <span class='ocr_line' id='line_1_62' title="bbox 690 194 985 230; baseline 0.007 -2"><span class='ocrx_word' id='word_1_441' title='bbox 690 194 791 229; x_wconf 76' lang='lat' dir='ltr'><strong>LIBER</strong></span> <span class='ocrx_word' id='word_1_442' title='bbox 810 195 985 230; x_wconf 82' lang='lat' dir='ltr'><strong>SEPTIMUS.</strong></span> 
     </span>
    </p>
   </div>
   <div class='ocr_carea' id='block_1_63' title="bbox 1620 200 1675 236">
    <p class='ocr_par' dir='ltr' id='par_1_63' title="bbox 1620 200 1675 236">
     <span class='ocr_line' id='line_1_63' title="bbox 1620 200 1675 236; baseline 0 0"><span class='ocrx_word' id='word_1_443' title='bbox 1620 200 1675 236; x_wconf 63' lang='lat'><strong>48¢</strong></span> 
     </span>
    </p>
   </div>
   <div class='ocr_carea' id='block_1_64' title="bbox 880 263 1670 306">
    <p class='ocr_par' dir='ltr' id='par_1_64' title="bbox 880 263 1670 306">
     <span class='ocr_line' id='line_1_64' title="bbox 880 263 1670 306; baseline 0.009 -14"><span class='ocrx_word' id='word_1_444' title='bbox 880 265 958 298; x_wconf 87' lang='lat' dir='ltr'><strong>fensi,</strong></span> <span class='ocrx_word' id='word_1_445' title='bbox 974 265 1093 294; x_wconf 85' lang='lat' dir='ltr'><strong>libellum</strong></span> <span class='ocrx_word' id='word_1_446' title='bbox 1113 265 1224 303; x_wconf 82' lang='lat' dir='ltr'><strong>Eulogio</strong></span> <span class='ocrx_word' id='word_1_447' title='bbox 1240 263 1404 297; x_wconf 72' lang='lat' dir='ltr'><strong>Cresareensi</strong></span> <span class='ocrx_word' id='word_1_448' title='bbox 1424 269 1550 306; x_wconf 87' lang='lat' dir='ltr'><strong>episcopo</strong></span> <span class='ocrx_word' id='word_1_449' title='bbox 1567 270 1670 299; x_wconf 87' lang='lat' dir='ltr'><strong>obtule—</strong></span> 
     </span>
    </p>
   </div>
   <div class='ocr_carea' id='block_1_65' title="bbox 880 312 1671 352">
    <p class='ocr_par' dir='ltr' id='par_1_65' title="bbox 880 312 1671 352">
     <span class='ocr_line' id='line_1_65' title="bbox 880 312 1671 352; baseline 0.008 -13"><span class='ocrx_word' id='word_1_450' title='bbox 880 316 953 345; x_wconf 91' lang='lat' dir='ltr'><strong>runt,</strong></span> <span class='ocrx_word' id='word_1_451' title='bbox 966 312 1112 346; x_wconf 89' lang='lat' dir='ltr'><strong>erroribus,</strong></span> <span class='ocrx_word' id='word_1_452' title='bbox 1123 321 1190 349; x_wconf 93' lang='lat' dir='ltr'><strong>quos</strong></span> <span class='ocrx_word' id='word_1_453' title='bbox 1204 321 1235 341; x_wconf 81' lang='lat' dir='ltr'><strong>ex</strong></span> <span class='ocrx_word' id='word_1_454' title='bbox 1251 313 1347 350; x_wconf 81' lang='lat' dir='ltr'><strong>Pelagii</strong></span> <span class='ocrx_word' id='word_1_455' title='bbox 1358 315 1527 352; x_wconf 80' lang='lat' dir='ltr'><strong>Caelestiique</strong></span> <span class='ocrx_word' id='word_1_456' title='bbox 1537 316 1612 345; x_wconf 86' lang='lat' dir='ltr'><strong>libris</strong></span> <span class='ocrx_word' id='word_1_457' title='bbox 1624 324 1671 345; x_wconf 78' lang='lat' dir='ltr'><strong>ex-</strong></span> 
     </span>
    </p>
   </div>
   <div class='ocr_carea' id='block_1_66' title="bbox 881 357 1670 395">
    <p class='ocr_par' dir='ltr' id='par_1_66' title="bbox 881 357 1670 395">
     <span class='ocr_line' id='line_1_66' title="bbox 881 357 1670 395; baseline 0.009 -11"><span class='ocrx_word' id='word_1_458' title='bbox 881 357 1053 392; x_wconf 89' lang='lat' dir='ltr'><strong>scripserant,</strong></span> <span class='ocrx_word' id='word_1_459' title='bbox 1068 358 1206 393; x_wconf 86' lang='lat' dir='ltr'><strong>refertum,</strong></span> <span class='ocrx_word' id='word_1_460' title='bbox 1222 367 1281 387; x_wconf 88' lang='lat' dir='ltr'><strong>cum</strong></span> <span class='ocrx_word' id='word_1_461' title='bbox 1299 360 1421 395; x_wconf 86' lang='lat' dir='ltr'><strong>capitulis</strong></span> <span class='ocrx_word' id='word_1_462' title='bbox 1442 362 1528 390; x_wconf 91' lang='lat' dir='ltr'><strong>eidem</strong></span> <span class='ocrx_word' id='word_1_463' title='bbox 1544 362 1670 392; x_wconf 75' lang='lat' dir='ltr'><strong>Ctelestio</strong></span> 
     </span>
    </p>
   </div>
   <div class='ocr_carea' id='block_1_67' title="bbox 880 402 1669 442">
    <p class='ocr_par' dir='ltr' id='par_1_67' title="bbox 880 402 1669 442">
     <span class='ocr_line' id='line_1_67' title="bbox 880 402 1669 442; baseline 0.009 -12"><span class='ocrx_word' id='word_1_464' title='bbox 880 402 990 438; x_wconf 88' lang='lat' dir='ltr'><strong>objectis</strong></span> <span class='ocrx_word' id='word_1_465' title='bbox 1002 403 1186 440; x_wconf 85' lang='lat' dir='ltr'><strong>damnatisque</strong></span> <span class='ocrx_word' id='word_1_466' title='bbox 1205 404 1232 432; x_wconf 93' lang='lat' dir='ltr'><strong>in</strong></span> <span class='ocrx_word' id='word_1_467' title='bbox 1245 403 1446 441; x_wconf 80' lang='lat' dir='ltr'><strong>Carthaginensi</strong></span> <span class='ocrx_word' id='word_1_468' title='bbox 1460 408 1583 442; x_wconf 86' lang='lat' dir='ltr'><strong>concilio,</strong></span> <span class='ocrx_word' id='word_1_469' title='bbox 1597 416 1669 436; x_wconf 83' lang='lat' dir='ltr'><strong>cum-</strong></span> 
     </span>
    </p>
   </div>
   <div class='ocr_carea' id='block_1_68' title="bbox 879 450 1670 487">
    <p class='ocr_par' dir='ltr' id='par_1_68' title="bbox 879 450 1670 487">
     <span class='ocr_line' id='line_1_68' title="bbox 879 450 1670 487; baseline 0.008 -10"><span class='ocrx_word' id='word_1_470' title='bbox 879 457 930 485; x_wconf 89' lang='lat' dir='ltr'><strong>que</strong></span> <span class='ocrx_word' id='word_1_471' title='bbox 943 450 985 482; x_wconf 89' lang='lat' dir='ltr'><strong>iis,</strong></span> <span class='ocrx_word' id='word_1_472' title='bbox 999 458 1058 486; x_wconf 64' lang='lat' dir='ltr'><strong>qum</strong></span> <span class='ocrx_word' id='word_1_473' title='bbox 1070 450 1103 478; x_wconf 91' lang='lat' dir='ltr'><strong>ad</strong></span> <span class='ocrx_word' id='word_1_474' title='bbox 1116 451 1290 487; x_wconf 77' lang='lat' dir='ltr'><strong>Augustinum</strong></span> <span class='ocrx_word' id='word_1_475' title='bbox 1306 460 1321 480; x_wconf 87' lang='lat' dir='ltr'><strong>e</strong></span> <span class='ocrx_word' id='word_1_476' title='bbox 1335 452 1423 480; x_wconf 89' lang='lat' dir='ltr'><strong>Sicilia</strong></span> <span class='ocrx_word' id='word_1_477' title='bbox 1443 454 1597 481; x_wconf 84' lang='lat' dir='ltr'><strong>transmissa</strong></span> <span class='ocrx_word' id='word_1_478' title='bbox 1614 454 1670 484; x_wconf 85' lang='lat' dir='ltr'><strong>fue-</strong></span> 
     </span>
    </p>
   </div>
   <div class='ocr_carea' id='block_1_69' title="bbox 879 496 1671 536">
    <p class='ocr_par' dir='ltr' id='par_1_69' title="bbox 879 496 1671 536">
     <span class='ocr_line' id='line_1_69' title="bbox 879 496 1671 536; baseline 0.006 -13"><span class='ocrx_word' id='word_1_479' title='bbox 879 500 948 524; x_wconf 89' lang='lat' dir='ltr'><strong>rant.</strong></span> <span class='ocrx_word' id='word_1_480' title='bbox 958 496 1105 525; x_wconf 90' lang='lat' dir='ltr'><strong>Concilium</strong></span> <span class='ocrx_word' id='word_1_481' title='bbox 1119 497 1189 526; x_wconf 88' lang='lat' dir='ltr'><strong>hanc</strong></span> <span class='ocrx_word' id='word_1_482' title='bbox 1198 498 1232 526; x_wconf 92' lang='lat' dir='ltr'><strong>ob</strong></span> <span class='ocrx_word' id='word_1_483' title='bbox 1240 505 1348 526; x_wconf 88' lang='lat' dir='ltr'><strong>causam</strong></span> <span class='ocrx_word' id='word_1_484' title='bbox 1360 499 1429 533; x_wconf 87' lang='lat' dir='ltr'><strong>apud</strong></span> <span class='ocrx_word' id='word_1_485' title='bbox 1444 499 1600 535; x_wconf 90' lang='lat' dir='ltr'><strong>Diospolim,</strong></span> <span class='ocrx_word' id='word_1_486' title='bbox 1611 509 1671 536; x_wconf 78' lang='lat' dir='ltr'><strong>quae</strong></span> 
     </span>
    </p>
   </div>
   <div class='ocr_carea' id='block_1_70' title="bbox 879 543 1670 583">
    <p class='ocr_par' dir='ltr' id='par_1_70' title="bbox 879 543 1670 583">
     <span class='ocr_line' id='line_1_70' title="bbox 879 543 1670 583; baseline 0.006 -13"><span class='ocrx_word' id='word_1_487' title='bbox 879 543 944 570; x_wconf 87' lang='lat' dir='ltr'><strong>urbs</strong></span> <span class='ocrx_word' id='word_1_488' title='bbox 958 543 983 571; x_wconf 94' lang='lat' dir='ltr'><strong>in</strong></span> <span class='ocrx_word' id='word_1_489' title='bbox 997 543 1141 580; x_wconf 89' lang='lat' dir='ltr'><strong>Scripturis</strong></span> <span class='ocrx_word' id='word_1_490' title='bbox 1153 544 1243 580; x_wconf 88' lang='lat' dir='ltr'><strong>Lydda</strong></span> <span class='ocrx_word' id='word_1_491' title='bbox 1262 545 1410 580; x_wconf 85' lang='lat' dir='ltr'><strong>appellatur</strong></span> <span class='ocrx_word' id='word_1_492' title='bbox 1426 545 1496 583; x_wconf 85' lang='lat' dir='ltr'><strong>(Act.</strong></span> <span class='ocrx_word' id='word_1_493' title='bbox 1512 554 1549 578; x_wconf 69' lang='grc' dir='ltr'>ιχ,</span> <span class='ocrx_word' id='word_1_494' title='bbox 1563 546 1607 579; x_wconf 79' lang='grc'><strong>52,</strong></span> <span class='ocrx_word' id='word_1_495' title='bbox 1625 547 1670 581; x_wconf 85' lang='lat'><strong>55,</strong></span> 
     </span>
    </p>
   </div>
   <div class='ocr_carea' id='block_1_71' title="bbox 879 588 1673 628">
    <p class='ocr_par' dir='ltr' id='par_1_71' title="bbox 879 588 1673 628">
     <span class='ocr_line' id='line_1_71' title="bbox 879 588 1673 628; baseline 0.006 -12"><span class='ocrx_word' id='word_1_496' title='bbox 879 588 935 624; x_wconf 86' lang='lat'><strong>58),</strong></span> <span class='ocrx_word' id='word_1_497' title='bbox 954 589 1072 618; x_wconf 91' lang='lat' dir='ltr'><strong>habitum</strong></span> <span class='ocrx_word' id='word_1_498' title='bbox 1098 590 1205 618; x_wconf 87' lang='lat' dir='ltr'><strong>esthoc</strong></span> <span class='ocrx_word' id='word_1_499' title='bbox 1218 591 1312 619; x_wconf 91' lang='lat' dir='ltr'><strong>eodem</strong></span> <span class='ocrx_word' id='word_1_500' title='bbox 1332 599 1401 619; x_wconf 90' lang='lat' dir='ltr'><strong>anno</strong></span> <span class='ocrx_word' id='word_1_501' title='bbox 1414 592 1673 628; x_wconf 79' lang='lat' dir='ltr'><strong>quadringentesimo</strong></span> 
     </span>
    </p>
   </div>
   <div class='ocr_carea' id='block_1_72' title="bbox 879 634 1672 671">
    <p class='ocr_par' dir='ltr' id='par_1_72' title="bbox 879 634 1672 671">
     <span class='ocr_line' id='line_1_72' title="bbox 879 634 1672 671; baseline 0.006 -9"><span class='ocrx_word' id='word_1_502' title='bbox 879 634 983 663; x_wconf 88' lang='lat' dir='ltr'><strong>decimo</strong></span> <span class='ocrx_word' id='word_1_503' title='bbox 997 636 1099 671; x_wconf 88' lang='lat' dir='ltr'><strong>quinto,</strong></span> <span class='ocrx_word' id='word_1_504' title='bbox 1113 636 1220 664; x_wconf 88' lang='lat' dir='ltr'><strong>circiter</strong></span> <span class='ocrx_word' id='word_1_505' title='bbox 1233 636 1304 665; x_wconf 90' lang='lat' dir='ltr'><strong>diem</strong></span> <span class='ocrx_word' id='word_1_506' title='bbox 1317 637 1449 665; x_wconf 89' lang='lat' dir='ltr'><strong>decimum</strong></span> <span class='ocrx_word' id='word_1_507' title='bbox 1464 638 1570 666; x_wconf 83' lang='lat' dir='ltr'><strong>tertium</strong></span> <span class='ocrx_word' id='word_1_508' title='bbox 1580 638 1672 667; x_wconf 88' lang='lat' dir='ltr'><strong>kalen-</strong></span> 
     </span>
    </p>
   </div>
   <div class='ocr_carea' id='block_1_73' title="bbox 879 681 1670 720">
    <p class='ocr_par' dir='ltr' id='par_1_73' title="bbox 879 681 1670 720">
     <span class='ocr_line' id='line_1_73' title="bbox 879 681 1670 720; baseline 0.005 -10"><span class='ocrx_word' id='word_1_509' title='bbox 879 681 927 710; x_wconf 86' lang='lat' dir='ltr'><strong>das</strong></span> <span class='ocrx_word' id='word_1_510' title='bbox 948 682 1095 718; x_wconf 86' lang='lat' dir='ltr'><strong>januarias,</strong></span> <span class='ocrx_word' id='word_1_511' title='bbox 1122 683 1165 711; x_wconf 91' lang='lat' dir='ltr'><strong>cui</strong></span> <span class='ocrx_word' id='word_1_512' title='bbox 1185 683 1304 719; x_wconf 87' lang='lat' dir='ltr'><strong>episcopi</strong></span> <span class='ocrx_word' id='word_1_513' title='bbox 1325 691 1437 712; x_wconf 90' lang='lat' dir='ltr'><strong>numero</strong></span> <span class='ocrx_word' id='word_1_514' title='bbox 1460 685 1670 720; x_wconf 88' lang='lat' dir='ltr'><strong>quatuordecim,</strong></span> 
     </span>
    </p>
   </div>
   <div class='ocr_carea' id='block_1_74' title="bbox 879 728 1673 766">
    <p class='ocr_par' dir='ltr' id='par_1_74' title="bbox 879 728 1673 766">
     <span class='ocr_line' id='line_1_74' title="bbox 879 728 1673 766; baseline 0.004 -10"><span class='ocrx_word' id='word_1_515' title='bbox 879 736 946 764; x_wconf 89' lang='lat' dir='ltr'><strong>quos</strong></span> <span class='ocrx_word' id='word_1_516' title='bbox 959 728 1028 757; x_wconf 90' lang='lat' dir='ltr'><strong>inter</strong></span> <span class='ocrx_word' id='word_1_517' title='bbox 1037 729 1123 765; x_wconf 91' lang='lat' dir='ltr'><strong>primo</strong></span> <span class='ocrx_word' id='word_1_518' title='bbox 1131 729 1192 757; x_wconf 93' lang='lat' dir='ltr'><strong>loco</strong></span> <span class='ocrx_word' id='word_1_519' title='bbox 1201 730 1270 758; x_wconf 89' lang='lat' dir='ltr'><strong>sedit</strong></span> <span class='ocrx_word' id='word_1_520' title='bbox 1278 730 1414 766; x_wconf 83' lang='lat' dir='ltr'><strong>Eulogius,</strong></span> <span class='ocrx_word' id='word_1_521' title='bbox 1426 730 1577 759; x_wconf 89' lang='lat' dir='ltr'><strong>adfuerunt.</strong></span> <span class='ocrx_word' id='word_1_522' title='bbox 1587 731 1673 760; x_wconf 79' lang='lat' dir='ltr'><strong>lleros</strong></span> 
     </span>
    </p>
   </div>
   <div class='ocr_carea' id='block_1_75' title="bbox 879 775 1672 813">
    <p class='ocr_par' dir='ltr' id='par_1_75' title="bbox 879 775 1672 813">
     <span class='ocr_line' id='line_1_75' title="bbox 879 775 1672 813; baseline 0.004 -11"><span class='ocrx_word' id='word_1_523' title='bbox 879 779 967 802; x_wconf 88' lang='lat' dir='ltr'><strong>autem</strong></span> <span class='ocrx_word' id='word_1_524' title='bbox 982 779 1009 803; x_wconf 90' lang='lat' dir='ltr'><strong>et</strong></span> <span class='ocrx_word' id='word_1_525' title='bbox 1022 775 1138 803; x_wconf 86' lang='lat' dir='ltr'><strong>Lazarus</strong></span> <span class='ocrx_word' id='word_1_526' title='bbox 1150 780 1260 811; x_wconf 85' lang='lat' dir='ltr'><strong>propter</strong></span> <span class='ocrx_word' id='word_1_527' title='bbox 1275 784 1383 811; x_wconf 84' lang='lat' dir='ltr'><strong>gravem</strong></span> <span class='ocrx_word' id='word_1_528' title='bbox 1395 777 1473 805; x_wconf 90' lang='lat' dir='ltr'><strong>unius</strong></span> <span class='ocrx_word' id='word_1_529' title='bbox 1487 784 1579 805; x_wconf 91' lang='lat' dir='ltr'><strong>eorum</strong></span> <span class='ocrx_word' id='word_1_530' title='bbox 1594 777 1672 813; x_wconf 72' lang='lat' dir='ltr'><strong>aegri-</strong></span> 
     </span>
    </p>
   </div>
   <div class='ocr_carea' id='block_1_76' title="bbox 880 820 1671 860">
    <p class='ocr_par' dir='ltr' id='par_1_76' title="bbox 880 820 1671 860">
     <span class='ocr_line' id='line_1_76' title="bbox 880 820 1671 860; baseline 0.004 -12"><span class='ocrx_word' id='word_1_531' title='bbox 880 820 1009 855; x_wconf 88' lang='lat' dir='ltr'><strong>tudinem,</strong></span> <span class='ocrx_word' id='word_1_532' title='bbox 1024 826 1170 857; x_wconf 78' lang='lat' dir='ltr'><strong>przesentes</strong></span> <span class='ocrx_word' id='word_1_533' title='bbox 1184 829 1244 850; x_wconf 85' lang='lat' dir='ltr'><strong>esse</strong></span> <span class='ocrx_word' id='word_1_534' title='bbox 1257 822 1365 850; x_wconf 85' lang='lat' dir='ltr'><strong>minime</strong></span> <span class='ocrx_word' id='word_1_535' title='bbox 1378 826 1523 858; x_wconf 90' lang='lat' dir='ltr'><strong>potuerunt</strong></span> <span class='ocrx_word' id='word_1_536' title='bbox 1534 822 1585 860; x_wconf 89' lang='lat' dir='ltr'><strong>(De</strong></span> <span class='ocrx_word' id='word_1_537' title='bbox 1602 823 1671 851; x_wconf 83' lang='lat' dir='ltr'><strong>Gest.</strong></span> 
     </span>
    </p>
   </div>
   <div class='ocr_carea' id='block_1_77' title="bbox 880 866 1673 905">
    <p class='ocr_par' dir='ltr' id='par_1_77' title="bbox 880 866 1673 905">
     <span class='ocr_line' id='line_1_77' title="bbox 880 866 1673 905; baseline 0.005 -12"><span class='ocrx_word' id='word_1_538' title='bbox 880 866 991 903; x_wconf 77' lang='lat' dir='ltr'><strong>Pelagii,</strong></span> <span class='ocrx_word' id='word_1_539' title='bbox 1007 876 1034 895; x_wconf 89' lang='lat' dir='ltr'><strong>n.</strong></span> <span class='ocrx_word' id='word_1_540' title='bbox 1050 868 1088 904; x_wconf 90' lang='grc'><strong>1).</strong></span> <span class='ocrx_word' id='word_1_541' title='bbox 1102 868 1225 896; x_wconf 79' lang='lat' dir='ltr'><strong>Recitata</strong></span> <span class='ocrx_word' id='word_1_542' title='bbox 1239 876 1333 896; x_wconf 89' lang='lat' dir='ltr'><strong>eorum</strong></span> <span class='ocrx_word' id='word_1_543' title='bbox 1350 869 1448 902; x_wconf 88' lang='lat' dir='ltr'><strong>libello,</strong></span> <span class='ocrx_word' id='word_1_544' title='bbox 1463 869 1588 905; x_wconf 86' lang='lat' dir='ltr'><strong>Pelagius</strong></span> <span class='ocrx_word' id='word_1_545' title='bbox 1599 869 1673 905; x_wconf 83' lang='lat' dir='ltr'><strong>capi-</strong></span> 
     </span>
    </p>
   </div>
   <div class='ocr_carea' id='block_1_78' title="bbox 881 914 1673 951">
    <p class='ocr_par' dir='ltr' id='par_1_78' title="bbox 881 914 1673 951">
     <span class='ocr_line' id='line_1_78' title="bbox 881 914 1673 951; baseline 0.004 -10"><span class='ocrx_word' id='word_1_546' title='bbox 881 914 934 941; x_wconf 93' lang='lat' dir='ltr'><strong>tula</strong></span> <span class='ocrx_word' id='word_1_547' title='bbox 952 914 1002 942; x_wconf 90' lang='lat' dir='ltr'><strong>sibi</strong></span> <span class='ocrx_word' id='word_1_548' title='bbox 1015 914 1049 942; x_wconf 91' lang='lat' dir='ltr'><strong>ab</strong></span> <span class='ocrx_word' id='word_1_549' title='bbox 1064 915 1096 943; x_wconf 90' lang='lat' dir='ltr'><strong>iis</strong></span> <span class='ocrx_word' id='word_1_550' title='bbox 1107 915 1211 951; x_wconf 87' lang='lat' dir='ltr'><strong>objecta</strong></span> <span class='ocrx_word' id='word_1_551' title='bbox 1225 915 1321 951; x_wconf 90' lang='lat' dir='ltr'><strong>partim</strong></span> <span class='ocrx_word' id='word_1_552' title='bbox 1335 916 1458 951; x_wconf 83' lang='lat' dir='ltr'><strong>agnovit;</strong></span> <span class='ocrx_word' id='word_1_553' title='bbox 1473 916 1521 944; x_wconf 88' lang='lat' dir='ltr'><strong>sed</strong></span> <span class='ocrx_word' id='word_1_554' title='bbox 1539 916 1617 944; x_wconf 90' lang='lat' dir='ltr'><strong>simul</strong></span> <span class='ocrx_word' id='word_1_555' title='bbox 1629 923 1673 950; x_wconf 85' lang='lat' dir='ltr'><strong>eo,</strong></span> 
     </span>
    </p>
   </div>
   <div class='ocr_carea' id='block_1_79' title="bbox 880 960 1673 998">
    <p class='ocr_par' dir='ltr' id='par_1_79' title="bbox 880 960 1673 998">
     <span class='ocr_line' id='line_1_79' title="bbox 880 960 1673 998; baseline 0.003 -11"><span class='ocrx_word' id='word_1_556' title='bbox 880 968 933 995; x_wconf 91' lang='lat' dir='ltr'><strong>quo</strong></span> <span class='ocrx_word' id='word_1_557' title='bbox 949 960 1073 989; x_wconf 86' lang='lat' dir='ltr'><strong>volebant</strong></span> <span class='ocrx_word' id='word_1_558' title='bbox 1086 961 1241 995; x_wconf 86' lang='lat' dir='ltr'><strong>adversarii,</strong></span> <span class='ocrx_word' id='word_1_559' title='bbox 1263 969 1343 990; x_wconf 89' lang='lat' dir='ltr'><strong>sensu</strong></span> <span class='ocrx_word' id='word_1_560' title='bbox 1366 962 1478 998; x_wconf 85' lang='lat' dir='ltr'><strong>negabat</strong></span> <span class='ocrx_word' id='word_1_561' title='bbox 1491 962 1526 990; x_wconf 89' lang='lat' dir='ltr'><strong>ab</strong></span> <span class='ocrx_word' id='word_1_562' title='bbox 1543 969 1573 990; x_wconf 92' lang='lat' dir='ltr'><strong>se</strong></span> <span class='ocrx_word' id='word_1_563' title='bbox 1592 962 1673 996; x_wconf 88' lang='lat' dir='ltr'><strong>dicta,</strong></span> 
     </span>
    </p>
   </div>
   <div class='ocr_carea' id='block_1_80' title="bbox 881 1007 1674 1043">
    <p class='ocr_par' dir='ltr' id='par_1_80' title="bbox 881 1007 1674 1043">
     <span class='ocr_line' id='line_1_80' title="bbox 881 1007 1674 1043; baseline 0.004 -10"><span class='ocrx_word' id='word_1_564' title='bbox 881 1014 972 1034; x_wconf 90' lang='lat' dir='ltr'><strong>verum</strong></span> <span class='ocrx_word' id='word_1_565' title='bbox 987 1007 1040 1034; x_wconf 89' lang='lat' dir='ltr'><strong>alio</strong></span> <span class='ocrx_word' id='word_1_566' title='bbox 1053 1007 1141 1042; x_wconf 87' lang='lat' dir='ltr'><strong>plane,</strong></span> <span class='ocrx_word' id='word_1_567' title='bbox 1154 1008 1252 1043; x_wconf 90' lang='lat' dir='ltr'><strong>quique</strong></span> <span class='ocrx_word' id='word_1_568' title='bbox 1274 1015 1289 1034; x_wconf 89' lang='lat' dir='ltr'><strong>a</strong></span> <span class='ocrx_word' id='word_1_569' title='bbox 1309 1015 1371 1036; x_wconf 90' lang='lat' dir='ltr'><strong>vera</strong></span> <span class='ocrx_word' id='word_1_570' title='bbox 1387 1008 1439 1036; x_wconf 78' lang='lat' dir='ltr'><strong>[ide</strong></span> <span class='ocrx_word' id='word_1_571' title='bbox 1460 1008 1524 1036; x_wconf 87' lang='lat' dir='ltr'><strong>nihil</strong></span> <span class='ocrx_word' id='word_1_572' title='bbox 1544 1008 1674 1037; x_wconf 87' lang='lat' dir='ltr'><strong>abhorre-</strong></span> 
     </span>
    </p>
   </div>
   <div class='ocr_carea' id='block_1_81' title="bbox 881 1052 1675 1089">
    <p class='ocr_par' dir='ltr' id='par_1_81' title="bbox 881 1052 1675 1089">
     <span class='ocr_line' id='line_1_81' title="bbox 881 1052 1675 1089; baseline 0.001 -10"><span class='ocrx_word' id='word_1_573' title='bbox 881 1056 922 1079; x_wconf 88' lang='lat' dir='ltr'><strong>ret</strong></span> <span class='ocrx_word' id='word_1_574' title='bbox 935 1061 941 1079; x_wconf 92' lang='lat'>:</span> <span class='ocrx_word' id='word_1_575' title='bbox 954 1053 1049 1086; x_wconf 87' lang='lat' dir='ltr'><strong>partim</strong></span> <span class='ocrx_word' id='word_1_576' title='bbox 1060 1052 1192 1080; x_wconf 83' lang='lat' dir='ltr'><strong>inﬁciatus</strong></span> <span class='ocrx_word' id='word_1_577' title='bbox 1204 1057 1254 1087; x_wconf 87' lang='lat' dir='ltr'><strong>est,</strong></span> <span class='ocrx_word' id='word_1_578' title='bbox 1266 1053 1309 1080; x_wconf 92' lang='lat' dir='ltr'><strong>illa</strong></span> <span class='ocrx_word' id='word_1_579' title='bbox 1322 1057 1447 1088; x_wconf 90' lang='lat' dir='ltr'><strong>tanquam</strong></span> <span class='ocrx_word' id='word_1_580' title='bbox 1459 1061 1547 1081; x_wconf 88' lang='lat' dir='ltr'><strong>meras</strong></span> <span class='ocrx_word' id='word_1_581' title='bbox 1561 1053 1675 1089; x_wconf 86' lang='lat' dir='ltr'><strong>ineptias</strong></span> 
     </span>
    </p>
   </div>
   <div class='ocr_carea' id='block_1_82' title="bbox 882 1096 1674 1134">
    <p class='ocr_par' dir='ltr' id='par_1_82' title="bbox 882 1096 1674 1134">
     <span class='ocr_line' id='line_1_82' title="bbox 882 1096 1674 1134; baseline 0.003 -10"><span class='ocrx_word' id='word_1_582' title='bbox 882 1096 1043 1132; x_wconf 81' lang='lat' dir='ltr'><strong>explodens;</strong></span> <span class='ocrx_word' id='word_1_583' title='bbox 1060 1097 1114 1125; x_wconf 91' lang='lat' dir='ltr'><strong>imo</strong></span> <span class='ocrx_word' id='word_1_584' title='bbox 1131 1098 1210 1125; x_wconf 90' lang='lat' dir='ltr'><strong>etiam</strong></span> <span class='ocrx_word' id='word_1_585' title='bbox 1226 1097 1367 1125; x_wconf 89' lang='lat' dir='ltr'><strong>anathema</strong></span> <span class='ocrx_word' id='word_1_586' title='bbox 1383 1098 1474 1126; x_wconf 89' lang='lat' dir='ltr'><strong>dicens</strong></span> <span class='ocrx_word' id='word_1_587' title='bbox 1488 1098 1531 1133; x_wconf 89' lang='lat' dir='ltr'><strong>iis,</strong></span> <span class='ocrx_word' id='word_1_588' title='bbox 1551 1107 1567 1126; x_wconf 89' lang='lat' dir='ltr'><strong>a</strong></span> <span class='ocrx_word' id='word_1_589' title='bbox 1579 1098 1674 1134; x_wconf 82' lang='lat' dir='ltr'><strong>quibus</strong></span> 
     </span>
    </p>
   </div>
   <div class='ocr_carea' id='block_1_83' title="bbox 882 1142 1675 1179">
    <p class='ocr_par' dir='ltr' id='par_1_83' title="bbox 882 1142 1675 1179">
     <span class='ocr_line' id='line_1_83' title="bbox 882 1142 1675 1179; baseline 0.004 -10"><span class='ocrx_word' id='word_1_590' title='bbox 882 1148 1113 1177; x_wconf 81' lang='lat' dir='ltr'><strong>propugnarentur</strong></span> <span class='ocrx_word' id='word_1_591' title='bbox 1139 1142 1271 1179; x_wconf 83' lang='lat' dir='ltr'><strong>(Pholius,</strong></span> <span class='ocrx_word' id='word_1_592' title='bbox 1295 1143 1417 1171; x_wconf 82' lang='lat' dir='ltr'><strong>Bibliotlt.</strong></span> <span class='ocrx_word' id='word_1_593' title='bbox 1441 1143 1500 1171; x_wconf 83' lang='lat' dir='ltr'><strong>cod.</strong></span> <span class='ocrx_word' id='word_1_594' title='bbox 1519 1144 1574 1179; x_wconf 75' lang='lat'><strong>54).</strong></span> <span class='ocrx_word' id='word_1_595' title='bbox 1598 1144 1675 1178; x_wconf 83' lang='lat' dir='ltr'><strong>Quod</strong></span> 
     </span>
    </p>
   </div>
   <div class='ocr_carea' id='block_1_84' title="bbox 882 1188 1675 1226">
    <p class='ocr_par' dir='ltr' id='par_1_84' title="bbox 882 1188 1675 1226">
     <span class='ocr_line' id='line_1_84' title="bbox 882 1188 1675 1226; baseline 0.003 -10"><span class='ocrx_word' id='word_1_596' title='bbox 882 1196 947 1216; x_wconf 88' lang='lat' dir='ltr'><strong>vero</strong></span> <span class='ocrx_word' id='word_1_597' title='bbox 959 1188 992 1216; x_wconf 88' lang='lat' dir='ltr'><strong>ad</strong></span> <span class='ocrx_word' id='word_1_598' title='bbox 1006 1188 1126 1217; x_wconf 88' lang='lat' dir='ltr'><strong>Coelestii</strong></span> <span class='ocrx_word' id='word_1_599' title='bbox 1141 1189 1298 1222; x_wconf 88' lang='lat' dir='ltr'><strong>doctrinam,</strong></span> <span class='ocrx_word' id='word_1_600' title='bbox 1314 1198 1393 1226; x_wconf 90' lang='lat' dir='ltr'><strong>quam</strong></span> <span class='ocrx_word' id='word_1_601' title='bbox 1408 1197 1423 1217; x_wconf 92' lang='lat' dir='ltr'><strong>a</strong></span> <span class='ocrx_word' id='word_1_602' title='bbox 1438 1190 1551 1218; x_wconf 90' lang='lat' dir='ltr'><strong>concilio</strong></span> <span class='ocrx_word' id='word_1_603' title='bbox 1565 1189 1675 1218; x_wconf 52' lang='lat' dir='ltr'><strong>Cartha.</strong></span> 
     </span>
    </p>
   </div>
   <div class='ocr_carea' id='block_1_85' title="bbox 882 1235 1675 1271">
    <p class='ocr_par' dir='ltr' id='par_1_85' title="bbox 882 1235 1675 1271">
     <span class='ocr_line' id='line_1_85' title="bbox 882 1235 1675 1271; baseline 0.001 -9"><span class='ocrx_word' id='word_1_604' title='bbox 882 1235 987 1270; x_wconf 84' lang='lat' dir='ltr'><strong>ginensi</strong></span> <span class='ocrx_word' id='word_1_605' title='bbox 1001 1240 1028 1263; x_wconf 92' lang='lat' dir='ltr'><strong>et</strong></span> <span class='ocrx_word' id='word_1_606' title='bbox 1041 1235 1074 1263; x_wconf 87' lang='lat' dir='ltr'><strong>ab</strong></span> <span class='ocrx_word' id='word_1_607' title='bbox 1085 1236 1233 1271; x_wconf 84' lang='lat' dir='ltr'><strong>Augustino</strong></span> <span class='ocrx_word' id='word_1_608' title='bbox 1242 1235 1394 1264; x_wconf 88' lang='lat' dir='ltr'><strong>damnatam</strong></span> <span class='ocrx_word' id='word_1_609' title='bbox 1404 1236 1602 1268; x_wconf 87' lang='lat' dir='ltr'><strong>asseverabant,</strong></span> <span class='ocrx_word' id='word_1_610' title='bbox 1616 1243 1675 1264; x_wconf 85' lang='lat' dir='ltr'><strong>eam</strong></span> 
     </span>
    </p>
   </div>
   <div class='ocr_carea' id='block_1_86' title="bbox 883 1281 1676 1318">
    <p class='ocr_par' dir='ltr' id='par_1_86' title="bbox 883 1281 1676 1318">
     <span class='ocr_line' id='line_1_86' title="bbox 883 1281 1676 1318; baseline 0.001 -9"><span class='ocrx_word' id='word_1_611' title='bbox 883 1282 917 1309; x_wconf 92' lang='lat' dir='ltr'><strong>ad</strong></span> <span class='ocrx_word' id='word_1_612' title='bbox 928 1289 957 1310; x_wconf 90' lang='lat' dir='ltr'><strong>se</strong></span> <span class='ocrx_word' id='word_1_613' title='bbox 972 1282 1109 1310; x_wconf 88' lang='lat' dir='ltr'><strong>contendit</strong></span> <span class='ocrx_word' id='word_1_614' title='bbox 1124 1282 1278 1318; x_wconf 89' lang='lat' dir='ltr'><strong>neutiquam</strong></span> <span class='ocrx_word' id='word_1_615' title='bbox 1294 1283 1429 1318; x_wconf 90' lang='lat' dir='ltr'><strong>pertinere</strong></span> <span class='ocrx_word' id='word_1_616' title='bbox 1447 1282 1497 1318; x_wconf 85' lang='lat' dir='ltr'><strong>(De</strong></span> <span class='ocrx_word' id='word_1_617' title='bbox 1513 1282 1582 1310; x_wconf 66' lang='grc' dir='ltr'><strong>(ἔθει.</strong></span> <span class='ocrx_word' id='word_1_618' title='bbox 1599 1281 1676 1310; x_wconf 87' lang='lat' dir='ltr'><strong>Pelu-</strong></span> 
     </span>
    </p>
   </div>
   <div class='ocr_carea' id='block_1_87' title="bbox 883 1328 1677 1366">
    <p class='ocr_par' dir='ltr' id='par_1_87' title="bbox 883 1328 1677 1366">
     <span class='ocr_line' id='line_1_87' title="bbox 883 1328 1677 1366; baseline 0.003 -11"><span class='ocrx_word' id='word_1_619' title='bbox 883 1328 928 1364; x_wconf 86' lang='lat' dir='ltr'><strong>gii,</strong></span> <span class='ocrx_word' id='word_1_620' title='bbox 941 1337 985 1355; x_wconf 89' lang='lat' dir='ltr'><strong>nn.</strong></span> <span class='ocrx_word' id='word_1_621' title='bbox 999 1329 1043 1361; x_wconf 84' lang='lat'><strong>57,</strong></span> <span class='ocrx_word' id='word_1_622' title='bbox 1059 1329 1122 1363; x_wconf 82' lang='lat'><strong>58);</strong></span> <span class='ocrx_word' id='word_1_623' title='bbox 1138 1328 1311 1357; x_wconf 86' lang='lat' dir='ltr'><strong>nihilominus</strong></span> <span class='ocrx_word' id='word_1_624' title='bbox 1324 1333 1412 1357; x_wconf 88' lang='lat' dir='ltr'><strong>tamen</strong></span> <span class='ocrx_word' id='word_1_625' title='bbox 1426 1329 1452 1356; x_wconf 94' lang='lat' dir='ltr'><strong>in</strong></span> <span class='ocrx_word' id='word_1_626' title='bbox 1466 1337 1523 1364; x_wconf 89' lang='lat' dir='ltr'><strong>eos,</strong></span> <span class='ocrx_word' id='word_1_627' title='bbox 1537 1329 1582 1366; x_wconf 88' lang='lat' dir='ltr'><strong>qui</strong></span> <span class='ocrx_word' id='word_1_628' title='bbox 1593 1329 1677 1364; x_wconf 90' lang='lat' dir='ltr'><strong>ipsam</strong></span> 
     </span>
    </p>
   </div>
   <div class='ocr_carea' id='block_1_88' title="bbox 885 1374 1676 1411">
    <p class='ocr_par' dir='ltr' id='par_1_88' title="bbox 885 1374 1676 1411">
     <span class='ocr_line' id='line_1_88' title="bbox 885 1374 1676 1411; baseline 0.001 -10"><span class='ocrx_word' id='word_1_629' title='bbox 885 1378 1007 1402; x_wconf 83' lang='lat' dir='ltr'><strong>tenerent</strong></span> <span class='ocrx_word' id='word_1_630' title='bbox 1027 1379 1211 1408; x_wconf 86' lang='lat' dir='ltr'><strong>tenuerantvc,</strong></span> <span class='ocrx_word' id='word_1_631' title='bbox 1228 1375 1369 1402; x_wconf 88' lang='lat' dir='ltr'><strong>anathema</strong></span> <span class='ocrx_word' id='word_1_632' title='bbox 1388 1375 1566 1410; x_wconf 87' lang='lat' dir='ltr'><strong>pronuntiavit</strong></span> <span class='ocrx_word' id='word_1_633' title='bbox 1583 1374 1676 1411; x_wconf 85' lang='lat' dir='ltr'><strong>(Ibid.,</strong></span> 
     </span>
    </p>
   </div>
   <div class='ocr_carea' id='block_1_89' title="bbox 885 1419 1678 1456">
    <p class='ocr_par' dir='ltr' id='par_1_89' title="bbox 885 1419 1678 1456">
     <span class='ocr_line' id='line_1_89' title="bbox 885 1419 1678 1456; baseline 0.003 -10"><span class='ocrx_word' id='word_1_634' title='bbox 885 1428 911 1446; x_wconf 85' lang='grc' dir='ltr'><strong>η.</strong></span> <span class='ocrx_word' id='word_1_635' title='bbox 927 1419 983 1456; x_wconf 71' lang='grc'><strong>47).</strong></span> <span class='ocrx_word' id='word_1_636' title='bbox 997 1419 1101 1456; x_wconf 87' lang='lat' dir='ltr'><strong>Objecta</strong></span> <span class='ocrx_word' id='word_1_637' title='bbox 1131 1425 1161 1447; x_wconf 91' lang='lat' dir='ltr'><strong>ut.</strong></span> <span class='ocrx_word' id='word_1_638' title='bbox 1174 1420 1291 1456; x_wconf 85' lang='lat' dir='ltr'><strong>loquitur</strong></span> <span class='ocrx_word' id='word_1_639' title='bbox 1308 1421 1477 1448; x_wconf 82' lang='lat' dir='ltr'><strong>Innocentius</strong></span> <span class='ocrx_word' id='word_1_640' title='bbox 1490 1428 1567 1456; x_wconf 89' lang='lat' dir='ltr'><strong>papa,</strong></span> <span class='ocrx_word' id='word_1_641' title='bbox 1585 1420 1678 1456; x_wconf 81' lang='lat' dir='ltr'><strong>partim</strong></span> 
     </span>
    </p>
   </div>
   <div class='ocr_carea' id='block_1_90' title="bbox 885 1465 1678 1502">
    <p class='ocr_par' dir='ltr' id='par_1_90' title="bbox 885 1465 1678 1502">
     <span class='ocr_line' id='line_1_90' title="bbox 885 1465 1678 1502; baseline 0.001 -10"><span class='ocrx_word' id='word_1_642' title='bbox 885 1465 928 1492; x_wconf 84' lang='lat' dir='ltr'><strong>ille</strong></span> <span class='ocrx_word' id='word_1_643' title='bbox 942 1466 1044 1493; x_wconf 84' lang='lat' dir='ltr'><strong>vitando</strong></span> <span class='ocrx_word' id='word_1_644' title='bbox 1056 1466 1214 1502; x_wconf 70' lang='lat' dir='ltr'><strong>suppressit;</strong></span> <span class='ocrx_word' id='word_1_645' title='bbox 1228 1466 1322 1502; x_wconf 84' lang='lat' dir='ltr'><strong>partim</strong></span> <span class='ocrx_word' id='word_1_646' title='bbox 1335 1466 1415 1493; x_wconf 83' lang='lat' dir='ltr'><strong>multa</strong></span> <span class='ocrx_word' id='word_1_647' title='bbox 1427 1467 1454 1493; x_wconf 86' lang='lat' dir='ltr'><strong>in</strong></span> <span class='ocrx_word' id='word_1_648' title='bbox 1474 1475 1501 1493; x_wconf 83' lang='lat' dir='ltr'><strong>se</strong></span> <span class='ocrx_word' id='word_1_649' title='bbox 1513 1466 1587 1494; x_wconf 81' lang='lat' dir='ltr'><strong>verba</strong></span> <span class='ocrx_word' id='word_1_650' title='bbox 1596 1470 1678 1494; x_wconf 81' lang='lat' dir='ltr'><strong>retor-</strong></span> 
     </span>
    </p>
   </div>
   <div class='ocr_carea' id='block_1_91' title="bbox 886 1511 1682 1549">
    <p class='ocr_par' dir='ltr' id='par_1_91' title="bbox 886 1511 1682 1549">
     <span class='ocr_line' id='line_1_91' title="bbox 886 1511 1682 1549; baseline 0.003 -11"><span class='ocrx_word' id='word_1_651' title='bbox 886 1511 983 1547; x_wconf 81' lang='lat' dir='ltr'><strong>quendo</strong></span> <span class='ocrx_word' id='word_1_652' title='bbox 993 1516 1045 1539; x_wconf 87' lang='lat' dir='ltr'><strong>tota</strong></span> <span class='ocrx_word' id='word_1_653' title='bbox 1057 1511 1207 1540; x_wconf 72' lang='lat' dir='ltr'><strong>obscuritate</strong></span> <span class='ocrx_word' id='word_1_654' title='bbox 1219 1512 1352 1548; x_wconf 81' lang='lat' dir='ltr'><strong>confudit;</strong></span> <span class='ocrx_word' id='word_1_655' title='bbox 1366 1512 1452 1549; x_wconf 79' lang='lat' dir='ltr'><strong>aliqua</strong></span> <span class='ocrx_word' id='word_1_656' title='bbox 1465 1512 1545 1548; x_wconf 82' lang='lat' dir='ltr'><strong>magis</strong></span> <span class='ocrx_word' id='word_1_657' title='bbox 1555 1512 1628 1549; x_wconf 80' lang='lat' dir='ltr'><strong>falsis</strong></span> <span class='ocrx_word' id='word_1_658' title='bbox 1637 1521 1682 1540; x_wconf 83' lang='lat' dir='ltr'><strong>ar-</strong></span> 
     </span>
    </p>
   </div>
   <div class='ocr_carea' id='block_1_92' title="bbox 886 1558 1680 1595">
    <p class='ocr_par' dir='ltr' id='par_1_92' title="bbox 886 1558 1680 1595">
     <span class='ocr_line' id='line_1_92' title="bbox 886 1558 1680 1595; baseline 0.003 -11"><span class='ocrx_word' id='word_1_659' title='bbox 886 1558 1020 1593; x_wconf 84' lang='lat' dir='ltr'><strong>gumentis,</strong></span> <span class='ocrx_word' id='word_1_660' title='bbox 1034 1566 1110 1593; x_wconf 88' lang='lat' dir='ltr'><strong>quam</strong></span> <span class='ocrx_word' id='word_1_661' title='bbox 1123 1565 1181 1585; x_wconf 82' lang='lat' dir='ltr'><strong>vera</strong></span> <span class='ocrx_word' id='word_1_662' title='bbox 1199 1559 1307 1592; x_wconf 85' lang='lat' dir='ltr'><strong>ratione,</strong></span> <span class='ocrx_word' id='word_1_663' title='bbox 1329 1562 1356 1585; x_wconf 90' lang='lat' dir='ltr'><strong>ut</strong></span> <span class='ocrx_word' id='word_1_664' title='bbox 1373 1559 1407 1585; x_wconf 84' lang='lat' dir='ltr'><strong>ad</strong></span> <span class='ocrx_word' id='word_1_665' title='bbox 1421 1563 1518 1595; x_wconf 83' lang='lat' dir='ltr'><strong>tempus</strong></span> <span class='ocrx_word' id='word_1_666' title='bbox 1537 1563 1633 1594; x_wconf 82' lang='lat' dir='ltr'><strong>poterat</strong></span> <span class='ocrx_word' id='word_1_667' title='bbox 1643 1560 1680 1587; x_wconf 78' lang='lat' dir='ltr'><strong>ui-</strong></span> 
     </span>
    </p>
   </div>
   <div class='ocr_carea' id='block_1_93' title="bbox 887 1603 1681 1641">
    <p class='ocr_par' dir='ltr' id='par_1_93' title="bbox 887 1603 1681 1641">
     <span class='ocr_line' id='line_1_93' title="bbox 887 1603 1681 1641; baseline 0.003 -11"><span class='ocrx_word' id='word_1_668' title='bbox 887 1603 951 1637; x_wconf 87' lang='lat' dir='ltr'><strong>deri,</strong></span> <span class='ocrx_word' id='word_1_669' title='bbox 966 1604 1091 1640; x_wconf 84' lang='lat' dir='ltr'><strong>purgavit,</strong></span> <span class='ocrx_word' id='word_1_670' title='bbox 1112 1604 1227 1640; x_wconf 84' lang='lat' dir='ltr'><strong>negando</strong></span> <span class='ocrx_word' id='word_1_671' title='bbox 1247 1605 1310 1638; x_wconf 84' lang='lat' dir='ltr'><strong>alia,</strong></span> <span class='ocrx_word' id='word_1_672' title='bbox 1329 1605 1381 1632; x_wconf 81' lang='lat' dir='ltr'><strong>alia</strong></span> <span class='ocrx_word' id='word_1_673' title='bbox 1398 1605 1464 1640; x_wconf 76' lang='lat' dir='ltr'><strong>falsa</strong></span> <span class='ocrx_word' id='word_1_674' title='bbox 1477 1605 1681 1641; x_wconf 79' lang='lat' dir='ltr'><strong>interpretatione</strong></span> 
     </span>
    </p>
   </div>
   <div class='ocr_carea' id='block_1_94' title="bbox 887 1649 1681 1687">
    <p class='ocr_par' dir='ltr' id='par_1_94' title="bbox 887 1649 1681 1687">
     <span class='ocr_line' id='line_1_94' title="bbox 887 1649 1681 1687; baseline 0.005 -12"><span class='ocrx_word' id='word_1_675' title='bbox 887 1650 1005 1676; x_wconf 81' lang='lat' dir='ltr'><strong>vertendo</strong></span> <span class='ocrx_word' id='word_1_676' title='bbox 1019 1649 1108 1685; x_wconf 83' lang='lat' dir='ltr'><strong>(Apud</strong></span> <span class='ocrx_word' id='word_1_677' title='bbox 1119 1649 1297 1686; x_wconf 80' lang='lat' dir='ltr'><strong>Augustinum,</strong></span> <span class='ocrx_word' id='word_1_678' title='bbox 1312 1650 1396 1686; x_wconf 87' lang='lat' dir='ltr'><strong>Epist.</strong></span> <span class='ocrx_word' id='word_1_679' title='bbox 1412 1650 1475 1684; x_wconf 68' lang='lat'><strong>485,</strong></span> <span class='ocrx_word' id='word_1_680' title='bbox 1488 1659 1515 1679; x_wconf 92' lang='lat' dir='ltr'><strong>n.</strong></span> <span class='ocrx_word' id='word_1_681' title='bbox 1529 1650 1567 1687; x_wconf 82' lang='lat'><strong>5).</strong></span> <span class='ocrx_word' id='word_1_682' title='bbox 1582 1651 1681 1679; x_wconf 83' lang='lat' dir='ltr'><strong>Verum</strong></span> 
     </span>
    </p>
   </div>
   <div class='ocr_carea' id='block_1_95' title="bbox 888 1695 1684 1733">
    <p class='ocr_par' dir='ltr' id='par_1_95' title="bbox 888 1695 1684 1733">
     <span class='ocr_line' id='line_1_95' title="bbox 888 1695 1684 1733; baseline 0.003 -10"><span class='ocrx_word' id='word_1_683' title='bbox 888 1701 979 1731; x_wconf 73' lang='lat' dir='ltr'><strong>prazter</strong></span> <span class='ocrx_word' id='word_1_684' title='bbox 993 1695 1040 1723; x_wconf 88' lang='lat' dir='ltr'><strong>illa</strong></span> <span class='ocrx_word' id='word_1_685' title='bbox 1052 1704 1119 1731; x_wconf 69' lang='lat' dir='ltr'><strong>quor,</strong></span> <span class='ocrx_word' id='word_1_686' title='bbox 1135 1705 1183 1732; x_wconf 87' lang='lat' dir='ltr'><strong>quo</strong></span> <span class='ocrx_word' id='word_1_687' title='bbox 1197 1696 1271 1724; x_wconf 88' lang='lat' dir='ltr'><strong>modo</strong></span> <span class='ocrx_word' id='word_1_688' title='bbox 1289 1697 1379 1732; x_wconf 84' lang='lat' dir='ltr'><strong>potuit,</strong></span> <span class='ocrx_word' id='word_1_689' title='bbox 1401 1705 1478 1725; x_wconf 80' lang='lat' dir='ltr'><strong>ausus</strong></span> <span class='ocrx_word' id='word_1_690' title='bbox 1491 1702 1527 1725; x_wconf 85' lang='lat' dir='ltr'><strong>est</strong></span> <span class='ocrx_word' id='word_1_691' title='bbox 1542 1697 1684 1733; x_wconf 78' lang='lat' dir='ltr'><strong>qualicum-</strong></span> 
     </span>
    </p>
   </div>
   <div class='ocr_carea' id='block_1_96' title="bbox 887 1743 1684 1780">
    <p class='ocr_par' dir='ltr' id='par_1_96' title="bbox 887 1743 1684 1780">
     <span class='ocr_line' id='line_1_96' title="bbox 887 1743 1684 1780; baseline 0.004 -11"><span class='ocrx_word' id='word_1_692' title='bbox 887 1751 935 1779; x_wconf 88' lang='lat' dir='ltr'><strong>que</strong></span> <span class='ocrx_word' id='word_1_693' title='bbox 953 1743 1050 1770; x_wconf 83' lang='lat' dir='ltr'><strong>ratione</strong></span> <span class='ocrx_word' id='word_1_694' title='bbox 1065 1743 1208 1779; x_wconf 76' lang='lat' dir='ltr'><strong>defendere,</strong></span> <span class='ocrx_word' id='word_1_695' title='bbox 1226 1743 1321 1779; x_wconf 84' lang='lat' dir='ltr'><strong>objecta</strong></span> <span class='ocrx_word' id='word_1_696' title='bbox 1339 1744 1456 1779; x_wconf 71' lang='lat' dir='ltr'><strong>quazdam</strong></span> <span class='ocrx_word' id='word_1_697' title='bbox 1472 1749 1541 1778; x_wconf 86' lang='lat' dir='ltr'><strong>sunt,</strong></span> <span class='ocrx_word' id='word_1_698' title='bbox 1561 1752 1618 1780; x_wconf 71' lang='lat' dir='ltr'><strong>quia</strong></span> <span class='ocrx_word' id='word_1_699' title='bbox 1633 1744 1684 1772; x_wconf 75' lang='lat' dir='ltr'><strong>nisi</strong></span> 
     </span>
    </p>
   </div>
   <div class='ocr_carea' id='block_1_97' title="bbox 888 1788 1683 1825">
    <p class='ocr_par' dir='ltr' id='par_1_97' title="bbox 888 1788 1683 1825">
     <span class='ocr_line' id='line_1_97' title="bbox 888 1788 1683 1825; baseline 0.005 -11"><span class='ocrx_word' id='word_1_700' title='bbox 888 1793 984 1815; x_wconf 86' lang='lat' dir='ltr'><strong>remota</strong></span> <span class='ocrx_word' id='word_1_701' title='bbox 998 1788 1066 1815; x_wconf 85' lang='lat' dir='ltr'><strong>omni</strong></span> <span class='ocrx_word' id='word_1_702' title='bbox 1080 1789 1284 1824; x_wconf 80' lang='lat' dir='ltr'><strong>tergiversatione</strong></span> <span class='ocrx_word' id='word_1_703' title='bbox 1298 1789 1544 1823; x_wconf 68' lang='lat' dir='ltr'><strong>anathematizauet,</strong></span> <span class='ocrx_word' id='word_1_704' title='bbox 1554 1790 1609 1825; x_wconf 80' lang='lat' dir='ltr'><strong>ipse</strong></span> <span class='ocrx_word' id='word_1_705' title='bbox 1619 1798 1683 1818; x_wconf 81' lang='lat' dir='ltr'><strong>ana-</strong></span> 
     </span>
    </p>
   </div>
   <div class='ocr_carea' id='block_1_98' title="bbox 889 1834 1683 1873">
    <p class='ocr_par' dir='ltr' id='par_1_98' title="bbox 889 1834 1683 1873">
     <span class='ocr_line' id='line_1_98' title="bbox 889 1834 1683 1873; baseline 0.004 -12"><span class='ocrx_word' id='word_1_706' title='bbox 889 1834 1064 1862; x_wconf 76' lang='lat' dir='ltr'><strong>thematizatus</strong></span> <span class='ocrx_word' id='word_1_707' title='bbox 1079 1836 1169 1863; x_wconf 69' lang='lat' dir='ltr'><strong>exisset</strong></span> <span class='ocrx_word' id='word_1_708' title='bbox 1182 1835 1276 1871; x_wconf 80' lang='lat' dir='ltr'><strong>(Epist.</strong></span> <span class='ocrx_word' id='word_1_709' title='bbox 1291 1836 1352 1869; x_wconf 89' lang='grc'><strong>186,</strong></span> <span class='ocrx_word' id='word_1_710' title='bbox 1365 1845 1391 1864; x_wconf 84' lang='grc' dir='ltr'><em>η.</em></span> <span class='ocrx_word' id='word_1_711' title='bbox 1403 1835 1459 1873; x_wconf 77' lang='grc'><strong>52).</strong></span> <span class='ocrx_word' id='word_1_712' title='bbox 1474 1836 1503 1863; x_wconf 86' lang='lat' dir='ltr'><strong>Id</strong></span> <span class='ocrx_word' id='word_1_713' title='bbox 1521 1836 1627 1872; x_wconf 89' lang='lat' dir='ltr'><strong>quidem</strong></span> <span class='ocrx_word' id='word_1_714' title='bbox 1640 1836 1683 1864; x_wconf 85' lang='lat' dir='ltr'><strong>fu-</strong></span> 
     </span>
    </p>
   </div>
   <div class='ocr_carea' id='block_1_99' title="bbox 888 1881 1683 1918">
    <p class='ocr_par' dir='ltr' id='par_1_99' title="bbox 888 1881 1683 1918">
     <span class='ocr_line' id='line_1_99' title="bbox 888 1881 1683 1918; baseline 0.003 -10"><span class='ocrx_word' id='word_1_715' title='bbox 888 1881 944 1908; x_wconf 91' lang='lat' dir='ltr'><strong>sius</strong></span> <span class='ocrx_word' id='word_1_716' title='bbox 959 1881 1046 1917; x_wconf 85' lang='lat' dir='ltr'><strong>legere</strong></span> <span class='ocrx_word' id='word_1_717' title='bbox 1059 1886 1100 1909; x_wconf 87' lang='lat' dir='ltr'><strong>est</strong></span> <span class='ocrx_word' id='word_1_718' title='bbox 1112 1881 1182 1917; x_wconf 90' lang='lat' dir='ltr'><strong>apud</strong></span> <span class='ocrx_word' id='word_1_719' title='bbox 1203 1882 1392 1918; x_wconf 80' lang='lat' dir='ltr'><strong>Augustinum,</strong></span> <span class='ocrx_word' id='word_1_720' title='bbox 1406 1887 1496 1918; x_wconf 89' lang='lat' dir='ltr'><strong>utpote</strong></span> <span class='ocrx_word' id='word_1_721' title='bbox 1508 1882 1553 1918; x_wconf 89' lang='lat' dir='ltr'><strong>qui</strong></span> <span class='ocrx_word' id='word_1_722' title='bbox 1565 1887 1592 1910; x_wconf 93' lang='lat' dir='ltr'><strong>et</strong></span> <span class='ocrx_word' id='word_1_723' title='bbox 1605 1883 1683 1910; x_wconf 87' lang='lat' dir='ltr'><strong>Anti-</strong></span> 
     </span>
    </p>
   </div>
   <div class='ocr_carea' id='block_1_100' title="bbox 889 1927 1684 1964">
    <p class='ocr_par' dir='ltr' id='par_1_100' title="bbox 889 1927 1684 1964">
     <span class='ocr_line' id='line_1_100' title="bbox 889 1927 1684 1964; baseline 0.004 -10"><span class='ocrx_word' id='word_1_724' title='bbox 889 1927 979 1954; x_wconf 86' lang='lat' dir='ltr'><strong>stitum</strong></span> <span class='ocrx_word' id='word_1_725' title='bbox 992 1931 1019 1955; x_wconf 84' lang='lat' dir='ltr'><strong>et</strong></span> <span class='ocrx_word' id='word_1_726' title='bbox 1033 1927 1132 1964; x_wconf 75' lang='lat' dir='ltr'><strong>Pelagii</strong></span> <span class='ocrx_word' id='word_1_727' title='bbox 1142 1928 1222 1956; x_wconf 89' lang='lat' dir='ltr'><strong>verba</strong></span> <span class='ocrx_word' id='word_1_728' title='bbox 1236 1935 1270 1956; x_wconf 85' lang='lat' dir='ltr'><strong>ex</strong></span> <span class='ocrx_word' id='word_1_729' title='bbox 1281 1928 1516 1964; x_wconf 87' lang='lat' dir='ltr'><strong>autographorum,</strong></span> <span class='ocrx_word' id='word_1_730' title='bbox 1532 1936 1591 1964; x_wconf 66' lang='lat' dir='ltr'><strong>qua:</strong></span> <span class='ocrx_word' id='word_1_731' title='bbox 1604 1928 1638 1957; x_wconf 93' lang='lat' dir='ltr'><strong>ad</strong></span> <span class='ocrx_word' id='word_1_732' title='bbox 1653 1936 1684 1957; x_wconf 86' lang='lat' dir='ltr'><strong>se</strong></span> 
     </span>
    </p>
   </div>
   <div class='ocr_carea' id='block_1_101' title="bbox 889 1974 1684 2010">
    <p class='ocr_par' dir='ltr' id='par_1_101' title="bbox 889 1974 1684 2010">
     <span class='ocr_line' id='line_1_101' title="bbox 889 1974 1684 2010; baseline 0.001 -9"><span class='ocrx_word' id='word_1_733' title='bbox 889 1974 971 2002; x_wconf 84' lang='lat' dir='ltr'><strong>missa</strong></span> <span class='ocrx_word' id='word_1_734' title='bbox 991 1974 1105 2008; x_wconf 86' lang='lat' dir='ltr'><strong>fuerant,</strong></span> <span class='ocrx_word' id='word_1_735' title='bbox 1126 1974 1180 2003; x_wconf 86' lang='lat' dir='ltr'><strong>ﬁde</strong></span> <span class='ocrx_word' id='word_1_736' title='bbox 1201 1974 1310 2009; x_wconf 81' lang='lat' dir='ltr'><strong>referat,</strong></span> <span class='ocrx_word' id='word_1_737' title='bbox 1330 1975 1442 2010; x_wconf 88' lang='lat' dir='ltr'><strong>adjectis</strong></span> <span class='ocrx_word' id='word_1_738' title='bbox 1458 1975 1548 2007; x_wconf 86' lang='lat' dir='ltr'><strong>etiam,</strong></span> <span class='ocrx_word' id='word_1_739' title='bbox 1571 1974 1617 2002; x_wconf 91' lang='lat' dir='ltr'><strong>ubi</strong></span> <span class='ocrx_word' id='word_1_740' title='bbox 1639 1982 1684 2003; x_wconf 90' lang='lat' dir='ltr'><strong>res</strong></span> 
     </span>
    </p>
   </div>
   <div class='ocr_carea' id='block_1_102' title="bbox 889 2020 1683 2056">
    <p class='ocr_par' dir='ltr' id='par_1_102' title="bbox 889 2020 1683 2056">
     <span class='ocr_line' id='line_1_102' title="bbox 889 2020 1683 2056; baseline 0 -8"><span class='ocrx_word' id='word_1_741' title='bbox 889 2021 1025 2056; x_wconf 91' lang='lat' dir='ltr'><strong>postulare</strong></span> <span class='ocrx_word' id='word_1_742' title='bbox 1037 2021 1186 2055; x_wconf 87' lang='lat' dir='ltr'><strong>videbatur,</strong></span> <span class='ocrx_word' id='word_1_743' title='bbox 1197 2021 1427 2049; x_wconf 86' lang='lat' dir='ltr'><strong>observationibus</strong></span> <span class='ocrx_word' id='word_1_744' title='bbox 1439 2028 1471 2049; x_wconf 89' lang='lat' dir='ltr'><strong>ac</strong></span> <span class='ocrx_word' id='word_1_745' title='bbox 1480 2020 1683 2048; x_wconf 85' lang='lat' dir='ltr'><strong>refutationibus</strong></span> 
     </span>
    </p>
   </div>
   <div class='ocr_carea' id='block_1_103' title="bbox 890 2066 1681 2103">
    <p class='ocr_par' dir='ltr' id='par_1_103' title="bbox 890 2066 1681 2103">
     <span class='ocr_line' id='line_1_103' title="bbox 890 2066 1681 2103; baseline -0.001 -8"><span class='ocrx_word' id='word_1_746' title='bbox 890 2067 944 2095; x_wconf 89' lang='lat' dir='ltr'><strong>suis</strong></span> <span class='ocrx_word' id='word_1_747' title='bbox 953 2066 979 2103; x_wconf 84' lang='lat'><strong>(.&#39;</strong></span> <span class='ocrx_word' id='word_1_748' title='bbox 982 2068 1030 2095; x_wconf 89' lang='lat' dir='ltr'><strong>bid.</strong></span> <span class='ocrx_word' id='word_1_749' title='bbox 1043 2072 1067 2095; x_wconf 87' lang='lat' dir='ltr'><strong>et</strong></span> <span class='ocrx_word' id='word_1_750' title='bbox 1078 2067 1116 2095; x_wconf 89' lang='lat' dir='ltr'><strong>De</strong></span> <span class='ocrx_word' id='word_1_751' title='bbox 1126 2067 1197 2095; x_wconf 73' lang='grc' dir='ltr'><strong>ϐεδε.</strong></span> <span class='ocrx_word' id='word_1_752' title='bbox 1207 2067 1318 2103; x_wconf 82' lang='lat' dir='ltr'><strong>Pelagii,</strong></span> <span class='ocrx_word' id='word_1_753' title='bbox 1328 2076 1371 2094; x_wconf 87' lang='lat' dir='ltr'><strong>nn.</strong></span> <span class='ocrx_word' id='word_1_754' title='bbox 1383 2067 1429 2101; x_wconf 70' lang='lat'><strong>25,</strong></span> <span class='ocrx_word' id='word_1_755' title='bbox 1439 2067 1484 2101; x_wconf 72' lang='grc'><strong>24,</strong></span> <span class='ocrx_word' id='word_1_756' title='bbox 1494 2067 1543 2100; x_wconf 83' lang='lat'><strong>65;</strong></span> <span class='ocrx_word' id='word_1_757' title='bbox 1554 2066 1594 2095; x_wconf 83' lang='lat' dir='ltr'><strong>De</strong></span> <span class='ocrx_word' id='word_1_758' title='bbox 1604 2066 1681 2095; x_wconf 82' lang='lat' dir='ltr'><strong>Pecc.</strong></span> 
     </span>
    </p>
   </div>
   <div class='ocr_carea' id='block_1_104' title="bbox 889 2112 1683 2149">
    <p class='ocr_par' dir='ltr' id='par_1_104' title="bbox 889 2112 1683 2149">
     <span class='ocr_line' id='line_1_104' title="bbox 889 2112 1683 2149; baseline -0.001 -8"><span class='ocrx_word' id='word_1_759' title='bbox 889 2114 994 2149; x_wconf 88' lang='lat' dir='ltr'><strong>origin.,</strong></span> <span class='ocrx_word' id='word_1_760' title='bbox 1004 2122 1030 2141; x_wconf 82' lang='grc' dir='ltr'><strong>η.</strong></span> <span class='ocrx_word' id='word_1_761' title='bbox 1044 2114 1100 2149; x_wconf 70' lang='grc' dir='ltr'><strong>η).</strong></span> <span class='ocrx_word' id='word_1_762' title='bbox 1112 2112 1179 2141; x_wconf 89' lang='lat' dir='ltr'><strong>Cum</strong></span> <span class='ocrx_word' id='word_1_763' title='bbox 1192 2117 1281 2141; x_wconf 78' lang='lat' dir='ltr'><strong>autem</strong></span> <span class='ocrx_word' id='word_1_764' title='bbox 1294 2113 1321 2140; x_wconf 90' lang='lat' dir='ltr'><strong>in</strong></span> <span class='ocrx_word' id='word_1_765' title='bbox 1334 2113 1448 2140; x_wconf 89' lang='lat' dir='ltr'><strong>concilio</strong></span> <span class='ocrx_word' id='word_1_766' title='bbox 1456 2120 1536 2141; x_wconf 87' lang='lat' dir='ltr'><strong>nemo</strong></span> <span class='ocrx_word' id='word_1_767' title='bbox 1545 2116 1626 2147; x_wconf 83' lang='lat' dir='ltr'><strong>esset,</strong></span> <span class='ocrx_word' id='word_1_768' title='bbox 1638 2113 1683 2148; x_wconf 88' lang='lat' dir='ltr'><strong>qui</strong></span> 
     </span>
    </p>
   </div>
   <div class='ocr_carea' id='block_1_105' title="bbox 890 2158 1685 2195">
    <p class='ocr_par' dir='ltr' id='par_1_105' title="bbox 890 2158 1685 2195">
     <span class='ocr_line' id='line_1_105' title="bbox 890 2158 1685 2195; baseline -0.001 -8"><span class='ocrx_word' id='word_1_769' title='bbox 890 2160 1031 2188; x_wconf 87' lang='lat' dir='ltr'><strong>intentatas</strong></span> <span class='ocrx_word' id='word_1_770' title='bbox 1040 2159 1146 2195; x_wconf 89' lang='lat' dir='ltr'><strong>Pelagio</strong></span> <span class='ocrx_word' id='word_1_771' title='bbox 1154 2159 1336 2187; x_wconf 88' lang='lat' dir='ltr'><strong>accusationes</strong></span> <span class='ocrx_word' id='word_1_772' title='bbox 1344 2158 1508 2193; x_wconf 87' lang='lat' dir='ltr'><strong>defenderet,</strong></span> <span class='ocrx_word' id='word_1_773' title='bbox 1518 2166 1550 2187; x_wconf 85' lang='lat' dir='ltr'><strong>ac</strong></span> <span class='ocrx_word' id='word_1_774' title='bbox 1557 2159 1685 2195; x_wconf 84' lang='lat' dir='ltr'><strong>tergiver—</strong></span> 
     </span>
    </p>
   </div>
   <div class='ocr_carea' id='block_1_106' title="bbox 890 2203 1684 2242">
    <p class='ocr_par' dir='ltr' id='par_1_106' title="bbox 890 2203 1684 2242">
     <span class='ocr_line' id='line_1_106' title="bbox 890 2203 1684 2242; baseline -0.003 -8"><span class='ocrx_word' id='word_1_775' title='bbox 890 2206 1008 2234; x_wconf 90' lang='lat' dir='ltr'><strong>sationes</strong></span> <span class='ocrx_word' id='word_1_776' title='bbox 1022 2206 1080 2242; x_wconf 88' lang='lat' dir='ltr'><strong>ejus</strong></span> <span class='ocrx_word' id='word_1_777' title='bbox 1094 2210 1175 2242; x_wconf 89' lang='lat' dir='ltr'><strong>atque</strong></span> <span class='ocrx_word' id='word_1_778' title='bbox 1188 2205 1327 2234; x_wconf 88' lang='lat' dir='ltr'><strong>mendacia</strong></span> <span class='ocrx_word' id='word_1_779' title='bbox 1338 2204 1484 2240; x_wconf 86' lang='lat' dir='ltr'><strong>detegeret,</strong></span> <span class='ocrx_word' id='word_1_780' title='bbox 1498 2212 1584 2240; x_wconf 88' lang='lat' dir='ltr'><strong>neque</strong></span> <span class='ocrx_word' id='word_1_781' title='bbox 1598 2203 1684 2232; x_wconf 67' lang='grc' dir='ltr'><strong>(Ξτωοί</strong></span> 
     </span>
    </p>
   </div>
   <div class='ocr_carea' id='block_1_107' title="bbox 891 2249 1684 2287">
    <p class='ocr_par' dir='ltr' id='par_1_107' title="bbox 891 2249 1684 2287">
     <span class='ocr_line' id='line_1_107' title="bbox 891 2249 1684 2287; baseline -0.004 -7"><span class='ocrx_word' id='word_1_782' title='bbox 891 2252 1019 2287; x_wconf 67' lang='lat' dir='ltr'><strong>praesules</strong></span> <span class='ocrx_word' id='word_1_783' title='bbox 1026 2251 1146 2286; x_wconf 88' lang='lat' dir='ltr'><strong>ejusdem</strong></span> <span class='ocrx_word' id='word_1_784' title='bbox 1157 2251 1249 2283; x_wconf 89' lang='lat' dir='ltr'><strong>libros,</strong></span> <span class='ocrx_word' id='word_1_785' title='bbox 1258 2251 1340 2278; x_wconf 90' lang='lat' dir='ltr'><strong>latine</strong></span> <span class='ocrx_word' id='word_1_786' title='bbox 1349 2250 1471 2278; x_wconf 86' lang='lat' dir='ltr'><strong>videlicet</strong></span> <span class='ocrx_word' id='word_1_787' title='bbox 1478 2249 1573 2284; x_wconf 86' lang='lat' dir='ltr'><strong>editos,</strong></span> <span class='ocrx_word' id='word_1_788' title='bbox 1580 2249 1684 2277; x_wconf 79' lang='lat' dir='ltr'><strong>exami-</strong></span> 
     </span>
    </p>
   </div>
   <div class='ocr_carea' id='block_1_108' title="bbox 891 2296 1685 2334">
    <p class='ocr_par' dir='ltr' id='par_1_108' title="bbox 891 2296 1685 2334">
     <span class='ocr_line' id='line_1_108' title="bbox 891 2296 1685 2334; baseline -0.003 -8"><span class='ocrx_word' id='word_1_789' title='bbox 891 2306 955 2326; x_wconf 88' lang='lat' dir='ltr'><strong>nare</strong></span> <span class='ocrx_word' id='word_1_790' title='bbox 965 2306 1013 2334; x_wconf 90' lang='lat' dir='ltr'><strong>per</strong></span> <span class='ocrx_word' id='word_1_791' title='bbox 1028 2305 1058 2326; x_wconf 87' lang='lat' dir='ltr'><strong>se</strong></span> <span class='ocrx_word' id='word_1_792' title='bbox 1071 2297 1205 2330; x_wconf 84' lang='lat' dir='ltr'><strong>valerent;</strong></span> <span class='ocrx_word' id='word_1_793' title='bbox 1217 2297 1347 2330; x_wconf 87' lang='lat' dir='ltr'><strong>id.unum,</strong></span> <span class='ocrx_word' id='word_1_794' title='bbox 1358 2296 1430 2331; x_wconf 90' lang='lat' dir='ltr'><strong>quod</strong></span> <span class='ocrx_word' id='word_1_795' title='bbox 1444 2300 1627 2331; x_wconf 85' lang='lat' dir='ltr'><strong>sequerentur,</strong></span> <span class='ocrx_word' id='word_1_796' title='bbox 1638 2303 1685 2325; x_wconf 84' lang='lat' dir='ltr'><strong>su-</strong></span> 
     </span>
    </p>
   </div>
   <div class='ocr_carea' id='block_1_109' title="bbox 890 2340 1685 2379">
    <p class='ocr_par' dir='ltr' id='par_1_109' title="bbox 890 2340 1685 2379">
     <span class='ocr_line' id='line_1_109' title="bbox 890 2340 1685 2379; baseline -0.001 -8"><span class='ocrx_word' id='word_1_797' title='bbox 890 2347 1005 2379; x_wconf 89' lang='lat' dir='ltr'><strong>pererat,</strong></span> <span class='ocrx_word' id='word_1_798' title='bbox 1018 2350 1113 2378; x_wconf 88' lang='lat' dir='ltr'><strong>nempe</strong></span> <span class='ocrx_word' id='word_1_799' title='bbox 1120 2342 1259 2377; x_wconf 85' lang='lat' dir='ltr'><strong>opiniones</strong></span> <span class='ocrx_word' id='word_1_800' title='bbox 1268 2341 1366 2376; x_wconf 83' lang='lat' dir='ltr'><strong>Pelagii</strong></span> <span class='ocrx_word' id='word_1_801' title='bbox 1376 2348 1407 2368; x_wconf 80' lang='lat' dir='ltr'><strong>ex</strong></span> <span class='ocrx_word' id='word_1_802' title='bbox 1417 2340 1499 2376; x_wconf 88' lang='lat' dir='ltr'><strong>ipsius</strong></span> <span class='ocrx_word' id='word_1_803' title='bbox 1506 2340 1595 2369; x_wconf 89' lang='lat' dir='ltr'><strong>verbis</strong></span> <span class='ocrx_word' id='word_1_804' title='bbox 1603 2348 1635 2369; x_wconf 90' lang='lat' dir='ltr'><strong>ac</strong></span> <span class='ocrx_word' id='word_1_805' title='bbox 1644 2345 1685 2370; x_wconf 86' lang='lat' dir='ltr'><strong>te-</strong></span> 
     </span>
    </p>
   </div>
   <div class='ocr_carea' id='block_1_110' title="bbox 890 2386 1685 2424">
    <p class='ocr_par' dir='ltr' id='par_1_110' title="bbox 890 2386 1685 2424">
     <span class='ocr_line' id='line_1_110' title="bbox 890 2386 1685 2424; baseline -0.004 -6"><span class='ocrx_word' id='word_1_806' title='bbox 890 2389 1015 2418; x_wconf 89' lang='lat' dir='ltr'><strong>stimonio</strong></span> <span class='ocrx_word' id='word_1_807' title='bbox 1023 2389 1144 2424; x_wconf 88' lang='lat' dir='ltr'><strong>judicare</strong></span> <span class='ocrx_word' id='word_1_808' title='bbox 1153 2397 1160 2415; x_wconf 88' lang='lat'><strong>:</strong></span> <span class='ocrx_word' id='word_1_809' title='bbox 1169 2392 1249 2423; x_wconf 90' lang='lat' dir='ltr'><strong>atque</strong></span> <span class='ocrx_word' id='word_1_810' title='bbox 1260 2387 1296 2415; x_wconf 90' lang='lat' dir='ltr'><strong>ita</strong></span> <span class='ocrx_word' id='word_1_811' title='bbox 1308 2386 1422 2422; x_wconf 90' lang='lat' dir='ltr'><strong>decepti,</strong></span> <span class='ocrx_word' id='word_1_812' title='bbox 1436 2394 1508 2420; x_wconf 91' lang='lat' dir='ltr'><strong>eum,</strong></span> <span class='ocrx_word' id='word_1_813' title='bbox 1522 2391 1551 2414; x_wconf 92' lang='lat' dir='ltr'><strong>ut</strong></span> <span class='ocrx_word' id='word_1_814' title='bbox 1563 2386 1685 2416; x_wconf 88' lang='lat' dir='ltr'><strong>homines</strong></span> 
     </span>
    </p>
   </div>
   <div class='ocr_carea' id='block_1_111' title="bbox 891 2432 1685 2470">
    <p class='ocr_par' dir='ltr' id='par_1_111' title="bbox 891 2432 1685 2470">
     <span class='ocr_line' id='line_1_111' title="bbox 891 2432 1685 2470; baseline -0.004 -6"><span class='ocrx_word' id='word_1_815' title='bbox 891 2440 978 2470; x_wconf 87' lang='lat' dir='ltr'><strong>erant,</strong></span> <span class='ocrx_word' id='word_1_816' title='bbox 994 2435 1067 2462; x_wconf 92' lang='lat' dir='ltr'><strong>nullo</strong></span> <span class='ocrx_word' id='word_1_817' title='bbox 1082 2442 1114 2462; x_wconf 77' lang='lat' dir='ltr'><strong>ex</strong></span> <span class='ocrx_word' id='word_1_818' title='bbox 1132 2433 1215 2462; x_wconf 85' lang='lat' dir='ltr'><strong>altera</strong></span> <span class='ocrx_word' id='word_1_819' title='bbox 1229 2437 1304 2469; x_wconf 87' lang='lat' dir='ltr'><strong>parte</strong></span> <span class='ocrx_word' id='word_1_820' title='bbox 1322 2437 1434 2468; x_wconf 85' lang='lat' dir='ltr'><strong>urgente</strong></span> <span class='ocrx_word' id='word_1_821' title='bbox 1453 2432 1615 2467; x_wconf 89' lang='lat' dir='ltr'><strong>adversario,</strong></span> <span class='ocrx_word' id='word_1_822' title='bbox 1636 2441 1685 2469; x_wconf 89' lang='lat' dir='ltr'><strong>pu-</strong></span> 
     </span>
    </p>
   </div>
   <div class='ocr_carea' id='block_1_112' title="bbox 891 2477 1687 2516">
    <p class='ocr_par' dir='ltr' id='par_1_112' title="bbox 891 2477 1687 2516">
     <span class='ocr_line' id='line_1_112' title="bbox 891 2477 1687 2516; baseline -0.003 -7"><span class='ocrx_word' id='word_1_823' title='bbox 891 2485 979 2516; x_wconf 73' lang='lat' dir='ltr'><strong>tantes</strong></span> <span class='ocrx_word' id='word_1_824' title='bbox 989 2479 1159 2513; x_wconf 90' lang='lat' dir='ltr'><strong>catholicum,</strong></span> <span class='ocrx_word' id='word_1_825' title='bbox 1171 2483 1298 2514; x_wconf 88' lang='lat' dir='ltr'><strong>tanquam</strong></span> <span class='ocrx_word' id='word_1_826' title='bbox 1308 2477 1469 2506; x_wconf 88' lang='lat' dir='ltr'><strong>catholicum</strong></span> <span class='ocrx_word' id='word_1_827' title='bbox 1481 2478 1687 2513; x_wconf 87' lang='lat' dir='ltr'><strong>pronuntiarunt</strong></span> 
     </span>
    </p>
   </div>
   <div class='ocr_carea' id='block_1_113' title="bbox 892 2524 1685 2564">
    <p class='ocr_par' dir='ltr' id='par_1_113' title="bbox 892 2524 1685 2564">
     <span class='ocr_line' id='line_1_113' title="bbox 892 2524 1685 2564; baseline -0.004 -9"><span class='ocrx_word' id='word_1_828' title='bbox 892 2527 977 2564; x_wconf 83' lang='lat' dir='ltr'><strong>(Cant.</strong></span> <span class='ocrx_word' id='word_1_829' title='bbox 989 2527 1133 2560; x_wconf 73' lang='lat' dir='ltr'><strong>lulianum,</strong></span> <span class='ocrx_word' id='word_1_830' title='bbox 1145 2525 1189 2554; x_wconf 86' lang='lat' dir='ltr'><strong>lib.</strong></span> <span class='ocrx_word' id='word_1_831' title='bbox 1202 2526 1229 2558; x_wconf 87' lang='lat' dir='ltr'><strong>l,</strong></span> <span class='ocrx_word' id='word_1_832' title='bbox 1239 2534 1266 2553; x_wconf 82' lang='grc' dir='ltr'><strong>η.</strong></span> <span class='ocrx_word' id='word_1_833' title='bbox 1280 2525 1336 2561; x_wconf 85' lang='grc'><strong>19).</strong></span> <span class='ocrx_word' id='word_1_834' title='bbox 1347 2524 1392 2553; x_wconf 85' lang='lat' dir='ltr'><strong>Sic</strong></span> <span class='ocrx_word' id='word_1_835' title='bbox 1401 2524 1434 2552; x_wconf 92' lang='lat' dir='ltr'><strong>de</strong></span> <span class='ocrx_word' id='word_1_836' title='bbox 1439 2524 1540 2560; x_wconf 89' lang='lat' dir='ltr'><strong>judicio</strong></span> <span class='ocrx_word' id='word_1_837' title='bbox 1553 2524 1685 2560; x_wconf 86' lang='lat' dir='ltr'><strong>Diospoli-</strong></span> 
     </span>
    </p>
   </div>
   <div class='ocr_carea' id='block_1_114' title="bbox 892 2570 1686 2609">
    <p class='ocr_par' dir='ltr' id='par_1_114' title="bbox 892 2570 1686 2609">
     <span class='ocr_line' id='line_1_114' title="bbox 892 2570 1686 2609; baseline -0.004 -7"><span class='ocrx_word' id='word_1_838' title='bbox 892 2578 954 2602; x_wconf 81' lang='lat' dir='ltr'><strong>lano</strong></span> <span class='ocrx_word' id='word_1_839' title='bbox 968 2573 1090 2609; x_wconf 88' lang='lat' dir='ltr'><strong>Pelagius</strong></span> <span class='ocrx_word' id='word_1_840' title='bbox 1102 2571 1209 2608; x_wconf 89' lang='lat' dir='ltr'><strong>quidem</strong></span> <span class='ocrx_word' id='word_1_841' title='bbox 1222 2575 1348 2608; x_wconf 90' lang='lat' dir='ltr'><strong>quantum</strong></span> <span class='ocrx_word' id='word_1_842' title='bbox 1369 2570 1402 2598; x_wconf 90' lang='lat' dir='ltr'><strong>ad</strong></span> <span class='ocrx_word' id='word_1_843' title='bbox 1416 2570 1555 2598; x_wconf 85' lang='lat' dir='ltr'><strong>hominum</strong></span> <span class='ocrx_word' id='word_1_844' title='bbox 1572 2578 1686 2607; x_wconf 83' lang='lat' dir='ltr'><strong>conspe-</strong></span> 
     </span>
    </p>
   </div>
   <div class='ocr_carea' id='block_1_115' title="bbox 891 2616 1686 2652">
    <p class='ocr_par' dir='ltr' id='par_1_115' title="bbox 891 2616 1686 2652">
     <span class='ocr_line' id='line_1_115' title="bbox 891 2616 1686 2652; baseline -0.005 -5"><span class='ocrx_word' id='word_1_845' title='bbox 891 2624 965 2648; x_wconf 91' lang='lat' dir='ltr'><strong>ctum</strong></span> <span class='ocrx_word' id='word_1_846' title='bbox 986 2619 1091 2652; x_wconf 89' lang='lat' dir='ltr'><strong>attinet,</strong></span> <span class='ocrx_word' id='word_1_847' title='bbox 1113 2618 1186 2646; x_wconf 89' lang='lat' dir='ltr'><strong>velut</strong></span> <span class='ocrx_word' id='word_1_848' title='bbox 1199 2617 1347 2650; x_wconf 84' lang='lat' dir='ltr'><strong>absolutus,</strong></span> <span class='ocrx_word' id='word_1_849' title='bbox 1364 2623 1414 2645; x_wconf 89' lang='lat' dir='ltr'><strong>suo</strong></span> <span class='ocrx_word' id='word_1_850' title='bbox 1428 2620 1516 2644; x_wconf 85' lang='lat' dir='ltr'><strong>tamen</strong></span> <span class='ocrx_word' id='word_1_851' title='bbox 1534 2616 1622 2652; x_wconf 87' lang='lat' dir='ltr'><strong>palam</strong></span> <span class='ocrx_word' id='word_1_852' title='bbox 1637 2616 1686 2644; x_wconf 82' lang='lat' dir='ltr'><strong>da-</strong></span> 
     </span>
    </p>
   </div>
   <div class='ocr_carea' id='block_1_116' title="bbox 893 2661 1696 2702">
    <p class='ocr_par' dir='ltr' id='par_1_116' title="bbox 893 2661 1696 2702">
     <span class='ocr_line' id='line_1_116' title="bbox 893 2661 1696 2702; baseline -0.009 -7"><span class='ocrx_word' id='word_1_853' title='bbox 893 2671 983 2695; x_wconf 86' lang='lat' dir='ltr'><strong>mnato</strong></span> <span class='ocrx_word' id='word_1_854' title='bbox 993 2666 1127 2702; x_wconf 79' lang='lat' dir='ltr'><strong>dogmate,</strong></span> <span class='ocrx_word' id='word_1_855' title='bbox 1143 2670 1267 2700; x_wconf 77' lang='lat' dir='ltr'><strong>egressus</strong></span> <span class='ocrx_word' id='word_1_856' title='bbox 1278 2667 1319 2691; x_wconf 91' lang='lat' dir='ltr'><strong>est</strong></span> <span class='ocrx_word' id='word_1_857' title='bbox 1329 2661 1421 2698; x_wconf 86' lang='lat' dir='ltr'><strong>(Ibid.,</strong></span> <span class='ocrx_word' id='word_1_858' title='bbox 1433 2662 1477 2689; x_wconf 87' lang='lat' dir='ltr'><strong>lib.</strong></span> <span class='ocrx_word' id='word_1_859' title='bbox 1488 2662 1516 2695; x_wconf 75' lang='lat'><strong>2,</strong></span> <span class='ocrx_word' id='word_1_860' title='bbox 1531 2670 1558 2689; x_wconf 80' lang='grc' dir='ltr'><strong>η.</strong></span> <span class='ocrx_word' id='word_1_861' title='bbox 1572 2662 1630 2697; x_wconf 75' lang='grc'><strong>54).</strong></span> <span class='ocrx_word' id='word_1_862' title='bbox 1692 2663 1696 2693; x_wconf 74' lang='grc' dir='ltr'>ἶ</span> 
     </span>
    </p>
   </div>
   <div class='ocr_carea' id='block_1_117' title="bbox 927 2707 1687 2746">
    <p class='ocr_par' dir='ltr' id='par_1_117' title="bbox 927 2707 1687 2746">
     <span class='ocr_line' id='line_1_117' title="bbox 927 2707 1687 2746; baseline -0.008 -6"><span class='ocrx_word' id='word_1_863' title='bbox 927 2712 955 2740; x_wconf 86' lang='grc'><strong>5.</strong></span> <span class='ocrx_word' id='word_1_864' title='bbox 975 2711 1039 2740; x_wconf 85' lang='lat' dir='ltr'><strong>Post</strong></span> <span class='ocrx_word' id='word_1_865' title='bbox 1053 2712 1100 2738; x_wconf 82' lang='lat' dir='ltr'><strong>hoc</strong></span> <span class='ocrx_word' id='word_1_866' title='bbox 1109 2710 1246 2746; x_wconf 83' lang='lat' dir='ltr'><strong>judicium,</strong></span> <span class='ocrx_word' id='word_1_867' title='bbox 1262 2708 1300 2736; x_wconf 91' lang='lat' dir='ltr'><strong>uti</strong></span> <span class='ocrx_word' id='word_1_868' title='bbox 1321 2712 1413 2736; x_wconf 88' lang='lat' dir='ltr'><strong>narrat</strong></span> <span class='ocrx_word' id='word_1_869' title='bbox 1429 2707 1601 2744; x_wconf 86' lang='lat' dir='ltr'><strong>Augustinus,</strong></span> <span class='ocrx_word' id='word_1_870' title='bbox 1621 2707 1656 2734; x_wconf 84' lang='lat' dir='ltr'><strong>ibi</strong></span> <span class='ocrx_word' id='word_1_871' title='bbox 1669 2714 1687 2735; x_wconf 87' lang='lat' dir='ltr'><strong>a</strong></span> 
     </span>
    </p>
   </div>
   <div class='ocr_carea' id='block_1_118' title="bbox 892 2753 1686 2793">
    <p class='ocr_par' dir='ltr' id='par_1_118' title="bbox 892 2753 1686 2793">
     <span class='ocr_line' id='line_1_118' title="bbox 892 2753 1686 2793; baseline -0.006 -8"><span class='ocrx_word' id='word_1_872' title='bbox 892 2758 975 2785; x_wconf 80' lang='lat' dir='ltr'><strong>nescio</strong></span> <span class='ocrx_word' id='word_1_873' title='bbox 994 2765 1044 2793; x_wconf 85' lang='lat' dir='ltr'><strong>quo</strong></span> <span class='ocrx_word' id='word_1_874' title='bbox 1063 2764 1142 2784; x_wconf 88' lang='lat' dir='ltr'><strong>cuneo</strong></span> <span class='ocrx_word' id='word_1_875' title='bbox 1162 2755 1329 2791; x_wconf 87' lang='lat' dir='ltr'><strong>perditorum,</strong></span> <span class='ocrx_word' id='word_1_876' title='bbox 1352 2753 1397 2790; x_wconf 83' lang='lat' dir='ltr'><strong>qui</strong></span> <span class='ocrx_word' id='word_1_877' title='bbox 1410 2753 1483 2781; x_wconf 73' lang='lat' dir='ltr'><strong>valde</strong></span> <span class='ocrx_word' id='word_1_878' title='bbox 1498 2753 1525 2781; x_wconf 83' lang='lat' dir='ltr'><strong>in</strong></span> <span class='ocrx_word' id='word_1_879' title='bbox 1544 2760 1686 2789; x_wconf 80' lang='lat' dir='ltr'><strong>perversum</strong></span> 
     </span>
    </p>
   </div>
   <div class='ocr_carea' id='block_1_119' title="bbox 893 2797 1686 2840">
    <p class='ocr_par' dir='ltr' id='par_1_119' title="bbox 893 2797 1686 2840">
     <span class='ocr_line' id='line_1_119' title="bbox 893 2797 1686 2840; baseline -0.01 -9"><span class='ocrx_word' id='word_1_880' title='bbox 893 2803 1054 2840; x_wconf 85' lang='lat' dir='ltr'><strong>perhibentur</strong></span> <span class='ocrx_word' id='word_1_881' title='bbox 1073 2802 1178 2838; x_wconf 82' lang='lat' dir='ltr'><strong>Pelagio</strong></span> <span class='ocrx_word' id='word_1_882' title='bbox 1193 2800 1341 2837; x_wconf 68' lang='lat' dir='ltr'><strong>suffragari,</strong></span> <span class='ocrx_word' id='word_1_883' title='bbox 1355 2799 1496 2827; x_wconf 84' lang='lat' dir='ltr'><strong>incredibili</strong></span> <span class='ocrx_word' id='word_1_884' title='bbox 1506 2797 1614 2825; x_wconf 81' lang='lat' dir='ltr'><strong>audacia</strong></span> <span class='ocrx_word' id='word_1_885' title='bbox 1625 2806 1686 2832; x_wconf 87' lang='lat' dir='ltr'><strong>per-</strong></span> 
     </span>
    </p>
   </div>
   <div class='ocr_carea' id='block_1_120' title="bbox 894 2843 1686 2887">
    <p class='ocr_par' dir='ltr' id='par_1_120' title="bbox 894 2843 1686 2887">
     <span class='ocr_line' id='line_1_120' title="bbox 894 2843 1686 2887; baseline -0.01 -10"><span class='ocrx_word' id='word_1_886' title='bbox 894 2854 992 2887; x_wconf 86' lang='lat' dir='ltr'><strong>petrata</strong></span> <span class='ocrx_word' id='word_1_887' title='bbox 1005 2849 1125 2876; x_wconf 84' lang='lat' dir='ltr'><strong>dicuntur</strong></span> <span class='ocrx_word' id='word_1_888' title='bbox 1137 2852 1208 2876; x_wconf 88' lang='lat' dir='ltr'><strong>tanta</strong></span> <span class='ocrx_word' id='word_1_889' title='bbox 1221 2847 1303 2880; x_wconf 88' lang='lat' dir='ltr'><strong>mala,</strong></span> <span class='ocrx_word' id='word_1_890' title='bbox 1319 2851 1346 2873; x_wconf 90' lang='lat' dir='ltr'><strong>ut</strong></span> <span class='ocrx_word' id='word_1_891' title='bbox 1360 2845 1409 2873; x_wconf 85' lang='lat' dir='ltr'><strong>Dei</strong></span> <span class='ocrx_word' id='word_1_892' title='bbox 1425 2844 1490 2872; x_wconf 82' lang='lat' dir='ltr'><strong>servi</strong></span> <span class='ocrx_word' id='word_1_893' title='bbox 1500 2848 1524 2871; x_wconf 88' lang='lat' dir='ltr'><strong>et</strong></span> <span class='ocrx_word' id='word_1_894' title='bbox 1537 2843 1638 2870; x_wconf 67' lang='lat' dir='ltr'><strong>ancillae</strong></span> <span class='ocrx_word' id='word_1_895' title='bbox 1651 2844 1686 2871; x_wconf 79' lang='lat' dir='ltr'><strong>ad</strong></span> 
     </span>
    </p>
   </div>
   <div class='ocr_carea' id='block_1_121' title="bbox 895 2888 1687 2930">
    <p class='ocr_par' dir='ltr' id='par_1_121' title="bbox 895 2888 1687 2930">
     <span class='ocr_line' id='line_1_121' title="bbox 895 2888 1687 2930; baseline -0.013 -5"><span class='ocrx_word' id='word_1_896' title='bbox 895 2904 982 2925; x_wconf 86' lang='lat' dir='ltr'><strong>curam</strong></span> <span class='ocrx_word' id='word_1_897' title='bbox 991 2897 1073 2924; x_wconf 77' lang='lat' dir='ltr'><strong>sancti</strong></span> <span class='ocrx_word' id='word_1_898' title='bbox 1084 2893 1233 2930; x_wconf 80' lang='lat' dir='ltr'><strong>Hieronymi</strong></span> <span class='ocrx_word' id='word_1_899' title='bbox 1242 2890 1380 2929; x_wconf 78' lang='lat' dir='ltr'><strong>presbyteri</strong></span> <span class='ocrx_word' id='word_1_900' title='bbox 1388 2889 1538 2926; x_wconf 81' lang='lat' dir='ltr'><strong>pertinentes</strong></span> <span class='ocrx_word' id='word_1_901' title='bbox 1547 2888 1687 2916; x_wconf 80' lang='lat' dir='ltr'><strong>sceleratis-</strong></span> 
     </span>
    </p>
   </div>
   <div class='ocr_carea' id='block_1_122' title="bbox 896 2934 1688 2978">
    <p class='ocr_par' dir='ltr' id='par_1_122' title="bbox 896 2934 1688 2978">
     <span class='ocr_line' id='line_1_122' title="bbox 896 2934 1688 2978; baseline -0.015 -5"><span class='ocrx_word' id='word_1_902' title='bbox 896 2944 962 2973; x_wconf 72' lang='lat' dir='ltr'><strong>simo</strong></span> <span class='ocrx_word' id='word_1_903' title='bbox 983 2942 1051 2971; x_wconf 66' lang='lat' dir='ltr'><strong>crede</strong></span> <span class='ocrx_word' id='word_1_904' title='bbox 1071 2941 1237 2978; x_wconf 66' lang='lat' dir='ltr'><strong>adicerentur,</strong></span> <span class='ocrx_word' id='word_1_905' title='bbox 1258 2937 1377 2966; x_wconf 78' lang='lat' dir='ltr'><strong>diaconus</strong></span> <span class='ocrx_word' id='word_1_906' title='bbox 1394 2934 1556 2970; x_wconf 78' lang='lat' dir='ltr'><strong>occideretur,</strong></span> <span class='ocrx_word' id='word_1_907' title='bbox 1577 2934 1688 2971; x_wconf 65' lang='lat' dir='ltr'><strong>(edi/icio</strong></span> 
     </span>
    </p>
   </div>
  </div>
