3858 6398
625 323 736 386 483

627 439 1044 496 monasteriorum
1072 438 1473 508 incenderentur,
1510 439 1592 493 vix
1619 439 1784 510 ipsum
1822 437 2206 516 Hieronymum

623 532 688 587 ab
711 533 806 588 ltoc
832 530 1019 612 impetu
1047 541 1193 601 atque
1215 531 1417 585 incursu
1441 530 1708 601 impiorum
1727 530 1779 583 in
1805 527 1899 582 Dei
1924 529 2206 583 misericor-

626 626 714 680 dia
761 623 916 679 turris
961 623 1200 678 munitior
1243 633 1462 678 tueretur
1496 639 1750 695 :qnorutn
1791 621 2031 677 scelerum
2071 623 2208 693 fama

621 732 970 789 usquequaque
1001 717 1241 771 volitante
1267 716 1423 770 animi
1444 716 1659 786 graviter
1683 715 1933 769 vulnerati
1966 722 2081 768 sunt
2104 710 2209 781 (De

621 809 761 863 Gest.
792 807 1010 879 Pelagii,
1037 823 1090 862 n.
1113 805 1225 886 66).
1257 806 1332 861 De
1358 805 1440 861 his
1461 804 1672 876 quando
1694 805 1892 861 certior
1917 804 2083 860 lactus
2107 802 2207 858 fuit

617 899 955 959 Innocentius
984 915 1140 973 papa,
1181 900 1393 972 scripsit
1432 899 1570 954 hanc
1599 899 1652 955 in
1682 913 1797 955 rem
1825 899 1977 954 binas
2005 897 2204 972 cpisto-

615 991 716 1062 las,
756 1009 916 1050 unam
945 992 1012 1049 ad
1039 993 1296 1049 Joannem
1325 991 1828 1070 lerosolymitanum
1871 991 2199 1071 episcopum,

615 1085 840 1141 alteram
859 1084 927 1140 ad
950 1085 1327 1157 Hieronymum
1349 1084 1738 1157 presbyterum.

688 1176 741 1230 Ι.
780 1175 910 1232 Post
947 1175 1190 1232 eamdem
1222 1175 1636 1247 Diospolltanam
1681 1176 1943 1254 synodum
1983 1175 2201 1233 editioni

613 1269 894 1326 Gestorum
921 1284 1070 1324 mora
1096 1267 1280 1324 dolose
1304 1267 1461 1324 allata
1490 1267 1679 1340 (Ibid,
1701 1285 1754 1324 n.
1778 1268 1892 1342 55),
1919 1268 2198 1326 confestim

611 1361 833 1433 epistola
857 1361 1086 1418 carnalis
1109 1361 1444 1418 ventositatls
1469 1371 1523 1418 et
1561 1361 1824 1429 elationis,
1857 1377 1975 1434 qua:
2003 1361 2199 1432 Pelagii

612 1453 678 1511 ad
714 1455 943 1511 amicum
983 1469 1136 1510 suum
1177 1453 1460 1525 quemdam
1505 1455 1876 1526 presbyterum
1918 1451 2202 1509 scribentis

612 1559 733 1603 esse
749 1545 1027 1602 dicebatur
1060 1544 1244 1618 (ibid,
1271 1563 1326 1600 n.
1363 1545 1476 1616 54).
1508 1545 1781 1601 celeritate
1809 1544 2119 1616 praecedens
2146 1545 2199 1599 in

611 1653 799 1694 manus
825 1637 1097 1694 hominum
1128 1639 1466 1710 praevolavit;
1507 1638 1560 1693 in
1590 1654 1692 1710 qua
1722 1640 1800 1694 sic
1834 1653 1924 1694 res
1959 1647 2076 1693 aeta
2109 1654 2201 1693 ex-

610 1729 921 1800 ponebatur,
951 1738 1010 1785 ut
1038 1730 1190 1786 tacita
1229 1729 1407 1785 divina
1448 1730 1638 1800 gratia,
1679 1729 1794 1784 sola
1833 1729 1904 1784 ibi
1927 1729 2199 1800 legeretur

608 1819 789 1876 infelix
815 1831 873 1877 et
914 1835 976 1876 se
1002 1822 1171 1892 ipsam
1208 1820 1503 1891 decipiens,
1537 1819 1681 1876 velut
1710 1820 1922 1888 victrix,
1965 1820 2196 1875 humana

607 1913 874 1983 superbia.
905 1914 1170 1970 Praeterea
1195 1913 1479 1970 Gestorum
1509 1914 1920 1969 Palmstinorum
1942 1923 2196 1983 tanquam

607 2006 926 2063 breviarium
967 2008 1210 2078 Pelagius
1241 2009 1291 2062 in
1334 2008 1576 2063 chartula
1607 2007 1752 2073 facit,
1781 2023 1900 2079 qua:
1939 2007 2093 2062 facile
2136 2021 2198 2061 ac

607 2099 712 2153 elt—o
735 2113 1114 2172 usquequaque
1152 2100 1477 2166 discurrens,
1523 2100 1572 2156 ei
1601 2101 1719 2157 vice
1761 2101 2020 2171 apologis:
2056 2109 2200 2156 esset

609 2188 795 2261 (Ibid,
837 2210 889 2248 n.
930 2194 1020 2265 ΒΥ)
1056 2212 1068 2246 :
1098 2209 1254 2264 quam
1305 2194 1374 2250 ob
1421 2193 1477 2248 id
1528 2193 1668 2249 forte
1720 2195 2063 2264 Augustinus,
2112 2194 2196 2248 cui

607 2282 852 2340 eamdem
875 2283 964 2340 illc
989 2285 1103 2340 sine
1127 2285 1317 2341 litteris
1344 2286 1446 2355 ipsi
1471 2286 1785 2341 nominatim
1818 2286 2030 2356 scriptis
2056 2285 2199 2343 misit

605 2375 792 2452 (ibid,
823 2395 879 2432 η.
903 2379 977 2447 1),
1011 2378 1304 2433 chartulam
1332 2377 1659 2433 delensionis
1686 2379 1802 2447 ejus
1829 2387 1984 2434 vocat
2009 2377 2194 2452 (Ibid,

605 2487 660 2526 n.
691 2471 804 2546 57),
836 2479 889 2527 et
911 2471 1268 2540 conscriptam
1299 2470 1366 2525 ab
1393 2485 1458 2524 eo
1482 2469 1849 2526 defensionem
1889 2486 2062 2539 suam,
2095 2487 2197 2541 qua

607 2577 667 2618 se
692 2563 903 2618 dicebat
921 2562 1148 2631 objectis
1176 2561 1518 2631 respondisse
1539 2559 1814 2616 Gallorum
1847 2562 2038 2634 (Epist.
2073 2563 2194 2630 l69,

607 2670 661 2710 n.
697 2654 774 2724 7).
803 2654 960 2728 Atqui
989 2654 1044 2708 in
1070 2653 1257 2708 eadem
1287 2652 1550 2720 chartula,
1575 2652 1924 2709 breviationis
1951 2655 2193 2720 obtentu,

606 2745 765 2802 Gesta
813 2745 942 2801 locis
989 2743 1304 2816 quibusdam
1347 2743 1699 2812 adulterabat,
1741 2755 1834 2800 aut
1881 2745 2200 2801 obscurabat

607 2832 708 2908 (De
737 2835 872 2891 ϐαι.
899 2833 1120 2908 Pelagii,
1143 2852 1231 2890 nn.
1259 2835 1348 2903 57,
1376 2833 1489 2909 58).
1511 2834 1834 2906 Opusculum
1863 2837 2112 2907 denique,
2144 2839 2196 2890 in

603 2945 710 3000 quo
735 2930 802 2986 de
827 2928 1005 2987 Gestis
1023 2929 1326 2986 Palaestinae
1352 2930 1540 3001 synodi
1571 2932 1899 3002 gloriabatur
1917 2931 2021 3002 (De
2042 2932 2190 2987 Ρρεσ.

604 3026 810 3097 origin.,
834 3043 886 3079 η.
911 3025 1025 3094 15),
1050 3024 1148 3079 sub
1163 3023 1309 3080 idem
1335 3032 1549 3094 tempus
1570 3024 1783 3094 scripsit
1801 3040 1900 3094 pro
1921 3025 2094 3080 libero
2111 3040 2198 3080 ar-

603 3117 762 3172 bitrio
789 3117 972 3188 (lbid.,
1015 3134 1066 3170 n.
1100 3117 1214 3186 id),
1247 3125 1476 3191 quatuor
1501 3117 1555 3170 in
1593 3117 1759 3171 libros
1786 3116 2196 3188 digestum;cu-

599 3207 688 3279 jus
714 3209 890 3278 operis
925 3209 1007 3262 sui
1052 3209 1104 3262 in
1137 3205 1339 3261 litteris
1377 3207 1602 3261 Romam
1641 3208 1842 3275 missis,
1878 3209 2196 3280 scriptisque

601 3300 814 3356 circiter
835 3301 1099 3354 ineuntem
1115 3313 1312 3352 annum
1329 3297 1910 3369 quadringentesimum
1927 3299 2194 3356 decimum

603 3391 887 3464 septimum
914 3389 978 3444 ad
998 3389 1366 3446 innocentium
1391 3403 1606 3460 papam,
1631 3393 2192 3448 commemorationem

605 3483 792 3539 iuuisse
817 3482 1086 3553 reperitur
1113 3481 1218 3552 (De
1235 3480 1382 3535 Grut.
1409 3481 1617 3549 Christi,
1649 3499 1702 3537 η.
1727 3481 1836 3556 52).
1870 3483 1927 3537 in
1954 3483 2039 3538 his
2059 3499 2192 3555 qua-

603 3585 727 3632 tuor
763 3575 910 3630 librls
949 3589 1296 3646 quzecumque
1327 3589 1424 3644 pro
1458 3576 1629 3645 gratia
1674 3575 1954 3632 videbatur
1991 3577 2188 3649 dicere,
2231 3649 2238 3654 _

603 3683 704 3739 qua
714 3669 978 3738 juvamur,
1021 3676 1080 3722 ut
1101 3667 1431 3722 declinemus
1451 3681 1478 3720 a
1508 3669 1674 3735 malo,
1687 3669 1997 3740 bonumque
2031 3669 2191 3725 facia-

604 3775 743 3827 mus,
772 3775 837 3816 eo
866 3760 1045 3824 modo,
1075 3776 1243 3832 eaque
1269 3761 1554 3815 verborum
1586 3761 1930 3835 ambiguitate
1958 3763 2187 3831 dicebat,

603 3861 661 3908 ut
685 3869 714 3909 a
741 3867 838 3909 suo
853 3853 1097 3924 dogmate
1121 3868 1226 3909 non
1249 3852 1523 3909 recederet
1543 3855 1763 3910 omnino
1781 3855 1971 3929 (Ibid.,
1997 3875 2047 3912 η.
2071 3857 2186 3930 45).

1265 3946 1494 4003 CAPUT
1531 3947 1601 4002 Χ.

601 4039 625 4094 1
671 4037 874 4093 Littera:
909 4037 1206 4110 Hieronymi
1239 4039 1488 4110 simulque
1515 4039 1632 4094 alite
1671 4040 1878 4097 Herotis
1919 4053 1966 4098 et
2002 4043 2188 4100 Lazari

671 4146 759 4199 per
791 4130 1027 4184 Orosium
1052 4131 1333 4197 afferuntur
1351 4131 1409 4184 in
1429 4132 1673 4201 Africam.
1695 4133 1731 4186 2
1757 4132 2038 4189 Concilium
2062 4137 2188 4191 Car-

671 4220 978 4291 tltaqinense,
1011 4219 1260 4290 huiusque
1286 4222 1514 4291 exemplo
1532 4220 1904 4290 Milevitanurn,
1929 4225 2186 4282 innocen-

671 4313 739 4366 tio
767 4327 917 4385 papa:
934 4311 1158 4366 scribunt
1187 4321 1363 4366 contra
1387 4311 1676 4384 Pelagium.
1707 4316 1742 4369 5
1771 4315 1915 4370 Idem
1943 4330 2186 4388 prazstant

667 4407 887 4479 quinque
913 4406 1222 4476 conjunctim
1243 4406 1464 4477 episcopi
1481 4405 1731 4476 Africani.
1765 4410 1800 4462 4
1824 4409 2068 4480 Africana
2093 4413 2182 4467 de-

668 4507 803 4553 creta
830 4507 1007 4552 contra
1037 4495 1344 4570 Pelagianos
1366 4514 1561 4553 errores
1586 4508 1706 4553 nota
1731 4502 1853 4571 facit
1879 4502 2185 4574 Augustinus

670 4589 718 4643 11
724 4589 872 4644 ilario
897 4587 1240 4644 Narbonensi.
1269 4590 1303 4646 5
1323 4588 1401 4645 De
1423 4591 1600 4646 iisdem
1621 4594 1873 4648 erratibus
1897 4595 1949 4649 in
1973 4593 2184 4666 Pelagio

661 4681 990 4750 deprehensis
1037 4681 1106 4734 ad
1155 4681 1408 4736 Joannem
1452 4682 1941 4754 Jerosolymitanurn
1979 4689 2177 4742 scribit.

660 4771 700 4826 ﬁ
731 4769 962 4842 Epistula
999 4771 1068 4825 ad
1098 4773 1355 4828 Oceanum
1395 4776 1459 4830 ab
1505 4792 1563 4830 eo
1603 4778 1777 4831 missa.
1811 4780 1846 4833 Ἰ
1890 4777 2182 4834 Doctrinam

667 4859 911 4918 Ecclesia
933 4864 988 4916 in
1015 4862 1290 4934 Scripturis
1313 4867 1527 4935 penitius
1547 4869 1768 4924 rimandi
1798 4872 2055 4940 provincia
2083 4875 2179 4927 da-

665 4965 748 5008 tur
772 4956 1048 5026 Augustino
1072 4971 1102 5009 a
1123 4957 1315 5012 duobus
1335 4961 1579 5015 conciliis.

665 5047 718 5101 1.
757 5046 888 5102 Cum
927 5043 1178 5115 Orosius,
1221 5063 1378 5119 quem
1428 5051 1754 5120 Augustinus
1801 5055 1868 5111 ad
1914 5055 2176 5130 Hierony-

592 5151 761 5204 mum,
799 5146 861 5192 ut
902 5138 969 5193 ab
1015 5154 1080 5194 eo
1127 5140 1377 5210 quidnam
1407 5140 1472 5196 de
1507 5143 1683 5198 anima
1722 5147 2044 5204 credendum
2083 5151 2174 5221 sit,

593 5229 913 5298 a'ddisceret,
933 5245 1072 5285 anno
1093 5232 1369 5302 superiore
1391 5233 1626 5298 miserat,
1647 5235 1753 5291 hoc
1772 5254 1912 5294 anno
1928 5243 2178 5311 quadrin-

589 5325 889 5396 gentesimo
911 5324 1122 5379 decimo
1145 5333 1296 5380 sexto
1331 5334 1689 5383 reverteretur
1719 5331 1771 5385 in
1793 5330 2172 5407 Occidentem;

593 5411 951 5491 Hieronymus
986 5417 1380 5489 opportunitate
1409 5433 1556 5488 usus,
1586 5421 1800 5490 litteras
1829 5425 2043 5484 abeunti
2073 5440 2176 5487 tra-

591 5508 744 5579 didit,
767 5509 961 5582 quibus
989 5509 1128 5581 apud
1157 5511 1531 5582 AuguStinu'm,
1560 5516 1700 5586 quod
1743 5516 1857 5587 ejus
1881 5517 2084 5577 duobus
2111 5523 2173 5579 ii-

588 5603 719 5670 bris,
753 5605 1000 5661 nimirum
1026 5605 1094 5661 de
1131 5605 1325 5674 anima,
1357 5606 1526 5682 deque
1555 5613 1813 5667 sententia
1855 5613 2033 5670 Jacobi
2066 5633 2169 5674 non

591 5699 945 5772 responderit,
993 5702 1248 5774 temporis
1289 5697 1651 5765 difficultatem
1693 5709 1964 5767 excusavit
2007 5709 2168 5781 (quod

590 5791 801 5864 quidem
839 5793 894 5849 in
935 5794 1280 5851 absolutionis
1319 5792 1516 5868 Pelagii
1556 5807 1763 5870 tempus
1807 5800 1997 5857 cadere
2041 5803 2169 5858 satis

1719 317 1876 374 VITA
1918 319 1974 375 S.
2017 311 2376 380 AUGUSTINI
2415 312 2733 382 EPISCOPI.
3685 336 3750 396 ω

2313 447 2578 503 superque
2618 428 3049 501 intelligebatur),
3079 437 3287 488 testatus
3322 433 3409 492 sibi
3434 437 3650 500 decretum
3671 463 3745 507 esse

2313 525 2483 594 ipsum
2506 537 2706 591 amare,
2737 521 3026 592 suspicere,
3053 522 3244 590 colere,
3271 525 3454 593 mirari,
3488 545 3542 584 te
3562 533 3747 604 ipsimi.

2313 625 2418 682 cta,
2449 616 2599 687 quasi
2637 630 2732 671 sua
2759 614 3078 682 defendere;
3111 631 3307 672 necnon
3337 619 3434 689 jsm
3470 636 3520 678 ss
3551 625 3747 704 unum

2311 718 2498 765 contra
2525 707 2837 778 Pelagianos
2872 707 3034 773 edito,
3061 707 3243 780 ipsius,
3283 719 3336 764 ut
3371 712 3558 783 dignum
3580 731 3745 788 erat,»

2311 801 2586 856 curdatum
2615 799 2778 855 fuisse
2803 799 2976 870 (Apud
2999 799 3340 871 Augustinum,
3365 802 3506 874 Epist.
3530 807 3623 872 νη,
3647 828 3682 863 ιι.
3702 814 3744 882 l).

2311 891 2422 946 Hoc
2445 900 2621 952 autem
2655 892 2705 946 in
2735 890 2850 946 hmo
2873 891 3032 946 verba
3057 901 3269 947 sanctus
3303 893 3551 966 Presbyter
3569 905 3744 969 mite.

2309 994 2427 1041 rat:
2459 985 2677 1056 Scripsit
2701 984 2892 1038 dudum
2925 985 2999 1038 vir
3033 995 3230 1039 sanctus
3263 996 3308 1040 et
3343 988 3545 1052 eloquens
3574 995 3748 1066 episcopi

2309 1080 2616 1151 Augustinus
2647 1080 2718 1134 ad
2746 1079 3118 1148 Marcellinum,
3163 1083 3245 1153 qui
3269 1093 3425 1154 postes
3449 1088 3526 1138 sub
3553 1088 3687 1141 inuidia
3703 1103 3771 1160 ην

2306 1174 2535 1229 rannidis
2576 1174 2898 1229 lleraellana’
2935 1175 2995 1229 ab
3026 1176 3265 1230 ltreretleis
3304 1178 3516 1233 innocens
3545 1197 3661 1237 casus
3686 1198 3743 1247 ut,

2307 1269 2434 1324 duos
2473 1269 2625 1324 libros
2659 1269 2722 1322 de
2756 1267 3048 1339 Infantibus
3088 1270 3394 1339 baptizandis
3431 1283 3575 1326 contra
3601 1276 3747 1330 heresin

2307 1372 2542 1426 vestram,
2583 1369 2686 1416 etc.
2723 1359 2868 1415 Unde
2895 1361 3308 1430 supersedendum
3348 1363 3450 1417 huic
3472 1365 3599 1419 labori
3621 1384 3743 1436 reum,

2307 1467 2370 1506 ne
2393 1451 2592 1505 dicatur
2626 1451 2755 1504 mihi
2777 1451 2907 1504 illud
2935 1449 3156 1517 liora-lii,
3191 1449 3253 1504 1η
3279 1453 3456 1522 sylram
3481 1472 3534 1508 ne
3549 1457 3646 1526 liqua
3665 1459 3747 1527 [erat

2308 1545 2567 1617 (Satyrar.
2595 1546 2679 1600 lib.
2710 1545 2757 1610 1,
2781 1557 2877 1601 sat.
2910 1546 2995 1613 10,
3028 1563 3155 1600 vers.
3184 1549 3292 1619 '54).
3322 1548 3413 1602 Aut
3432 1550 3679 1605 enimenim
3696 1553 3746 1606 li-

2306 1653 2529 1692 cerentur
2557 1653 2620 1690 ex
2641 1638 2933 1708 superﬂuo;
2961 1648 3048 1692 aut
3077 1638 3122 1692 si
3155 1654 3280 1692 noua
3306 1640 3565 1694 voluerimus
3587 1643 3709 1709 dicere,
3728 1660 3748 1696 α

2305 1729 2584 1784 clarissimo
2613 1729 2815 1801 ingenio
2841 1741 3086 1801 occupata
3129 1742 3242 1785 sunt
3277 1733 3468 1786 meliora
3488 1731 3614 1802 (Cotti.
3645 1735 3747 1790 Pela-

2304 1823 2466 1890 gium,
2509 1822 2635 1876 dial.
2672 1808 2750 1891 ὅ).
2791 1821 3056 1878 Praeterea
3093 1822 3311 1878 Orosius
3332 1824 3515 1879 litteras
3533 1827 3570 1879 in
3593 1825 3746 1880 Africam

2306 1913 2480 1966 attulit
2508 1913 2574 1968 ab
2603 1913 2798 1968 ilerote
2827 1928 2888 1968 ac
2914 1914 3137 1980 Lazaro,
3169 1917 3352 1986 quibus
3390 1916 3584 1986 Pelagius
3611 1927 3645 1972 et
3668 1917 3748 1970 Ce-

2305 2003 2488 2059 iestius
2531 2004 2721 2060 nefarii
2758 2006 3238 2078 anathemandique
3279 2009 3461 2064 erroris
3494 2019 3670 2063 auctores
3695 1989 3775 2076 uel

2305 2096 2601 2166 guebantur
2624 2096 2809 2168 (Epist.
2842 2098 2966 2165 175,
2999 2116 3050 2152 η.
3095 2099 3146 2168 1)
3173 2117 3186 2152 :
3213 2108 3365 2169 atque
3403 2102 3561 2155 borum
3590 2116 3693 2160 sum.
3713 2099 3742 2152 id
3774 2081 3775 2158 l

2306 2198 2388 2244 est
2413 2189 2715 2253 leestius,
2743 2191 2902 2245 etiam
2931 2191 2995 2245 ad
3029 2191 3411 2262 presbyterium
3435 2192 3479 2246 in
3511 2191 3604 2246 Asis
3626 2205 3742 2260 ρει-η·
3774 2177 3775 2254 ξ

2305 2281 2478 2346 uisse;
2509 2281 2644 2336 alter
2669 2289 2866 2350 autem,
2908 2282 3115 2337 scilicet
3151 2283 3401 2354 Pelagius,
3429 2281 3742 2352 agerelerosoly-

2305 2373 2408 2427 mis
2450 2372 2746 2440 dicebatur,
2797 2374 2974 2445 ibique
3014 2375 3299 2430 nonnullos
3341 2374 3564 2444 decipere,
3595 2359 3775 2445 quamvis}

2305 2465 2459 2538 longe
2488 2468 2665 2536 plures
2692 2468 2784 2538 qui
2815 2467 2930 2536 ejus
2971 2482 3164 2523 sensus
3191 2466 3669 2538 diiigentiuslndsgare
3688 2479 3745 2533 po-

2306 2565 2538 2622 tuerunt,
2563 2573 2624 2612 ac
2651 2560 2916 2630 praecipue
2955 2559 3332 2631 Hieronymus,
3363 2559 3574 2615 adversus
3593 2571 3673 2612 eum
3687 2569 3746 2624 pro

2304 2652 2471 2720 gratia
2501 2651 2693 2706 Christi
2719 2652 3063 2722 confligerent
3084 2652 3278 2724 (Epist.
3311 2653 3421 2718 176,
3447 2670 3491 2707 n.
3515 2649 3574 2722 l).

2374 2742 2427 2796 2.
2471 2742 2577 2797 llas
2610 2744 2811 2798 litteras
2840 2745 3246 2800 Proconsularis
3266 2745 3531 2800 Provinciis
3549 2737 3744 2812 episcopis,

2303 2835 2392 2904 qui
2431 2843 2743 2889 consuetum
2781 2845 3080 2908 statumque
3125 2838 3399 2906 quotannis
3431 2835 3645 2891 concilium
3671 2839 3746 2883 tunc

2306 2928 2560 2996 temporis
2605 2927 2923 2998 Carthagine
2965 2929 3343 2996 celebrabant,
3368 2928 3554 2984 Orosius
3586 2919 3743 2978 reddidit.

2303 3019 2481 3074 Lectis
2504 3021 2555 3074 in
2580 3021 2783 3091 synodo
2807 3023 2996 3077 litteris
3021 3023 3439 3080 animadvertunt
3458 3018 3656 3091 prusuits.
3672 3027 3746 3082 ἔτι
3774 3018 3775 3091 ἦ

2303 3115 2575 3168 vissimum
2604 3114 2669 3168 ab
2713 3113 3010 3170 detestandi
3050 3117 3252 3172 erroris
3299 3113 3533 3185 magistris
3565 3122 3644 3164 esse
3670 3095 3775 3185 ﬁdeli

2301 3206 2575 3260 catholicae
2607 3207 2918 3277 periculum.
2952 3207 3289 3278 Quapropter
3311 3207 3479 3279 judieii
3509 3196 3744 3274 episcopalis.

2302 3314 2404 3369 quo
2433 3309 2556 3354 ante
2583 3314 2750 3354 annos
2778 3300 3011 3370 quinque
3035 3300 3318 3356 Caelestius
3347 3298 3470 3370 apud
3492 3290 3742 3358 Carthaginem
3774 3299 3775 3370 ἦ

2301 3390 2582 3444 damnatus
2612 3390 2803 3457 fuerat,
2837 3399 2952 3445 acta
2982 3391 3200 3446 recitari
3224 3391 3421 3462 jubent.
3451 3388 3506 3443 Et
3529 3377 3746 3454 quami'ist‘o

2297 3483 2496 3554 judicio
2523 3493 2725 3539 tantum
2751 3484 2880 3538 illud
2907 3485 3104 3539 vulnus
3134 3495 3262 3540 tunc
3291 3485 3500 3539 excisum
3524 3477 3576 3532 ab
3593 3467 3744 3528 Ecclesia

2301 3577 2598 3643 videretur;
2623 3578 2972 3633 nihilominus
3002 3587 3183 3634 tamen
3211 3575 3464 3634 communi
3484 3563 3746 3628 deliberatione

2301 3682 2536 3736 censent,
2575 3670 2876 3740 hujusmodi
2905 3672 3108 3725 erroris
3135 3679 3394 3734 auctores,
3425 3665 3510 3721 nisi
3532 3663 3633 3716 hunc
3652 3666 3747 3724 παρετ·

2299 3763 2502 3816 tissime
2530 3762 2946 3828 anathemarint,
2979 3761 3131 3832 ipsos
3159 3758 3471 3816 anathemari
3493 3761 3693 3826 oportere“.
3715 3749 3746 3792 υί

2297 3857 2340 3912 si
2369 3857 2602 3926 ipsorum
2629 3872 2734 3910 non
2760 3855 3008 3925 potuerit,
3041 3856 3231 3912 saltem
3261 3870 3433 3912 eorum
3458 3849 3532 3922 qui
3556 3835 3743 3901 abeisde-

2296 3952 2438 4020 cepti
2468 3957 2591 4003 sunt
2617 3948 2702 4002 vel
2731 3947 2902 4017 decipi
2939 3957 3200 4017 possunt,
3234 3948 3518 4018 cognitaque
3541 3937 3581 3989 in
3602 3928 3743 3986 eosiau
3774 3928 3775 4006 ξ

2295 4050 2379 4097 est
2426 4042 2685 4096 sententia
2710 4082 2725 4104 ,
2775 4040 2975 4094 sanitas
3020 4049 3348 4109 procuretur.
3379 4031 3480 4086 Hoc
3511 4034 3641 4082 autem
3667 4027 3743 4112 ait!

2298 4143 2506 4204 gestum
2535 4141 2726 4186 curant
2749 4131 3056 4185 lnnocentio
3086 4143 3239 4199 papa:
3278 4119 3607 4181 intimandum,
3631 4118 3666 4164 ut
3681 4116 3744 4160 sunt

2295 4227 2533 4296 ipsorum
2556 4226 2765 4280 statutis
2790 4224 2948 4279 etiam
2967 4222 3272 4294 apostolicae
3287 4217 3434 4275 Sedis
3451 4209 3746 4298 adhibeantur
3774 4209 3775 4272 ξ

2303 4321 2540 4376 ctoritas.
2562 4319 2691 4373 Nam
2720 4319 3040 4388 complures,
3069 4317 3160 4386 qui
3190 4328 3390 4378 eorum,
3415 4317 3464 4364 ut
3483 4307 3611 4366 aiunt,
3631 4291 3743 4388 perin-

2297 4412 2491 4468 bentur
2515 4424 2633 4465 esse
2672 4409 2756 4464 vel
2801 4382 2962 4463 fuisse
3002 4382 3280 4478 discipuli,
3323 4404 3430 4457 ha-c
3471 4382 3746 4457 mamilla)“

2293 4505 2634 4560 fundamenta
2662 4503 2963 4560 christiana:
3009 4501 3128 4557 ﬁdei
3168 4508 3418 4557 conantur
3437 4497 3632 4550 evertere.

2293 4612 2521 4667 cumque
2553 4603 2792 4668 possunt,
2825 4593 3090 4648 afﬁrmare
3121 4607 3224 4647 non
3255 4597 3454 4646 cessant
3476 4577 3630 4658 (Epist.
3654 4564 3744 4624 l’lS,
3774 4564 3775 4604 ἒ

2290 4707 2378 4744 nn.
2414 4691 2464 4758 1,
2495 4687 2586 4760 2).
2620 4689 2719 4754 Qui
2766 4702 2831 4743 eo
2877 4697 3116 4759 tempore
3149 4685 3344 4741 Sedem
3385 4672 3660 4750 apostolicam
3673 4671 3744 4760 ,που
3774 4685 3775 4760 ἦ

2289 4779 2407 4836 sine
2435 4752 2691 4848 singulari
2723 4778 2817 4832 Dei
2847 4752 3179 4848 providentia
3202 4772 3458 4830 obtinebat
3480 4752 3742 4860 utramuis:

2287 4873 2333 4927 is
2363 4882 2507 4928 tanta
2536 4872 2805 4943 diligentia
2836 4870 3082 4926 studebat
3109 4869 3269 4925 rebus
3289 4861 3540 4923 Ecclesiae,
3563 4860 3607 4910 ut
3625 4850 3656 4903 Si
3674 4850 3746 4943 (1υὲ

2287 4983 2385 5039 pro
2412 4967 2496 5021 illa
2530 4937 2658 5022 tunc
2701 4963 3025 5036 suggerenda
3063 4971 3214 5019 erant
3234 5003 3250 5029 ,
3295 4957 3426 5029 apud
3459 4965 3560 5009 eum
3590 4937 3746 5039 ωεσεηξ

2286 5034 2523 5116 Africani
2545 5034 2819 5128 prtesules,
2839 5056 2944 5112 hoc
2959 5056 3138 5127 potius
3159 5072 3222 5111 ex
3241 5051 3429 5110 incuria
3445 5041 3628 5100 veniret,
3644 5034 3746 5128 quid)

2284 5167 2350 5208 ex
2378 5121 2566 5208 timore
2593 5151 2719 5217 ullo,
2753 5121 2819 5204 ne
2850 5149 2930 5204 vel
2959 5121 3022 5203 ea
3053 5148 3336 5218 negiigeret
3358 5143 3479 5213 ipse,
3506 5121 3746 5226 vetulole

2283 5253 2608 5316 gravateque
2651 5242 2916 5313 acciperet
2957 5216 3163 5314 (Epist.
3209 5216 3311 5292 l76
3332 5277 3346 5302 ,
3373 5251 3420 5288 n.
3451 5226 3532 5300 1).

2284 5310 2570 5411 provincia:
2599 5310 2859 5391 Numidia:
2898 5310 3131 5405 synodus
3161 5332 3212 5385 in
3242 5328 3368 5385 urbe
3403 5319 3571 5411 Mileto
3774 5339 3775 5398 ζ

2281 5387 2424 5506 gata,
2447 5445 2568 5486 eum
2593 5443 2688 5500 per
2705 5427 2910 5482 litteras
2927 5387 3592 5494 exemplocarllladinenﬁs
3774 5447 3775 5504 f

2741 5517 2945 5589 magnis
2972 5481 3217 5588 periculis
3240 5481 3745 5598 iuﬂrrn‘orumnemf‘o'

2279 5582 2399 5672 τυῖιι
2425 5582 2622 5671 emisti
2660 5582 2989 5682 pastoralem.
3007 5621 3183 5664 curam
3222 5601 3485 5662 adhibere;
3509 5582 3740 5692 meum

2278 5725 2347 5766 ne
2370 5706 2588 5764 haeresis
2612 5721 2762 5762 novae
2785 5720 2846 5761 ac
2868 5704 3084 5760 nimium
3106 5697 3423 5780 perniciosa}.

2280 5760 2938 5872 avtiiajoribuSJimulque
2953 5760 3213 5869 Βεντίδιηὶ
3241 5807 3268 5846 a
3295 5777 3509 5861 parvulis
3530 5760 3723 5832 Immin
