1929 3195
70 185 99 216 ωε
694 182 796 212 LIBER
814 182 988 214 SEPTIMUS.

61 247 102 270 tem
114 241 206 274 aufert,
223 240 328 277 laqueis
342 240 516 278 implicentur,
532 239 660 266 instanter
673 243 698 267 ct
713 240 834 267 celeriter

58 287 192 323 pruvrdere.

90 335 112 362 3.
130 333 277 362 Christiana
286 332 355 360 fides
367 332 394 360 in
408 330 546 360 discrimen
558 334 610 358 tam
625 335 757 366 apertum,
768 333 835 357 tam-

63 379 278 415 quepropinquum
290 378 404 406 adducta
414 376 467 405 visa
480 382 519 405 est
527 377 624 404 sanctis
634 376 684 404 illis
692 376 832 412 episcOpis,

68 431 119 455 utet
129 424 167 453 his
175 425 249 461 ipsis,
261 423 354 460 quifde
362 424 463 452 duobus
470 423 613 459 provinciae
621 421 835 457 Carthaginensis

72 480 92 500 ac
105 470 225 499 Numidia:
237 470 361 498 conciliis
375 470 476 497 litteras
496 473 587 497 contra
610 468 731 496 inimicos
742 467 835 503 gratiae

71 517 145 547 Christi
159 515 255 554 (Epist.
271 515 340 552 ΠἸ)
353 518 479 545 miserant
490 515 523 544 ad
533 515 713 544 Innocentium
727 523 833 551 papam,

71 565 163 601 quinque
174 562 336 599 conjunctim
361 571 410 590 suo
424 562 540 595 nomine,
557 561 680 589 Aurelius
694 560 831 593 videlicet,

71 609 168 646 Alypius.
179 609 350 644 Augustinus,
361 607 488 641 Evodius,
496 614 526 636 ac
536 607 681 640 Possidius,
691 604 835 634 familiares

70 656 96 684 ad
108 655 215 684 eumdem
228 654 343 687 litteras,
360 654 404 682 ubi
420 653 452 681 de
465 657 520 689 ipsa
536 661 614 681 causa
631 653 765 688 aliquanto
777 656 835 679 stu-

70 702 151 729 diosius
169 704 288 736 ageretur
299 720 307 732 ,
328 700 483 735 scripserint
497 699 601 734 (Epist.
616 698 677 729 186,
694 706 719 725 n.
732 697 751 724 ‘2
762 698 781 732 ).
797 698 836 724 Ex

70 747 127 775 hisce
138 746 229 774 litteris
241 745 424 780 intelligimus.
442 745 582 780 epistolam
595 744 628 771 ab
642 744 790 778 Augustino
803 743 837 770 ad

69 793 197 828 Pelagium,
213 800 263 828 qua
278 791 311 819 ad
331 790 496 819 defensionis
510 791 592 825 ipsius
612 797 658 818 seu
674 790 836 825 purgationis

68 840 86 866 in
98 837 268 875 Diospolitana
281 838 382 874 synodo
392 837 539 865 chartulam
551 836 738 872 respondebat,
754 836 836 864 fuisse

67 885 175 920 scriptam
188 893 195 911 :
211 883 279 911 hanc
290 883 360 911 enim
386 883 419 910 ad
444 883 626 910 innocentium
641 882 769 917 dirigunt,
787 889 837 916 pe-

65 935 141 958 tentes
150 935 179 958 ut
191 937 247 958 eam
261 930 346 957 mittat
362 929 419 964 ipse
436 928 552 964 Pelagio,
567 936 645 964 quem
661 928 742 963 ipsius
757 928 837 955 indu-

64 982 129 1005 ctum
137 977 284 1005 auctoritate
292 976 423 1004 lubentius
429 983 487 1003 eam
497 976 626 1003 lecturum
636 979 728 1010 putant
737 974 835 1010 (Epist.

66 1023 123 1058 i'l‘l,
137 1032 163 1050 rt.
176 1023 232 1059 15).
243 1023 280 1050 Ad
289 1023 377 1050 omnia
388 1022 557 1049 innocentius
567 1021 698 1056 episcopis
707 1020 837 1048 Africanis

64 1070 192 1105 rescripsit
200 1078 230 1097 eo
241 1068 328 1103 modo,
342 1077 394 1104 quo
407 1068 447 1096 fas
459 1072 517 1096 erat
528 1073 606 1104 atque
620 1068 759 1103 oportebat
771 1075 837 1102 apo—

63 1113 155 1144 stolica:
167 1116 239 1144 Sedis
251 1116 394 1143 antistitem
409 1116 418 1151 (
434 1115 515 1151 Epist.
531 1115 592 1149 186,
607 1123 633 1142 n.
646 1114 664 1141 2
675 1114 695 1150 ).

94 1160 117 1188 ι.
137 1161 197 1189 Post
211 1162 303 1189 missas
322 1169 338 1189 a
360 1160 464 1190 duobtts
486 1168 565 1196 supra
588 1160 701 1188 laudatis
720 1160 838 1188 conciliis

62 1206 178 1241 epistolas
187 1206 220 1233 ad
233 1206 426 1240 innocentium,
441 1213 472 1234 ac
485 1206 559 1241 prius
575 1205 643 1234 forte
657 1213 735 1241 quam
751 1205 837 1233 cidem

62 1251 219 1287 scripsissent
238 1253 354 1287 quinque
374 1252 506 1287 episcopi,
530 1252 640 1286 contigit
662 1256 690 1278 ut
704 1251 837 1278 Palladius

62 1296 158 1332 quidam
178 1306 249 1326 mare
276 1298 452 1333 traiecturus,
478 1297 511 1325 ab
533 1297 680 1332 Augustino
700 1305 837 1325 commen-

60 1343 157 1371 datitias
176 1344 276 1372 litteras
297 1345 330 1372 ad
351 1344 480 1371 Hilarium
496 1344 647 1379 episcopum
661 1364 667 1376 ,
690 1343 758 1370 forte
771 1342 838 1370 Nar-

62 1388 194 1417 bonensem
207 1411 214 1424 ,
237 1394 340 1426 peteret
366 1389 469 1425 (Epist.
488 1389 556 1423 178,
578 1398 604 1416 η.
621 1390 632 1416 1
648 1389 739 1424 )2ltac
762 1396 838 1416 occa-

60 1435 249 1471 sionegaudcns
261 1444 324 1464 usus
335 1440 375 1463 est
385 1435 557 1470 Augustinus,
573 1439 602 1462 ut
614 1434 677 1475 ltpie
687 1434 796 1461 antistiti
808 1442 839 1462 ea

62 1484 120 1507 nota
130 1480 234 1515 faceret,
246 1490 304 1517 qua:
315 1489 409 1509 recens
420 1481 446 1508 in
459 1480 545 1508 Africa
559 1480 665 1508 decreta
678 1480 784 1507 fuerant
794 1479 839 1507 ad-

64 1533 149 1555 versus
158 1528 277 1556 lncrcsim
286 1528 464 1564 Pelagianam.
478 1527 560 1562 Hujus
571 1534 646 1553 novre
656 1530 719 1553 tunc
728 1526 839 1554 haeresis

64 1573 186 1608 pracipoa
198 1573 281 1608 capita
294 1574 387 1609 paucis
399 1573 448 1610 ipsi
465 1572 553 1600 verbis
570 1572 654 1607 aperit
666 1581 672 1598 :
683 1576 712 1598 ut
722 1579 783 1599 cura
794 1579 840 1606 pa-

64 1619 145 1646 norali
153 1624 238 1647 caveat
248 1618 380 1653 homines,
391 1619 434 1654 qui
446 1618 569 1654 pestifera
579 1618 623 1645 illa
632 1617 767 1652 impietate
777 1625 841 1645 con-

64 1663 186 1693 indicunt
194 1665 355 1693 orationibus
373 1665 474 1693 nostris
489 1664 498 1699 (
514 1664 594 1697 I‘bid.,
610 1672 637 1691 π.
652 1665 670 1692 5
681 1663 701 1700 ),
719 1664 780 1690 dttm
796 1670 840 1690 as-

66 1714 149 1736 serunt
157 1711 284 1739 hominem
292 1718 373 1747 posse
383 1711 438 1738 suis
450 1710 550 1738 viribus
561 1709 593 1737 ad
605 1714 703 1737 tantam
712 1709 840 1744 justitiam

68 1756 205 1788 pervenire,
220 1761 249 1784 ut
263 1765 350 1792 neque
369 1752 422 1784 hoc
435 1757 472 1784 illi
490 1757 524 1784 sit
545 1756 634 1784 dicere
648 1756 840 1789 necessarium,

70 1797 166 1829 Dimitte
175 1803 236 1830 nobis
249 1803 332 1830 debita
344 1807 431 1830 nostra
445 1811 454 1835 ;
467 1808 491 1831 et
504 1802 580 1836 illud,
599 1801 640 1829 Nc
651 1810 697 1829 nos
711 1802 805 1837 inferas
815 1802 842 1829 in

68 1848 211 1876 irritationem
225 1849 234 1886 (
247 1849 341 1876 ﬂatur.
356 1857 402 1882 vt,
425 1848 468 1881 l2,
484 1849 518 1877 15
530 1849 549 1884 ),
567 1849 605 1876 sic
626 1848 767 1883 accipiunt,
783 1853 841 1875 tan-

68 1899 140 1926 quam
150 1896 258 1923 orandus
270 1896 306 1923 sit
319 1896 397 1928 Deus,
415 1903 447 1922 ne
457 1894 587 1930 quispiam
599 1894 703 1921 irruens
713 1900 841 1928 corpora—

68 1937 122 1966 liter
135 1947 178 1966 ηδε
190 1940 320 1969 humanus
332 1948 410 1969 casus
424 1940 522 1976 affligat
535 1962 542 1972 ,
560 1947 612 1967 non
626 1946 679 1974 qtto
689 1945 738 1966 nos
751 1938 783 1965 ad
795 1946 841 1966 su-

68 1985 186 2016 Dmndas
207 1991 374 2021 peccatorum
396 1986 558 2014 tentationes
579 1985 702 2020 adjuvet;
718 1983 843 2019 quoniam

68 2036 109 2058 eas
121 2031 219 2059 vincere
240 2032 275 2059 ita
299 2032 334 2059 sit
348 2034 375 2059 in
394 2038 485 2060 nostra
499 2036 645 2068 potestate,
668 2031 843 2066 possibilitate

71 2070 169 2111 natum,
177 2081 203 2105 ut
214 2078 262 2106 hoc
273 2078 387 2105 inaniter
397 2078 591 2113 impetrandum
602 2077 767 2104 orationibus
773 2076 843 2104 arbi-

71 2125 160 2150 tremor
171 2123 181 2160 (
191 2123 337 2151 Semnonum
353 2122 471 2159 Fragm,
488 2132 514 2150 η.
533 2124 550 2151 5
564 2124 638 2159 primi
655 2122 770 2158 fragm).

102 2168 127 2195 5.
141 2168 246 2197 litteras
258 2170 290 2198 ad
298 2169 428 2198 Joannem
441 2169 665 2205 .ierosolyntorum
679 2170 842 2203 episcopum,

76 2213 114 2248 qui
121 2222 184 2243 anno
193 2217 324 2251 superiore
335 2221 494 2244 conventum
503 2224 562 2243 cum
572 2216 736 2251 presbyteris
745 2215 845 2250 aliquot

75 2260 99 2287 in
110 2267 180 2289 causa
195 2261 289 2298 Pelagii
304 2262 397 2290 habuit
409 2283 415 2295 ,
429 2262 538 2289 dederat
551 2261 713 2297 Augustinus
726 2282 732 2294 ,
749 2268 798 2288 nec
811 2261 844 2288 ab

79 2303 120 2331 illo
128 2307 236 2341 rescripta
245 2307 296 2335 ulla
307 2311 459 2342 sumpserat
471 2315 477 2333 ι
489 2306 515 2333 id
530 2312 617 2333 tamen
628 2309 735 2333 sanctus
745 2306 844 2332 Pnesul

79 2344 142 2378 haud
150 2350 267 2380 iniuriam
279 2356 383 2388 partem
394 2353 537 2387 accipiens,
547 2352 642 2379 iterato
655 2351 686 2377 ad
697 2351 769 2377 illum
780 2350 845 2378 scri-

77 2395 131 2429 p~il.
145 2395 202 2425 Nam
211 2399 267 2434 quia
275 2398 412 2426 auditione
423 2403 572 2432 acceperat.
586 2397 720 2431 Pelagium
734 2396 845 2423 multum

76 2440 137 2477 diligi
147 2438 280 2477 aiioanne,
296 2444 365 2471 hunc
377 2448 467 2471 monet
481 2451 539 2471 eam
554 2443 590 2471 illi
600 2442 775 2471 exhibendam
786 2449 845 2470 esse

75 2485 101 2514 Ib
111 2486 163 2523 ipso
172 2488 348 2522 dilectionem,
363 2494 393 2516 ut
406 2490 462 2524 ipse
476 2488 532 2516 falli
546 2496 560 2515 a
573 2488 680 2523 Peiagio
693 2495 745 2514 non
755 2487 846 2514 existi-

74 2534 157 2563 metur.
171 2534 299 2565 liter-esim
314 2542 377 2571 ergo
391 2535 490 2571 Pelagii
505 2535 598 2570 retegit
613 2539 763 2562 contentam
778 2534 845 2562 libro

77 2585 174 2614 Meum
187 2583 219 2611 ad
231 2582 397 2611 cxtollendas
408 2585 510 2610 natura:
518 2582 588 2609 vires
601 2582 757 2616 composito,
767 2587 845 2615 quem

74 2621 271 2664 nz'ﬂhsmiuit,
285 2637 338 2657 una
346 2636 406 2657 cum
423 2629 551 2664 opusculo
564 2628 597 2656 de
607 2627 706 2655 Natura
718 2632 746 2655 et
757 2628 846 2655 Gratia

75 2677 86 2698 ³
92 2680 116 2701 se
123 2680 209 2703 contra
222 2675 302 2703 istum
314 2676 410 2703 librum
418 2674 560 2703 elaborato
574 2683 580 2700 :
590 2674 711 2709 petitque
717 2673 845 2706 vicissim,

68 2713 153 2748 miihi
171 2721 260 2748 initia!
275 2721 354 2748 Gesta
374 2721 551 2748 ecclesiastica
572 2718 845 2753 Palmstinte'synodi,

74 2767 153 2802 quibus
160 2767 282 2803 Pelagius
290 2767 445 2802 perhibetur
452 2774 510 2793 csse
523 2770 649 2800 purgatus
659 2763 757 2800 (Epist.
769 2762 846 2799 179).

47 2820 54 2849 ,‘
99 2809 123 2840 θ.
133 2808 282 2843 Ἣοαεῑῖθῐη
293 2822 373 2846 anno,
383 2821 465 2848 neque
472 2814 555 2840 multo
564 2810 715 2847 postOrosii
724 2809 846 2844 reditum,

72 2857 220 2898 tumcum
243 2860 446 2895 responsionem
465 2859 498 2887 ad
514 2859 633 2895 geminas
654 2862 777 2885 ternasve
792 2856 849 2892 epi-

69 2899 254 2935 tﬁlaﬂicéani
279 2906 368 2939 dedit;
392 2911 470 2941 quem
488 2905 623 2935 eeiebrem
646 2904 759 2932 amicum
774 2903 848 2932 iitum

887 240 1040 276 Hieronymi
1048 240 1129 269 fuisse
1137 241 1227 277 (Apud
1235 242 1410 278 Augustinum,
1421 244 1503 279 Epist.
1517 245 1577 278 165,
1590 254 1616 273 η.
1625 247 1641 273 5
1648 246 1668 282 ),

887 286 984 321 quippe
998 286 1042 322 qui
1055 285 1113 322 ejus
1125 293 1177 315 non
1191 287 1271 315 modo
1283 289 1434 317 evolvendis
1446 291 1551 325 scriptis
1561 299 1671 327 operam

887 332 977 365 daret,
995 330 1040 360 scd
1056 332 1203 360 doctrinam
1226 341 1259 361 ex
1273 341 1318 361 ore
1332 343 1436 371 quoque
1451 335 1581 372 loquentis
1599 339 1672 366 exci-

887 381 963 412 peret
976 376 1080 413 (Epist.
1102 376 1167 413 180,
1183 387 1209 406 n.
1223 378 1271 415 2),
1285 378 1484 416 haudquaquam
1503 381 1671 419 ambigimus.

888 422 915 450 In
929 424 984 450 suis
998 424 1042 451 ille
1054 423 1173 459 epistolis
1186 424 1221 452 de
1234 424 1334 461 origine
1346 425 1441 454 anima:
1454 430 1565 462 primunt
1581 438 1672 465 agens,

889 469 1053 503 proponebat
1066 476 1098 497 ex
1115 469 1267 506 Hieronymi
1290 472 1419 499 sententia
1430 493 1437 505 ,
1459 475 1591 509 quomodo
1606 476 1675 504 Deus

888 513 1044 542 adulterinis
1057 515 1136 543 etiam
1151 516 1322 551 conceptibns
1340 517 1412 555 juste
1424 519 1526 547 animas
1539 519 1675 556 largiatur.

890 559 986 586 Verum
1000 567 1053 587 non
1067 561 1167 589 hancce
1179 562 1363 596 qutestionem,
1376 563 1425 591 sed
1437 563 1509 591 illam
1523 566 1611 601 potius
1621 574 1679 594 mo-

889 606 983 633 lestam
997 613 1056 634 esse
1075 607 1220 642 respondet
1233 608 1408 643 Augustinus,
1424 615 1475 645 qua
1491 611 1619 646 quaeritur
1631 621 1638 638 :
1650 612 1678 640 Si

889 657 964 679 novae
978 658 1011 679 ex
1026 652 1109 680 nihilo
1130 652 1226 680 animae
1244 654 1355 689 singulae
1377 652 1487 690 singulis
1508 657 1678 685 nascentibus

890 697 974 731 ﬁunt,
988 698 1121 733 quomodo
1141 699 1211 733 juste
1230 699 1256 726 in
1278 699 1476 728 damnationem
1490 701 1586 729 dantur
1597 724 1604 736 ,
1619 710 1679 737 quas

890 743 947 770 sine
962 743 1096 778 Baptismo
1114 743 1148 771 de
1166 745 1322 779 corporibus
1343 746 1460 773 exeunt?
1481 747 1570 783 Neque
1583 748 1680 784 probat

890 792 997 816 sanctus
1011 789 1126 822 Doctor,
1148 791 1285 818 solvenda)
1305 791 1365 819 alite
1384 792 1418 820 de
1439 793 1558 821 officioso
1569 794 1680 829 ulillquo

891 834 1029 862 mendacio
1041 835 1199 870 quaestioni,
1221 836 1340 864 adhiberi
1361 837 1395 864 ab
1408 837 1516 866 Oceano
1528 839 1678 875 exemplum

891 879 1012 913 Domini,
1034 879 1067 908 de
1086 880 1131 908 die
1148 885 1177 909 et
1198 880 1264 909 hora
1286 882 1394 910 liniendi
1414 884 1503 911 excuti
1519 891 1568 911 nec
1583 885 1680 913 Fiiium

890 925 960 954 seire
972 925 1096 953 dicentis.
1112 926 1179 954 Nam
1201 927 1336 955 existimat
1356 929 1484 963 tropicam
1499 930 1658 958 locutionem
1670 951 1679 964 ,

891 971 978 1007 qualis
986 972 1035 1000 ista
1044 973 1103 1007 fuit,
1112 973 1186 1001 nullo
1193 974 1274 1002 modo
1280 975 1407 1003 rectedici
1417 983 1495 1010 posse
1501 977 1678 1005 mendacium.

891 1017 959 1046 Petit
971 1019 1095 1054 denique,
1110 1024 1138 1047 ut
1151 1027 1248 1048 novum
1263 1022 1403 1056 quemdam
1417 1022 1571 1059 Hieronymi
1582 1024 1680 1051 librum

891 1064 925 1092 de
936 1066 1133 1093 resurrectione
1144 1066 1232 1093 carnis
1246 1067 1352 1095 mittere
1367 1067 1418 1094 sibi
1433 1075 1486 1095 non
1498 1065 1611 1096 dlil‘erat.

926 1111 952 1149 "1.
974 1111 1104 1138 Baronius
1115 1114 1142 1138 et
1151 1119 1212 1139 eum
1224 1113 1308 1139 secuti
1321 1113 1464 1148 scriptores
1474 1115 1604 1149 nonnulli,
1616 1122 1679 1143 con-

891 1156 959 1183 ciliis
977 1157 1046 1192 apud
1066 1157 1252 1193 Carthaginem
1274 1166 1306 1187 ac
1325 1159 1446 1187 Milevttm
1467 1165 1536 1188 anno
1552 1162 1677 1196 przesenti

891 1203 1031 1230 celebratis
1042 1203 1161 1231 tribuunt
1174 1204 1209 1238 id,
1221 1205 1292 1239 tlnod
1305 1202 1467 1240 Augustinus
1475 1211 1547 1234 anno
1553 1207 1680 1242 miserin-

890 1249 1039 1284 gentesimo
1051 1249 1181 1284 vigesimo
1193 1255 1270 1278 sexto
1281 1251 1388 1278 tradidit
1401 1252 1410 1287 (
1421 1251 1505 1286 Epist.
1518 1252 1580 1285 213,
1589 1261 1617 1280 η.
1634 1253 1678 1288 Β),

892 1294 1089 1329 Scripturarum
1104 1295 1207 1323 scilicet
1225 1296 1435 1324 meditandarnm
1449 1302 1496 1324 seu
1508 1298 1679 1332 exponenda-

892 1346 949 1367 rum
972 1347 1062 1367 curam
1081 1341 1131 1368 sibi
1149 1349 1165 1368 a
1189 1340 1315 1368 fratribus
1334 1346 1361 1369 et
1381 1343 1499 1377 patribus
1512 1343 1571 1370 suis
1591 1343 1681 1378 coeti-

892 1386 979 1420 scopis
989 1385 1016 1412 in
1027 1385 1130 1414 duobus
1140 1386 1258 1413 conciliis
1269 1387 1398 1414 Numidia:
1407 1388 1610 1423 «Carthaginis
1619 1393 1681 1417 ante

892 1439 990 1466 paucos
1003 1439 1088 1459 annos
1102 1432 1253 1467 impositam
1267 1432 1349 1460 fuisse
1363 1433 1524 1467 (Bai-anius,
1539 1434 1574 1460 ad
1586 1440 1681 1461 sum

892 1476 972 1514 4115).
989 1478 1178 1506 Verumtamen
1197 1479 1251 1514 jam
1270 1479 1332 1507 inde
1348 1480 1383 1507 ab
1405 1484 1519 1508 exeunte
1531 1486 1601 1509 mo
1612 1487 1681 1516 qua-

892 1524 1100 1560 dringentesimo
1113 1526 1219 1553 decimo
1232 1527 1310 1553 tertio
1320 1527 1347 1554 id
1358 1527 1406 1554 sibi
1421 1528 1586 1562 propositum
1599 1532 1682 1555 testa-

893 1571 979 1604 batur,
996 1572 1123 1607 quidquid
1138 1573 1266 1607 temporis
1280 1579 1295 1599 a
1318 1573 1475 1600 necessariis
1487 1573 1614 1601 Ecclesiae
1625 1580 1681 1600 suae

893 1616 988 1644 ciliciis
999 1617 1111 1645 liberum
1128 1617 1266 1645 habiturus
1284 1622 1374 1650 esset,
1390 1618 1441 1645 hoc
1453 1622 1539 1645 totum
1558 1618 1683 1646 ecclesia-

894 1663 968 1690 sticae
983 1663 1112 1691 doctrinae
1129 1663 1243 1697 studiis,
1261 1667 1290 1691 ut
1309 1664 1342 1691 ad
1364 1668 1485 1699 protei-os
1503 1671 1608 1700 quoque
1620 1664 1684 1692 utile

895 1709 993 1744 aliquid
1003 1710 1194 1737 transmitteret
1204 1710 1215 1745 (
1227 1709 1310 1744 Epiu.
1326 1710 1387 1743 161,
1401 1718 1427 1737 n.
1443 1710 1506 1745 15).
1517 1710 1682 1745 impendere.

895 1755 958 1782 Post
967 1759 1117 1790 susceptam
1128 1762 1142 1781 a
1155 1755 1265 1790 synodis
1277 1754 1377 1783 hancce
1390 1755 1563 1790 provinciam,
1572 1760 1684 1783 sanctus

894 1801 1022 1834 Antistes,
1038 1802 1098 1828 utet
1114 1800 1288 1834 satisfaceret,
1302 1800 1361 1828 dies
1372 1801 1490 1836 quinque
1501 1808 1608 1834 vacuos,
1619 1806 1685 1836 puta

895 1854 944 1882 per
958 1846 1138 1874 hebdomadas
1156 1847 1292 1880 singulas,
1313 1854 1329 1874 a
1352 1847 1449 1882 populo
1469 1854 1520 1874 suo
1530 1848 1684 1882 impetravit

894 1892 1000 1928 (Epist.
1013 1892 1077 1924 215,
1091 1900 1118 1919 n.
1133 1892 1151 1920 5
1161 1892 1180 1927 ).
1195 1891 1251 1919 Hac
1263 1892 1298 1920 de
1311 1899 1341 1920 re
1353 1892 1473 1920 confecto
1486 1892 1664 1920 instrumento
1673 1914 1681 1927 ,

895 1938 1050 1966 acclamuvit
1058 1938 1174 1973 populus
1186 1958 1194 1971 ,
1214 1942 1241 1966 et
1254 1939 1443 1973 aliquantisper
1463 1938 1544 1966 ﬁdem
1555 1939 1682 1967 seruiit.

896 1984 930 2010 At
942 1991 995 2011 non
1008 1983 1093 2011 multo
1106 1988 1166 2018 post
1180 1990 1283 2017 eorum,
1297 1984 1342 2018 qui
1356 1991 1416 2010 cum
1429 1984 1560 2018 Episcopo
1569 1988 1682 2012 tradere

895 2029 928 2056 de
943 2030 999 2056 suis
1013 2029 1093 2057 rebus
1107 2033 1254 2064 cuperent,
1271 2029 1425 2064 improbitas
1438 2033 1543 2064 pactum
1559 2028 1664 2064 infregit
1673 2049 1680 2063 ,

895 2082 1009 2109 eumque
1019 2075 1052 2102 ab
1065 2075 1119 2102 otio
1133 2082 1182 2103 suo
1193 2076 1323 2103 violenter
1336 2074 1456 2102 abduxit.
1471 2073 1528 2101 Non
1541 2074 1680 2108 permitte-

895 2122 972 2149 batur
982 2129 1032 2149 nec
1042 2126 1104 2149 ante
1114 2121 1264 2154 meridiem,
1273 2128 1362 2156 neque
1373 2124 1444 2156 post,
1459 2120 1680 2155 interquiescere:

895 2168 944 2195 sed
958 2172 986 2195 ut
1000 2168 1094 2195 alienis
1107 2168 1221 2203 negotiis
1232 2174 1341 2202 operam
1355 2166 1446 2200 daret,
1462 2173 1494 2193 ea
1513 2165 1548 2193 ob
1559 2173 1619 2201 quae
1633 2173 1682 2194 va-

895 2219 957 2240 care
965 2213 1081 2247 volebat,
1093 2213 1217 2241 deserere
1230 2218 1309 2247 atque
1320 2212 1435 2247 abjicere
1446 2211 1599 2246 cogebatur.
1611 2212 1682 2241 inter

897 2259 974 2294 huius
987 2260 1034 2286 otii
1056 2260 1157 2286 fructus
1170 2266 1221 2287 non
1238 2263 1371 2293 postremo
1382 2258 1441 2285 loco
1455 2256 1625 2285 numerandis
1640 2258 1682 2286 vl-

899 2306 997 2333 dentur
1013 2306 1195 2341 expositiones
1212 2307 1240 2333 in
1261 2306 1388 2333 Joannem
1405 2314 1411 2332 :
1426 2312 1492 2341 quas
1511 2305 1619 2341 quidem
1632 2307 1684 2334 etsi

899 2350 966 2377 forte
977 2351 1114 2385 aliquanto
1126 2355 1188 2378 ante
1201 2351 1253 2378 hoc
1273 2355 1376 2386 tempus
1389 2357 1530 2386 aggressus
1541 2356 1583 2379 est
1595 2352 1685 2387 Augu-

899 2396 993 2427 stinus,
1006 2402 1059 2422 non
1066 2395 1180 2423 absolvit
1191 2399 1288 2430 tamen,
1300 2396 1350 2423 nisi
1361 2401 1419 2431 post
1429 2397 1548 2431 corporis
1555 2396 1685 2432 Stephani

897 2441 1032 2477 martyris,
1046 2449 1106 2477 quae
1118 2448 1190 2469 anno
1200 2442 1463 2480 quadringentesimo
1473 2443 1579 2471 decimo
1593 2444 1685 2479 quinto

898 2496 981 2523 prope
992 2488 1083 2524 elapso
1097 2489 1226 2524 contigit,
1240 2490 1433 2517 revelationem
1446 2489 1499 2525 jam
1520 2490 1617 2525 ubique
1629 2490 1686 2518 fere

897 2534 1014 2568 gentium
1027 2533 1159 2569 cognitam
1178 2538 1207 2562 et
1217 2535 1408 2569 pervulgatam.
1430 2535 1487 2563 Huc
1499 2536 1571 2563 enim
1584 2540 1687 2571 spectat

898 2579 964 2607 illud
974 2579 1002 2606 in
1011 2579 1137 2607 Tractatio
1146 2580 1292 2607 centesimo
1302 2581 1431 2615 vigesimo
1445 2589 1452 2608 ε
1466 2580 1542 2613 Quod
1550 2584 1626 2612 certe,
1634 2581 1683 2614 sit,

898 2624 973 2651 modo
989 2625 1016 2652 in
1034 2624 1185 2652 reuelatione
1203 2625 1316 2660 corporis
1335 2625 1470 2653 beatissimi
1492 2625 1617 2662 Stephaﬁ
1634 2628 1687 2661 fere

899 2669 1014 2698 omni“:
1027 2670 1141 2706 gentibus
1159 2670 1326 2707 άωιόκωτ(
1340 2670 1373 2698 In
1392 2671 1501 2700 locum
1522 2671 1685 2707 W

898 2720 973 2744 tract.
989 2716 1050 2749 120,
1060 2725 1088 2744 tt.
1101 2716 1119 2744 4
1131 2717 1151 2752 ).

1216 2762 1333 2791 CAPUT
1352 2763 1397 2791 XI.

901 2809 915 2836 1
937 2809 1072 2844 Augustini
1090 2808 1202 2844 impulsu
1220 2809 1350 2836 historiam
1372 2814 1443 2835 suam
1462 2807 1548 2834 utﬁt
1564 2806 1681 2833 mosius.

935 2854 954 2880 ἱ
966 2853 1128 2881 Innocentius
1138 2862 1204 2889 papa
1214 2855 1248 2881 ad
1256 2854 1388 2889 Africanos
1397 2852 1540 2883 rescribam,
1552 2851 1682 2886 Pelagium

938 2904 961 2928 et
982 2899 1125 2929 Galatiam
1135 2920 1142 2934 ,
1158 2900 1277 2927 domum
1296 2900 1423 2928 atrium
1436 2898 1563 2932 doctrina,
1582 2897 1687 2927 milic-
