3858 6416
651 551 783 600 mate
808 543 1033 599 mulctat.
1065 543 1100 599 5
1126 541 1204 597 De
1237 541 1398 598 Gestis
1438 540 1726 597 Palaestina:
1761 543 1942 613 synodi
1972 542 2153 596 librum

653 635 707 690 in
733 636 910 706 vulgus
937 636 1039 690 edit
1075 635 1404 707 Augustinus.
1445 636 1477 689 4
1505 635 1757 706 Bonifacii
1800 634 1994 689 comitis
2020 650 2151 703 pra:-

653 727 806 784 σιω-ω
828 727 967 782 dotes
989 737 1135 799 atque
1156 729 1224 782 ad
1244 744 1298 782 se
1316 729 1404 782 uni
1428 726 1557 795 Deo,
1583 727 1729 783 rebus
1753 726 1980 782 omnibus
2005 727 2150 782 abdi-

651 821 774 875 catis
799 863 815 887 ,
856 822 1245 893 mancipandam
1283 839 1559 894 propensus
1604 821 1819 878 animus.
1851 824 1884 878 5
1912 822 2058 877 Liber
2085 822 2152 876 ad

649 911 815 982 ipsum
853 911 915 965 de
943 910 1259 967 Correctione
1286 911 1667 968 Donatistarum
1702 913 1920 983 scriptus
1949 913 2010 966 ab
2041 915 2148 967 Au-

650 1004 870 1075 gustino.
901 1004 934 1061 6
959 1003 1107 1060 Liber
1131 1006 1356 1077 ejusdem
1384 1009 1450 1062 ad
1480 1006 1777 1062 Dardanum
1796 1007 1858 1062 de
1875 1007 2152 1063 Prwsentia

649 1093 766 1149 Dei.
795 1097 827 1150 7
852 1096 1132 1166 Epistolam
1145 1099 1214 1153 ad
1235 1098 1510 1155 Paulinum
1533 1101 1840 1172 Augustinus
1857 1117 1948 1157 suo
1962 1110 2009 1156 et
2029 1101 2151 1171 Aly—

650 1188 722 1257 pii
747 1188 948 1245 nomine
975 1191 1144 1245 scribit
1171 1201 1346 1247 contra
1375 1191 1702 1264 Pelagianos.

651 1281 701 1335 l.
743 1284 899 1338 Anno
919 1293 1038 1354 post
1062 1285 1637 1356 quadringentesimum
1661 1287 1746 1343 vel
1771 1295 1922 1343 sexto
1942 1287 2150 1344 decimo

576 1374 721 1445 juxta
763 1376 1050 1432 Marcellini
1094 1379 1381 1435 chronicon
1405 1420 1422 1444 ,
1460 1380 1546 1435 vel
1575 1380 1800 1450 septimo
1827 1380 2036 1436 decimo
2060 1396 2148 1437 se-

577 1467 808 1524 cundum
829 1469 1110 1529 nonnullos
1135 1471 1286 1535 alios,
1315 1470 1534 1528 Orosius
1555 1471 1836 1528 Historiam
1864 1489 2012 1528 suam
2038 1473 2152 1528 elu-

577 1559 834 1614 cubravit.
864 1559 1004 1616 Fieri
1030 1561 1172 1616 enim
1203 1562 1409 1631 potuit,
1437 1573 1496 1617 ut
1532 1579 1651 1619 eam
1686 1579 1827 1619 anno
1853 1565 1943 1620 illo
1973 1565 2150 1635 priore

581 1649 856 1720 inciperet,
877 1667 974 1707 nec
986 1660 1158 1708 tamen
1171 1662 1295 1708 ante
1309 1655 1658 1725 posteriorem
1675 1656 1817 1711 hunc
1833 1656 2146 1712 absolveret.

580 1739 714 1798 Eum
737 1752 883 1798 certe
906 1752 1116 1799 constat
1142 1743 1284 1800 illam
1305 1761 1410 1801 non
1432 1747 1731 1817 scripsisse,
1754 1748 1854 1804 nisi
1873 1758 2147 1818 postquam

579 1849 636 1892 se
660 1836 973 1891 contulisset
997 1836 1310 1893 Bethlehem
1335 1879 1350 1902 ,
1379 1838 1553 1912 ibique
1597 1840 1901 1910 Hieronymi
1927 1856 2150 1913 conspe-

579 1935 667 1982 ctu
694 1929 890 1997 potitus
912 1938 1053 1986 esset
1077 1929 1098 2001 (
1117 1929 1345 2002 Orosius,
1381 1935 1618 1990 Historita
1645 1935 1770 1989 libro
1796 1935 1851 2002 7,
1880 1952 1993 2006 cap.
2016 1937 2085 1990 43
2106 1935 2146 2005 ).

578 2019 804 2077 lnnuere
827 2022 1066 2089 videtur,
1099 2023 1235 2084 hanc
1255 2039 1286 2082 a
1314 2043 1372 2084 se
1404 2029 1456 2083 in
1488 2027 1664 2083 Africa
1701 2027 1860 2084 fuisse
1897 2028 2146 2098 scriptam

524 2129 527 2136 ’
581 2111 780 2184 (lbid.,
809 2113 936 2170 libro
964 2116 998 2171 5
1017 2157 1032 2181 ,
1072 2133 1186 2190 cap.
1216 2120 1286 2191 2)
1316 2139 1328 2175 :
1357 2121 1497 2192 quod
1527 2120 1736 2192 quidem
1776 2121 1979 2176 creditu
2010 2120 2148 2176 haud

576 2204 857 2262 admodum
887 2207 1100 2267 difﬁcile
1129 2212 1228 2278 sit;
1257 2213 1452 2283 quippe
1476 2229 1595 2269 cum
1635 2215 1991 2286 Augustinum
2014 2258 2027 2278 ,
2059 2215 2147 2284 qui

580 2297 629 2357 ei
647 2297 825 2374 operis
855 2297 1012 2372 hujus
1040 2304 1360 2374 suscipiendi
1380 2313 1563 2360 auctor
1588 2303 1709 2372 fuit,
1735 2291 1801 2360 in.
1819 2305 2076 2374 principio
2095 2313 2150 2360 et

579 2391 631 2447 in
654 2391 758 2449 ﬁne
777 2393 1082 2465 compellet.
1105 2393 1391 2450 Enimvero
1415 2411 1535 2450 cum
1562 2395 1754 2466 Pagani
1779 2411 1949 2465 neque
1974 2394 2147 2450 futura

579 2483 916 2551 meditantes,
947 2499 1118 2556 neque
1140 2485 1437 2541 recolentes
1465 2487 1750 2555 praeterita,
1779 2501 1843 2541 ex
1871 2486 2028 2542 Urbis
2050 2501 2145 2542 ex-

578 2575 917 2646 pugnatione,
936 2592 1143 2633 necnon
1158 2577 1273 2632 aliis
1293 2577 1515 2632 Romani
1539 2578 1746 2649 Imperii
1762 2579 2147 2635 calamitatibus

577 2679 762 2720 ansam
807 2667 1105 2737 arriperent
1149 2667 1585 2735 blasphemandi,
1635 2669 2016 2725 contendentes
2055 2684 2146 2724 eas

577 2758 815 2815 conferre
837 2759 890 2815 in
907 2759 1214 2831 religionem
1238 2758 1599 2825 Christianam,
1620 2761 1860 2816 exstincti
1885 2761 2144 2816 idolorum

575 2850 748 2908 cultus
764 2851 1007 2908 effectum
1027 2867 1149 2909 esse
1173 2851 1312 2908 hunc
1333 2851 1636 2922 iactitantes
1663 2869 1676 2906 :
1705 2862 2023 2924 praeceptum
2043 2851 2145 2908 sibi

573 2941 642 2998 ab
671 2943 964 3015 Augustino
986 2943 1148 3012 dicit,
1185 2951 1242 2999 ut
1277 2959 1309 3000 e
1335 2944 1679 3015 scriptoribus
1714 2944 1960 3000 omnibus
1989 2943 2143 2999 fune-

572 3033 833 3090 stissimos
857 3049 1096 3105 quosque
1122 3034 1190 3090 ab
1218 3033 1494 3090 hominum
1522 3037 1774 3092 memoria
1804 3044 2024 3092 eventus
2046 3051 2142 3092 ex-

569 3129 849 3196 cerperet,
875 3125 1010 3182 bella
1031 3170 1045 3194 ,
1089 3137 1284 3197 pestes,
1315 3144 1539 3184 annonae
1565 3130 1813 3185 caritates
1837 3171 1851 3193 ,
1883 3138 2142 3185 terrarum

569 3217 969 3284 concussiones,
991 3217 1365 3275 inundationes
1389 3219 1689 3283 ﬂuviorum,
1718 3221 1916 3292 ignium
1937 3221 2145 3277 subter-

571 3322 852 3363 raucorum
874 3309 1205 3378 eruptiones,
1223 3310 1331 3366 vim
1356 3311 1630 3381 grandinis
1648 3313 2137 3380 extraordinariam,

570 3398 850 3455 criminum
867 3399 1027 3455 etiam
1053 3401 1283 3457 maxime
1305 3401 1549 3474 insignia,
1575 3412 1631 3460 et
1654 3403 1868 3460 demum
1885 3415 2142 3478 quotquot

574 3491 754 3564 legere
774 3502 855 3548 est
880 3492 933 3548 in
973 3493 1328 3550 monumentis
1358 3495 1695 3552 historiarum
1714 3539 1728 3562 ,
1763 3497 1958 3568 tragica
1982 3513 2139 3568 argu-

569 3594 747 3640 menta
769 3603 783 3640 :
799 3585 920 3641 dein
943 3601 1008 3642 ex
1030 3583 1116 3641 his
1131 3585 1374 3642 omnibus
1388 3586 1692 3644 historicam
1705 3589 1897 3646 seriem
1911 3598 1964 3646 ct
1979 3606 2139 3646 unum

568 3676 720 3748 quasi
743 3693 942 3750 corpus
981 3692 1048 3735 eo
1083 3687 1424 3747 contexeret,
1463 3689 1521 3736 ut
1561 3681 1684 3738 hinc
1724 3683 2134 3753 intelligeretur,

568 3767 816 3841 pluresne
857 3787 886 3825 a
927 3771 1228 3828 christianis
1275 3774 1600 3843 temporibus
1634 3774 1934 3844 hujusmodi
1962 3778 2141 3835 clades

565 3862 866 3920 evenissent
892 3861 1086 3936 (Ibid.,
1129 3864 1214 3918 lib.
1246 3866 1270 3920 l
1300 3907 1314 3932 ,
1359 3869 1559 3937 prwfat.
1578 3867 1620 3939 ).
1650 3866 1764 3922 Non
1793 3879 2002 3940 poterat
2027 3871 2137 3925 Au-

566 3955 808 4025 gustinus
838 3954 888 4010 id
923 3971 1020 4026 per
1055 3971 1114 4012 se
1149 3957 1406 4027 exsequi,
1451 3955 1722 4013 districtus
1751 3959 1995 4015 nimirum
2021 3960 2139 4016 aliis

565 4045 1022 4116 occupationibus,
1054 4054 1109 4103 et
1135 4047 1468 4117 potissimum
1499 4047 1647 4104 libris
1672 4048 1740 4104 de
1765 4048 1990 4106 Civitate
2019 4051 2134 4116 Dei,

563 4151 788 4206 quorum
819 4145 946 4193 tunc
974 4138 1309 4195 undecimum
1339 4139 1391 4194 in
1418 4139 1660 4196 manibus
1698 4139 1958 4206 habebat,
1986 4140 2136 4197 lucu-

563 4225 780 4283 brandis
807 4243 1022 4299 operam
1052 4245 1250 4286 navans
1277 4230 1450 4303 (Ibid.
1474 4232 1513 4304 ).
1545 4231 1692 4288 Hanc
1716 4233 1893 4302 itaque
1920 4233 2138 4303 provin-

564 4317 700 4372 ciam
729 4315 876 4374 dedit
899 4317 1107 4385 Orosio,
1139 4335 1294 4390 quem
1327 4321 1486 4376 etiam
1515 4337 1611 4392 per
1635 4321 1902 4378 lulianum
1928 4322 2138 4379 Cartha-

563 4407 861 4478 gioensem,
889 4423 1099 4464 servum
1130 4409 1247 4476 Dei,
1276 4410 1398 4480 quia
1420 4418 1529 4466 tum
1560 4410 1801 4468 fortassis
1822 4412 2139 4484 Carthagine

566 4499 871 4556 morabatur
906 4498 1157 4568 Orosius,
1206 4501 1275 4556 ad
1317 4515 1435 4558 eam
1476 4502 1864 4574 suscipiendam
1911 4504 2134 4574 impulit.

569 4589 750 4647 Paruit
773 4591 862 4649 ille
884 4592 1024 4649 ultro
1047 4609 1110 4649 ac
1145 4592 1334 4651 lubens
1352 4635 1368 4660 ,
1399 4592 1516 4666 ipso
1541 4595 1622 4650 vel
1646 4593 1912 4652 desiderio
1933 4611 2136 4653 morem

566 4683 786 4754 gerendi
807 4684 878 4750 ei,
905 4700 1062 4754 quem
1085 4694 1144 4740 ut
1163 4695 1367 4757 patrem
1393 4686 1742 4753 observabat,
1769 4687 1836 4744 de
1862 4703 2138 4744 successus

571 4771 809 4842 periculo
829 4786 1082 4829 securus:
1107 4774 1301 4846 quippe
1327 4791 1461 4846 opus
1488 4792 1642 4833 suum
1670 4777 1887 4834 omnino
1914 4778 2137 4848 permit-

572 4860 716 4916 lebat
738 4870 926 4918 sancto
947 4862 1183 4933 Doctori,
1209 4875 1268 4920 ut
1290 4867 1335 4921 si
1361 4867 1536 4924 minus
1558 4868 1773 4940 dignum
1801 4869 1943 4941 quod
1972 4869 2025 4924 in
2054 4869 2136 4925 lu-

570 4969 687 5012 cem
704 4955 949 5013 ederetur
969 4957 1096 5014 illud
1111 4958 1392 5029 judicaret,
1409 4961 1640 5017 tenebris
1659 4962 1966 5033 damnaret(
1977 4961 2134 5030 Ibid.,

567 5047 657 5102 lib.
688 5049 742 5117 7,
769 5065 885 5120 cap.
924 5049 996 5105 45
1016 5050 1056 5123 ).
1101 5049 1413 5108 Generalem
1456 5053 1616 5122 igitur
1639 5053 1876 5109 omnium
1903 5054 2138 5123 gentium

567 5137 846 5196 historiam
869 5156 1167 5213 aggressus,
1197 5157 1315 5198 eam
1349 5141 1416 5197 ab
1440 5141 1552 5211 ipsa
1576 5157 1753 5198 rerum
1778 5144 2049 5200 creatione
2074 5142 2140 5198 ad

569 5245 763 5288 annum
779 5233 973 5290 Christi
987 5233 1567 5304 quadringentesimum
1582 5233 1846 5290 decimum
1856 5236 2140 5306 septimum

566 5324 836 5394 pertexuit
863 5341 876 5376 :
907 5324 1226 5396 cupiditates
1253 5333 1307 5380 et
1332 5323 1632 5394 punitiones
1658 5323 1930 5381 hominum
1957 5341 2144 5396 pecca-

573 5420 749 5470 torum
769 5453 786 5478 ,
816 5413 1236 5470 conﬁictationes
1263 5413 1444 5469 saeculi
1468 5455 1484 5482 ,
1527 5423 1580 5470 et
1605 5413 1800 5484 judicia
1829 5415 1958 5482 Dei,
1985 5432 2142 5487 quam

575 5499 890 5562 brevissime
915 5512 971 5560 et
1007 5517 1165 5575 quam
1193 5503 1583 5574 simplicissime
1613 5505 1810 5576 potuit,
1850 5506 2139 5576 explicans.

571 5593 820 5651 Ammat
843 5609 1002 5666 porro
1020 5635 1036 5662 ,
1061 5611 1128 5652 ex
1166 5594 1568 5666 investigatione
1607 5595 1788 5653 sedula
1805 5639 1820 5664 ,
1847 5599 2142 5669 praeteritos

572 5685 722 5754 dies,
750 5704 855 5744 non
892 5688 1067 5745 solum
1102 5703 1252 5760 atque
1286 5696 1344 5743 ut
1384 5686 1482 5744 hos
1517 5704 1738 5760 graves.
1765 5706 1947 5747 verum
1982 5691 2140 5748 etiam

574 5786 720 5835 tanto
733 5780 965 5836 atrocius
986 5781 1228 5848 miseros,
1251 5790 1451 5851 quanto
1472 5779 1682 5851 longius
1699 5797 1728 5836 a
1750 5782 1986 5840 remedio
2001 5801 2142 5841 verte

577 5867 840 5944 religionis
854 5872 1057 5932 alienos
1079 5914 1096 5944 ,
1114 5889 1173 5933 se
1186 5873 1512 5957 comperisse
1524 5873 1574 5947 (Ι
1579 5874 1664 5931 bid
1670 5916 1680 5930 .
1691 5917 1706 5948 ,
1725 5877 1810 5933 lib.
1828 5878 1880 5946 l,
1899 5875 2142 5951 Prcefat.)

1690 410 1844 468 wn
1886 410 1942 467 s.
1984 397 2349 464 AUGUSTINI
2388 403 2700 468 EPISCOPI.
3645 431 3711 491 ηε

2331 537 2384 590 2.
2410 538 2519 594 Sub
2556 538 2678 592 anni
2721 533 2876 604 hujus
2917 533 3120 592 initium
3163 536 3469 601 Innocentius
3508 561 3616 620 papa
3635 527 3733 626 cpe

2258 631 2406 686 stolis
2427 629 2633 685 concilii
2663 628 3089 701 Carthagiuensis
3109 675 3124 697 ,
3171 635 3362 692 concilii
3383 637 3646 712 Milevitani,
3679 662 3711 706 et

2257 726 2487 796 quinque
2527 728 2892 797 episcoporum
2913 769 2926 793 ,
2965 741 3102 781 anno
3128 730 3386 798 superiore
3409 735 3468 792 ad
3491 753 3540 794 se
3563 742 3710 813 missis,

2257 819 2475 890 singulis
2501 821 2732 894 singulas
2769 822 3017 894 epistolas
3043 826 3338 894 rescripsit;
3363 829 3564 900 ipsorum
3594 836 3633 891 in
3649 837 3710 897 Pe

2256 915 2493 986 lagianos
2532 925 2585 971 et
2650 917 2940 972 doctrinam
2994 920 3370 990 comprobans,
3428 934 3476 979 et
3531 926 3711 996 judicium

2256 1006 2679 1078 sententiamque
2723 1007 3059 1065 conlirmans.
3117 1009 3374 1082 Pelagium
3423 1012 3710 1091 Cteleslittmqu

2257 1095 2584 1170 (Apostolici
2628 1101 2681 1154 in
2709 1116 2801 1156 eos
2817 1100 3023 1157 decreti
3065 1117 3187 1172 pars
3231 1102 3340 1159 hare
3377 1108 3598 1178 przecipm
3617 1117 3709 1182 est),

2253 1190 2309 1244 id
2333 1200 2425 1257 est,
2462 1192 2740 1248 inventores
2790 1209 2964 1248 vocum
3010 1212 3264 1258 novarum.
3303 1197 3591 1256 ecclesiastica
3623 1221 3711 1259 con-

2255 1285 2490 1339 munione
2511 1285 2700 1356 privari
2719 1328 2733 1350 ,
2765 1288 3030 1357 apostolici
3049 1289 3228 1359 vigoris
3246 1292 3515 1346 auctoritate
3534 1311 3709 1351 censemus

2255 1377 2411 1431 donec
2436 1379 2748 1446 resipiscant.
2779 1379 2900 1434 Ηωε
2925 1380 3099 1451 igitur,
3130 1382 3306 1451 fratres
3323 1383 3580 1446 charissimi.
3599 1389 3637 1442 in
3654 1408 3708 1444 ss-

2255 1470 2508 1540 pradictos
2535 1482 2733 1527 maneat
2761 1473 2867 1541 ﬁxa
2889 1473 3166 1535 sententia;
3197 1474 3352 1529 absint
3395 1477 3516 1530 atriis
3539 1477 3707 1544 Domini.

2253 1571 2458 1616 careant
2479 1564 2707 1618 custodia
2735 1564 2977 1635 pastorali
3001 1605 3016 1628 ,
3055 1582 3117 1619 ne
3140 1564 3347 1620 duarum
3372 1567 3514 1622 ovium
3535 1570 3616 1623 dira
3633 1588 3707 1626 con-

2255 1655 2389 1726 tagia
2407 1664 2607 1724 serpant
2626 1656 2837 1727 forsitan
2860 1672 2948 1725 per
2962 1656 3139 1729 vulgus
3157 1657 3400 1712 incautum
3410 1657 3555 1729 (Apud
3564 1659 3706 1730 August.

2259 1743 2426 1815 Epist.
2458 1745 2580 1809 I82,
2621 1763 2674 1799 n.
2712 1746 2790 1815 6).
2823 1745 2933 1802 Hoc
2959 1746 3075 1817 ipso
3098 1761 3236 1802 anno
3260 1747 3546 1819 Augustinus
3559 1750 3705 1806 Cartha—

2253 1835 2376 1905 gine
2402 1835 2710 1891 concionem
2743 1835 2943 1903 habuit,
2974 1836 3062 1892 die
3085 1838 3364 1903 dominico,
3390 1853 3512 1894 nono
3532 1839 3702 1896 kalendas

2253 1929 2486 1985 octobris
2507 1972 2519 1996 ,
2550 1929 2602 1984 in
2626 1944 2727 2000 qua
2757 1930 2934 1999 palam
2954 1930 3249 2001 proﬁtetur,
3277 1947 3517 2001 nunquam
3534 1931 3705 1988 fermead

2252 2023 2502 2092 p0pulum
2530 2023 2690 2078 verba
2718 2023 2890 2078 facere
2931 2039 3020 2088 se,
3051 2024 3176 2094 quin
3209 2025 3383 2093 gratim
3407 2024 3564 2080 divina
3583 2040 3707 2080 neces-

2252 2115 2482 2182 sitatem,
2511 2125 2731 2188 propter
2759 2116 2992 2185 ingratos
3019 2117 3274 2186 quosdam
3299 2116 3530 2184 homines,
3547 2116 3707 2187 aquibus

2251 2222 2313 2261 ea
2341 2222 2523 2276 parum
2551 2207 2956 2279 agnoscebatur,
2979 2217 3035 2262 at
3062 2217 3246 2264 contra
3278 2209 3461 2264 viribus
3487 2218 3636 2264 natura
3655 2207 3704 2260 ni-

2250 2299 2415 2353 mium
2448 2299 2790 2361 tribuebatur,
2815 2299 3113 2356 declararet
3135 2300 3322 2372 (Serm.
3354 2297 3707 2370 l31,n.6).lior-

2251 2397 2391 2444 tatur
2419 2389 2604 2446 ﬁdeles
2623 2432 2636 2452 ,
2666 2392 2781 2446 istis
2803 2393 3226 2461 compatiantur;
3253 2408 3349 2449 nec
3365 2402 3533 2457 tamen,
3555 2391 3588 2446 si
3605 2403 3705 2459 quem
3793 2435 3797 2478 ὲ

2252 2480 2513 2550 ejusmodi
2540 2481 3028 2553 deprehenderint,
3057 2484 3185 2538 falsa
3211 2483 3424 2554 quadam
3448 2479 3704 2538 misericordi:
3793 2479 3797 2490 '

2250 2572 2429 2641 capti,
2481 2573 2746 2629 occultum
2798 2575 2943 2628 illum
3001 2589 3124 2630 esse
3181 2576 3448 2645 patiantur.
3488 2570 3706 2629 lubetillos
3793 2631 3796 2634 ,

2249 2664 2529 2734 redargui,
2557 2680 2621 2720 ac
2663 2667 2708 2722 si
2735 2666 2947 2736 quidem
2996 2666 3051 2721 in
3095 2682 3278 2722 errore
3323 2666 3602 2738 pertinaciter
3631 2661 3706 2716 ani-
3791 2655 3796 2674 ‘

2248 2769 2392 2809 mum
2432 2755 2745 2822 oblirment,
2777 2757 2843 2812 ad
2880 2772 2939 2813 se
2984 2757 3197 2814 adduci.
3251 2756 3369 2812 Iam
3404 2757 3539 2819 enim.
3566 2753 3706 2822 inquit.
3791 2743 3796 2820 ξ

2249 2847 2311 2901 de
2349 2849 2444 2901 hac
2471 2865 2624 2904 causa
2652 2848 2754 2903 duo
2799 2851 3014 2904 concilia
3039 2850 3193 2905 missa
3235 2857 3348 2905 sunt
3385 2848 3444 2903 ad
3471 2847 3609 2904 Sedem
3626 2858 3706 2910 apo-

2247 2940 2476 2994 stolicam
2499 2955 2517 2994 :
2540 2941 2658 2995 inde
2703 2942 2852 2996 etiam
2898 2943 3144 3013 rescripta
3184 2950 3431 2997 venerunt.
3461 2938 3590 2995 Cum
3613 2933 3706 3001 ﬁlii“
3795 3011 3797 3026 1

2246 3040 2353 3094 est;
2373 3032 2567 3085 utinam
2589 3031 2861 3104 aliquando
2891 3034 3100 3104 ﬁniatur
3125 3034 3303 3090 error!
3323 3031 3468 3093 (Ibid.
3492 3047 3553 3094 τι,
3575 3024 3654 3093 l0.)

2317 3122 2369 3176 5.
2415 3121 2494 3177 Ad
2519 3137 2640 3178 eum
2672 3122 2960 3179 ﬁniendum
2990 3125 3258 3194 pertinere
3285 3124 3334 3178 iu
3374 3119 3533 3192 primis
3559 3111 3704 3209 putuit.

2246 3224 2304 3271 ut
2326 3215 2622 3272 Peltestina!
2643 3215 2860 3287 synodi,
2894 3217 2983 3273 ubi
3007 3232 3068 3273 se
3097 3216 3334 3288 Palagius
3361 3222 3586 3285 purgatum
3605 3205 3708 3261 fuisse
3793 3267 3795 3274 ι

2241 3307 2554 3378 jactitabat,
2612 3307 2875 3380 judicium
2930 3307 3493 3366 habereturzanimum
3530 3295 3706 3371 siquidem
3787 3295 3795 3374 ᾖ

2245 3399 2562 3466 induxerat,
2617 3401 2668 3454 in
2699 3415 2764 3456 eo
2820 3399 3092 3471 Pelagium
3149 3400 3389 3456 haeresim
3433 3409 3582 3454 suam.
3619 3393 3657 3440 ιιι
3687 3399 3705 3436 ι

2244 3492 2526 3548 catholicis
2577 3492 2841 3563 episcopis
2897 3492 3282 3559 absolveretur,
3334 3489 3566 3559 ejurasse,
3605 3486 3704 3546 θίίῐυθ

2246 3584 2386 3655 apud
2411 3585 2554 3656 ipsos
2580 3585 2738 3640 ﬁdem
2759 3584 2977 3640 omnino
3001 3585 3296 3654 professum
3317 3596 3425 3638 esse
3439 3573 3705 3634 christianum.

2245 3676 2495 3746 Acceptis
2532 3676 2696 3748 igitur
2725 3676 2825 3731 hoc
2866 3675 3083 3731 tandem
3123 3685 3357 3745 tempore
3391 3666 3549 3742 synodi
3568 3660 3706 3720 Gestis,

2241 3783 2356 3823 rem
2386 3767 2457 3821 ita
2485 3782 2544 3822 se
2573 3767 2788 3834 habere,
2822 3783 2929 3823 non
2961 3767 3080 3826 sine
3109 3766 3337 3822 maxima
3363 3759 3502 3816 animi
3522 3755 3706 3844 voluptate

2242 3861 2506 3930 comperit
2536 3877 2549 3914 ε
2580 3869 2738 3932 atque
2766 3869 2823 3915 ut
2855 3859 3095 3915 haeretici
3140 3856 3373 3914 fraudem
3423 3852 3642 3945 relegeret.

2242 3952 2395 4008 brum
2427 3962 2611 4008 contra
2660 3951 2823 4010 Gesta
2875 3953 2963 4008 illa
3008 3952 3244 4008 breviata
3269 3993 3283 4011 .
3312 3963 3421 4021 qua.
3457 3937 3642 4005 Pelagius
3672 3941 3705 3980 ιιι

2243 4062 2355 4103 suae
2387 4047 2716 4104 delensionis
2737 4045 2978 4101 chartula
3021 4045 3342 4115 vulgaverat,
3371 4033 3566 4091 scribere
3581 4035 3705 4097 quam;

2244 4137 2474 4208 primum
2513 4151 2795 4208 aggressus
2830 4144 2913 4191 est
2941 4135 3042 4208 (De
3066 4133 3228 4189 Gestis
3261 4127 3463 4198 Pelagii,
3496 4140 3539 4176 n-
3571 4118 3612 4187 2)
3635 4123 3707 4167 ³³⁸
3789 4181 3791 4208 ἶ

2242 4228 2358 4298 quis
2386 4227 2521 4284 forte
2559 4237 2739 4293 esset,
2769 4226 2860 4298 qui
2897 4240 2962 4282 eo
2988 4226 3134 4281 velut
3160 4222 3428 4285 absoluto,
3453 4216 3544 4286 ipsa
3565 4213 3708 4298 quos“
3790 4231 3791 4298 ξ

2245 4293 2361 4390 (gius
2389 4319 2634 4390 dogmata
2673 4293 2882 4389 putaret
2904 4315 3109 4387 iudices
3135 4311 3459 4386 approbasse.
3484 4305 3620 4371 Itaque
3640 4293 3705 4394 ltoc

2244 4411 2296 4465 in
2327 4410 2482 4478 libro,
2512 4409 2591 4465 De
2632 4409 2794 4464 Gestis
2820 4406 3020 4480 Pelagii
3049 4405 3321 4475 inscripto,
3352 4394 3704 4491 Αυευειίίζπξεῖίξν

2251 4503 2371 4575 gula
2401 4517 2641 4558 errorum
2670 4501 2842 4572 capita
2869 4499 3084 4570 Pelagio
3121 4496 3256 4568 apud
3291 4491 3522 4566 synodum
3538 4480 3700 4575 objects.

2244 4571 2365 4648 cum
2394 4591 2634 4662 ejusdem
2661 4591 2728 4647 ad
2738 4571 2836 4646 illa
2857 4589 3150 4661 responsis,
3173 4580 3541 4657 diligentissime
3555 4571 3705 4673 exfulli:
3788 4609 3789 4673 Ξ

2249 4685 2479 4741 Tametsi
2499 4699 2628 4741 vero
2653 4684 2745 4740 ille
2769 4683 3015 4755 dogmata
3041 4682 3152 4752 ipsa
3173 4680 3437 4739 damnans.
3455 4665 3707 4759 αυξείηίηξῗ

2247 4777 2432 4848 gratim
2459 4775 2654 4832 Christi
2698 4743 2952 4831 adversus
2979 4743 3100 4830 eum
3126 4773 3192 4828 de
3229 4766 3428 4826 llerotis
3451 4770 3498 4817 et

2252 4843 2390 4926 bello
2418 4869 2760 4940 legebantur,
2790 4866 3080 4923 catholicus
3125 4879 3155 4918 a
3201 4859 3395 4935 synodo
3434 4843 3710 4940 Ρωηυέωωῗ

2251 4959 2358 5026 sit;
2398 4933 2499 5030 ipsi
2528 4969 2704 5016 tamen
2734 4933 3088 5027 suspicionem
3118 4933 3375 5009 haereseos
3396 4941 3545 5000 adhuc

2248 5025 2480 5106 osténdit
2511 5067 2524 5104 :
2551 5066 2615 5106 ac
2657 5025 2870 5106 demum
2913 5048 2990 5102 sic
3035 5060 3155 5102 eum
3195 5038 3373 5116 synodi
3399 5025 3711 5128 sententiae?"
3786 5067 3787 5128 ἶ

2256 5145 2572 5210 absolutum,
2601 5155 2659 5200 ut
2684 5145 2795 5214 ipsa
2811 5142 3057 5206 haeresis,
3090 5145 3300 5211 propter
3320 5144 3464 5205 (ιυοιη
3487 5121 3710 5214 “FW:

2251 5237 2373 5307 P318
2405 5201 2658 5306 iudicium
2691 5201 2986 5304 pertractus
3015 5201 3131 5297 est,
3159 5201 3498 5284 incunctanter
3536 5201 3736 5265 damna“.

2252 5327 2414 5384 fuerit
2443 5327 2893 5400 (Retractationum
2921 5325 3010 5380 lib.
3045 5324 3101 5391 2,
3131 5338 3244 5392 cap.
3281 5314 3385 5388 b7).
3520 5392 3534 5400 _
3594 5376 3693 5400 Md

2323 5421 2375 5476 4.
2407 5385 2590 5474 Tradit
2636 5417 2959 5488 Augustinus
2979 5456 2995 5482 ,
3025 5385 3098 5470 ser
3124 5385 3228 5483 quo
3272 5385 3487 5474 tempore

2256 5468 2955 5582 Pelagii-:1
3129 5468 3464 5572 composuisse
3487 5468 3713 5582 iibTmf
3784 5577 3785 5580 η

2249 5556 3522 5698 causa;'54:..1;.1;;;..;:nn..5....is};
3784 5577 3785 5653 γ

2253 5695 2368 5751 cius
2393 5736 2410 5761 ,
2452 5693 2537 5749 cui
2593 5693 2729 5750 liber
2775 5690 3110 5754 inscribitur;
3139 5686 3271 5741 inter
3296 5683 3522 5768 maxime?

2253 5741 2476 5842 Romani
2496 5786 2640 5840 viros
2664 5783 3071 5840 numerabatur:
3093 5787 3146 5834 et
3169 5774 3401 5858 εαῖρίυφ
3429 5741 3709 5858 {diligit

2510 5833 3134 5948 “bellum
3187 5833 3291 5924 tum
3326 5857 3390 5917 ob
3429 5833 3708 5930 fortitudinem
