3838 6258
146 279 241 338 489

136 770 332 832 propter
356 759 637 813 humanam
662 755 1082 827 magnitudinem
1105 797 1121 822 ,
1179 765 1323 811 tanta
1361 771 1485 811 eum
1523 770 1688 811 vene-

1415 273 1613 331 LlBER
1652 273 2000 336 SEPTIMUS.

142 397 306 465 reique
349 388 587 446 militaris
631 390 904 459 peritiam,
944 398 1055 444 tum
1083 389 1155 446 ob
1181 389 1344 444 animi
1373 391 1692 461 magnitudi-

150 502 259 542 nem
293 493 612 554 caeterasque
641 481 896 548 virtutes,
937 480 1077 536 haud
1123 481 1390 537 immerito
1419 481 1690 537 Romano-

145 593 249 634 rum
267 577 469 631 ultimos
493 588 645 645 posse
661 573 914 644 appellari
933 571 1260 646 (Procopius,
1279 571 1523 628 Historia
1559 573 1692 628 Van-

138 671 229 724 dal.
260 670 307 733 l,
347 665 491 739 l95).
542 664 750 733 Quanto
792 665 930 735 apud
990 679 1177 720 omnes
1221 673 1335 720 erat
1384 665 1440 719 in
1491 666 1692 720 honore

3282 302 3387 363 490

1804 394 2079 461 caecutire;
2105 404 2265 469 alque
2291 399 2427 456 adeo
2458 401 2762 463 innocenter
2790 409 3060 466 Bonifacio
3082 405 3290 472 ruinam
3318 436 3382 475 ac

1803 487 2092 555 perniciem
2116 502 2452 550 accersentes
2471 537 2486 562 ,
2516 494 2765 557 Vandalis
2794 503 2848 558 in
2898 506 3130 562 Africam
3177 510 3376 565 irrum-

1800 578 1958 646 pendi
1984 593 2197 636 causam
2233 585 2490 654 praebere.
3379 595 3386 604 ’

1869 670 1924 725 5.
1953 670 2150 728 Verum
2173 684 2230 729 ut
2255 677 2532 734 redeamus
2555 682 2620 736 ad
2651 683 2839 741 librum
2856 728 2870 751 ,
2894 689 3045 760 cujus
3073 697 3377 763 occasione,

1798 761 1918 829 quis
1946 773 2090 820 esset
2117 765 2440 836 Bonifacius,
2459 774 2829 842 exponendum
2861 777 2987 848 fuit,
3019 782 3120 837 hoc
3156 786 3209 840 in
3241 761 3380 843 libro

133 853 314 908 ratione
353 857 568 920 propter
604 847 868 918 insignem
911 848 1161 938 pietatem
1189 847 1434 938 colebant
1474 847 1692 902 sanctis-
1796 848 2098 922 disputatur
2133 859 2352 913 omnino
2373 859 2442 916 de
2475 862 2795 933 Donatistis,
2825 868 2912 938 qui
2943 871 3076 926 forte
3112 873 3254 929 haud
3283 878 3366 931 in-

133 943 236 999 simi
257 942 441 1012 quique
461 938 701 1010 ejusdem
722 939 896 994 aetatis
916 937 1173 1010 episcopi.
1198 937 1393 993 Verum
1416 938 1461 994 is
1483 946 1687 993 tantum

135 1036 276 1091 decus
295 1032 355 1088 ad
381 1040 678 1088 extremum
708 1046 874 1101 usque
899 1045 1004 1085 non
1036 1030 1256 1086 retinuit
1285 1049 1298 1085 :
1323 1045 1444 1101 cum
1471 1030 1616 1086 enim
1656 1046 1686 1085 a

137 1125 237 1181 Deo
261 1131 470 1178 mentem
503 1130 559 1176 et
585 1120 962 1190 cogitationem
989 1119 1302 1186 avertisset,
1350 1120 1401 1174 in
1446 1127 1524 1174 tot
1551 1128 1687 1174 tam-

139 1233 230 1288 que
253 1224 436 1272 atroces
456 1214 793 1268 calamitates
820 1213 1102 1268 immersus
1130 1213 1257 1277 fuit,
1288 1223 1346 1268 ut
1371 1212 1435 1268 ad
1463 1213 1685 1268 fulcien-

131 1308 233 1362 dam
258 1315 641 1376 temporancam
667 1302 971 1375 ﬂuxamque
987 1303 1254 1359 fortunam
1272 1319 1444 1371 suam,
1467 1314 1683 1362 coactus

131 1401 186 1453 sit
206 1397 439 1453 Ecclesiae
465 1405 628 1468 atque
657 1395 887 1466 Imperio
917 1396 1150 1451 immane
1187 1396 1371 1450 vulnus
1400 1396 1638 1468 infligere
1661 1438 1677 1463 ,

127 1491 192 1544 cui
217 1487 437 1545 sanando
461 1501 564 1543 nec
594 1487 708 1559 ipse
733 1529 749 1555 ,
782 1501 882 1544 nec
904 1501 1093 1543 omnes
1119 1487 1373 1542 Romana:
1395 1487 1556 1553 vires,
1587 1503 1682 1559 per

127 1591 242 1638 totos
263 1589 462 1637 centum
491 1595 700 1648 annos,
746 1594 904 1650 pares
943 1579 1178 1636 fuerunt.
1226 1580 1362 1635 Eum
1391 1581 1443 1635 in
1488 1580 1678 1637 mediis

123 1673 350 1728 bellorum
377 1679 430 1727 et
452 1685 732 1726 armorum
751 1671 894 1726 curis
916 1669 1218 1726 vehementi
1259 1670 1450 1727 ardore
1475 1670 1678 1727 divina-

121 1779 218 1820 rum
240 1778 402 1819 rerum
428 1761 796 1833 cognitionem
823 1776 1066 1832 quaerere
1096 1761 1392 1816 mirabatur
1423 1763 1675 1832 Augusti-

126 1873 208 1910 nus
229 1855 399 1927 (Epist.
432 1853 561 1921 185,
598 1871 650 1908 η.
679 1853 733 1925 1)
765 1869 976 1924 :ueque
1014 1862 1219 1925 poterat
1259 1854 1374 1925 ejus
1402 1870 1674 1911 commen-

130 1947 295 2002 dationi
316 1945 606 2017 quidquam
633 1945 699 2001 ad
737 1945 867 2001 illud
907 1946 1138 2014 addere,
1180 1947 1320 2016 quod
1355 1947 1570 2002 monitis
1606 1949 1672 2003 ad

121 2039 220 2092 vita?
249 2038 492 2092 rationem
531 2036 708 2106 probe
753 2035 1131 2092 instituendam
1165 2037 1213 2092 ei
1239 2080 1252 2102 ,
1309 2046 1466 2107 prout
1507 2053 1672 2108 expe-

118 2130 273 2189 tierat.
298 2127 428 2184 datis
453 2127 736 2199 subjecit,
770 2129 1054 2199 epistolam
1096 2144 1244 2184 suam
1276 2132 1444 2200 magis
1470 2130 1518 2184 ei
1548 2145 1671 2200 spe-

118 2226 263 2279 culum
287 2237 415 2288 esse,
455 2222 548 2276 ubi
597 2221 767 2292 qualis
805 2223 875 2278 sit
917 2221 1134 2287 videat,
1166 2237 1322 2292 quam
1371 2222 1458 2276 ubi
1504 2222 1674 2278 discat

115 2313 295 2385 qualem
319 2299 433 2369 eum
460 2327 593 2368 esse
620 2320 864 2383 oporteat
893 2310 1085 2386 (Epist.
1118 2313 1240 2379 189,
1270 2331 1325 2367 η.
1361 2313 1437 2385 8).
1474 2313 1528 2368 ln
1559 2315 1670 2384 pri-

118 2410 200 2462 mis
237 2409 395 2478 ipsum
445 2405 510 2460 ad
548 2405 821 2476 pudicitia:
867 2405 1161 2476 conjugalis
1205 2421 1386 2460 curam
1418 2405 1670 2461 abhorta-

115 2499 245 2553 batur
266 2495 439 2569 (lbid.,
467 2515 524 2553 tt.
558 2495 620 2570 ‘7)
644 2514 657 2550 :
685 2511 867 2552 verum
894 2495 1195 2552 Bonifacius
1221 2498 1356 2552 ultra
1376 2497 1464 2551 illa
1492 2497 1670 2552 consi~

121 2590 178 2642 lia
197 2588 419 2661 progredi
457 2588 816 2658 percptabat;
856 2595 912 2642 et
953 2589 1194 2659 quamvis
1231 2588 1566 2658 conjugatus,
1611 2587 1673 2642 Ii.-

129 2681 241 2734 liam
261 2681 424 2734 saltem
452 2695 618 2734 unam
640 2721 656 2748 ,
688 2694 847 2750 quam
895 2679 1075 2735 comiti
1113 2679 1425 2735 Sebastiano
1451 2695 1670 2736 uxorem

118 2771 348 2839 dederat,
371 2772 668 2827 sustulisset
696 2770 897 2844 (Victor
928 2769 1162 2836 Vitensis,
1196 2771 1272 2826 Dc
1318 2771 1674 2827 Persecution:

130 2862 343 2927 γωνίαι..
375 2864 451 2919 lib.
482 2865 536 2930 1,
577 2881 632 2918 n.
663 2861 760 2938 6);
805 2863 1153 2918 nihilominus
1180 2872 1356 2918 tamen
1382 2880 1411 2918 a
1443 2864 1672 2920 vanitate

116 2954 272 3009 saeculi
294 2953 613 3011 abhoth
633 2997 650 3022 ,
682 2953 921 3025 nihilque
955 2953 1185 3010 habebat
1213 2955 1473 3025 optatius,
1511 2969 1669 3025 quam

115 3045 377 3101 renuntiato
393 3045 689 3102 mundanis
707 3046 869 3102 rebus
888 3046 1120 3101 divortio
1143 3047 1463 3101 monachum
1489 3047 1670 3102 vivere

115 3153 166 3194 ac
185 3138 263 3193 uni
289 3138 392 3195 Deo
415 3138 718 3209 mancipari
769 3136 962 3211 (Epist.
990 3137 1117 3200 220.
1141 3155 1195 3206 η.
1226 3137 1302 3210 5).
1350 3139 1428 3193 lie
1456 3137 1670 3208 quidem

116 3229 209 3297 ipsa
235 3239 427 3284 mortua
475 3229 713 3300 conjuge
735 3270 750 3295 ,
781 3243 903 3284 cum
954 3243 1061 3284 non
1091 3228 1258 3283 multo
1288 3237 1409 3298 post
1453 3228 1671 3285 Tubinis

117 3320 158 3373 iu
175 3317 393 3375 Numidia
438 3319 802 3391 Augustinum
845 3327 1005 3390 atque
1055 3319 1301 3390 Alypium
1327 3319 1472 3374 solos
1502 3318 1673 3373 offen-

118 3409 274 3477 disset,
296 3426 443 3466 suum
469 3412 695 3481 utrique
720 3411 1000 3466 consilium
1032 3409 1280 3480 patefecit
1304 3429 1316 3465 :
1343 3411 1442 3465 sibi
1473 3424 1671 3482 pr0po-

120 3500 273 3568 situm,
298 3501 563 3556 abdicatis
583 3499 831 3555 omnibus
860 3500 1083 3570 publicis
1108 3509 1162 3555 et
1186 3499 1387 3556 bellicis
1411 3499 1590 3567 rebus,
1617 3501 1669 3556 in

120 3593 244 3647 beata
270 3594 443 3664 quiete
480 3593 753 3664 reliquam
799 3594 958 3648 vitam
1008 3608 1188 3663 agere,
1223 3600 1279 3647 ut
1307 3592 1416 3662 jam
1461 3593 1670 3648 nonnisi

117 3693 267 3740 contra
291 3685 651 3742 demonesin
701 3684 1003 3740 solitudinis
1043 3685 1254 3740 silentio
1301 3699 1422 3740 cum
1473 3687 1672 3741 sanctis

119 3775 287 3844 aliquot
299 3775 488 3831 Christi
505 3775 773 3830 militibus
787 3775 1085 3831 decertaret
1105 3773 1156 3848 (1
1161 3774 1288 3840 bid.,
1304 3793 1358 3829 η.
1379 3773 1488 3848 12).
1512 3775 1594 3830 Ab
1606 3790 1672 3830 eo

120 3865 306 3921 consilio
330 3866 472 3922 illum
499 3867 680 3922 sancti
707 3867 803 3921 viri
825 3865 1093 3921 dehortati
1119 3875 1242 3920 sunt
1266 3883 1281 3933 ;
1304 3867 1424 3936 ejus
1452 3881 1669 3936 operam

119 3956 161 4009 in
183 3956 270 4014 hoc
291 3957 506 4014 honoris
537 3957 709 4029 gradu
733 3957 914 4013 utilem
945 3957 1230 4013 admodum
1256 3957 1509 4013 Ecclesia:
1530 3957 1672 4013 futu-

123 4060 216 4100 ram
233 4057 623 4105 commouentes
649 4066 662 4101 ε
686 4063 831 4103 arma
864 4063 958 4119 sua
996 4056 1197 4103 tantum
1227 4063 1293 4103 eo
1314 4057 1668 4113 converteret,

129 4145 175 4190 ut
191 4137 252 4193 illi
283 4155 460 4211 pacem
479 4183 498 4208 ,
528 4139 795 4210 repressis
829 4139 1181 4194 Barbarorum
1228 4139 1624 4194 incursionibus
1652 4182 1667 4206 ,

125 4226 294 4285 linum
330 4240 547 4303 pararet
578 4250 592 4286 :
631 4230 764 4285 nihil
816 4239 1008 4301 praeter
1043 4231 1344 4286 necessaria
1391 4230 1491 4285 sibi
1535 4232 1673 4287 suis-

123 4335 210 4391 que
237 4321 360 4380 inter
393 4325 641 4379 homines
667 4331 940 4393 expeteret
960 4321 1145 4394 (Ibid.,
1176 4340 1264 4377 mi.
1298 4325 1366 4388 5,
1403 4323 1490 4396 l2)
1524 4343 1535 4377 :
1567 4333 1671 4378 ter-

124 4426 389 4486 renasopes
413 4430 589 4486 neque
628 4413 836 4471 oblatas
879 4424 1188 4484 respueret,
1218 4430 1392 4485 neque
1445 4414 1671 4471 ambiret

131 4513 338 4574 negatas,
361 4508 464 4562 imo
493 4523 597 4563 nec
619 4506 825 4562 ablatas
846 4507 1058 4576 quidem
1081 4548 1095 4573 ,
1124 4522 1191 4562 ne
1214 4507 1267 4561 in
1303 4507 1456 4562 istam
1481 4523 1668 4563 neces-

129 4593 377 4652 situdinem
417 4599 839 4670 perduceretur,
870 4598 976 4664 ubi,
1022 4599 1097 4653 ait
1147 4600 1506 4668 Augustinus,
1555 4616 1669 4654 cum

119 4690 477 4762 amturbona,
503 4701 855 4765 perpetrantur
874 4692 1008 4745 mala
1027 4691 1213 4762 (Ibid.,
1241 4690 1384 4765 71.5).
1409 4692 1664 4763 Denique,

121 4789 166 4832 ut
185 4780 307 4836 inter
320 4797 461 4839 arma
482 4784 785 4855 corporalia
808 4783 1171 4854 spiritualibus
1190 4785 1354 4839 armis
1377 4783 1538 4838 tutius
1560 4785 1668 4838 for-

121 4872 298 4946 tiusque
324 4877 624 4932 muniretur
647 4920 661 4943 ,
693 4892 855 4948 quam
908 4877 1246 4933 severissime
1286 4877 1663 4932 continentiam

119 4978 344 5024 servaret.
367 4970 449 5026 Ad
472 4987 593 5026 eum
616 4962 778 5043 igitur
801 4971 1014 5027 modum
1035 5013 1050 5036 ,
1079 4980 1133 5026 et
1153 4971 1206 5025 in
1226 4971 1497 5026 hominum
1527 4986 1666 5026 com-

123 5060 290 5116 mercio
312 5077 528 5120 manere
548 5104 564 5129 ,
592 5073 644 5120 et
667 5064 912 5120 caelibem
943 5065 1105 5119 vitam
1131 5063 1471 5120 nihilominus
1487 5065 1664 5120 colere

121 5147 324 5208 decrevit
377 5154 678 5212 Bonifacius
731 5155 922 5229 (fbid.,
970 5175 1022 5213 ri.
1057 5157 1142 5228 4).
1187 5157 1338 5226 Quod
1397 5173 1503 5228 quo
1532 5165 1665 5214 tem-

117 5256 226 5310 pore
270 5245 461 5301 factum
505 5247 600 5318 sit,
645 5250 936 5320 ignoratur.
975 5251 1299 5322 Augustinus
1328 5259 1487 5322 atque
1537 5252 1666 5324 Aly-

120 5335 220 5403 pius
241 5339 291 5394 id
337 5343 548 5398 consilii
600 5359 705 5399 non
745 5345 848 5400 alia
887 5354 1062 5401 mente
1111 5345 1379 5402 Bouifacio
1431 5344 1660 5419 dabant,

119 5443 252 5497 quam
276 5432 396 5503 quia
441 5434 558 5503 ejus
603 5435 761 5491 saluti
789 5437 860 5491 ita
901 5439 1187 5493 convenire
1223 5437 1615 5493 arbitrabantur
1645 5457 1657 5494 :

119 5523 260 5592 atqui
282 5539 384 5579 non
411 5524 640 5594 fallatur,
659 5537 852 5598 praeter
869 5529 1033 5584 Deum
1051 5571 1066 5596 ,
1096 5528 1334 5599 reperias
1359 5529 1657 5584 neminem:

121 5605 245 5667 Deus
266 5624 443 5671 autem
474 5615 674 5686 judicio
705 5619 944 5675 humanis
971 5620 1382 5691 cogitationibus
1400 5620 1661 5676 inscruta-

121 5695 226 5772 liti,
249 5703 381 5762 duos
422 5722 455 5763 e
493 5710 834 5764 sanctissimis
861 5713 990 5767 viris
1015 5713 1068 5770 iu
1098 5728 1157 5771 re
1187 5720 1332 5770 tanta
1359 5726 1547 5783 passus
1578 5732 1660 5778 est

333 5795 564 5862 Sacr.
602 5802 876 5865 Aneusr.
916 5805 970 5867 Ι.

1793 941 2104 1016 frequenter
2135 951 2386 1008 molestos
2414 970 2473 1010 se
2513 955 2786 1014 Bonifacio
2827 961 3167 1019 exhibebant.
3195 967 3376 1040 Itaque

1793 1048 1913 1090 cum
1940 1039 2134 1095 nobilis
2159 1041 2246 1096 ille
2271 1044 2354 1098 vir
2377 1059 2704 1116 cognoscere
2748 1050 3144 1109 Donatistarum
3173 1039 3375 1114 sectam

1792 1139 2044 1198 cuperet,
2097 1133 2308 1204 scripsit
2358 1135 2424 1190 ad
2477 1139 2872 1209 Augustinum,
2914 1146 3040 1215 quid
3091 1147 3209 1204 illos
3240 1151 3378 1207 inter

1790 1229 1949 1291 atque
2006 1224 2228 1280 Arianos
2266 1225 2589 1284 discriminis
2622 1242 2802 1298 esset,
2858 1235 3134 1306 inquirens
3164 1240 3372 1312 (Epist.

1793 1312 1914 1379 185,
1940 1313 2092 1386 η.1).
2126 1316 2186 1371 Ei
2228 1319 2554 1389 Augustinus
2596 1331 2760 1378 totam
2805 1324 3027 1396 hujusce
3069 1331 3373 1390 schismatis

1788 1405 2049 1461 rationem
2071 1410 2308 1477 aperuit,
2338 1410 2682 1469 fundamenta
2708 1417 2936 1486 submit,
2965 1422 3370 1494 paralogismos,

1787 1494 1976 1564 quibus
2008 1497 2136 1552 illud
2171 1499 2382 1556 firmare
2411 1503 2750 1572 nitebantur,
2804 1508 2990 1578 rejecit
3023 1527 3123 1566 :ac
3168 1516 3373 1584 potissi-

1785 1602 1929 1642 mum
1961 1589 2136 1661 legum
2169 1593 2221 1648 in
2266 1594 2384 1649 illos
2409 1595 2477 1652 ab
2519 1597 2754 1655 Honorio
2782 1603 3176 1671 propositarum
3204 1609 3372 1678 aequi-

1784 1685 1981 1747 tatem,
2034 1683 2346 1749 utilitatem,
2395 1690 2872 1762 necessitatemque
2929 1707 3242 1764 prosecutus
3285 1710 3368 1755 est

1793 1768 2248 1839 (Retractationum
2287 1778 2374 1831 lib.
2410 1778 2466 1845 2,
2507 1797 2621 1850 cap.
2653 1782 2767 1852 48).
2790 1783 2901 1839 Sub
2942 1787 3181 1855 epistolae
3208 1792 3368 1848 linem

1782 1861 1866 1916 his
1912 1864 2058 1920 illum
2100 1869 2278 1924 verbis
2318 1871 2644 1942 alloquitur:
2677 1872 2786 1930 Hos
2837 1876 2925 1930 tibi
2969 1880 3104 1950 ipsi,
3161 1882 3364 1953 inquit,

1779 1963 2017 2026 tanquam
2055 1960 2196 2027 ﬁdeli
2236 1962 2346 2030 ﬁlio
2368 2004 2383 2028 ,
2413 1973 2573 2016 mater
2600 1964 2829 2020 Ecclesia
2849 2009 2864 2033 ,
2913 1970 2996 2022 ubi
3047 1975 3288 2040 potueris,
3318 1985 3365 2028 et

1778 2050 2033 2116 quomodo
2056 2054 2277 2122 potueris
2296 2097 2312 2119 ,
2340 2056 2442 2109 sive
2482 2058 2590 2124 ipse
2615 2058 2862 2129 loquendo
2903 2071 2948 2114 et
2975 2067 3326 2133 respondendo
3347 2111 3361 2131 ,

1777 2141 1880 2195 sive
1905 2142 1972 2195 ad
1993 2143 2218 2198 doctores
2243 2144 2485 2200 Ecclesia:
2512 2147 2828 2216 perducendo
2848 2193 2862 2216 ,
2893 2152 2946 2204 in
2974 2154 3227 2224 adjutorio
3257 2158 3363 2210 Do-

1777 2233 1901 2285 mini
1926 2235 2250 2306 corrigendos
2277 2239 2626 2308 sanandosque
2651 2244 2964 2296 commendat
2996 2243 3186 2316 (Epist.
3221 2250 3321 2304 185
3342 2294 3356 2314 ,

1779 2342 1830 2378 n.
1859 2324 1970 2399 51).
2023 2327 2104 2383 Ab
2141 2329 2326 2384 eodem
2366 2333 2496 2401 petit
2535 2342 2648 2387 acta
2687 2331 2996 2390 Collationis
3028 2338 3078 2391 in
3109 2355 3361 2409 compen-

1777 2417 1923 2472 dium
1963 2419 2057 2475 abs
2110 2436 2168 2476 se
2206 2422 2416 2477 redacta
2461 2425 2731 2495 perlegat;
2774 2427 2889 2481 hzcc
2936 2430 3072 2499 apud
3111 2431 3358 2500 Optatum

1779 2511 2086 2583 episcopum
2103 2516 2238 2569 forte
2255 2515 2565 2572 invenienda
2593 2517 2778 2588 (Ibid,
2803 2538 2854 2573 η.
2871 2521 2947 2590 6).
2965 2523 3132 2589 Quem
3151 2527 3362 2595 quidem

1778 2605 2083 2676 episcopum
2108 2607 2246 2663 haud
2277 2609 2509 2666 absurde
2539 2612 2656 2682 quis
2679 2617 2943 2684 putaverit
2965 2617 3363 2678 Veseeritanum

1776 2711 1925 2765 esse,
1965 2698 2014 2751 in
2051 2700 2321 2768 provincia
2375 2701 2610 2758 Sitifensi
2640 2703 2850 2774 (Collat.
2878 2707 3115 2781 Carthag.
3160 2713 3210 2777 1,
3245 2731 3361 2784 cap.

1777 2787 1903 2861 120)
1927 2807 1938 2844 :
1962 2792 2394 2862 quandoquidem
2418 2795 2744 2865 Augustinus
2779 2799 2886 2866 ait,
2920 2800 3060 2856 hunc
3100 2803 3272 2872 ipsum
3300 2808 3364 2861 li-

1775 2877 1958 2944 hrum,
1990 2881 2250 2951 siquidem
2287 2885 2426 2954 apud
2451 2885 2700 2956 Optatum
2730 2905 2833 2944 non
2870 2891 2976 2956 sit,
3019 2894 3164 2950 nullo
3191 2913 3357 2968 nego-

1779 2970 1853 3024 tio
1876 2969 1944 3025 de
1973 2969 2211 3028 Ecclesia
2235 2973 2473 3031 Sitifensi
2501 2980 2636 3033 sumi
2673 2995 2850 3049 posse.
2884 2982 2961 3036 Ex
2999 2985 3189 3054 quibus
3229 2990 3359 3043 satis

1778 3060 2078 3133 intelligas,
2118 3064 2447 3121 Bonifacium
2482 3077 2604 3123 tunc
2659 3070 2709 3124 in
2756 3086 2820 3126 eo
2869 3081 3039 3129 tractu
3090 3089 3360 3134 versatum

1776 3151 1959 3209 fuisse.
2005 3153 2062 3209 ld
2100 3157 2278 3226 operis
2325 3159 2423 3214 etsi
2477 3160 2614 3216 inter
2661 3161 2825 3218 libros
2859 3180 2983 3220 suos
3025 3169 3217 3224 referat
3248 3173 3361 3225 Au-

1774 3243 2037 3312 gustinus,
2061 3246 2318 3303 habemus
2345 3264 2484 3305 nunc
2515 3250 2652 3306 inter
2679 3253 2843 3322 ipsius
2875 3256 3146 3326 epistolas.

1848 3335 1901 3393 6.
1924 3336 2082 3393 Liber
2107 3339 2173 3394 de
2200 3339 2487 3397 Praesentia
2515 3344 2639 3411 Dei,
2669 3347 2755 3415 qui
2780 3363 2877 3416 pro
2901 3349 3125 3419 epistola
3153 3369 3366 3426 quoque

1777 3438 2121 3497 numeratur,
2155 3446 2250 3501 per
2286 3435 2407 3488 anni
2438 3433 2596 3504 hujus
2632 3446 2870 3494 aestatem
2912 3444 3239 3512 compositus
3281 3457 3366 3503 est

1778 3517 1969 3590 (Epist.
1994 3522 2116 3588 187,
2135 3523 2272 3597 η.1),
2286 3536 2444 3598 atque
2460 3527 2529 3582 ob
2545 3544 2662 3584 eam
2686 3547 2796 3586 rem
2815 3535 3054 3601 proxime
3071 3537 3364 3605 postlihros

1776 3607 1844 3663 de
1869 3608 2045 3666 Gestis
2070 3612 2266 3684 Pelagii
2292 3624 2347 3670 et
2374 3615 2442 3672 de
2484 3617 2831 3676 Correctioue
2861 3623 3254 3681 Donatistarum
3293 3631 3362 3684 ab

1777 3699 2070 3771 Augustino
2098 3705 2393 3761 recensitos
2419 3707 2665 3777 (Retract.
2701 3711 2788 3764 lib.
2816 3711 2871 3778 2,
2899 3731 3012 3784 cap.
3042 3717 3156 3787 49).
3195 3719 3360 3788 Egre-

1775 3794 1916 3864 gium
1963 3796 2102 3851 istud
2131 3813 2266 3869 opus
2295 3799 2631 3856 referendum
2661 3812 2743 3856 est
2780 3815 3056 3874 acceptum
3087 3809 3359 3878 Dardano,

1775 3885 1892 3940 viro
1906 3885 2062 3956 hujus
2077 3889 2255 3944 smculi
2278 3890 2530 3961 dignitate
2548 3907 2796 3962 perquam
2814 3895 3004 3950 illustri
3029 3897 3219 3970 (Epist.
3236 3904 3356 3967 187,

1777 3992 1829 4028 η.
1860 3975 1915 4044 1)
1939 3995 1951 4028 :
1972 3977 2059 4045 qui
2087 3977 2337 4048 religioso
2361 3979 2590 4049 quodam
2620 3996 2802 4036 amore
2833 3984 3110 4053 impulsus,
3140 3988 3270 4042 duas
3302 3993 3363 4045 il-

1776 4067 1854 4121 las
1877 4069 2216 4138 quaestiones,
2235 4071 2420 4140 grandi
2441 4071 2735 4127 intentione
2754 4084 2806 4128 et
2825 4076 3079 4132 aviditate
3098 4078 3360 4149 discendi,

1777 4159 2026 4229 explicari
2053 4160 2151 4214 sibi
2179 4161 2464 4231 postulavit
2491 4180 2502 4216 :
2533 4164 2754 4218 alteram
2776 4207 2790 4232 ,
2824 4167 3092 4235 quomodo
3117 4168 3360 4227 Christus

1777 4267 1917 4306 nunc
1960 4252 2011 4306 in
2042 4254 2178 4309 etelo
2203 4255 2310 4320 sit,
2339 4255 2431 4326 qui
2458 4255 2648 4310 latroni
2688 4257 2743 4311 in
2785 4273 2941 4314 cruce
2984 4259 3202 4328 dixerit,
3236 4279 3357 4317 eum

1776 4357 1955 4397 secum
1997 4345 2087 4400 illo
2114 4345 2201 4400 die
2233 4344 2466 4400 futurum
2507 4346 2558 4401 in
2591 4349 2870 4416 paradiso;
2904 4366 3029 4404 num
3071 4351 3208 4405 forte
3237 4355 3359 4422 quia

1774 4433 2016 4488 Christus
2045 4434 2239 4505 ubique
2263 4436 2463 4503 existit,
2495 4451 2561 4490 an
2587 4437 2706 4507 quia
2735 4439 3011 4508 paradisus
3038 4440 3088 4493 in
3120 4441 3256 4495 ctelo
3283 4445 3359 4496 si-

1777 4533 1860 4578 tus
1888 4532 2004 4588 est;
2036 4524 2287 4592 alteram,
2321 4535 2494 4579 utrum
2522 4525 2769 4595 infantes,
2797 4529 2954 4582 etiam
2985 4529 3035 4583 in
3066 4539 3218 4584 utero
3247 4535 3353 4586 exi-

1773 4623 2000 4680 stentes,
2051 4631 2156 4670 non
2199 4616 2366 4671 Deum
2407 4618 2684 4684 noverint,
2726 4619 2988 4689 siquidem
3030 4621 3264 4678 Joannes
3305 4628 3356 4680 iu

1773 4717 1924 4761 utero
1951 4705 2234 4761 exsultavit
2259 4706 2324 4762 ad
2346 4708 2684 4778 przesentiam
2716 4710 2901 4764 matris
2931 4711 3138 4767 Domini
3167 4712 3354 4787 (Ibid.,

1773 4817 1825 4853 η.
1854 4797 1930 4873 5).
1969 4798 2051 4854 Ad
2091 4800 2324 4871 priorem
2370 4803 2718 4873 quaestionem
2759 4806 3082 4875 Augustinus
3111 4821 3354 4866 accurato

1771 4893 2495 4967 studioseque-respondens,
2527 4895 2760 4965 disputat
2785 4913 2890 4967 quo
2919 4907 3070 4967 pacto
3110 4900 3269 4955 rebus
3303 4903 3355 4957 iu

1772 4985 2044 5052 omnibus,
2075 4999 2139 5042 ac
2164 4985 2434 5058 praacipue
2457 4986 2509 5040 in
2541 4987 2740 5056 templo
2770 5001 2868 5042 suo
2887 5029 2902 5054 ,
2933 4987 3034 5042 hoc
3062 4999 3142 5044 est
3173 4991 3224 5044 in
3252 4991 3350 5044 ho-

1771 5081 1914 5136 mine
1935 5079 2094 5147 fideli,
2124 5079 2405 5135 diceudum
2427 5079 2688 5135 sitiuesse
2705 5089 2944 5135 naturam
2967 5080 3196 5135 divinam
3216 5101 3228 5149 ;
3248 5099 3351 5153 qua

1770 5173 1840 5228 de
1869 5188 2026 5228 causa
2058 5180 2338 5229 tractatum
2366 5173 2513 5227 illum
2544 5173 2806 5240 inscribit,
2836 5172 2910 5228 De
2945 5173 3225 5229 Praesentia
3252 5176 3354 5230 Dei

1772 5257 2022 5327 (Retract.
2047 5256 2136 5310 lib.
2162 5257 2218 5322 2,
2247 5272 2362 5326 cap.
2394 5256 2509 5326 49).
2537 5255 2616 5310 Ad
2640 5257 2990 5326 posteriorem
3016 5257 3102 5312 ubi
3131 5265 3350 5311 ventum

1769 5355 1884 5414 est,
1910 5347 2145 5402 animum
2167 5345 2218 5400 in
2248 5345 2579 5416 Pelagianam
2608 5345 2854 5402 haeresim
2873 5389 2888 5412 ,
2916 5362 3020 5400 non
3052 5354 3226 5400 tamen
3256 5361 3350 5399 ex-

1770 5451 1952 5510 presse
1995 5436 2356 5503 nominatam,
2387 5437 2716 5506 potissimum
2761 5436 3068 5501 intendens,
3109 5434 3349 5502 disputa-

1769 5527 1969 5582 tionem
1991 5526 2060 5583 de
2087 5525 2424 5598 parvulorum
2452 5527 2853 5596 regeneratione
2879 5524 3165 5592 copiosam,
3198 5535 3348 5576 eam-

1767 5635 1874 5691 que
1917 5620 2067 5676 valde
2091 5619 2444 5675 necessariam
2469 5618 2713 5672 instituit.
2746 5617 2819 5670 lbi
2857 5629 3007 5667 usum
3044 5611 3264 5666 rationis
3288 5623 3346 5668 et

1767 5721 2052 5781 voluntatis
2082 5708 2370 5767 infantibus
2406 5709 2634 5765 tribuere
2651 5721 2807 5775 quam
2826 5701 3105 5755 absurdum
3145 5700 3213 5755 sit
3252 5717 3348 5759 os-

2680 5793 2941 5877 (εοεαε.)
