3858 6410
563 382 672 447 495

563 505 847 560 damnatos
876 510 1017 553 esse.
1046 494 1155 550 Lex
1181 489 1250 549 ab
1290 486 1528 547 Honorio
1567 487 1702 543 hanc
1730 488 1785 541 in
1827 503 1941 544 rem
1986 483 2156 555 pridie

563 594 821 651 kalendas
849 591 1019 647 maias
1055 588 1182 644 anni
1216 584 1726 658 quadringentesimi
1760 582 1954 639 decimi
1981 580 2155 636 octavi

562 689 684 744 data
710 696 811 747 ‘cst,
838 700 940 756 qua
962 683 1137 754 impias
1152 678 1614 737 commentationis
1636 685 1690 731 et
1715 675 1979 747 dogmatis
1996 687 2154 729 exse-

563 777 744 835 crnndi
759 785 1007 833 auctores
1025 773 1292 844 Pelagium
1305 787 1370 827 ac
1380 770 1685 827 Caelestium
1703 784 1767 823 ex
1781 767 1944 835 Urbe,
1958 768 2003 822 si
2021 765 2157 822 forte

560 874 611 925 in
638 885 700 925 ea
724 874 1080 929 versarentur,
1112 862 1341 934 expelli:
1373 876 1435 916 ac
1457 862 1502 916 si
1522 861 1610 931 qui
1631 860 1699 915 de
1726 867 1921 914 caetero
1941 857 2159 927 quibus-

557 975 790 1029 cumque
807 958 939 1012 locis
965 954 1161 1024 reperti
1186 951 1384 1009 fuerint
1398 951 1620 1021 hujusce
1639 950 1900 1019 sacrilegii
1924 956 2156 1003 sectato-

465 1056 473 1097 ἒ
558 1068 668 1117 res,
688 1052 833 1121 ipsos
847 1049 948 1103 rite
962 1045 1256 1113 convictos,
1275 1046 1329 1100 in
1345 1043 1590 1101 exsilium
1608 1043 1724 1113 ejici
1737 1042 1887 1113 jubet
1899 1041 2155 1113 (Append.

560 1143 681 1197 tomi
704 1142 791 1208 10,
815 1148 947 1210 part.
964 1137 1021 1200 2,
1043 1137 1192 1194 Sacr.
1211 1138 1443 1206 rescript.
1465 1144 1641 1190 contra
1657 1133 1833 1205 Pelag.
1851 1144 1896 1188 et
1912 1132 2154 1203 Caelest.).

561 1234 917 1305 Imperatores
935 1230 987 1285 in
1004 1231 1101 1285 ista
1117 1227 1487 1284 constituenda
1506 1228 1621 1298 lege
1632 1226 1886 1297 judicium
1903 1224 1970 1279 ab
1991 1225 2160 1279 Aure-

560 1325 635 1381 lio
652 1334 810 1398 atque
830 1324 897 1379 ab
920 1321 1211 1393 Augustino
1234 1320 1428 1375 factum
1454 1334 1513 1375 se
1545 1327 1756 1374 secutos
1781 1316 1942 1371 fuisse
1962 1315 2159 1369 diserte

563 1420 884 1490 proﬁtentur
913 1412 1103 1468 litteris
1137 1411 1204 1467 ad
1230 1420 1514 1480 utrumque
1543 1422 1784 1463 seorsum
1809 1406 1981 1471 datis,
2016 1419 2158 1459 anno

563 1505 1085 1581 quadringentesimo
1110 1502 1318 1558 decimo
1344 1515 1506 1565 nono,
1535 1499 1624 1553 die
1655 1498 1842 1569 quinto
1871 1496 2053 1551 iduum
2076 1495 2160 1563 ju-

563 1601 770 1657 niarum
798 1597 970 1672 (Apud
985 1594 1339 1668 Augustinum,
1360 1591 1521 1663 Epist.
1540 1590 1667 1657 201,
1687 1607 1740 1644 n.
1764 1587 1819 1661 1)
1841 1607 1853 1641 :
1876 1587 1945 1643 de
1958 1586 2160 1657 judicio

566 1707 696 1748 sane
739 1691 1025 1761 loquuntur
1070 1685 1298 1741 Africani
1357 1683 1568 1738 concilii
1614 1689 1798 1737 contra
1846 1679 2158 1749 Pelagianos

568 1783 846 1853 superiore
875 1794 1014 1835 anno
1044 1775 1320 1841 celebrati,
1352 1774 1438 1830 cui
1466 1772 1735 1839 videlicet,
1763 1785 1869 1826 non
1897 1783 2050 1825 secus
2079 1777 2160 1824 at-

567 1888 675 1944 que
705 1870 986 1943 prmsentis
1015 1869 1139 1923 anni
1184 1866 1413 1946 concilio
1432 1907 1445 1928 ,
1479 1865 1584 1918 dua:
1608 1861 1846 1917 Aurelius
1865 1905 1879 1926 ,
1912 1861 1987 1915 uti
2015 1860 2161 1916 canit

540 2009 546 2013 .
568 1964 824 2032 Prosper,
854 1960 1209 2032 ingeniumque
1232 1956 1542 2028 Augustinus
1562 1962 1668 2009 erat
1690 1952 1950 2025 (Carmine
1971 1951 2036 2006 de
2066 1949 2160 2005 In-

566 2055 744 2126 gratis.
774 2060 915 2123 parte
954 2052 1011 2116 1,
1035 2066 1150 2122 cap.
1180 2049 1255 2118 5).
1287 2048 1483 2102 Horum
1511 2046 1805 2101 antistitum
1833 2043 2158 2100 existimatio

542 2155 623 2203 Δ(ει
654 2144 942 2199 auctoritas
979 2141 1085 2194 vim
1118 2139 1305 2195 habuit
1341 2137 1529 2208 procul
1562 2135 1726 2192 dubio
1754 2150 1860 2190 non
1893 2134 2157 2190 minorem

566 2235 635 2291 ad
676 2232 1036 2289 inducendum
1077 2231 1381 2295 Zosimum,
1422 2238 1475 2284 ut
1519 2229 1571 2283 in
1617 2227 1835 2283 eosdem
1878 2225 2158 2282 luereticos

567 2327 887 2383 sententiam
930 2322 1284 2379 damnationis
1328 2331 1437 2377 tum
1482 2320 1694 2377 demum
1734 2319 2016 2389 proferret.
2049 2317 2159 2372 Hae

566 2419 661 2474 ille
684 2416 906 2472 hxeresis
931 2430 1083 2470 novae
1106 2422 1372 2476 auctores,
1397 2412 1481 2467 vel
1508 2420 1655 2466 certe
1680 2409 1969 2464 acerrimos
1993 2408 2161 2463 notis-

570 2510 842 2578 simosque
872 2520 1140 2570 suasores,
1171 2505 1443 2574 Pelagium
1471 2512 1523 2559 et
1550 2502 1879 2566 Ctelestium,
1910 2500 2009 2554 nisi
2038 2514 2161 2555 cor-

568 2600 706 2655 recti
731 2598 889 2655 etiam
919 2598 1127 2669 egerint
1146 2595 1511 2666 paenitentiam
1532 2636 1546 2660 ,
1580 2601 1690 2649 toto
1715 2592 2005 2648 christiano
2030 2591 2160 2647 orbe

572 2688 846 2745 damnavit
874 2687 1047 2759 (Apud
1076 2687 1431 2758 Augustinum,
1457 2684 1624 2757 Epist.
1658 2684 1778 2749 190,
1808 2701 1862 2737 n.
1885 2682 1974 2746 22,
2006 2692 2055 2737 et
2082 2680 2162 2737 De

571 2779 794 2836 Peccato
820 2778 1075 2851 originali,
1100 2795 1152 2831 η.
1187 2777 1317 2848 25).
1348 2777 1576 2832 Litteras
1607 2776 1706 2830 hac
1731 2775 1798 2830 de
1830 2790 1988 2830 causa
2016 2773 2162 2829 misit

574 2870 832 2942 quasdam
877 2869 1181 2941 specialiter
1209 2869 1275 2923 ad
1317 2867 1624 2931 Africanos,
1655 2867 1788 2923 alias
1824 2876 2003 2922 autem
2042 2866 2162 2920 uni-

574 2962 855 3017 versaliter
895 2959 961 3015 ad
1009 2975 1197 3017 omnes
1244 2959 1555 3030 episc0pos;
1609 2966 1766 3030 atque
1814 2958 1928 3013 istis
1973 2957 2160 3012 litteris

574 3055 720 3122 suis,
752 3068 886 3125 quas
914 3052 1229 3122 conscripsit
1270 3066 1368 3121 per
1401 3052 1584 3105 orbem
1624 3049 1942 3104 catholicum
1982 3047 2159 3118 perie-

575 3145 770 3202 rendas
796 3159 931 3215 papa
958 3144 1203 3199 Zosimus
1223 3185 1237 3208 ,
1268 3142 1599 3197 exsecranda
1631 3141 1828 3211 Pelagii
1851 3152 1905 3195 et
1927 3139 2161 3196 Coslestii

575 3236 826 3306 dogmata
848 3235 1071 3289 attexuit
1097 3233 1197 3306 (De
1221 3232 1436 3287 Peccato
1464 3232 1720 3304 originali,
1747 3248 1801 3284 n.
1823 3230 1937 3301 24).
1966 3229 2163 3284 Roma-

544 3391 549 3396 ,
576 3343 680 3382 nos
709 3326 931 3383 clericos
958 3326 1192 3396 episcopi
1233 3325 1316 3379 sui
1346 3329 1661 3380 sententiam
1705 3332 1815 3378 toto
1844 3323 2024 3377 animo
2049 3336 2166 3376 am-

579 3418 766 3491 plexos
806 3432 945 3484 esse,
977 3416 1059 3473 vel
1100 3416 1200 3487 ipsi
1241 3424 1404 3472 testes
1443 3424 1567 3469 sunt
1604 3414 1910 3485 Pelagiani;
1951 3412 2165 3484 quando

576 3525 675 3567 cos
714 3516 961 3580 arguunt,
1007 3522 1113 3564 non
1149 3507 1427 3563 erubuisse
1471 3505 1922 3576 prmvaricationis
1960 3504 2163 3560 crimen

578 3600 861 3656 admittere
889 3597 1095 3674 (Contra
1120 3597 1263 3653 Duas
1290 3597 1545 3669 Epistolas
1570 3593 1775 3666 Pelag.,
1808 3595 1895 3650 lib.
1917 3594 1974 3663 2,
1996 3613 2049 3650 n.
2081 3595 2161 3667 5).

578 3692 739 3749 Certe
766 3692 970 3748 Sixtum
999 3690 1255 3748 Ecclesiae
1295 3689 1550 3745 Romana:
1585 3689 1951 3760 presbyterum
1973 3729 1986 3752 ,
2016 3702 2165 3743 eum-

547 3785 705 3865 .dcm
747 3783 911 3848 illum,
951 3797 1109 3854 quem
1148 3782 1325 3837 favere
1364 3781 1591 3836 inimicis
1636 3778 1942 3835 christiana:
1982 3778 2164 3849 gratiae

582 3875 775 3947 (Epist.
803 3875 925 3940 194,
953 3892 1008 3931 η.
1037 3873 1112 3948 1),
1144 3884 1302 3945 atque
1332 3872 1543 3929 illorum
1579 3872 1753 3943 magni
1785 3870 2040 3927 momenti
2072 3884 2167 3941 pa-

582 3977 795 4022 tronum
832 3979 953 4022 esse
975 3973 1099 4021 ante
1126 3964 1266 4020 fama
1290 3964 1545 4036 jactarat,
1574 3964 1805 4035 priorem
1825 4003 1841 4030 ,
1874 3962 1924 4017 id
1949 3970 2048 4028 est,
2081 3961 2166 4016 vel

582 4070 709 4111 ante
742 4071 951 4123 omnes,
976 4055 1060 4111 vel
1087 4065 1211 4111 ante
1234 4054 1625 4127 promulgatam
1665 4052 2018 4109 damnationis
2045 4067 2168 4107 sen—

585 4148 807 4202 tentiam
829 4189 842 4213 ,
870 4147 1152 4202 anathema
1179 4147 1258 4203 eis
1283 4147 1337 4201 in
1368 4146 1562 4218 populo
1590 4145 2020 4215 frequentissimo
2045 4158 2169 4215 pro—

582 4239 878 4303 nuntiasse,
908 4237 1093 4293 eadem
1132 4238 1269 4292 fama
1300 4253 1406 4293 non
1437 4237 1599 4292 tacuit
1631 4237 1819 4308 (Epist.
1844 4236 1967 4304 191,
2001 4253 2054 4291 n.
2089 4237 2164 4308 1).

500 4328 509 4366 ³
582 4330 914 4401 Augustinus
942 4330 1053 4401 qui,
1077 4331 1230 4386 sicuti
1257 4330 1511 4397 diximus,
1539 4329 1857 4401 Carthagine
1886 4346 1917 4385 a
1944 4332 2168 4386 concilio

582 4421 928 4477 kalendarum
958 4421 1082 4477 maii
1110 4428 1460 4485 remanserat,
1485 4422 1631 4491 prius
1654 4421 1838 4477 nuntio
1858 4421 1949 4477 illo
1967 4420 2168 4477 exhila-

497 4520 505 4553 ί
581 4525 731 4571 ratus
773 4525 855 4570 est
896 4514 995 4571 sibi
1036 4514 1194 4584 longe
1219 4513 1641 4585 iucundissimo,
1669 4529 1825 4585 quam
1857 4513 1980 4569 inde
2022 4529 2169 4571 rece-

583 4604 753 4661 deret.
776 4605 958 4677 Neque
981 4606 1033 4661 id
1059 4604 1149 4660 Vir
1168 4614 1385 4660 sanctus
1409 4620 1472 4661 ex
1494 4605 1764 4660 communi
1787 4604 1922 4660 fama
1945 4615 2166 4673 tantum,

584 4694 680 4749 sed
711 4695 870 4749 etiam
906 4711 970 4750 ex
1010 4696 1239 4766 propriis
1276 4694 1408 4751 Sixti
1437 4696 1503 4750 ad
1547 4695 1816 4751 Aurelium
1848 4695 2038 4753 litteris
2076 4711 2172 4767 per

587 4783 822 4839 Leonem
874 4785 1139 4857 acolytum
1183 4786 1358 4842 allatis
1403 4786 1605 4843 didicit.
1655 4787 1728 4842 lbi
1776 4788 1845 4843 de
1888 4788 2172 4860 Pelagiano

590 4873 1046 4943 perniciosissimo
1093 4874 1376 4946 dogmate,
1404 4878 1486 4932 vel
1529 4886 1714 4934 contra
1752 4877 1820 4933 de
1865 4879 2030 4950 gratia
2076 4879 2171 4935 Dei

589 4962 718 5034 quid
745 4965 984 5031 sentiret,
1007 4966 1305 5035 exponebat
1330 4966 1528 5033 Sixtus,
1555 4977 1610 5023 et
1637 4968 1689 5024 id
1714 4968 1924 5040 quidem
1952 4970 2167 5039 paucis:

590 5054 736 5111 unde
782 5054 1015 5126 episcopi
1061 5067 1350 5126 praesentes
1391 5059 1508 5128 eius
1550 5059 1825 5130 epistolam
1865 5061 2173 5117 describere

554 5214 557 5217 _
588 5145 952 5212 festinabant,
985 5154 1131 5201 tanta
1158 5156 1274 5203 erat
1312 5163 1497 5204 eorum
1531 5149 1751 5217 laetitia;
1780 5160 1835 5206 et
1868 5153 2009 5207 illam
2036 5167 2169 5208 cun-

590 5238 692 5292 ctis
715 5235 1000 5293 ostendere
1022 5238 1336 5309 gestiebant.

660 5330 717 5384 7.
740 5327 1034 5400 Pelagiana:
1052 5329 1272 5388 haeresis
1289 5331 1683 5388 damnationem
1699 5332 2174 5406 subscriptionibus

590 5424 706 5480 suis
740 5422 1018 5478 ﬁrmarunt
1056 5424 1291 5495 episcopi
1329 5438 1518 5480 omnes
1553 5424 1834 5493 catholici;
1867 5442 1969 5499 qua
2009 5429 2075 5484 de
2113 5446 2175 5488 re

588 5516 868 5587 conquesti
893 5514 1163 5586 Pelagiani
1187 5515 1533 5572 dictitabant:
1562 5515 1890 5587 Simplicibus
1907 5520 2169 5595 episcopis,

585 5608 697 5663 sine
723 5609 1107 5680 congregatione
1131 5609 1332 5680 synodi,
1360 5609 1413 5663 in
1455 5609 1580 5666 locis
1619 5611 1722 5665 suis
1763 5612 2043 5669 sedentibus
2079 5631 2171 5670 ea:-

590 5706 723 5752 torta
754 5696 1054 5770 subscriptio
1087 5710 1159 5755 est
1188 5700 1394 5773 (Contra
1432 5700 1573 5756 Duas
1594 5702 1758 5774 Epist.
1778 5703 1980 5777 Pelag,
2002 5706 2087 5761 lib.
2113 5708 2169 5774 4,

588 5804 645 5842 n.
684 5791 752 5844 54
776 5788 815 5860 ).
844 5790 944 5859 Qui
983 5792 1395 5866 subscriptiones
1440 5808 1563 5851 suas
1611 5804 1943 5867 recusarunt,
1987 5813 2175 5855 nume-

1670 372 1825 429 VITA
1864 372 1920 428 s.
1963 358 2335 427 AUGUSTlNl
2375 350 2694 427 EPlSCOPl.
3642 400 3707 462 ,κ

2260 495 2446 540 rantur
2477 484 2772 543 octodecim
2798 485 2985 559 (Ibid.,
3016 489 3103 545 tib.
3130 492 3183 560 1,
3207 510 3258 548 η.
3286 497 3380 569 3);
3405 514 3584 572 quorum
3604 526 3705 573 ante.

2259 577 2516 648 signanus
2558 579 2698 635 haud
2739 579 2898 637 dubie
2942 580 3040 636 fuit
3081 581 3308 643 Julianus
3346 591 3576 668 episcopus
3604 604 3706 664 Eds.

2260 670 2466 761 nensis,
2490 670 2641 727 hanc
2676 671 2746 726 ob
2773 686 2987 726 causam
3010 687 3040 726 a
3066 672 3268 731 Zosimo
3300 678 3537 743 damnatus
3558 689 3706 761 (Com

2259 759 2550 828 lulianum,
2580 761 2666 816 lib.
2697 763 2750 828 1,
2780 779 2835 817 η.
2867 764 2935 818 is
2956 762 2995 835 ).
3037 763 3132 819 Hic
3170 783 3267 823 una
3299 785 3407 827 cum
3436 778 3527 833 suis
3555 759 3640 840 sese
3666 791 3707 844 ab

2264 850 2498 907 Ecclesia
2515 852 2775 910 catholica
2789 856 3083 926 segregavit
3098 856 3281 926 (Serm.
3299 860 3384 917 181
3396 904 3409 928 ,
3422 867 3544 938 n.5),
3560 880 3709 932 testatus

2261 943 2362 1000 sibi
2382 945 2601 1017 suisque
2618 946 2889 1004 decretum
2904 963 3045 1015 esse,
3068 964 3171 1005 non
3191 958 3539 1016 communicare
3548 978 3636 1019 cum
3648 967 3711 1023 lla-

2261 1034 2481 1091 nichatis
2515 1035 2741 1109 (Contra
2771 1037 2918 1094 Duas
2950 1038 3205 1110 Epistolas
3227 1041 3582 1117 Pelagianorum,
3600 1055 3660 1109 lib.
3677 1060 3706 1124 1,

2260 1145 2350 1183 nn.
2368 1129 2424 1195 4,
2445 1128 2559 1201 42).
2577 1129 2912 1186 Audientiam
2931 1133 3194 1202 postulant
3207 1133 3376 1205 (Ibid.,
3392 1155 3439 1192 οι.
3459 1141 3711 1217 i2),tlatoque

2260 1219 2329 1275 ad
2347 1220 2616 1277 Zosimum
2636 1220 2814 1278 libello
2827 1233 3115 1296 provocant
3134 1224 3381 1299 Pelagiani
3394 1233 3581 1304 episcopi
3592 1238 3638 1290 ad
3650 1239 3717 1306 ριε.

2261 1311 2464 1367 nariam
2500 1313 2760 1386 synodum
2802 1314 3068 1388 (Append.
3113 1319 3231 1371 torni
3265 1319 3347 1387 10,
3385 1331 3500 1392 part.
3528 1324 3572 1389 2,
3598 1328 3713 1384 Libell.

2262 1403 2382 1473 ﬁdei
2408 1403 2468 1460 S.
2498 1405 2555 1460 J.
2585 1405 2698 1479 0.).
2734 1406 2872 1474 Quin
2909 1417 2967 1464 et
3003 1408 3173 1479 ipsum
3214 1410 3548 1482 Imperatorem
3577 1428 3712 1486 petunt,

2261 1508 2437 1550 causae
2465 1511 2576 1551 sua:
2599 1496 2807 1567 judices
2831 1497 2946 1553 dari
2966 1499 3149 1569 jubeat
3173 1500 3384 1571 (Contra
3406 1503 3524 1561 Duas
3544 1505 3716 1578 Ερίιιοίαε

2263 1583 2678 1657 Pelagianorum,
2702 1587 2789 1643 lib.
2816 1589 2869 1655 1,
2898 1606 2951 1643 n.
2983 1589 3093 1662 42).
3140 1589 3315 1646 Verum
3335 1593 3451 1648 absit
3474 1610 3503 1649 α
3523 1597 3717 1651 cluistisrii

2264 1676 2589 1745 potestatibus
2625 1686 2837 1733 terrente
2860 1680 3150 1751 reipublicae
3164 1723 3179 1747 ,
3205 1680 3364 1753 inquit
3386 1684 3659 1754 Augustinus,
3683 1698 3718 1739 ut

2263 1766 2327 1820 de
2352 1768 2556 1838 antiqua
2582 1769 2830 1824 catholica
2855 1771 2958 1839 [ide
2984 1772 3243 1839 dubitent;
3273 1783 3319 1828 et
3351 1776 3409 1828 ob
3439 1776 3517 1828 hoc
3542 1791 3718 1847 ορρπςπαο

2263 1859 2453 1913 toribus
2468 1860 2596 1930 ejus,
2614 1860 2779 1914 locant
2799 1871 2844 1915 et
2861 1871 3056 1933 tempus
3075 1865 3316 1919 examinis
3328 1867 3558 1938 praebeant.
3572 1865 3717 1921 Istorum

2263 1964 2442 2020 nempe
2467 1950 2700 2020 superbia
2726 1952 2856 2006 hanc
2884 1954 3038 2008 etiam
3059 1955 3271 2025 gloriam
3295 1966 3478 2029 captare
3495 1955 3713 2027 intelligitur,

2262 2049 2319 2094 ut
2346 2051 2550 2112 pr0pter
2574 2041 2691 2096 illos
2723 2042 2942 2099 Orientis
2976 2055 3023 2099 et
3065 2044 3345 2102 Occidentis
3373 2047 3561 2118 synodus
3582 2063 3717 2118 congn-

2261 2141 2423 2203 getur.
2450 2131 2634 2187 Orbem
2661 2135 2847 2206 quippe
2883 2136 3219 2202 catholicum,
3244 2139 3462 2210 quoniam
3497 2136 3656 2191 Destino
3676 2138 3717 2189 eis

2261 2224 2519 2281 resistente
2541 2237 2817 2298 pervertere
2842 2238 3111 2301 nequeunt,
3139 2231 3310 2287 saltem
3328 2245 3585 2285 commovere
3599 2245 3720 2282 ww-

2265 2325 2348 2370 tur
2366 2332 2387 2371 :
2411 2332 2525 2371 cum
2551 2319 2720 2389 potius
2756 2320 3018 2391 vigilantia
3052 2331 3101 2377 et
3140 2322 3391 2392 diligentia
3425 2319 3630 2392 pastorali,
3652 2328 3719 2391 ροει

2266 2411 2457 2478 factum
2497 2408 2560 2463 de
2598 2409 2703 2465 illis
2744 2421 3030 2483 competens
3068 2413 3401 2486 sufficiensque
3425 2413 3636 2486 judicium,
3655 2410 3721 2463 ubi

2263 2517 2477 2570 cumque
2530 2502 2615 2556 isti
2656 2502 2765 2576 lupi
2825 2508 3192 2577 apparuerint,
3241 2505 3501 2562 conterendi
3528 2505 3628 2570 sint,
3660 2502 3723 2555 σίνε

2265 2603 2321 2647 ut
2388 2604 2630 2650 sanentur
2679 2606 2829 2669 atque
2884 2608 3142 2654 mutentur
3163 2642 3178 2666 ,
3264 2601 3362 2655 sive
3405 2607 3454 2652 ut
3495 2596 3545 2651 ab
3582 2594 3723 2649 alim
3772 2658 3773 2669 χ

2263 2688 2426 2742 salute
2490 2696 2641 2761 atque
2694 2690 2980 2761 integritate
3026 2691 3244 2747 vitentur
3294 2688 3472 2765 (Ibid.,
3511 2687 3578 2742 lib.
3618 2686 3657 2751 i,
3687 2702 3721 2737 π.

2265 2776 2379 2849 ⁸54).
2440 2778 2552 2834 Hoc
2603 2780 2812 2850 petendi
2885 2782 3097 2838 concilii
3159 2782 3412 2854 generalis
3452 2779 3622 2836 obtenta
3661 2775 3725 2830 Ec-

2268 2869 2446 2924 clesiis
2482 2870 2734 2934 Orientis,
2795 2878 2855 2926 ut
2909 2887 3003 2928 cas
3053 2873 3109 2928 in
3171 2888 3294 2928 suas
3341 2880 3496 2942 partes
3525 2868 3723 2923 allieet'enl.

2267 2960 2534 3032 quomodo
2580 2962 2790 3017 molesti
2850 2965 3272 3030 intervenerint,
3318 2963 3461 3019 docet
3495 2957 3655 3031 epistola
3684 2953 3726 3006 ab

2267 3054 2560 3109 octodecim
2609 3055 2873 3124 episcopis
2914 3055 3244 3126 Pelagianis,
3285 3070 3317 3111 e
3354 3065 3544 3125 quorum
3579 3057 3725 3102 numero

2268 3143 2537 3209 Julianus,
2570 3144 3007 3200 Thessalonicam
3047 3146 3116 3201 ad
3160 3145 3347 3200 Rufum
3386 3142 3512 3198 urbis
3530 3135 3726 3193 antistitem

2270 3236 2429 3289 missa
2457 3234 2504 3307 (Ι
2514 3234 2642 3300 bid.,
2659 3235 2746 3290 lib.
2769 3237 2821 3302 1,
2837 3252 2893 3291 n.
2907 3235 2986 3307 5),
3009 3252 3115 3307 qua
3136 3236 3274 3292 illius
3293 3236 3399 3290 sive
3415 3223 3730 3287 alioruth

2269 3327 2451 3382 talium
2481 3327 2769 3397 prarsulum
2809 3329 3122 3386 societatem
3159 3330 3405 3385 adversus
3430 3322 3602 3393 impiam
3622 3314 3727 3371 liui-

2268 3418 2540 3474 cbzcorum
2565 3418 2810 3476 haeresim
2835 3419 3128 3491 efﬂagitant
3155 3419 3334 3494 (lbid.,
3353 3418 3432 3474 lib.
3447 3416 3495 3481 2,
3509 3431 3554 3467 ιι.
3569 3409 3626 3480 1).
3640 3406 3728 3461 luco

2269 3509 2463 3579 quippe
2505 3510 2608 3565 sita
2641 3520 2758 3566 erat
2798 3511 2974 3566 omnis
3014 3512 3228 3568 illorum
3268 3511 3348 3566 vis
3382 3522 3440 3563 ac
3469 3498 3730 3561 industriam

2268 3600 2579 3656 orthodoxis
2613 3601 2861 3658 haeresim
2902 3603 3287 3660 exsecrandam
3328 3599 3634 3670 impingerenl.
3664 3596 3729 3654 φο

2268 3692 2347 3747 sic
2366 3693 2608 3763 proprios
2627 3694 2940 3765 obtegerent
2962 3710 3197 3761 errores,
3213 3709 3277 3751 ac
3299 3702 3501 3756 naturae,
3520 3685 3632 3755 ιεκίς,
3648 3680 3732 3734 W‘

2269 3782 2419 3852 rique
2447 3782 2651 3838 arbitrii
2674 3784 3161 3854 commendatione,
3187 3785 3402 3857 gratiam
3425 3777 3729 3837 cumdemnaﬂm

2274 3870 2456 3943 (lbid.,
2482 3872 2567 3926 lib.
2598 3874 2652 3938 4,
2676 3891 2729 3929 n.
2760 3874 2876 3946 26).
2904 3875 3063 3931 Istam
3094 3876 3387 3948 epistolam,
3406 3883 3543 3943 quam
3566 3859 3732 3948 amati:

2272 3979 2372 4019 nus
2401 3964 2567 4020 tribus
2594 3965 2984 4035 posterioribus
3010 3967 3078 4022 ad
3109 3946 3430 4023 Bonifacium
3452 3958 3575 4014 libris
3591 3946 3730 4031 reiellit.

2272 4054 2386 4125 ipse
2409 4034 2671 4111 memorat
2693 4057 3037 4128 agnoscitque
3057 4056 3301 4113 Julianus
3326 4051 3522 4127 (Operi!
3543 4034 3732 4116 ίωραίιίδ

2274 4145 2360 4201 lib.
2388 4144 2444 4213 2,
2467 4162 2582 4217 cap.
2610 4145 2757 4219 178).

2348 4237 2403 4293 8.
2445 4236 2693 4293 Victoria:
2712 4237 2781 4293 de
2816 4238 3115 4310 Pelagianis
3132 4246 3406 4311 reportata:
3425 4230 3603 4307 gloriam
3621 4223 3734 4316 lingu:

2278 4329 2420 4383 stino
2447 4329 2713 4399 prmcipue
2736 4328 2994 4398 debitam,
3020 4332 3176 4402 cujus
3204 4333 3340 4386 inter
3372 4328 3490 4382 alios
3512 4321 3735 4402 omnem"!

2276 4420 2344 4475 ad
2371 4398 2464 4475 eos
2486 4420 2553 4476 de
2576 4420 2818 4476 Ecclesia
2848 4398 3125 4493 pellendos
3152 4435 3363 4494 Operam
3390 4398 3737 4494 contulerunt.

2281 4510 2487 4568 dustria
2511 4511 2699 4580 major,
2724 4489 2897 4582 majus
2936 4528 3070 4583 opus
3097 4489 3274 4578 fuerit,
3306 4512 3512 4577 Prosper
3526 4493 3625 4555 haud
3643 4489 3738 4583 inju-

2284 4603 2362 4657 ria
2421 4579 2675 4673 prn'dicat
2728 4579 2987 4672 (Carmine
3009 4604 3074 4659 de
3102 4602 3343 4676 lngratis,
3380 4605 3505 4671 parte
3531 4579 3736 4676 Lall-5):

2278 4663 2546 4750 Caeterum
2596 4709 2703 4750 non
2735 4663 3000 4751 ‘maximis
3024 4663 3389 4752 tantummodo.
3424 4679 3650 4744 laboribus,

2277 4788 2604 4858 gravissimis
2622 4803 2831 4860 quoque
2850 4789 3108 4845 molestiis
3121 4804 3185 4845 ea
3202 4793 3383 4844 sancto
3398 4770 3739 4862 ῡοοιοτίγίοιοξξξ

2276 4850 2449 4939 stetit:
2469 4882 2611 4953 quod
2627 4850 2912 4954 ilicrbnym
2919 4898 2979 4937 us
2991 4883 3267 4953 perspicue
3278 4879 3425 4934 docet
3437 4873 3483 4929 in
3497 4850 3741 4925 litterisadil-

2276 4977 2388 5032 lum
2404 4976 2615 5033 circiter
2631 4979 2730 5033 hoc
2743 4986 2953 5049 tempus
2963 4976 3121 5033 datis.
3136 4973 3212 5031 lbi
3241 4988 3368 5044 quas
3381 4967 3458 5025 vel
3478 4954 3742 5049 Romae???

2277 5069 2437 5125 fuerit
2461 5068 2660 5124 veritas
2687 5042 3024 5125 difﬁcultates
3069 5042 3287 5129 indicat,
3306 5076 3423 5118 eum
3451 5054 3566 5113 dicit
3586 5064 3598 5101 :

2279 5161 2459 5232 ﬂantes
2481 5169 2649 5216 uentos
2668 5160 2850 5215 ardore
2872 5161 2994 5230 ﬁdei
3013 5159 3289 5232 peruius“,
3307 5152 3483 5210 Malum
3509 5142 3636 5200 etiam

2249 5321 2252 5324 .
2279 5228 2309 5306 i‘
2335 5251 2533 5323 Ρειθείί
2563 5228 2907 5321 Coelestiique
2934 5228 3226 5307 fautoribus
3249 5240 3534 5304 imminebat

2284 5342 2381 5399 bili
2399 5320 2583 5414 gratia:
2598 5320 3004 5413 vindici,iatque
3028 5344 3094 5398 ab
3120 5343 3235 5414 ipso
3262 5338 3455 5396 fortiter
3475 5320 3745 5414 ωυιεωρξιιξ

2279 5406 2570 5506 signiﬁcat,
2602 5448 2724 5489 cum
2764 5406 2941 5490 subdit
2977 5453 2990 5490 ε
3020 5406 3268 5497 Metuisti,
3316 5431 3534 5500 quantum
3553 5417 3598 5473 is
3617 5406 3745 5474 utd-

2282 5527 2419 5582 solus
2435 5526 2640 5581 liberari
2667 5526 2730 5580 de
2752 5526 3010 5594 Sodomis,
3034 5542 3187 5597 quam
3212 5538 3325 5578 cum
3352 5507 3628 5590 pereundi“

2281 5579 2490 5673 sine
2515 5579 2623 5673 se.
2651 5579 2783 5689 ιιι.εᾶ
2796 5579 3253 5690 assignas.
3272 5579 3375 5668 ιαῴ
3395 5579 3745 5696 eademet:

2274 5708 2390 5779 jicit
2426 5708 2587 5763 verba
2627 5682 2713 5764 illa
2751 5682 3026 5781 magniﬁca
3050 5719 3107 5764 et
3124 5705 3372 5778 praeclara
3402 5682 3745 5781 :Hactcrt'rtdf.‘

2279 5777 2332 5854 in
2355 5800 2472 5855 orbe
2497 5800 2778 5856 celebrat-is.
2800 5777 3042 5856 Catholici
3085 5777 3139 5854 te
3159 5795 3452 5853 conditorem
3473 5780 3652 5853 πείσει
3668 5777 3747 5821 ’π’
