3858 6396
181 355 268 414 697

168 488 264 527 sum
279 468 386 537 ﬁdei
415 475 693 520 venerantur
732 473 875 533 atque
917 464 1219 534 suspiciunt,
1249 474 1294 518 et
1324 463 1458 530 quod
1487 465 1686 535 signum

164 560 342 629 majoris
371 557 535 627 gloria:
553 565 644 618 est,
696 571 861 609 omnes
890 553 1112 608 Iucretici
1141 554 1448 609 detestantur
1477 571 1494 608 :
1519 565 1566 608 et
1609 571 1687 609 me

164 653 258 720 pari
287 658 618 717 persequuntur
639 646 788 711 odio;
817 655 871 699 ut
896 661 1020 715 quas
1045 645 1228 717 gladiis
1257 655 1525 714 nequeunt,
1571 656 1684 700 voto

159 745 415 814 interﬁciant
451 740 621 810 (Apud
675 740 1042 811 Augustinum,
1091 739 1257 809 Epist.
1307 739 1456 810 195).
1495 739 1680 793 Eidem

158 840 252 895 aliis
267 845 370 907 post
387 835 584 904 scriptis
612 833 804 890 litteris
829 833 898 888 de
921 833 1156 902 jugulata
1182 847 1277 902 per
1303 832 1476 901 ipsum
1503 831 1678 888 Coele-

158 933 292 987 stiana
316 927 485 983 lueresi
500 927 796 997 gratulatur
823 923 1007 998 (Ibid.,
1038 923 1202 995 Epist.
1221 923 1348 988 202,
1376 941 1428 978 n.
1460 924 1533 995 1).

211 1023 255 1077 9.
289 1020 616 1087 Posteaquam
648 1016 926 1086 Pelagiana
958 1015 1178 1072 haeresis
1210 1031 1331 1070 cum
1363 1016 1472 1070 suis
1497 1025 1682 1071 aucto-

159 1113 313 1168 ribusa
339 1109 536 1164 Zosimo
572 1123 728 1178 papa,
761 1122 966 1162 necnon
994 1107 1062 1162 ab
1100 1108 1418 1177 imperatore
1444 1106 1680 1162 Honorio

161 1203 355 1259 damnata
377 1207 469 1270 est,
501 1199 715 1267 scripsit
740 1198 1070 1269 Augustinus
1106 1198 1160 1254 in
1182 1197 1422 1267 ejusdem
1461 1196 1679 1253 haeresis

163 1304 353 1349 auctores
371 1292 524 1345 libros
551 1289 707 1356 duos,
757 1289 821 1345 ad
850 1290 1151 1357 Pinianum,
1178 1289 1426 1345 Albinam
1451 1290 1566 1360 ejus
1593 1306 1680 1346 so-

159 1399 272 1439 crum
286 1383 644 1452 conjugemque
661 1381 940 1436 Melaniam
964 1379 1214 1455 (Retract.
1236 1382 1323 1436 lib.
1346 1382 1401 1448 2,
1432 1399 1547 1453 cap.
1577 1382 1674 1448 50;

160 1474 216 1530 De
241 1474 422 1530 Peccato
461 1474 720 1544 originali,
777 1491 831 1527 n.
864 1473 977 1546 18).
1011 1474 1075 1529 Hi
1103 1475 1350 1530 videlicet
1397 1485 1678 1532 suaserant

154 1566 333 1633 Pelagio,
360 1565 557 1635 quicum
599 1564 738 1620 forte
793 1566 846 1620 in
886 1565 1176 1622 Palrestina
1205 1582 1300 1637 per
1326 1567 1376 1622 id
1421 1570 1677 1638 temporis

149 1656 456 1718 versabantur,
490 1665 543 1709 ut
571 1669 922 1724 quaecumque
968 1655 1224 1711 adversus
1272 1673 1392 1712 emn
1431 1658 1675 1714 diceren-

147 1754 230 1807 tur.
244 1747 415 1815 scripto
437 1747 715 1802 damnaret
739 1763 752 1798 :
785 1747 978 1816 quibus
1002 1747 1090 1804 ille
1116 1749 1466 1818 responderat
1485 1766 1545 1806 ea
1563 1752 1673 1806 cal-

145 1837 328 1899 liditate.
356 1855 465 1907 qua:
490 1838 680 1903 cuivis,
736 1838 861 1892 dum
911 1854 1018 1893 non
1048 1840 1206 1909 plane
1250 1849 1560 1910 perspectus
1583 1857 1671 1896 es-

142 1937 217 1982 set
237 1929 330 1996 ejus
349 1927 561 1994 animus,
583 1927 737 1984 facile
756 1929 1118 1998 persuaderet,
1136 1931 1307 1999 ipsum
1335 1932 1462 1986 nihil
1493 1940 1672 1988 tenere

145 2019 234 2073 nisi
253 2036 432 2082 sanum,
455 2021 549 2074 nisi
599 2021 918 2075 catholicum
947 2007 1109 2097 (Yide
1148 2021 1364 2093 Praefat.
1396 2024 1446 2077 in
1478 2035 1671 2080 tomum

149 2111 224 2176 l0,
259 2128 354 2178 cap.
394 2112 507 2179 20).
541 2112 829 2167 Enimvero
864 2113 1104 2184 quisquis
1149 2115 1369 2184 gratiam
1405 2115 1514 2179 Dei,
1567 2132 1670 2186 qua

135 2200 341 2256 Christus
365 2204 496 2257 venit
533 2203 585 2258 in
620 2205 758 2259 hunc
787 2205 1038 2260 mundutn
1069 2217 1370 2275 peccatores
1401 2210 1574 2264 salvos
1597 2209 1673 2264 fa-

131 2308 254 2357 cere,
275 2305 472 2362 negaret
495 2296 640 2348 omni
672 2307 944 2350 momento
965 2298 1216 2366 omnique
1243 2299 1383 2353 actui
1423 2315 1672 2355 necessa-

132 2384 259 2448 riam,
295 2385 408 2438 huic
441 2385 527 2440 ille
575 2386 855 2441 anathema
897 2389 1107 2443 dicebat
1132 2388 1233 2458 (De
1253 2389 1431 2444 Gratia
1459 2390 1666 2460 Christi,

126 2473 260 2542 1.2).
299 2475 626 2544 Agnoscebat
650 2493 814 2531 unum
843 2478 1088 2549 idemque
1126 2480 1395 2549 Baptisma
1423 2499 1564 2548 esse,
1605 2498 1666 2538 ac

126 2563 275 2619 iisdem
309 2565 473 2620 verbis
502 2567 556 2620 in
585 2568 874 2623 infantibus
898 2569 1093 2639 quibus
1124 2571 1284 2624 etiam
1309 2572 1360 2625 in
1380 2569 1666 2641 majoribus

125 2658 454 2714 celebrandum
478 2659 663 2730 (Ibid.,
693 2680 744 2716 n.
773 2663 862 2732 35)
893 2679 1156 2734 :cumque
1178 2665 1349 2719 adhuc
1377 2666 1670 2738 interroga-

122 2761 242 2806 retur
272 2753 505 2818 ultcrius,
529 2753 762 2809 infantes
818 2755 868 2809 in
921 2766 1265 2825 peccatorum
1296 2757 1664 2813 remissionem

122 2841 398 2912 Baptismum
422 2845 702 2914 percipere
725 2846 984 2901 fatebatur
1015 2865 1028 2900 ε
1061 2846 1356 2901 doctrinam
1379 2847 1446 2902 de
1473 2864 1665 2918 parvu~

121 2935 256 2991 lorum
279 2937 542 3005 Baptisnm
567 2953 718 2992 suam
749 2939 815 2992 de
843 2939 1044 3004 libello,
1089 2957 1247 3010 quem
1280 2941 1506 2996 Romam
1562 2943 1664 2996 mi-

119 3037 248 3091 serat,
277 3029 395 3098 ipsis
426 3031 660 3085 recitans
709 3030 812 3101 (De
849 3029 1068 3087 Peccato
1098 3033 1356 3103 originali,
1405 3052 1457 3088 η.
1493 3036 1567 3105 1).
1595 3035 1666 3090 Se

119 3117 276 3189 itaque,
314 3122 462 3190 cujus
507 3123 809 3178 innocentia
857 3126 1016 3179 etiam
1048 3124 1236 3180 fuisset
1289 3126 1342 3180 in
1381 3127 1666 3182 Palaestino

117 3211 276 3279 judicio
303 3215 541 3283 probata,
562 3214 773 3269 dicebat
803 3215 988 3271 eadem
1020 3231 1142 3270 cum
1173 3216 1424 3272 Ctelcstio
1452 3226 1666 3272 senten-

120 3303 541 3362 tianondebuisse
564 3308 734 3364 teneri
772 3307 960 3381 (Ibid,
991 3327 1043 3362 η.
1076 3310 1154 3381 9).
1188 3310 1300 3365 Νοη
1331 3327 1490 3381 parva
1522 3311 1666 3381 ipsos

122 3394 294 3466 idquod
332 3399 579 3469 Pelagius
598 3400 867 3469 professus
897 3409 1029 3464 erat,
1065 3401 1247 3457 laetitia
1268 3403 1443 3457 atl‘ecit
1476 3423 1488 3458 :
1524 3412 1663 3458 atta-

121 3500 215 3542 men
242 3488 299 3543 de
319 3489 430 3558 ejus
457 3489 637 3544 verbis
684 3492 1042 3559 Augustinum
1072 3494 1458 3548 consulendum
1494 3495 1665 3550 adhuc

123 3577 474 3635 esseduxcrunt
499 3579 689 3653 (Ibid.,
715 3598 767 3635 η.
791 3580 867 3653 5).
891 3582 1247 3650 Quamobrem
1280 3586 1492 3654 scriptis
1516 3602 1664 3640 com-

125 3668 236 3722 muni
257 3671 460 3725 nomine
487 3671 705 3737 litteris,
734 3673 858 3742 quid
891 3675 990 3742 ipsi
1019 3673 1088 3728 de
1116 3675 1216 3730 hoc
1245 3691 1492 3730 sermone
1513 3677 1659 3731 vidc-

121 3768 256 3822 retur.
294 3762 544 3817 sciscitati
595 3771 740 3818 sunt.
784 3763 1106 3820 Litterarum
1140 3767 1371 3835 perlator
1419 3777 1660 3823 sanctum

120 3846 373 3906 Autistitem
398 3851 722 3922 Carthagine
773 3855 990 3924 reperit,
1018 3856 1088 3910 ab
1132 3871 1301 3926 coque
1331 3858 1401 3912 ibi
1436 3873 1663 3929 occupa-

121 3933 304 3994 tionibus
336 3941 459 3996 licet
486 3942 826 3998 densioribus
856 3945 1131 4015 impedito,
1162 3961 1477 4016 responsum
1506 3949 1658 4003 tulit:

121 4041 197 4082 nec
216 4029 360 4087 breve
387 4033 601 4102 quidem
626 4033 728 4103 (De
753 4033 931 4089 Gratia
955 4035 1162 4103 Christi,
1192 4055 1243 4090 n.
1280 4039 1355 4108 l).
1381 4037 1511 4092 Nam
1539 4055 1661 4095 cum

123 4131 285 4175 unctos
305 4124 425 4178 illos
449 4140 532 4187 ea,
571 4142 690 4195 qua:
729 4127 794 4182 ad
830 4127 1232 4183 rediticationcm
1264 4131 1346 4184 vel
1375 4132 1660 4185 conlirtna-

123 4209 272 4267 ﬂantem
294 4215 416 4270 fidei
434 4218 859 4282 conscribuntur,
882 4219 1148 4288 inexpleto
1171 4236 1380 4290 semper
1396 4221 1661 4276 desiderio

122 4299 260 4370 legere
303 4317 636 4377 compertum
684 4309 900 4364 haberet
953 4310 1070 4382 (De
1119 4311 1332 4366 Peccuto
1384 4313 1656 4384 originali,

124 4408 162 4442 κ.
182 4394 269 4465 48),
299 4414 406 4454 non
428 4400 692 4455 dubitavit
719 4402 918 4472 integra
943 4403 1049 4457 duo
1079 4404 1369 4469 volumina,
1404 4421 1564 4458 unum
1591 4405 1660 4459 de

124 4481 266 4542 Gratia
287 4490 501 4556 Christi,
534 4493 762 4549 alterum
804 4494 872 4550 de
901 4495 1124 4550 Peccato
1145 4496 1409 4566 originali,
1432 4496 1495 4550 ad
1521 4497 1661 4566 ipsos

131 4569 313 4643 dirigere
336 4599 354 4635 :
380 4583 576 4654 quibus
615 4584 666 4638 in
713 4585 863 4640 libris
915 4601 1154 4656 quzcnam
1187 4586 1255 4640 sit
1306 4587 1498 4656 Pelagii
1535 4603 1661 4641 vera

135 4671 388 4727 metiscirca
419 4673 524 4729 hoc
552 4683 836 4745 utrumque
861 4688 1039 4745 caput,
1074 4692 1137 4730 ex
1172 4677 1237 4730 iis
1259 4677 1389 4746 ipsis
1411 4678 1662 4747 operibus

129 4757 222 4826 ei"!
243 4761 389 4831 docet,
416 4783 645 4838 quorum
677 4769 764 4824 ille
790 4784 848 4824 se
878 4769 1136 4839 purgandi
1167 4784 1323 4824 causa
1353 4769 1406 4824 in
1435 4769 1656 4838 cpistola

127 4847 178 4902 Id
197 4848 528 4913 innocentium
551 4860 700 4914 locos
725 4859 1067 4928 producebat.

620 4951 850 5008 CAPUT
890 4951 1032 5007 XIII.

127 5026 441 5105 idlgustiuus
469 5041 755 5097 Cwsaream
781 5042 841 5096 ob
886 5041 1128 5098 Ecclesia:
1155 5044 1351 5112 negotia
1379 5047 1659 5113 proﬁcisci-

181 5119 310 5174 llr.2
327 5120 388 5176 In
407 5140 518 5178 eant
547 5123 720 5176 urbem
744 5124 1055 5194 disputatum
1074 5141 1188 5177 cum
1222 5141 1279 5177 eo
1304 5127 1432 5178 venit
1464 5127 1661 5181 Emeri-

183 5199 366 5268 ⁸³³,ῃο
407 5212 652 5271 prasente
697 5219 756 5256 ac
785 5203 1147 5256 obmutescente
1189 5203 1512 5258 concionatnr
1556 5206 1659 5259 An-

181 5277 394 5344 mus.
419 5284 454 5340 5
473 5284 647 5338 Altera
668 5284 749 5337 die
777 5283 1002 5338 Emerita
1029 5284 1160 5337 intra
1189 5285 1446 5340 ecclesiam
1471 5289 1659 5343 consti-

184 5361 328 5413 llloet
353 5371 694 5433 perseverante
735 5363 787 5418 in
817 5364 1013 5418 silentio
1054 5381 1166 5427 suo,
1210 5365 1263 5418 id
1300 5369 1556 5421 commode
1594 5368 1661 5420 ad

187 5443 324 5488 causa
356 5455 456 5495 sua:
481 5443 748 5495 utilitatem
768 5443 911 5496 vertit
948 5453 1151 5497 sanctus
1175 5443 1474 5514 Episcopus.
1497 5446 1530 5499 4
1561 5445 1659 5500 Hic

185 5525 356 5578 Mn
377 5523 778 5576 consuetudinarii
799 5525 979 5578 cit-ium
1000 5525 1387 5579 Caasarecnsinm
1408 5525 1574 5579 habito
1594 5528 1660 5579 (ιιι

191 5589 349 5658 plebem
372 5616 593 5656 sermone
615 5604 797 5655 abolet.
830 5604 864 5656 ὅ
887 5603 962 5655 Ad
991 5605 1229 5674 Optatum
1251 5609 1472 5662 rescribit
1510 5627 1657 5679 super

187 5679 424 5738 Mione
449 5683 510 5735 de
537 5684 722 5736 anima:
745 5685 954 5753 origine.
983 5688 1014 5738 6
1049 5685 1192 5739 Idem
1224 5691 1484 5754 respondet
1523 5689 1660 5742 Mcr-

193 5756 340 5810 ωογὲ.
369 5761 396 5813 7
438 5761 702 5818 Cwlcstino
746 5782 934 5832 quoque
987 5783 1045 5820 ac
1105 5770 1270 5822 Sixto.
1325 5771 1357 5824 8
1411 5771 1658 5827 Adversus

1422 344 1623 402 LIBER
1661 342 2019 405 SEPTIMUS.

3287 375 3390 436 198

1866 460 2052 532 Aptum
2084 466 2146 519 de
2201 467 2421 521 carendo
2465 469 2734 530 Judaismo
2761 476 2934 533 scribit
2975 485 3042 535 ad
3089 484 3386 548 Asellicum.

1865 553 1918 606 1.
1959 552 2185 612 Sanctus
2202 557 2400 614 Przesul
2437 577 2625 634 magna
2648 565 2734 621 illa
2763 573 2971 641 negotia
2998 615 3011 638 ,
3030 576 3221 646 quibus
3251 579 3386 638 Cur-

1791 641 2004 716 thagine
2035 647 2203 704 fuerat
2243 662 2550 724 occupatus,
2591 674 2717 723 non,
2750 678 2854 733 quo
2880 680 2940 721 se
2969 641 3219 728 reticeret
3248 690 3278 729 a
3298 677 3386 732 Ia-

1789 736 1919 793 bore
1943 739 2209 809 deseruit,
2265 745 2359 800 sed
2413 755 2468 801 ut
2511 751 2771 820 susceptis
2799 758 2948 812 novis
2973 759 3237 820 laboribus
3273 779 3385 824 stu-

1787 825 1931 881 dium
1982 829 2034 884 in
2083 831 2376 888 Ecclesiam
2426 851 2580 892 suum
2613 842 2876 909 probaret.
2905 847 3185 909 Enimvero
3213 871 3277 911 ex
3315 874 3381 914 ea

1787 919 1997 975 civitate
2017 921 2302 990 decedens,
2320 926 2420 982 iter
2441 927 2740 988 Ctesaream
2762 934 3084 995 Mauritania:
3100 960 3382 1016 aggressus

1785 1021 1868 1065 est
1899 1028 1911 1063 :
1941 1029 2040 1083 qua
2061 1013 2111 1068 in
2132 1015 2262 1072 urbe
2277 1016 2485 1075 decimo
2505 1031 2694 1092 quarto
2712 1034 2764 1080 et
2781 1026 3096 1086 duodecimo
3123 1013 3381 1097 Kalendas

1785 1103 2032 1161 octobres
2077 1107 2232 1178 hujus
2257 1110 2421 1180 ipsius
2448 1114 2573 1168 anni
2604 1118 2915 1174 versabatur
2937 1119 3039 1195 (De
3067 1123 3230 1182 Cestis
3260 1147 3378 1185 cum

1785 1195 2035 1265 Emerita,
2057 1218 2109 1255 η.
2145 1203 2221 1272 1).
2254 1203 2423 1258 Porro
2460 1207 2648 1264 eadem
2698 1211 2824 1266 urbs
2869 1214 3159 1286 Algerium,
3188 1230 3244 1274 ut
3270 1223 3380 1278 exi-

1783 1287 2018 1353 stimant,
2049 1291 2207 1348 hodie
2255 1293 2468 1362 dicitur,
2496 1307 2711 1354 centum
2758 1303 2940 1373 viginti
2971 1307 3184 1365 circiter
3210 1312 3378 1369 lcucis

1781 1377 2044 1436 dissitaab
2064 1381 2547 1457 Hippone-Regio:
2575 1390 2715 1447 unde
2739 1407 2860 1447 cum
2885 1411 2981 1465 per
3011 1398 3146 1454 hanc
3179 1400 3281 1457 iter
3305 1403 3372 1460 ad

1780 1468 1923 1526 illam
1955 1483 2115 1540 esset,
2149 1475 2248 1530 hac
2299 1479 2555 1535 transisse
2582 1497 2706 1536 eum
2747 1499 2852 1539 non
2909 1486 3210 1547 dubitamus
3243 1508 3373 1549 ενδ-

1780 1574 2082 1619 rumtamcn
2125 1565 2532 1640 haudquaquam
2587 1587 2708 1626 eum
2743 1575 2816 1630 ibi
2859 1576 2948 1631 diu
2981 1594 3370 1640 commoraturus

1779 1653 1961 1723 fuisse,
1980 1672 2046 1712 ex
2071 1658 2292 1728 epistola
2317 1660 2384 1716 ad
2404 1661 2754 1720 Mercatorem
2781 1669 3044 1738 conjicere
3071 1680 3153 1728 est
3176 1673 3371 1745 (Epist.

1779 1747 1902 1808 195.
1931 1765 1983 1803 n.
2013 1749 2088 1822 1).
2108 1750 2222 1808 Hoc
2242 1755 2640 1813 autemitineris
2671 1770 2728 1814 ut
2748 1760 2862 1830 ipse
2884 1778 3002 1816 cum
3033 1766 3148 1820 aliis
3168 1767 3370 1838 aliquot
3458 1747 3476 1809 '-

1776 1840 2042 1910 episcopis
2091 1845 2405 1915 susciperet,
2437 1847 2634 1904 Zosimi
2681 1867 2830 1921 papre
2880 1854 3069 1909 litteris
3117 1857 3368 1914 inductus

1776 1941 1857 1986 est
1878 1930 2071 2002 (Epist.
2108 1935 2230 2003 190,
2261 1955 2312 1990 n.
2346 1939 2423 2008 l),
2453 1940 2701 1996 nimirum
2731 1943 2798 1997 ad
2826 1945 3151 2002 conﬁcienda
3183 1952 3366 2018 gravia

1775 2023 2015 2092 quaedam
2067 2025 2320 2084 Ecclesia:
2361 2033 2591 2101 negotia,
2637 2050 2754 2103 qua:
2797 2037 3094 2106 cujusmodi
3139 2039 3363 2109 fuerint,

1776 2113 1876 2168 nisi
1908 2115 2048 2184 quod
2077 2115 2145 2170 ad
2192 2119 2494 2177 Donatistas
2532 2138 2591 2176 ea
2643 2124 2773 2178 nihil
2823 2129 3140 2195 pertinuisse
3161 2141 3366 2187 certmn

1774 2211 1858 2258 est
1895 2203 2206 2275 (Possidius,
2236 2209 2290 2262 in
2329 2208 2441 2263 Vita
2470 2212 2759 2283 Augustini,
2789 2232 2842 2269 n.
2875 2217 2984 2286 16),
3036 2219 3363 2288 ignoramus.

1772 2295 1909 2351 Eum
1939 2307 2084 2354 certe
2113 2315 2330 2356 omnem
2358 2303 2497 2357 illam
2522 2319 2836 2374 peragrasse
2867 2308 3138 2377 regionem
3170 2311 3363 2368 viden-

1773 2396 1861 2441 tnr
1885 2388 1984 2442 i5ta
2005 2390 2304 2460 significare
2329 2411 2340 2446 :
2368 2391 2470 2447 Per
2493 2411 2617 2464 quas
2648 2405 2775 2450 totas
2803 2405 2962 2451 terras
2985 2415 3100 2453 cum
3123 2401 3364 2457 intentio-

1774 2494 1886 2531 nem
1909 2489 2132 2534 nostram
2154 2484 2250 2535 huc
2279 2493 2428 2552 atque
2455 2485 2597 2550 illuc,
2621 2487 3096 2557 quteingcrebantur
3111 2494 3357 2559 sensibus,

1773 2572 1968 2627 diversa
1991 2585 2248 2644 raptarent
2271 2575 2465 2646 (Epist.
2491 2578 2613 2641 l93,
2641 2596 2694 2632 η.
2720 2579 2794 2649 1).
2815 2580 3077 2637 Cancrum
3099 2583 3361 2640 Cursarem

1771 2663 1898 2732 quid
1919 2674 2125 2734 gestum
2157 2665 2338 2731 fuerit,
2369 2669 2604 2738 ignotum
2623 2678 2723 2724 est.
2753 2669 3132 2728 Convenerunt
3167 2674 3360 2731 eodem

1771 2754 1909 2808 inter
1928 2766 2150 2810 είηιετοε
2179 2757 2610 2828 Deuterius,ejus
2636 2759 2804 2830 ipsius
2830 2763 2972 2816 sedis
2993 2765 3234 2830 antistes,
3265 2776 3319 2822 et
3336 2807 3356 2835 ,

1769 2845 1907 2913 quod
1934 2845 2166 2900 insolens
2202 2848 2254 2901 in
2297 2847 2500 2911 Africa,
2528 2852 2970 2920 metropolitanus
2995 2854 3196 2921 dictus,
3230 2856 3358 2926 Aly-

1771 2934 1887 3004 pius
1908 2936 2260 3006 Tagastensis,
2293 2937 2565 2994 Possidius
2579 2939 2930 3007 Calameusis,
2954 2943 3205 3000 Rusticus
3221 2947 3354 3000 Car-

1769 3028 2052 3094 tenitanus,
2075 3029 2337 3085 Palladius
2363 3031 2732 3102 Tigabitanus;
2761 3035 2984 3089 aliorum
3007 3040 3218 3091 nomina
3246 3055 3355 3096 non

1768 3130 2114 3174 recensentur
2139 3120 2236 3189 (De
2267 3121 2429 3176 Ccstis
2451 3139 2563 3176 cum
2594 3123 2838 3189 Emerita,
2861 3143 2912 3180 η.
2947 3127 3021 3198 1).
3055 3127 3357 3186 Adfuerunt

1767 3209 1925 3264 etiam
1947 3210 2186 3280 ejusdem
2215 3212 2500 3280 provincia-
2517 3214 2751 3286 episcOpi
2769 3215 3014 3288 (Retract.
3034 3217 3072 3272 ι.
3099 3219 3150 3285 1,
3170 3236 3216 3272 c.
3237 3221 3354 3292 51).

1837 3300 1891 3354 2.
1937 3301 2220 3357 Donatistis
2244 3303 2502 3358 Cmsarem
2525 3305 2672 3360 urbis
2687 3315 2914 3374 praeerat
2938 3308 3222 3379 Emeritos,
3252 3325 3353 3366 no-

1769 3391 1851 3446 bis
1871 3392 1980 3460 jam
2012 3401 2334 3449 memoratus
2366 3410 2468 3448 non
2501 3397 2688 3464 semel,
2725 3397 2971 3467 idemque
2991 3400 3166 3454 clarus
3186 3401 3353 3470 polis-

1768 3487 1961 3540 simum
1987 3487 2056 3540 ob
2077 3503 2162 3552 ea,
2221 3504 2339 3557 qua:
2373 3505 2466 3558 pro
2499 3488 2738 3544 factionis
2765 3506 2874 3545 sua:
2895 3507 3052 3546 causa
3078 3501 3259 3562 egerat
3299 3494 3353 3548 in

1769 3577 2170 3646 Carthaginiensi
2201 3579 2508 3634 collatione.
2531 3578 2619 3634 Illa
2641 3580 2785 3634 ﬁnita
2809 3581 3106 3636 Caesaream
3125 3585 3352 3653 repetie»

1767 3674 1867 3732 rat,
1890 3667 1976 3721 ubi
2000 3669 2239 3736 pertinax
2260 3670 2310 3722 in
2335 3669 2812 3733 schismate,etiam
2837 3671 3022 3738 multa,
3045 3671 3236 3742 quibus
3266 3689 3352 3728 re-

1766 3757 1925 3813 latam
1967 3760 2032 3813 ab
2064 3760 2301 3814 Ecclesia
2331 3761 2604 3816 victoriam
2631 3765 2885 3829 elevaret,
2918 3764 3246 3819 conﬂuxerat
3261 3765 3349 3833 ja-

1764 3851 2076 3920 ctitaratque
2119 3851 2220 3921 (De
2249 3849 2411 3906 Gestis
2448 3869 2561 3906 cum
2595 3851 2842 3914 Emerita,
2898 3871 2950 3907 n.
3001 3856 3075 3926 ὅ).
3105 3855 3184 3910 Ad
3225 3873 3350 3911 cum

1765 3942 2047 4010 quamdam
2083 3942 2446 4012 scriptiouem,
2499 3960 2616 4013 qum
2647 3946 2901 4014 temporis
2943 3945 3138 4015 injuria
3167 3947 3344 4016 periit,

1765 4033 2032 4088 direxerat
2083 4035 2438 4104 Augustinus;
2495 4035 2637 4088 illam
2684 4050 2813 4090 sane
2854 4051 3105 4104 perquam
3133 4037 3344 4104 utilem,

1764 4127 1958 4196 quippe
1987 4127 2036 4180 in
2077 4142 2234 4196 qualn
2261 4135 2476 4180 sanctus
2501 4127 2713 4189 Doctor,
2755 4126 3008 4196 quidquid
3034 4127 3100 4181 ad
3140 4127 3346 4183 exstin-

1764 4217 2029 4287 guendum
2053 4218 2325 4271 discidium
2351 4217 2576 4280 valebat,
2611 4218 2756 4272 brevi
2798 4226 2961 4288 atque
2990 4218 3233 4288 expedita
3257 4234 3346 4274 ra-

1766 4307 1910 4362 tione
1927 4316 2191 4378 cocgerat.
2214 4307 2558 4362 Elueubravit
2578 4307 2702 4362 illud
2723 4309 2901 4378 operis
2921 4308 3130 4363 circiter
3149 4324 3346 4363 annum

1764 4398 2338 4468 quadringentesimum
2357 4399 2619 4453 decimum
2641 4407 2846 4453 sextum
2880 4416 2890 4450 :
2916 4397 3347 4468 quandoquidem

1763 4489 1936 4558 ipsum
1968 4490 2103 4542 inter
2143 4504 2228 4554 ea,
2257 4504 2375 4558 qua:
2409 4488 2476 4542 ad
2520 4488 2896 4558 Hieronymum
2921 4503 3060 4541 anno
3085 4487 3344 4556 quadrin-

1763 4578 2060 4646 gentesimo
2085 4578 2288 4631 decimo
2310 4577 2494 4646 quinto
2508 4577 2669 4640 misit,
2684 4586 2736 4631 et
2751 4575 2943 4631 librum
2962 4575 3031 4631 de
3045 4575 3220 4632 Gestis
3238 4577 3342 4632 Pe-

1765 4669 1884 4740 lagii
1913 4671 2057 4739 ponit
2080 4669 2326 4739 (Retract.
2360 4668 2396 4721 ι.
2430 4669 2484 4734 2,
2505 4684 2550 4721 c.
2568 4667 2681 4738 46).
2702 4667 2896 4722 Verum
2920 4668 3021 4722 hoc
3049 4668 3194 4738 pacis
3211 4685 3348 4738 opus

1765 4777 1884 4816 cum
1911 4762 2074 4814 tilium
2103 4762 2243 4830 pacis
2263 4759 2553 4814 Emeritum
2589 4775 2694 4814 non
2720 4759 3039 4827 invenisset,
3071 4760 3137 4814 ad
3165 4771 3350 4816 aucto-

1765 4871 1878 4909 rem
1917 4869 2068 4907 suum
2103 4855 2189 4907 illa
2227 4867 2438 4907 reversa
2470 4861 2571 4907 est.
2599 4851 2954 4906 Nihilominus
3001 4861 3175 4908 tamen
3205 4869 3346 4923 pra:-

1765 4946 1931 5000 sulem
1953 4959 2104 4998 suum
2133 4943 2318 4997 imitati
2349 4959 2454 4996 non
2482 4952 2606 4997 sunt
2630 4943 3002 4999 Cazsareenses
3025 4946 3344 5010 Donatistae;

1763 5045 1943 5106 utpote
1957 5035 2044 5105 qui
2066 5035 2131 5089 ad
2162 5035 2474 5090 catholicam
2503 5035 2931 5089 communionem
2961 5036 3128 5092 l'erme
3162 5052 3350 5091 omnes

1765 5145 1882 5185 sese
1912 5130 2208 5193 retulerint,
2256 5128 2380 5182 licet
2433 5145 2537 5182 non
2581 5127 2766 5183 eadem
2811 5144 2997 5183 omnes
3024 5130 3347 5184 sinceritate.

1766 5223 1931 5278 Erant
1955 5221 2214 5291 siquidem
2229 5221 2402 5274 adhuc
2425 5220 2748 5290 complures,
2779 5220 2866 5290 qui
2892 5221 2959 5275 de
2985 5220 3206 5276 veritate
3233 5236 3346 5274 am-

1765 5317 2032 5386 bigerem;
2058 5315 2162 5369 imo
2188 5323 2241 5369 et
2269 5315 2504 5368 nonmllli
2523 5330 2586 5368 ex
2607 5323 2828 5384 utroque
2849 5329 2980 5368 sexu
3003 5314 3182 5368 animo
3206 5329 3348 5368 sem-

1764 5423 1861 5474 per
1889 5421 1952 5460 ac
1983 5407 2251 5460 voluntate
2281 5403 2551 5458 schismali
2599 5404 3033 5458 adhaerescebant
3060 5400 3159 5474 (De
3184 5401 3346 5456 Cestis

1766 5513 1878 5549 cum
1906 5494 2147 5556 Emerita,
2177 5511 2263 5547 nn.
2283 5495 2329 5558 l,
2359 5493 2413 5564 ‘2)
2438 5503 2520 5546 :ut
2544 5503 2718 5548 autem
2739 5501 2794 5548 et
2815 5493 2866 5546 hi
2895 5493 3132 5546 excitate
3163 5489 3328 5543 libera

1766 5597 1968 5652 rentur,
1993 5596 2046 5639 et
2066 5587 2506 5639 centirmarcntur
2528 5583 2623 5648 illi,
2650 5583 2788 5637 Deus
2817 5581 2888 5644 id,
2915 5579 3052 5650 quod
3080 5580 3343 5634 narraturi

1766 5693 1969 5740 smnus,
2001 5677 2258 5744 permisit.
2280 5675 2362 5728 Ab
2393 5676 2540 5737 urbe,
2558 5688 2678 5726 cum
2709 5671 2880 5725 isthuc
2903 5668 3203 5721 adventavit
3227 5668 3341 5722 Au-

1769 5769 2030 5839 gustinus,
2075 5767 2335 5822 Emeritus
2382 5765 2583 5830 aberat,
2615 5776 2774 5831 quem
2819 5769 2941 5814 tunc
2969 5757 3243 5827 temporis,
3275 5774 3346 5814 ne
