3858 6382
541 309 648 374 499

547 437 848 504 caperetur,
871 423 1173 490 delituisse,
1209 421 1495 482 obscurum
1537 432 1646 474 non
1677 425 1780 474 est.
1803 415 2026 483 Verum,
2063 423 2120 470 ut

539 522 798 596 comperit
813 520 882 576 ibi
897 526 1212 590 praesentem
1232 529 1352 572 esse
1375 512 1771 582 Hipponensem
1787 510 2117 579 episcopum,

541 631 608 673 eo
631 621 820 685 sponte
847 625 940 670 sua
970 608 1180 668 decimo
1200 614 1392 678 quarto
1427 602 1684 664 kalendas
1712 601 1952 658 octobris.
1982 599 2122 656 illius

540 703 754 768 videndi
781 717 940 766 causa
979 697 1224 758 accessit.
1269 695 1575 757 Nuntiatum
1617 702 1794 750 estex
1829 690 2121 762 improvisa

538 797 836 870 Augustino
883 808 1006 849 eum
1054 790 1283 856 adesse;
1309 787 1378 843 ad
1427 801 1551 846 eum
1589 783 1876 840 videndum
1909 790 2122 841 sanctus

540 891 778 951 Antistes
796 885 1052 944 continuo
1079 879 1396 940 convolavit.
1416 878 1594 952 Ipsum
1622 877 1677 936 in
1699 877 1869 946 platea
1889 883 2121 932 stantem

538 979 835 1046 offendens,
859 984 980 1048 post
1006 973 1204 1045 primas
1238 969 1456 1032 honoris
1475 967 1894 1038 urbanitatisque
1915 965 2121 1036 signiﬁ-

539 1074 777 1134 cationes
801 1070 974 1126 locum
997 1066 1144 1122 illum
1161 1063 1370 1133 utrique
1396 1075 1568 1132 neque
1589 1057 1932 1116 commodum
1948 1070 2122 1127 neque

546 1165 828 1222 decentem
862 1172 982 1217 esse
1007 1154 1337 1218 commonuit
1365 1170 1378 1207 :
1410 1152 1658 1224 quocirca
1678 1165 1799 1210 cum
1842 1151 2046 1224 rogavit
2066 1150 2120 1208 in

546 1256 826 1316 ecclesiam
856 1266 1036 1310 secum
1086 1263 1188 1308 una
1217 1247 1401 1304 venire
1442 1261 1511 1302 ne
1561 1251 1888 1318 gravaretur.
1921 1241 2124 1304 Annuit

540 1351 632 1411 ille
649 1348 788 1406 haud
815 1342 1028 1403 invitus.
1054 1340 1204 1403 Unde
1221 1338 1571 1410 Augustinum
1591 1351 1716 1408 spes
1736 1335 1956 1395 incessit
1975 1350 2123 1394 com-

541 1439 848 1502 munionem
864 1433 1176 1494 catholicam
1192 1447 1313 1494 eum
1331 1431 1473 1490 bono
1491 1430 1779 1500 libentiqoe
1798 1429 1983 1484 animo
1992 1427 2122 1499 jam-

537 1533 650 1601 jam
672 1529 1059 1598 amplexurum.
1099 1522 1209 1582 lmo
1229 1531 1284 1578 et
1330 1523 1432 1580 hoc
1456 1521 1525 1579 ab
1554 1521 1670 1591 ipso
1693 1521 1802 1590 jam
1824 1521 2122 1592 praestitum

541 1622 728 1687 fuisse,
756 1632 940 1678 rumor
983 1613 1218 1688 vulgavit
1243 1613 1453 1684 (Contra
1475 1611 1835 1675 Gaudentium,
1867 1611 1955 1667 tib.
1980 1613 2040 1676 1,
2065 1628 2120 1670 κ.

544 1711 659 1781 15).
683 1709 758 1766 Eo
781 1716 939 1782 pacto
966 1707 1197 1764 futurum
1222 1714 1362 1770 erat,
1378 1713 1438 1762 ut
1457 1704 1736 1762 Dcuterius
1761 1702 2122 1773 Emerito,qui

543 1802 654 1860 suis
681 1800 885 1859 civibus
904 1797 1098 1857 charos
1123 1805 1256 1861 erat,
1282 1795 1474 1852 cedere
1498 1794 1826 1867 episcopatu,
1841 1794 2000 1852 sicuti
2022 1793 2122 1854 Ca.-

541 1891 723 1948 tholici
769 1889 1002 1948 facturos
1030 1903 1089 1944 se
1124 1886 1409 1948 Donatistis
1437 1895 1560 1942 ante
1604 1885 1960 1948 Collationem
1999 1901 2123 1956 spo-

542 1982 859 2056 ponderant,
899 1981 1016 2051 cogi
1063 1987 1245 2049 posset
1287 1993 1428 2048 aqua
1476 1986 1651 2034 tamen
1694 1975 1963 2032 retardata
2013 1990 2124 2038 non

543 2073 736 2134 fuisset
756 2069 1149 2134 reconciliatio;
1197 2066 1622 2140 quandoquidem
1659 2065 1726 2122 ad
1757 2065 1809 2120 id
1845 2065 2118 2136 paratissi-

543 2180 665 2223 mus
683 2171 798 2222 erat
820 2160 1097 2218 Deuterios
1117 2176 1131 2226 ;
1150 2157 1484 2230 affirmatque
1501 2156 1850 2227 Augustinus,
1866 2156 1997 2214 olim
2019 2157 2124 2220 sibi

545 2263 730 2312 notum
757 2266 879 2312 esse
915 2250 1152 2308 animum
1181 2248 1401 2320 hujusce
1430 2247 1692 2318 praesulis,
1722 2247 1813 2318 qui
1839 2261 1950 2303 non
1984 2255 2127 2304 esset

544 2344 933 2405 commissuros
957 2355 1218 2411 unquam,
1258 2347 1317 2394 ut
1343 2337 1593 2397 Ecclesia:
1620 2337 1832 2394 utilitati
1862 2337 2128 2406 privatum

548 2440 810 2496 honorem
857 2440 1206 2505 anteponeret
1245 2430 1437 2506 (Serm.
1464 2431 1532 2485 ad
1574 2429 1904 2487 Cwsareensis
1925 2428 2125 2490 Eccles.

551 2530 766 2603 plebem,
796 2545 848 2581 η.
877 2525 952 2595 1).
975 2524 1174 2580 Verum
1225 2522 1277 2579 ei
1318 2522 1418 2577 hoc
1449 2536 1562 2578 sum
1605 2520 1814 2578 virtutis
1851 2521 2128 2590 specimen

546 2621 678 2680 dare
695 2633 792 2688 per
815 2614 1113 2676 Emeritom
1124 2628 1227 2672 non
1247 2611 1411 2668 licuit.
1442 2610 1540 2668 llic
1563 2625 1665 2667 una
1689 2625 1809 2668 cum
1835 2610 2130 2683 Augustino

550 2726 611 2767 se
630 2708 852 2766 contulit
866 2709 916 2762 in
933 2706 1234 2772 ecclesiam,
1250 2719 1358 2774 quo
1386 2704 1613 2760 maxima
1637 2702 1918 2760 multitudo
1935 2703 2131 2757 utrius-

549 2817 655 2879 que
686 2797 1078 2858 communionis
1111 2795 1365 2854 confluxit
1392 2795 1601 2866 (Contra
1641 2793 1919 2860 Gaudent,
1950 2793 2038 2848 lib.
2074 2795 2128 2861 1,

554 2913 610 2952 tt.
643 2895 746 2962 15,
774 2901 820 2950 et
851 2890 1078 2956 Possid.,
1123 2890 1176 2944 in
1213 2888 1329 2943 Vita
1362 2888 1648 2960 Augustini,
1675 2903 1722 2942 ε.
1756 2886 1882 2957 14).
1914 2886 2008 2942 Vix
2040 2901 2129 2944 eo-

553 2986 676 3043 dem
703 2985 974 3056 ingressus
997 2990 1100 3048 est,
1129 2996 1192 3036 ac
1220 2981 1392 3052 primo
1416 2994 1660 3036 sermone
1685 2979 2050 3049 compellatus,
2075 2985 2134 3033 ot

552 3078 818 3152 ambiguis
834 3077 980 3133 hisce
1003 3074 1220 3132 vocibus
1247 3072 1532 3142 respondet
1557 3090 1570 3126 :
1607 3070 1726 3126 Non
1756 3088 1958 3141 possunt
2001 3071 2136 3126 nolle

553 3170 692 3246 quod
714 3169 883 3234 uultis,
913 3167 1004 3224 sed
1029 3182 1232 3238 possunt
1260 3165 1386 3219 velle
1412 3164 1544 3234 quod
1571 3163 1683 3218 volo
1710 3162 1906 3232 (Serm.
1931 3164 1998 3216 ad
2017 3161 2132 3219 Cte-

553 3259 806 3320 sareensis
828 3256 1071 3314 Ecclesia:
1099 3255 1319 3326 plebem,
1344 3270 1396 3308 η.
1418 3251 1493 3324 1).
1521 3252 1789 3308 Caeterum
1831 3268 1930 3308 nec
1950 3253 2002 3307 in
2029 3252 2130 3319 sui,

557 3367 660 3410 nec
682 3351 740 3406 in
765 3347 1007 3405 factionis
1033 3345 1394 3402 defensionem
1413 3342 1698 3414 quidquam
1725 3341 1921 3398 addere
1941 3343 2131 3409 valuit;

557 3442 656 3500 sed
692 3441 747 3498 in
781 3436 1080 3498 recusanda
1098 3434 1468 3492 communione
1497 3434 1872 3505 perseveravit.
1910 3434 2137 3490 Venerat

559 3535 736 3592 isthuc
765 3548 872 3588 non
896 3531 1001 3586 alia
1015 3529 1157 3586 haud
1176 3527 1339 3585 dubie
1359 3527 1426 3584 de
1463 3541 1645 3594 causa,
1669 3542 1828 3598 quam
1869 3535 1926 3581 ut
1969 3526 2137 3583 schis-

558 3627 724 3686 matis
739 3626 822 3683 sui
841 3633 1122 3696 patronum
1139 3629 1352 3693 ageret:
1376 3636 1561 3677 verum
1584 3629 1866 3692 antequam
1887 3620 2137 3677 meditata

559 3725 741 3790 posset
767 3715 942 3780 etl‘ari,
963 3715 1079 3770 haec
1122 3713 1190 3769 ab
1240 3712 1541 3784 Augustino.
1579 3727 1675 3784 per
1716 3712 2138 3770 antecessionem

559 3809 694 3865 adeo
713 3806 948 3864 funditus
967 3820 1154 3862 eversa
1179 3803 1456 3872 intellexit,
1471 3811 1552 3870 ut,
1572 3803 1697 3875 quid
1728 3803 2136 3873 contradiceret,

561 3913 674 3955 non
691 3895 952 3954 inveniret
969 3892 1180 3968 (Contra
1206 3891 1482 3959 Gaudent.,
1507 3893 1594 3948 lib.
1627 3893 1680 3959 1,
1711 3911 1764 3948 η.
1794 3893 1915 3964 15).
1951 3894 2050 3950 Ubi
2069 3893 2140 3948 vi-

559 3990 687 4047 dere
714 3987 819 4044 hoc
864 3985 1002 4042 trahi
1027 3985 1246 4050 diutius,
1277 3999 1504 4052 eumque
1531 3984 1669 4038 intra
1706 3984 1850 4055 ipsos
1901 3983 2140 4040 ecclesiae

557 4078 834 4136 catholica:
851 4076 1084 4148 parietes
1101 4076 1152 4131 in
1171 4075 1397 4132 discidio
1421 4084 1475 4132 et
1497 4074 1685 4132 haeresi
1700 4077 1987 4148 persistere
2015 4092 2140 4132 con-

565 4179 860 4234 tumaeem,
888 4167 1212 4238 Augustinus
1255 4166 1323 4222 ad
1375 4167 1626 4236 populum
1653 4167 1948 4222 adstantem
1981 4168 2142 4222 verba

561 4259 734 4315 facere
753 4272 1037 4330 aggressus
1061 4263 1164 4313 est.
1195 4257 1358 4311 Multa
1375 4258 1480 4312 dixi
1506 4258 1568 4310 de
1597 4275 1740 4328 pace,
1773 4258 1964 4328 inquit,
1986 4259 2142 4312 multa

560 4351 624 4407 de
643 4351 914 4415 charitate,
936 4350 1097 4404 multa
1125 4349 1187 4404 de
1209 4358 1396 4404 sanctae
1419 4349 1661 4404 Ecclesia:
1685 4350 1962 4418 catholicae,
1991 4369 2142 4423 quam

567 4442 700 4501 Deus
730 4442 964 4515 promisit
1001 4450 1046 4496 et
1068 4441 1321 4513 praestitit,
1345 4443 1553 4496 unitate.
1575 4441 1645 4497 In
1671 4460 1768 4514 quo
1791 4461 1898 4499 utea
1918 4462 2143 4502 sermone

561 4545 608 4590 et
631 4551 715 4591 vos
739 4535 1048 4605 alloquebar,
1080 4543 1130 4590 et
1171 4533 1322 4589 illum
1360 4533 1704 4600 exhortabor;
1732 4544 1781 4589 et
1805 4546 2050 4606 quantum
2085 4537 2141 4591 in

563 4642 640 4679 nte
656 4635 884 4697 poterant
904 4626 1094 4682 uiscera
1115 4626 1397 4693 charitatis,
1415 4643 1594 4682 omnes
1617 4627 1675 4681 in
1705 4629 1928 4697 pericqu
1960 4629 2143 4683 animm

564 4730 670 4769 sua!
693 4717 988 4771 constitutos
1007 4718 1064 4771 in
1086 4716 1177 4772 illa
1206 4733 1316 4772 utea
1341 4734 1568 4772 sermone
1592 4719 1950 4789 parturiebam,
1973 4729 2017 4773 et
2048 4737 2140 4790 pa-

564 4821 677 4860 rere
699 4804 916 4860 Domina
944 4808 1205 4878 cupiebam
1230 4807 1333 4882 (De
1359 4808 1520 4865 Gestis
1548 4827 1664 4865 cum
1695 4811 1940 4879 Emerita,
1973 4829 2026 4866 τι.
2061 4812 2136 4882 1)..

565 4896 628 4953 In
649 4904 758 4950 tota
778 4897 1034 4952 orationis
1071 4900 1212 4955 serie
1240 4901 1358 4970 pios
1383 4901 1583 4956 Praesul
1611 4918 1884 4972 nunquam
1915 4919 2018 4958 non
2048 4917 2136 4959 os-

566 4986 737 5042 tendit
761 5001 977 5056 sperare
992 5001 1076 5055 se,
1102 4987 1215 5044 fore
1235 4998 1292 5043 ut
1323 4988 1618 5046 Emerita-nt
1643 4993 1710 5048 ab
1753 5009 1935 5048 errore
1960 4994 2138 5049 divina

565 5069 847 5127 clementia
874 5079 1104 5125 revocet.
1135 5073 1202 5127 At
1225 5081 1703 5145 quantumcumque
1728 5078 1956 5133 studium
1983 5089 2140 5150 atque

566 5160 880 5216 industriam
916 5160 1214 5217 adhibuerit
1248 5163 1387 5218 illius
1435 5163 1690 5232 charitas,
1733 5167 1819 5223 hic
1844 5177 1966 5237 post
1992 5172 2140 5227 audi—-

568 5262 676 5308 tam
699 5267 817 5308 eam
834 5254 1145 5309 concionem
1165 5255 1214 5309 in
1239 5256 1524 5325 pertinacia
1549 5268 1777 5314 mentem
1801 5262 2132 5320 obfirmavit:

565 5343 633 5398 de
661 5357 773 5413 (διιο
787 5351 958 5399 tamen
985 5359 1083 5400 nec
1104 5351 1228 5400 tunc
1242 5344 1452 5416 quidem
1473 5347 1770 5419 desperavit
1792 5352 2134 5421 Augustinus.

567 5431 890 5490 Concessum
921 5434 1080 5489 etiam
1133 5441 1217 5490 est
1263 5437 1511 5506 spatium,
1544 5453 1641 5508 per
1659 5441 1802 5509 quod
1852 5442 1906 5496 in
1931 5443 2060 5499 urbe
2087 5446 2136 5500 ei

565 5538 755 5580 securo
774 5539 892 5581 esse
903 5525 1088 5580 liceret
1115 5524 1324 5596 (Contra
1345 5526 1618 5598 Gaudent.,
1646 5531 1732 5587 lib.
1766 5533 1821 5599 1,
1846 5550 1898 5587 η.
1920 5534 2027 5605 15).

635 5615 687 5670 5.
721 5614 932 5672 Duobus
949 5624 1070 5688 post
1093 5618 1298 5684 diebus,
1327 5619 1380 5676 id
1408 5629 1506 5689 est,
1526 5623 1651 5677 feria
1682 5634 1826 5681 sexta
1855 5628 1907 5682 in
1935 5626 2135 5686 duode-

563 5704 759 5763 cimum
785 5703 1036 5771 kalendas
1057 5711 1288 5770 octobris
1305 5712 1430 5772 anni
1449 5729 1476 5770 a
1499 5716 2016 5791 quadringentesimo
2038 5721 2132 5778 de-

1638 294 1800 352 VlTA
1838 292 1898 351 s.
1940 291 2308 360 AUGUSTLNI
2346 288 2660 346 EPISCOPI.
3631 303 3702 370 ξω

2229 410 2351 470 cimi
2375 409 2544 464 octavi
2569 407 2862 475 incidente,
2907 405 3176 480 episcopi.
3205 408 3492 483 presbyteri,
3533 415 3702 491 diaconi,

2227 501 2401 560 clerus
2428 501 2705 558 universus
2727 516 2788 557 ac
2813 500 2962 572 plebs
2988 499 3395 572 frequentissima
3429 505 3476 561 in
3518 511 3702 582 animm

2228 593 2501 650 basilicam
2530 592 2924 650 Caesareensem
2967 592 3232 653 convenit.
3272 593 3517 656 Denterius
3536 605 3702 664 omnium

2226 683 2428 756 primus
2454 691 2507 738 et
2528 690 2777 752 tanquam
2800 696 3082 739 consessus
3121 697 3312 757 praeses
3341 685 3609 745 nominatur.
3631 695 3704 753 Ad.

2227 781 2342 830 erat
2365 772 2522 831 etiam
2556 771 2822 830 Emeritos
2851 789 2864 825 :
2899 772 3116 837 notarii,
3136 787 3167 827 a
3186 772 3371 849 qoilros
3392 776 3543 832 omnia
3563 781 3703 844 scribe.

2225 874 2430 928 rentur,
2461 872 2621 935 atque
2645 864 2696 920 in
2732 863 2945 921 tabulas.
2974 863 3314 932 referrentur,
3355 867 3562 927 adhibiti.
3593 871 3707 930 Batus

2226 969 2308 1013 est
2352 958 2676 1028 Augustinus
2710 955 2996 1028 prudenter
3025 972 3088 1012 ea
3112 957 3356 1014 utendum
3383 963 3636 1032 occasione,
3652 969 3706 1025 sin

2225 1050 2399 1107 minus
2432 1050 2498 1109 ad
2552 1050 2770 1110 Emeriti
2821 1050 3043 1107 salutem
3087 1053 3474 1127 procurandam,
3512 1057 3709 1117 saltemia

2224 1143 2445 1214 gratiam
2489 1156 2698 1212 eorum,
2739 1143 2930 1220 quibus
2977 1142 3201 1203 clariore
3242 1144 3450 1215 quadam
3474 1147 3708 1211 circadisci-

2224 1231 2370 1290 dium
2405 1233 2736 1304 expositione
2781 1247 2914 1314 Opus
2949 1239 3064 1292 erat
3106 1231 3204 1308 (De
3228 1232 3381 1292 Gestis
3413 1252 3514 1292 ctua
3533 1237 3708 1310 Emerita,

2225 1340 2283 1380 η.
2313 1324 2390 1395 1).
2421 1324 2680 1397 Quoniam
2706 1323 2862 1397 igitur
2879 1339 3002 1384 cum
3026 1325 3140 1400 ipse
3164 1322 3436 1394 Emeritos,
3454 1336 3548 1384 tum
3567 1331 3631 1388 alii
3650 1332 3705 1390 la-

2226 1415 2416 1474 etionis
2445 1418 2706 1488 ejusdem,
2735 1417 3027 1477 Marcellini
3059 1419 3364 1478 auctoritate
3407 1437 3510 1479 sese
3545 1423 3710 1490 incolis.

2227 1509 2370 1564 tione
2399 1508 2799 1580 Cartliaginensi
2826 1524 3132 1580 oppressos,
3163 1524 3262 1567 nec
3281 1525 3340 1564 ea
3356 1513 3530 1580 omnia,
3544 1529 3630 1585 qua
3641 1531 3708 1586 pro

2226 1617 2322 1657 sua
2359 1616 2519 1657 causa
2563 1601 2790 1661 dicenda,
2829 1601 3120 1668 habebant,
3167 1617 3463 1673 expromere
3505 1609 3712 1676 permissas

2225 1694 2582 1766 querebantur
2608 1693 2917 1768 (Possidius,
2938 1695 2991 1752 in
3033 1693 3145 1754 Vita
3168 1695 3446 1768 Augustini,
3465 1713 3505 1752 c.
3529 1699 3621 1772 ll);
3637 1703 3708 1758 Atr

2225 1787 2465 1858 gustinus
2505 1787 2762 1846 enarratis
2811 1788 3262 1848 numerosissimae
3283 1790 3355 1844 illi
3378 1791 3603 1861 conciam,
3633 1810 3711 1864 (ια

2228 1875 2358 1934 feria
2388 1885 2572 1948 quarta
2599 1887 2744 1949 gesta
2762 1876 3518 1952 fuerant,Emeritumrogavit,
3529 1883 3710 1956 quidquid

2228 1969 2566 2040 potissimum
2589 1984 2768 2027 secum
2785 1970 2959 2034 facere
2973 1971 3262 2043 jndicaret,
3281 1972 3332 2028 in
3349 1973 3550 2030 medium
3569 1976 3709 2045 prolet-

2227 2070 2310 2120 ret
2341 2080 2355 2116 :
2381 2061 2447 2117 ad
2475 2061 2902 2134 respondendum
2945 2073 3193 2134 paratum
3235 2080 3350 2122 esse
3386 2080 3462 2130 se,
3487 2065 3712 2138 disputatio.

2229 2167 2351 2209 nem
2375 2152 2520 2208 illam
2547 2153 2821 2225 utriusque
2839 2155 3002 2225 partis
3021 2155 3226 2212 nemini
3251 2156 3526 2226 pracjodicio
3539 2158 3712 2226 fututam.

2229 2243 2424 2320 populo
2446 2250 2620 2298 tamen
2646 2245 2895 2314 praesenti
2911 2261 3023 2302 non
3047 2247 3168 2303 sine
3197 2245 3362 2302 fructu
3379 2247 3714 2306 abituram:th

2230 2349 2349 2390 esse
2372 2334 2512 2406 quod
2539 2335 2626 2390 ille
2656 2336 2859 2404 timeat,
2887 2337 2998 2393 fore
3027 2345 3212 2394 autem
3231 2339 3327 2411 ipsi
3345 2354 3447 2395 rem
3465 2341 3712 2412 plenamgls-

2229 2423 2344 2488 riae,
2372 2425 2484 2481 sive
2512 2439 2690 2481 coram
2713 2426 2916 2483 civibus
2941 2429 3052 2484 suis
3078 2430 3278 2498 vincat,
3297 2431 3402 2486 sive
3425 2433 3589 2488 victrici
3609 2432 3713 2488 cadat

2231 2514 2460 2569 veritati.
2491 2515 2689 2571 Retulit
2715 2516 2998 2584 Emeritos,
3025 2519 3197 2575 victor
3213 2536 3280 2575 an
3298 2521 3451 2576 victus
3467 2522 3650 2586 abiisset,
3659 2536 3716 2576 ve-

2232 2605 2375 2660 ritati
2402 2622 2472 2662 an
2501 2608 2747 2678 potentiae
2769 2611 3148 2678 concessisset,
3164 2628 3227 2666 ex
3250 2612 3376 2667 actis
3393 2611 3717 2681 Carthang

2232 2695 2530 2751 collationis
2552 2695 2692 2752 haud
2711 2697 2993 2754 difficulter
3013 2700 3257 2774 intelligi.
3285 2701 3377 2758 Hic
3395 2701 3632 2774 Augustino
3646 2701 3716 2756 sci-

2233 2787 2466 2854 scitanti,
2491 2787 2536 2842 si
2559 2787 2688 2842 nihil
2707 2787 2884 2845 dicere
2912 2791 3210 2860 statuisset,
3238 2792 3359 2863 quid
3383 2809 3494 2864 ergo
3533 2792 3717 2856 venisset;

2235 2879 2489 2948 reposuit,
2514 2892 2579 2933 eo
2599 2894 2658 2936 se
2684 2879 2862 2936 animo
2887 2881 3124 2949 venisse,
3149 2891 3206 2936 ut
3227 2882 3326 2938 hoc
3352 2883 3448 2954 ipsi
3469 2881 3580 2955 quod
3598 2880 3716 2953 reqtti-

2233 2968 2620 3025 rebatdiceret.
2652 2968 2884 3042 Urgente
2928 2971 3101 3026 adhuc
3145 2983 3329 3028 sancto
3367 2972 3501 3038 Viro,
3518 2971 3720 3044 quailltun

2235 3075 2394 3116 causa
2422 3059 2747 3130 adduxisset,
2783 3070 2838 3117 et
2862 3077 3182 3133 responsum
3225 3063 3422 3119 notario
3446 3068 3718 3133 eXSpectante:

2238 3150 2367 3219 Fac,
2418 3151 2469 3207 id
2506 3161 2608 3220 est,
2639 3153 2818 3220 scribe,
2866 3154 3039 3224 inquit
3077 3153 3342 3210 Emeritos
3372 3154 3470 3227 (De
3496 3152 3617 3209 Gestit
3645 3166 3722 3206 tun

2236 3238 2481 3313 Emerita,
2499 3263 2587 3300 mt.
2607 3245 2660 3311 2,
2686 3247 2740 3313 3,
2761 3255 2806 3300 et
2823 3245 3183 3312 Possidius,in
3207 3247 3318 3303 Vita
3330 3245 3626 3322 Augustini,c.
3643 3242 3721 3313 ii);

2238 3344 2359 3404 post
2385 3334 2526 3408 quod
2548 3336 2762 3392 verbum
2791 3336 2954 3392 veluti
2978 3337 3366 3406 obmotesccns,
3388 3339 3506 3392 ultra
3519 3332 3723 3406 responde-

2239 3443 2296 3482 re
2324 3427 2608 3498 quidquam
2651 3443 2749 3484 nec
2776 3428 2960 3492 voluit,
2994 3444 3093 3484 nec
3121 3431 3307 3500 potuit.
3340 3426 3724 3501 Augustiuus,cum

2239 3517 2413 3573 denuo
2439 3533 2642 3573 moram
2668 3519 2744 3573 illi
2772 3517 3008 3575 dedisset
3036 3518 3107 3574 ad
3145 3519 3473 3590 loquendum,
3505 3527 3550 3572 et
3579 3514 3724 3571 demum

2241 3610 2556 3682 intelligeret
2581 3611 2753 3682 ipsum
2784 3609 2837 3664 in
2864 3609 3078 3665 silentio
3103 3613 3420 3683 pertinacem
3442 3624 3557 3672 esse,
3575 3601 3725 3676 incepti

2240 3701 2306 3758 ad
2334 3703 2540 3773 plebem
2566 3703 2825 3759 sermonis
2852 3719 3067 3758 cursum
3094 3703 3432 3760 continuavit.
3467 3698 3668 3756 Dissemit
3683 3694 3726 3748 de

2241 3791 2644 3864 Carthaginiensi
2667 3793 2968 3859 collatione,
2989 3792 3143 3864 cujus
3166 3802 3281 3849 acta
3319 3802 3370 3848 ut
3406 3787 3636 3863 quotannis
3666 3797 3726 3854 per

2242 3885 2706 3958 Quadragesimam
2743 3887 2846 3958 legi
2889 3895 3132 3953 curaret,
3167 3887 3459 3944 Deuterium
3495 3877 3724 3939 obsecravit-

2243 3973 2422 4031 Voluit
2443 3977 2510 4033 ab
2535 3977 2724 4049 Alypio
2743 3976 2955 4032 recitari
2981 3976 3262 4047 epistolam
3278 3992 3408 4042 eam,
3431 3989 3519 4045 qua
3543 3963 3726 4027 Catholici

2243 4069 2505 4124 antistites
2527 4070 2671 4139 pacis
2695 4078 2750 4124 et
2785 4068 3003 4124 unitatis
3033 4070 3224 4125 intuitu
3259 4070 3544 4140 dignitatum
3576 4071 3726 4118 suarum

2243 4167 2588 4230 spontaneam
2617 4158 3005 4216 abdicationem
3055 4161 3340 4216 Donatistis
3368 4147 3727 4215 obtulerantzcui

2245 4251 2541 4307 recitationi
2585 4253 2984 4308 observationes
3017 4261 3072 4310 et
3117 4253 3355 4326 exempla
3386 4245 3613 4306 charitatis
3629 4237 3729 4297 chri-

2244 4344 2535 4414 stianacque
2578 4343 2887 4399 humilitatis
2915 4353 3172 4416 perquam
3205 4343 3405 4416 egregia
3427 4341 3612 4411 ipsemet
3634 4333 3729 4386 inse‘

2244 4436 2352 4491 ruit
2379 4434 2497 4507 (De
2539 4434 2700 4489 Gestit:
2740 4452 2851 4490 cum
2888 4436 3140 4503 Emerita,
3173 4455 3224 4490 η.
3247 4437 3280 4491 4
3301 4437 3338 4506 ).
3371 4433 3576 4503 Denique
3611 4431 3726 4480 ιοωηι

2245 4527 2699 4582 schismaticarum
2721 4528 2946 4598 partium
2977 4527 3371 4584 fundamentum
3391 4523 3557 4581 evertit
3581 4519 3729 4574 nstititi

2245 4617 2750 4675 Maximianistarum
2781 4619 3024 4688 historia,
3049 4619 3100 4674 in
3137 4635 3241 4690 qua
3266 4617 3401 4674 haud
3424 4609 3730 4672 leviterimmo‘

2245 4719 2408 4776 ratus,
2427 4726 2611 4766 vocem
2637 4711 2703 4765 ab
2724 4710 2962 4766 Emerita
2978 4711 3199 4775 nullam,
3229 4726 3332 4765 non
3362 4721 3504 4764 secus
3522 4717 3574 4758 ac
3586 4703 3727 4754 mutant

2243 4808 2384 4856 esset
2430 4800 2724 4867 allocutus,
2773 4802 3032 4871 expressit
3058 4800 3304 4874 (Retract.
3350 4800 3429 4854 lib.
3455 4797 3504 4863 2,
3529 4808 3620 4864 cap.
3639 4786 3684 4842 5i
3701 4780 3728 4854 i-

2243 4894 2395 4948 illum
2422 4895 2626 4965 cognati
2651 4908 2714 4948 ac
2742 4893 2886 4949 cives
2913 4893 3015 4958 sui,
3047 4903 3105 4949 ut
3129 4909 3249 4949 cum
3277 4902 3448 4948 sancto
3465 4882 3648 4958 praesule
3661 4874 3734 4931 col-

2245 4985 2476 5056 loquium
2499 4985 2674 5051 iniret,
2692 4985 2935 5040 obtestati
2949 4993 3072 5040 sunt
3086 4985 3380 5050 instantius,
3398 4976 3604 5054 polliciti,
3620 4965 3730 5065 modo

2244 5075 2546 5132 Catholicos
2574 5085 2868 5146 superaret,
2895 5077 3026 5132 nihil
3057 5077 3109 5132 in
3133 5094 3190 5134 se
3217 5092 3371 5130 morae
3409 5073 3626 5130 futurum.
3648 5069 3732 5158 alii"

2243 5170 2331 5224 vel
2361 5168 2714 5234 fortunarum,
2745 5169 2834 5223 vel
2853 5168 3019 5224 etiam
3041 5171 3161 5225 vitae
3185 5167 3428 5238 periculo,
3460 5174 3565 5217 sese
3583 5169 3632 5212 Μ

2243 5263 2504 5322 referrent
2529 5262 2956 5317 communionem
2983 5276 3005 5315 :.
3025 5269 3080 5317 at
3111 5237 3251 5316 illius
3279 5259 3446 5313 animo
3474 5251 3617 5319 maior
3638 5237 3735 5296 dini‘

2242 5354 2420 5410 tientia
2442 5354 2725 5419 insederat,
2749 5369 2905 5424 quam
2929 5364 2987 5409 ut
3011 5355 3177 5425 ipsum
3199 5352 3464 5424 quidquam
3485 5345 3656 5398 hiscere
3671 5334 3734 5425 alii

2241 5449 2437 5505 metire
2475 5446 2677 5503 sineret
2703 5445 2724 5522 (
2744 5419 3045 5515 Poeantius,
3071 5449 3124 5502 in
3174 5419 3286 5500 Vita
3311 5419 3730 5529 .ι1ιι9ιιειὶηὶ,σ;ξι)ι

2244 5538 2350 5596 Sed
2382 5539 2476 5596 hac
2507 5517 2749 5612 quantum
2788 5540 2858 5595 ad
2898 5541 3056 5615 ipsius
3085 5537 3284 5596 exilium
3310 5545 3443 5605 atque
3477 5517 3730 5597 supplicii”:

2243 5633 2318 5687 ait
2341 5632 2684 5703 Augustinus,
2713 5643 2908 5689 tantum
2947 5635 3016 5688 ad
3046 5634 3258 5688 aliorum
3297 5616 3731 5716 canﬁmratitttlﬂiliﬁ

2239 5723 2490 5794 δυτεπνῖυε
2518 5724 2745 5796 ΡτοῙεοὶε-
2773 5724 2834 5794 Si
2848 5727 2980 5786 enim
2998 5725 3209 5781 viderent
3225 5718 3483 5780 Emeritam
3496 5705 3612 5763 nobis
3626 5706 3724 5752 σοι’
