3858 6388
130 241 214 298 5m
1421 224 1620 288 LIBER
1659 222 2014 280 SEPTIMUS.

133 355 450 422 munit-antem,
468 348 832 422 suspicarentur
855 344 1101 407 hominem
1135 341 1490 420 formidantem
1514 357 1533 396 :
1552 357 1667 395 cum

125 458 267 501 autem
291 446 509 506 viderunt
531 450 578 502 et
603 441 656 505 in
698 449 856 514 parte
877 436 1064 496 Donati
1092 442 1481 507 permanentem,
1513 441 1562 486 et
1591 439 1668 486 ta-

125 556 220 593 men
235 536 452 601 adversus
472 531 776 592 Catholicam
799 531 1098 598 reticentem,
1122 527 1281 598 magis
1302 525 1406 581 illis
1430 523 1668 598 apparuit

121 639 269 685 contra
286 643 394 684 suos
415 622 607 686 silendo
633 622 866 676 clamare.
893 619 969 673 An
995 634 1109 673 vero
1133 633 1249 671 cum
1277 630 1394 670 uoce
1412 624 1562 684 atque
1581 628 1670 668 ore

118 738 223 777 sano
242 730 284 774 et
301 718 447 772 libero
472 723 640 781 staret,
656 731 756 778 non
783 721 888 768 erat
907 729 1000 788 pro
1025 719 1185 766 vestra
1206 726 1361 765 causa
1380 716 1555 764 contra
1574 721 1668 762 nos

119 813 230 869 testis
260 810 457 866 idmteus
494 806 744 866 Emeritus
782 806 884 870 ille,
928 804 1019 866 ille
1055 803 1329 872 Emeritus,
1360 803 1593 874 inquam,
1619 810 1669 857 et

117 905 312 964 inimicus
333 912 379 956 et
392 897 802 970 ntutttt.’(Contra
819 895 1175 964 Gaudentium,
1194 897 1280 960 lib.
1305 897 1358 974 1,
1377 913 1426 949 n.
1450 892 1559 967 15.)
1579 893 1668 949 Di-

117 997 307 1062 mittitur
321 993 528 1054 tandem
556 992 820 1048 Emeritos
849 991 987 1050 nulla
1009 989 1230 1048 all'eetus
1254 990 1466 1069 injuria,
1492 997 1548 1043 ut
1576 1003 1666 1044 ve-

116 1086 257 1144 ritatis
278 1085 543 1140 victoriam
569 1082 758 1140 lenitas
777 1081 1010 1138 Ecclesia
1027 1097 1155 1138 sane
1171 1082 1327 1156 digna
1343 1086 1660 1136 coronaret:

115 1180 212 1252 ipse
233 1188 386 1246 autem
418 1177 468 1233 in
499 1186 770 1250 posterum
798 1175 1005 1236 delituit
1031 1174 1214 1253 (Ibid.,
1249 1192 1301 1230 η.
1333 1174 1452 1250 41).
1481 1177 1662 1252 Augu-

117 1273 265 1329 stinus
287 1269 490 1330 tabellas
516 1269 628 1324 sive
656 1277 773 1323 acta
799 1283 1006 1333 eorum,
1033 1283 1152 1338 quae
1178 1266 1278 1322 hac
1307 1267 1358 1321 in
1382 1283 1440 1323 re
1463 1268 1664 1324 duode-

116 1365 232 1419 cimo
242 1360 472 1420 kalendas
492 1359 723 1422 octobris
736 1358 1002 1432 disputata
1026 1357 1254 1422 fuerant,
1272 1356 1658 1429 citat(Retract.

115 1459 184 1512 tib.
207 1457 253 1522 2,
273 1472 374 1525 cap.
405 1453 495 1528 51)
531 1472 544 1510 :
579 1462 738 1525 atque
771 1461 827 1506 ut
855 1453 1066 1522 planum
1100 1450 1350 1508 omnibus
1379 1449 1558 1517 faciat,
1588 1467 1665 1507 ra-

115 1554 278 1607 tionum
307 1547 517 1618 penuria
544 1545 873 1608 obmutuisse
896 1543 1212 1610 Emeritum,
1238 1552 1490 1614 provocat
1517 1543 1660 1598 Gau-

111 1645 308 1702 dentium
337 1641 638 1714 episcopum
658 1637 1178 1712 Thamugadensem,
1201 1637 1372 1691 virum
1393 1637 1662 1707 primaria:

109 1737 220 1818 apud
236 1734 522 1796 Donatistas
537 1732 892 1798 auctoritatis,
915 1730 982 1786 ad
1005 1729 1434 1800 respondendum
1453 1728 1664 1802 (Contra

109 1823 527 1889 GaudentiumJib.
565 1825 616 1889 ί,
645 1841 697 1878 η.
727 1823 836 1891 15).

165 1920 212 1978 1.
251 1917 430 1980 Facere
485 1933 598 1979 non
639 1931 966 1988 possumus,
1035 1914 1160 1985 quin
1218 1912 1308 1970 hic
1369 1912 1662 1970 referamus

107 2010 308 2068 {metum
338 2011 474 2082 longe
499 2008 795 2063 maximum
813 2007 866 2070 in
892 2006 1260 2064 Cresareenses
1283 2021 1348 2061 ex
1369 2005 1663 2064 illoitinere

105 2099 348 2172 Augustini
403 2097 724 2175 profectum.
802 2097 934 2154 Rem
1008 2096 1248 2168 ipsismet
1311 2095 1424 2150 Viri
1493 2095 1662 2150 sancti

102 2195 250 2250 verbis
289 2192 634 2250 narrabimus.
688 2189 934 2262 Denique,
982 2189 1152 2262 inquit
1201 2189 1327 2252 ille.
1366 2205 1480 2244 cum
1525 2187 1664 2259 apud

101 2283 340 2340 Casuram
389 2283 723 2339 Mauritania:
783 2281 970 2353 populo
1024 2280 1371 2336 dissuaderent
1439 2295 1664 2351 pugnam

98 2374 294 2441 cirilau,
351 2374 425 2430 vel
483 2373 662 2445 potius
709 2371 823 2446 plus
871 2389 1022 2445 quam
1048 2371 1438 2444 civilem,quam
1480 2367 1662 2426 Cater-

99 2486 188 2524 t-atn
223 2467 479 2532 uocabant;
533 2485 700 2540 neque
747 2467 878 2521 enim
913 2466 1044 2521 cives
1081 2464 1450 2529 tantummodo,
1489 2479 1662 2519 verum

99 2561 217 2616 etiam
238 2558 516 2632 propinqui,
553 2563 760 2630 fratres,
792 2568 1042 2630 postremo
1092 2566 1322 2628 parentes
1351 2573 1410 2610 ac
1453 2556 1547 2622 ﬁlii
1580 2555 1660 2610 la-

99 2653 260 2724 pidibus
273 2653 394 2708 inter
417 2669 470 2706 se
487 2653 543 2705 in
577 2650 706 2706 duas
728 2659 894 2720 partes
913 2649 1080 2715 divisi,
1099 2666 1187 2719 per
1212 2649 1401 2718 aliquot
1420 2646 1525 2702 dies
1543 2663 1664 2702 con-

98 2746 248 2812 tinuos,
265 2753 389 2803 uerto
408 2754 642 2815 tempore
658 2741 784 2795 anni
805 2739 1093 2795 solemniter
1112 2737 1452 2801 dimicabant;
1472 2745 1517 2791 et
1533 2737 1663 2809 quis.

97 2853 170 2909 qlc
191 2845 238 2892 ut
260 2853 497 2908 quemque
519 2841 720 2906 poterat
740 2831 992 2888 occidebat
1021 2847 1039 2884 :
1063 2831 1143 2903 egi
1160 2828 1358 2901 quidem
1381 2828 1658 2900 granditer,

97 2939 297 3002 quntum
321 2927 478 2993 valui,
509 2934 572 2981 ut
598 2936 701 2980 tam
721 2923 924 2979 crudele
942 2933 1090 2993 atque
1110 2924 1437 2978 inveteratum
1464 2923 1656 2976 malum

100 3011 147 3068 de
160 3010 364 3070 cordibus
380 3022 426 3066 et
451 3009 684 3066 moribus
702 3024 874 3064 eorum
898 3008 1000 3062 evel
1006 3004 1159 3061 lerent
1177 3047 1192 3071 ,
1226 3004 1560 3076 pelteremquc
1578 3004 1659 3059 di-

101 3101 250 3173 cendo;
275 3121 371 3159 non
399 3113 579 3158 tamen
602 3102 761 3174 egisse
779 3099 976 3167 aliquid
994 3117 1072 3153 me
1098 3098 1292 3168 putavi,
1327 3113 1442 3151 cum
1467 3114 1550 3152 eos
1573 3113 1660 3152 au-

101 3195 222 3253 ireut
246 3198 605 3259 declamantes,
649 3192 742 3249 sed
771 3211 884 3249 cum
923 3194 1101 3263 ﬂentes
1123 3191 1358 3246 uiderem.
1395 3190 1660 3245 Acclama-

100 3287 271 3344 tionibss
290 3289 474 3358 quippe
498 3304 559 3342 se
582 3285 753 3340 doceri
781 3293 827 3338 et
852 3283 1110 3348 delectari,
1139 3282 1276 3353 ﬂecti
1300 3289 1467 3336 autem
1491 3283 1658 3353 lacrg-

102 3377 478 3435 ntisittdicabant.
521 3376 672 3444 Quas
696 3375 784 3431 ubi
809 3374 1038 3446 adspexi,
1066 3375 1338 3429 immanem
1360 3373 1505 3428 illaut
1537 3389 1658 3429 con-

98 3471 360 3528 suetudinem
386 3489 418 3526 a
439 3471 683 3543 patribus
707 3477 752 3522 et
788 3467 894 3522 avis
918 3468 1160 3539 longeque
1180 3484 1210 3520 a
1232 3466 1510 3536 majoribus
1546 3473 1654 3520 tra-

102 3561 244 3627 dita,
262 3580 363 3634 quae
385 3571 604 3632 pectora
623 3575 798 3614 eorum
824 3557 1070 3612 hostiliter
1093 3555 1370 3624 obsidebat,
1396 3557 1473 3611 vel
1489 3557 1655 3628 potius

102 3653 355 3722 Mat,
383 3653 664 3717 devictam,
712 3659 979 3720 antequam
1010 3651 1178 3722 reipsa
1224 3649 1280 3703 id
1318 3650 1650 3720 ostenderent,

97 3743 266 3799 credidi.
295 3745 515 3818 Moxque
544 3759 780 3800 sermone
806 3741 969 3807 ﬁnito,
1003 3741 1071 3795 ad
1091 3740 1314 3813 agendas
1331 3739 1438 3796 Deo
1464 3742 1654 3812 gratias

94 3833 217 3891 corda
238 3847 372 3908 atque
391 3855 484 3894 ora
511 3837 761 3892 converti.
793 3834 862 3890 Et
882 3853 994 3890 ecce
1005 3837 1119 3907 jam
1141 3839 1299 3907 ferme
1327 3845 1435 3889 octo
1457 3836 1534 3888 vel
1546 3849 1655 3889 am-

95 3925 201 3999 plius
223 3931 332 3985 anni
357 3940 498 3996 sunt,
534 3929 761 3999 prepitio
791 3927 1010 3994 Christo,
1048 3943 1110 3982 ea:
1137 3943 1234 3997 quo
1258 3926 1366 3981 illic
1390 3925 1520 3980 nihil
1555 3926 1654 3980 tale

95 3997 294 4076 talltum
320 4033 392 4077 est
415 3997 800 4095 (DeVDoctrina
820 4021 1114 4084 christiana,
1143 4020 1229 4074 lib.
1263 4020 1316 4085 4,
1353 4037 1405 4075 n.
1437 4019 1551 4090 53).

149 4109 194 4166 5.
214 4107 463 4168 lneadem
495 4113 589 4167 illa
620 4111 1044 4182 peregrinatione
1073 4108 1420 4175 Ctesareensi,
1440 4118 1528 4163 aut
1545 4124 1650 4164 non

97 4200 229 4256 multo
250 4216 524 4276 postquam
549 4203 677 4258 inde
695 4201 1047 4269 discessisset,
1066 4202 1341 4273 epistolam
1359 4201 1425 4256 de
1447 4202 1652 4259 Anima:

95 4291 261 4362 origine
281 4295 494 4365 scripsit
519 4293 590 4350 ad
619 4291 868 4364 Optatum
906 4293 1210 4366 episcopum
1238 4293 1444 4365 (Epist.
1480 4293 1647 4366 190).

97 4377 136 4432 ls
153 4383 416 4456 angebatur
439 4385 586 4440 circa
614 4385 806 4439 anima:
821 4383 1101 4453 originem,
1120 4393 1298 4440 utrum
1320 4400 1382 4440 ea
1412 4400 1506 4454 per
1531 4401 1652 4456 pro-

95 4473 385 4542 negationem
407 4491 471 4532 ex
501 4475 685 4530 anima
728 4489 757 4527 a
794 4475 901 4530 Deo
938 4481 1116 4531 creata
1151 4482 1310 4546 atque
1338 4475 1542 4531 Adamo
1567 4477 1649 4532 in-

101 4558 194 4616 dita
206 4559 556 4633 descenderet,
589 4580 726 4621 anve
746 4565 966 4638 singulis
991 4566 1294 4622 hominibus
1328 4568 1560 4639 singulas
1585 4568 1652 4622 de

104 4653 368 4714 notabat:
392 4667 634 4727 crearet,
661 4673 820 4716 nosse
857 4658 1097 4730 cupiens.
1135 4658 1384 4715 Attamen
1431 4659 1484 4714 in
1531 4659 1652 4714 ulti.

98 4757 220 4802 mam
243 4745 714 4823 hancepiuionem,
738 4749 814 4807 uti
835 4751 1062 4820 videtur,
1085 4760 1448 4818 concesserat;
1479 4752 1652 4824 deque

95 4835 254 4896 eodem
277 4853 592 4916 argumento
619 4844 884 4917 quoddam
911 4843 1146 4901 ediderat
1169 4846 1502 4915 opusculum,
1535 4863 1651 4903 nec-

98 4944 184 4986 non
217 4931 408 4993 litteras
433 4937 508 4993 ad
547 4938 746 4994 amicos
769 4938 1028 5010 quosdam
1057 4955 1184 4994 suos
1212 4938 1652 4997 familiarissimos

98 5015 390 5081 destinatas:
419 5043 546 5100 qua:
583 5043 702 5083 cum
738 5027 953 5099 perlata:
988 5037 1169 5086 essent
1204 5028 1525 5099 Caesaream,
1553 5032 1652 5102 ipsi

95 5109 355 5181 Augustino
402 5117 516 5174 illic
561 5117 732 5176 adhuc
760 5119 990 5176 versanti
1022 5118 1225 5174 traditae
1253 5127 1377 5175 sunt
1401 5136 1430 5175 a
1456 5120 1652 5177 famulo

97 5200 194 5274 Dei.
213 5209 292 5270 eui
309 5225 509 5269 nomen
538 5210 780 5280 Benato;
803 5213 894 5288 qui
913 5221 1152 5272 sanetum
1181 5213 1454 5271 doctorem
1480 5223 1653 5271 tanto-

93 5307 206 5366 κη
237 5301 309 5366 Id
340 5303 778 5374 respondendum
812 5305 1100 5378 instigavit,
1138 5314 1199 5360 ut
1239 5305 1340 5361 hoc
1382 5321 1650 5376 recusare,

97 5392 314 5458 mi
339 5394 654 5453 reb-saltis
675 5404 800 5454 tunc
825 5406 1130 5470 occupatus,
1159 5414 1491 5471 nequaquam
1531 5416 1652 5472 pos-

96 5481 420 5542 αινίωπ
441 5499 658 5559 quoque
693 5489 748 5543 in
783 5489 1003 5558 epistola
1043 5505 1136 5548 sua
1180 5501 1394 5562 optasse
1432 5492 1654 5563 ipsemet

96 5567 290 5658 θρωπε
304 5575 380 5637 de
397 5581 576 5636 sumi
597 5579 832 5638 Doctoris
855 5585 1114 5642 sententia
1128 5601 1287 5658 super
1303 5601 1364 5641 ea
1381 5601 1440 5641 re
1458 5587 1653 5643 certior

95 5657 212 5722 lari.
233 5665 588 5746 Augustinum
614 5683 864 5747 praeterea
880 5676 947 5736 ad
965 5676 1017 5734 id
1038 5657 1242 5735 induxit
1269 5675 1518 5736 Muressis
1536 5677 1654 5752 qui-

3261 238 3372 292 502

1773 340 1894 396 dam
1920 339 2095 409 Optati
2126 341 2476 408 necessarius,
2507 343 2596 414 qui
2625 351 2752 401 tunc
2786 345 3086 402 Cmsaream
3118 352 3363 415 veniens.

1775 445 1832 487 se
1861 447 2071 503 quoque
2095 448 2255 502 super
2279 433 2466 489 eodem
2506 447 2818 508 argumento
2846 439 3050 497 litteras
3077 443 3146 497 ab
3171 442 3366 512 Optate

1774 524 2042 593 accepisse
2062 523 2299 588 dicebat;
2325 525 2647 597 rogabetque
2667 531 3039 600 Augustinum,
3065 543 3124 588 ut
3150 535 3278 605 quid
3298 552 3365 593 ea

1773 611 1841 668 de
1862 628 1922 668 re
1941 613 2184 680 sentiret,
2227 614 2313 670 vel
2356 630 2485 671 voce
2510 617 2592 672 vel
2629 619 2829 689 scripto
2852 621 2952 676 sibi
2977 625 3224 692 aperiret,
3254 641 3364 696 quo

1774 699 1900 760 illud
1931 713 2111 776 posset
2152 705 2344 777 Optato
2381 707 2700 779 signiﬁcare.
2751 711 2907 768 Dedit
2944 714 3121 786 itaque
3155 716 3363 776 litteras

1771 797 1840 853 ad
1863 797 2037 868 ipsum
2056 798 2304 870 Optatum
2330 811 2546 858 sanctus
2573 803 2786 870 Doctor,
2815 805 3080 876 Caesarea,
3109 810 3254 880 quod
3281 826 3361 874 sa-

1772 887 1840 942 tis
1864 887 2139 944 declarant
2163 889 2269 945 illm
2297 905 2480 959 voces,
2506 909 2621 948 cum
2641 894 2697 949 in
2717 895 2891 950 eodem
2922 899 3110 968 oppido
3135 917 3362 956 remora-

1768 993 1956 1046 rentur,
1979 979 2090 1050 jam
2121 980 2409 1052 prolectus.
2442 983 2518 1040 De
2537 986 2808 1056 proposita
2833 997 3009 1044 autem
3054 990 3363 1052 difﬁcultate

1770 1072 1844 1128 illi
1869 1074 2162 1144 rescripsit,
2190 1091 2296 1132 non
2326 1076 2522 1133 habere
2545 1093 2606 1135 se
2625 1079 2768 1150 quod
2790 1091 2940 1138 certo
2979 1093 3198 1153 statuat,
3233 1102 3363 1156 pro-

1771 1171 1892 1235 pter
1925 1176 2258 1237 argumenta,
2286 1184 2406 1240 qua:
2430 1169 2484 1225 in
2512 1180 2791 1243 utramque
2819 1184 3022 1244 partem
3051 1174 3315 1232 iaciebant
3347 1197 3362 1234 :

1767 1255 1821 1312 id
1846 1260 2210 1315 tantummodo
2246 1261 2538 1317 cavendum
2583 1277 2724 1331 esse,
2768 1281 2836 1320 ne
2876 1268 2995 1336 quis
3029 1269 3190 1324 haece
3217 1285 3365 1341 qua:-

1767 1349 1936 1404 stione
1961 1351 2205 1419 abutens,
2237 1351 2307 1408 de
2328 1362 2547 1422 peccato
2573 1357 2840 1427 originali,
2862 1359 3002 1428 quod
3029 1371 3280 1417 constans
3308 1374 3365 1420 et

1767 1443 2083 1498 catholicum
2124 1443 2316 1514 dogma
2363 1453 2498 1510 erat,
2542 1447 2705 1502 vellet
2741 1449 3048 1520 ambigere;
3107 1462 3265 1523 atque.
3289 1454 3364 1512 ita

1767 1533 2324 1605 Pelagiileestiique
2347 1552 2542 1594 novam
2571 1539 2822 1597 haeresim
2845 1542 3155 1613 imprudens
3169 1546 3362 1603 admit.

1770 1632 1924 1691 teret,
1969 1642 2129 1698 quam
2175 1630 2374 1684 recenti
2405 1630 2661 1686 memoria
2701 1632 3017 1691 damnarant
3055 1639 3282 1693 «incilia
3307 1647 3366 1697 et

1766 1714 1992 1771 Romani
2032 1718 2295 1774 antistites
2339 1719 2679 1776 innocentius
2719 1737 2784 1777 ac
2824 1723 3102 1792 lusimus;
3133 1744 3362 1798 quorum

1767 1809 2036 1878 epistolas,
2065 1813 2253 1866 saltem
2282 1814 2535 1883 postremi
2562 1815 2739 1885 hujus,
2764 1832 2833 1871 ne
2854 1817 2990 1874 forte
3015 1819 3082 1875 ad
3108 1821 3361 1890 Optatum

1765 1903 1990 1959 necdum
2025 1906 2415 1976 pervenissent,
2457 1907 2616 1962 simul
2644 1909 2903 1964 mittebat.
2931 1910 3048 1966 Non
3073 1923 3361 1971 contentus

1766 1995 1862 2050 fuit
1888 1998 2070 2065 procul
2097 1997 2260 2053 dubio
2297 1998 2397 2054 hac
2439 2001 2790 2070 responsione
2817 2001 2957 2058 idem
2999 2003 3252 2076 Optatos;
3285 2007 3363 2063 illi

1766 2090 2025 2161 siquidem
2075 2091 2401 2161 Augustinus
2447 2102 2707 2162 presteres
2758 2093 2892 2150 duas
2923 2096 3198 2166 epistolas,
3240 2115 3363 2170 qua

1767 2193 2063 2255 temporum
2093 2185 2284 2254 injuria
2301 2185 2638 2250 intercidere,
2658 2202 2819 2256 super
2833 2189 3022 2244 eodem
3043 2201 3360 2262 argumento

1766 2275 1928 2331 misit.
1945 2275 2146 2331 Laudat
2161 2276 2468 2348 Fulgentius
2485 2277 2838 2334 eruditionem
2854 2289 3016 2350 atque
3031 2283 3226 2352 ingenii
3249 2286 3360 2340 vim

1766 2381 1904 2433 eam,
1948 2383 2052 2439 qua
2092 2383 2217 2424 cum
2255 2369 2306 2424 in
2336 2370 2482 2426 hisce
2526 2370 2694 2426 tribus
2721 2371 2982 2442 epistolis,
3021 2382 3132 2429 tum
3159 2375 3211 2430 in
3240 2377 3361 2433 aliis

1765 2459 2078 2529 quibusdam
2123 2461 2234 2516 suis
2272 2461 2523 2532 operibus
2570 2463 2920 2533 quaestionem
2954 2465 3098 2520 illam
3143 2476 3361 2525 sanctus

1767 2548 1963 2605 Doctor
1990 2559 2331 2608 excusserat:
2365 2553 2460 2608 sed
2490 2553 2730 2623 ejusdem
2756 2555 2808 2609 in
2835 2555 3020 2624 primis
3044 2556 3360 2614 modestiam

1764 2642 2037 2711 praedicat,
2061 2652 2244 2714 utpote
2261 2661 2379 2716 quae
2403 2660 2526 2702 eum
2543 2645 2822 2713 deterruit,
2844 2663 2911 2703 ne
2933 2647 3002 2704 de
3031 2665 3089 2704 re
3111 2665 3361 2722 peraeque

1761 2733 1910 2804 gravi
1934 2743 1990 2790 et
2015 2735 2257 2790 abstrusa
2283 2735 2569 2808 quidquam
2590 2738 2922 2793 decerneret.
2947 2739 3104 2809 Cujus
3122 2742 3360 2811 quastio-

1764 2823 1862 2886 nis,
1902 2823 1996 2890 ait,
2042 2824 2441 2897 profunditatem
2470 2827 2566 2881 sibi
2603 2828 3086 2898 imperscrutabitem
3128 2846 3356 2897 cernens,

1765 2917 1960 2970 nullam
1987 2915 2146 2972 voluit
2186 2919 2342 2988 hujus
2367 2919 2442 2972 rei
2466 2917 2732 2987 deﬁnitam
2769 2924 2997 2992 proferre
3035 2924 3356 2993 sententiam,

1763 3007 2094 3078 incongruum
2133 3024 2340 3078 prorsus
2379 3009 2675 3064 existimans
2707 3011 2905 3080 aliquid
2941 3012 3193 3084 inﬁrmare
3243 3015 3354 3070 sine

1762 3098 2071 3154 dubitatione
2088 3100 2232 3165 velle,
2252 3101 2398 3172 quod
2416 3101 2550 3156 alter
2568 3111 2732 3174 posset
2751 3104 3007 3158 contraria
3031 3106 3358 3176 responsione

1760 3193 2034 3247 convellere
2080 3191 2440 3265 (Fulgentius,
2491 3194 2556 3248 de
2594 3194 3046 3253 Pro-destinatione
3071 3209 3117 3252 et
3151 3197 3352 3266 Gratia,

1763 3282 1850 3338 tib.
1873 3284 1928 3351 5,
1957 3301 2071 3355 cap.
2105 3283 2215 3356 18).
2248 3284 2590 3341 Pertractatis
2610 3302 2736 3357 ergo
2763 3288 2918 3342 latius
2933 3289 3214 3344 contrariis
3231 3305 3358 3345 sen-

1759 3377 1960 3442 tentiis,
2007 3385 2116 3432 tum
2147 3393 2207 3433 ea
2237 3393 2394 3448 quam
2431 3379 2534 3434 sibi
2574 3379 2926 3452 Hieronymus
2954 3421 2970 3447 ,
3015 3381 3084 3435 ab
3119 3383 3358 3452 quolibet

1759 3483 1963 3534 errore,
1990 3469 2253 3540 Origenis,
2287 3470 2582 3537 Manichtci,
2613 3470 2946 3534 Priscilliani.
2975 3472 3356 3529 Tertullianive

1757 3558 2071 3624 abhorrens,
2104 3561 2284 3631 elegit,
2313 3562 2518 3617 scilicet
2542 3561 2778 3633 singulas
2814 3562 3036 3633 singulis
3083 3566 3353 3619 nascenti-

1757 3647 1860 3706 bus
1879 3653 2082 3705 animas
2099 3667 2126 3704 a
2153 3651 2259 3706 Deo
2279 3652 2447 3707 creari
2469 3651 2646 3722 (Apud
2669 3652 3024 3723 Augustinum,
3047 3653 3210 3724 Epist.
3230 3655 3351 3714 165.

1758 3757 1810 3796 n.
1841 3742 1894 3810 1,
1919 3751 1964 3796 et
1995 3741 2179 3796 Contra
2204 3743 2468 3811 Ruﬁnum,
2500 3742 2587 3796 lib.
2615 3741 2682 3812 2)
2707 3760 2719 3795 :
2747 3751 2858 3798 tum
2886 3743 2990 3798 alia
3016 3759 3122 3813 qua
3162 3759 3354 3815 propa-

1756 3834 1868 3905 gari
1890 3836 2094 3890 animas
2133 3844 2186 3890 et
2226 3851 2329 3890 non
2372 3835 2610 3906 quotidie
2639 3835 2755 3890 ﬁeri
2780 3851 2810 3890 a
2853 3835 2961 3890 Deo
2993 3836 3062 3890 ita
3092 3837 3349 3902 creditur,

1757 3934 1816 3980 ut
1843 3926 1911 3981 ab
1948 3925 2220 3981 erroribus
2247 3925 2620 3982 hmreticorum
2645 3926 2954 3997 quarumvis
2974 3941 3135 3997 super
3158 3929 3350 3982 animat

1757 4024 1946 4072 natura
1975 4017 2283 4080 recedatur;
2315 4032 2420 4072 non
2452 4031 2611 4072 ausus
2631 4026 2714 4072 est
2735 4017 2846 4086 ipse
2871 4017 3196 4086 Augustinus
3214 4019 3348 4074 alte-

1757 4123 1871 4163 ram
1897 4125 1962 4163 ex
1990 4109 2092 4163 illis
2119 4118 2321 4178 partem
2349 4110 2432 4163 vel
2460 4107 2736 4178 repudiare
2757 4123 3008 4180 unquam,
3033 4109 3115 4163 vel
3141 4118 3347 4165 astrue-

1755 4217 1815 4256 re
1844 4200 2033 4273 (Epist.
2053 4202 2140 4266 66,
2165 4219 2251 4255 nn.
2285 4201 2334 4267 8,
2359 4202 2448 4268 28,
2477 4211 2521 4256 et
2547 4199 2712 4273 Epist.
2747 4202 2869 4268 190,
2899 4220 2950 4257 η.
2973 4202 3086 4276 21).
3109 4205 3348 4275 Quapro-

1756 4301 1874 4362 pter
1897 4309 2017 4348 cum
2044 4293 2254 4363 ingenio
2282 4293 2448 4348 sancti
2481 4293 2727 4349 Doctoris
2759 4293 2893 4349 nihil
2923 4310 2988 4350 eo
3020 4297 3187 4366 magis
3217 4311 3348 4350 cou‘

1755 4387 1935 4451 sentit,
1968 4386 2162 4440 nedum
2188 4385 2300 4456 ejus
2324 4385 2578 4441 doctrina:
2602 4385 2888 4456 quidquam
2918 4385 3158 4456 derogat,
3203 4387 3344 4456 quod

1757 4475 1808 4529 in
1850 4477 1951 4530 line
1983 4477 2221 4546 epistola:
2245 4477 2518 4532 leestini
2546 4477 2768 4545 legimus
2796 4493 2809 4528 :
2839 4474 3205 4545 Profundiores
3235 4494 3350 4533 vero

1757 4566 2153 4636 diﬁicilioresque
2175 4576 2341 4636 partes
2363 4567 2723 4620 incurrentium
2743 4566 3095 4636 quaestionum,
3119 4583 3242 4637 quas
3268 4570 3353 4622 Ia-

1757 4659 1855 4713 tius
1902 4666 2270 4728 pertractarunt
2311 4658 2396 4722 qui
2423 4657 2668 4711 hwreticis
2714 4657 3027 4723 restiterunt,
3075 4660 3200 4712 sicut
3249 4675 3351 4713 non

1756 4753 1998 4808 audemus
2023 4762 2354 4820 contemnere,
2395 4753 2467 4806 ita
2507 4769 2608 4807 non
2636 4768 2834 4808 necesse
2854 4753 3094 4810 habemus
3122 4766 3351 4811 astruere

1759 4847 2012 4919 (Append.
2045 4846 2164 4902 tomi
2191 4847 2284 4913 10,
2315 4854 2448 4914 part.
2481 4845 2538 4913 2,
2566 4847 2711 4918 epist.
2748 4845 3000 4902 Caelestini
3037 4849 3217 4919 Papae,
3258 4869 3350 4922 pro

1760 4939 1970 5009 Prosp.,
1985 4949 2033 4994 et
2053 4937 2248 5006 Hitar.,
2261 4947 2387 5004 etc.,
2407 4955 2462 4992 η.
2479 4938 2587 5011 15).
2604 4938 2769 5010 Hujus
2783 4939 3177 5010 prudentissimi
3198 4958 3349 5012 papa:

1756 5031 1991 5102 vestigiis
2019 5031 2267 5086 insistens
2292 5030 2658 5087 Africanorum
2698 5032 3069 5103 episcoporum
3104 5037 3349 5090 exsulum

1757 5122 2012 5198 synodus,
2035 5139 2156 5178 cum
2171 5123 2378 5195 regulas
2398 5123 2673 5179 catholica:
2694 5122 2812 5178 ﬁdei
2831 5123 2897 5179 dc
2913 5125 3080 5196 gratia
3109 5126 3351 5184 similiter

1758 5216 2010 5284 traderet,
2029 5230 2136 5270 non
2155 5215 2466 5272 absimiliter
2489 5214 2730 5286 adjunxit
2755 5217 2856 5271 hoc
2881 5216 3138 5272 monitum
3163 5235 3180 5272 :
3209 5219 3352 5284 Quas.

1757 5311 1970 5366 stionem
1995 5325 2108 5364 vero
2140 5309 2425 5365 animarum
2451 5318 2538 5363 aut
2563 5309 2766 5364 tacitant
2789 5309 3023 5364 debemus
3047 5311 3346 5380 relinquere,

1757 5413 1846 5458 aut
1872 5405 1981 5460 sine
2007 5402 2320 5458 contentione
2349 5411 2564 5457 tractare
2585 5401 2648 5474 (1
2653 5402 2784 5470 bid.,
2808 5411 2954 5474 eptst.
2983 5404 3162 5474 synod.
3189 5403 3344 5473 episc.

1757 5497 1919 5570 Afric.
1963 5497 2205 5563 exulum,
2246 5513 2302 5551 n.
2342 5495 2453 5568 16).
2499 5495 2615 5566 Quo
2659 5512 2788 5552 sane
2836 5496 2995 5552 modo
3033 5510 3152 5549 sese
3191 5509 3348 5562 gere-

1759 5589 1849 5645 bat
1874 5589 2197 5660 Augustinus
2225 5631 2240 5656 ,
2267 5589 2312 5644 si
2340 5587 2552 5660 quando
2578 5604 2697 5642 cum
2741 5587 3033 5657 Pelagianis
3067 5584 3348 5638 decertans

1760 5681 2058 5738 incurreret
2093 5681 2146 5736 in
2182 5681 2504 5753 quaestiones
2531 5678 2762 5735 nondum
2796 5677 2987 5733 divinae
3005 5674 3348 5733 revelationis
