3838 6258
498 224 603 280 505

504 375 605 429 0pc
631 349 825 425 liquido
845 345 1149 415 explicatas.
1171 338 1353 409 Neque
1378 335 1479 390 alia
1501 333 1567 388 de
1587 346 1744 386 causa
1766 330 1924 384 etiam
1947 327 2093 382 illam

503 423 621 512 sine
641 423 974 504 contentione
991 454 1095 494 non
1113 434 1278 492 semel
1297 430 1557 493 tractavit,
1579 443 1647 482 an
1670 425 1868 482 scilicet
1881 423 1985 478 vivi
2010 437 2097 477 re-

504 544 635 613 pcrti
662 535 976 592 adveniente
995 529 1218 585 Domino
1239 527 1292 581 in
1320 521 1499 579 smeuli
1523 519 1626 576 fine
1644 535 1708 575 ex
1731 519 1831 572 hac
1853 514 2094 571 mortali-

503 609 608 692 tate
627 633 692 688 ad
709 627 1158 686 immortalitatem
1186 622 1302 678 sine
1323 617 1494 674 media
1514 622 1684 670 morte
1707 609 1974 668 transituri
1991 609 2098 664 sint

503 727 697 800 (Epist.
724 723 842 787 195,
864 738 917 775 n.
941 720 974 774 9
1001 734 1159 787 seqq,
1183 723 1230 768 et
1251 711 1312 765 de
1329 710 1473 764 Civit.
1494 707 1607 772 Dei,
1631 705 1718 761 lib.
1734 704 1825 767 20,
1845 720 1958 773 cap.
1976 701 2091 770 20).

575 796 631 874 6.
677 813 1002 886 Augustinus
1039 808 1334 877 llippouem
1376 814 1623 856 reversus
1663 796 1948 857 calamum,
1991 807 2096 862 quo

509 883 792 969 Mercatori
821 901 1159 966 rescriberet,
1187 894 1430 966 arripuit.
1459 891 1594 946 Nam
1614 887 1773 958 hujus
1798 885 1936 956 apud
1960 883 2092 939 Car-

501 1003 781 1073 thaginem
801 1039 814 1064 ,
851 997 997 1067 prius
1024 1005 1180 1062 quam
1202 989 1500 1043 Caesaream
1529 978 1977 1052 proficisceretur,
2007 974 2096 1028 lit—

508 1068 653 1151 teras
684 1095 996 1159 acceperat,
1027 1082 1218 1154 quibus
1243 1074 1569 1149 respondere
1593 1070 1828 1128 nondum
1855 1068 1952 1138 ipsi
1974 1083 2095 1138 gra-

509 1184 746 1241 vioribus
769 1158 992 1250 negotiis
1013 1170 1419 1242 occupatissimo
1441 1181 1503 1220 ac
1524 1161 1788 1218 interdum
1812 1158 2095 1230 perlatoris

510 1274 796 1332 occasione
823 1266 1023 1325 carenti
1051 1266 1295 1320 licuerat.
1322 1260 1610 1328 Propterea
1630 1255 1908 1320 Mercator,
1935 1265 2095 1320 quem

509 1369 625 1440 ejus
663 1365 861 1434 scripta
895 1355 1198 1414 vehementi
1238 1368 1299 1406 ac
1335 1345 1653 1420 prmfervido
1687 1342 1898 1414 ingenio
1936 1339 2097 1394 fuisse

512 1430 788 1520 indicant,
820 1447 1068 1506 secundis
1105 1445 1172 1500 ad
1211 1457 1332 1497 cum
1369 1439 1508 1494 datis
1543 1434 1760 1502 litteris,
1793 1431 1936 1505 quod
1966 1430 2097 1486 nihil

511 1549 804 1619 accepisset
828 1541 1090 1613 reSponsi,
1118 1533 1338 1608 perinde
1367 1524 1711 1603 querebatur,
1737 1525 1890 1598 quasi
1917 1524 2097 1594 negle-

514 1615 1040 1709 ctus—despectusque
1061 1638 1202 1686 esset
1222 1628 1288 1682 ab
1313 1623 1607 1694 Augustino
1633 1638 1645 1674 :
1668 1618 1754 1675 cui
1781 1616 1922 1672 aliud
1942 1615 2098 1671 simul

513 1707 825 1804 opusculum
852 1727 1104 1783 adversus
1130 1736 1298 1777 novos
1329 1716 1626 1778 haereticos,
1657 1711 1968 1782 Pelagianos
1993 1707 2097 1762 sci-

515 1800 661 1890 licet,
684 1821 750 1877 ab
770 1820 886 1891 ipso
905 1809 1349 1872 considerandum
1371 1804 1810 1878 probandumque
1832 1800 2094 1855 mittebat.

515 1919 611 1973 llis
659 1914 933 1986 perlectis,
975 1918 1190 1965 sanctus
1228 1904 1426 1960 Doctor
1462 1898 1624 1954 animi
1663 1895 2096 1956 commotionem,

515 2024 674 2079 quam
703 2005 771 2060 ibi
802 2003 1061 2058 Mercator
1086 2012 1196 2068 prae
1225 2009 1284 2050 se
1311 1991 1532 2055 ferebat,
1561 2003 1666 2042 non
1697 1986 1855 2041 modo
1882 1999 1988 2039 non
2015 1999 2098 2037 ac-

513 2074 656 2167 cepit
677 2096 729 2150 in
754 2092 945 2148 malam
971 2097 1197 2160 partem,
1217 2083 1312 2140 sed
1335 2091 1385 2137 et
1408 2078 1636 2134 maxime
1656 2085 1858 2148 gratam
1883 2074 2097 2138 habuit;

513 2166 956 2258 atque.ejusdem
1002 2176 1361 2249 querimonias
1403 2169 1723 2226 sinceritatis
1764 2166 2103 2221 cliaritatisvc

513 2256 708 2333 indicia
748 2289 868 2330 esse
909 2269 1165 2333 credidit,
1208 2280 1312 2320 non
1353 2261 1640 2317 iracundiae
1678 2259 1760 2312 vel
1795 2256 2099 2312 simultatis.

514 2370 695 2438 Itaque
742 2361 1070 2420 rescribendi
1120 2373 1216 2428 per
1261 2355 1510 2411 Albinum
1557 2349 1808 2406 Ecclesiae
1853 2349 2104 2402 Romamn

515 2457 819 2527 acolythum
863 2451 1200 2508 occasionem
1243 2455 1462 2511 nactus,
1503 2444 1723 2498 dilatum
1765 2455 2101 2510 responsum,

517 2560 676 2622 prout
701 2549 936 2604 bonitate
970 2560 1064 2598 sua
1095 2551 1251 2612 atque
1282 2538 1578 2593 humilitate
1607 2534 1823 2604 dignum
1854 2541 1996 2595 erat,
2031 2532 2104 2586 illi

521 2647 829 2702 excusavit;
861 2652 923 2692 ac
961 2634 1135 2690 dubiis
1170 2629 1483 2702 quibusdam
1513 2627 1611 2681 sibi
1638 2625 1706 2680 ab
1730 2640 1794 2679 eo
1823 2624 2106 2694 propositis

518 2735 661 2791 circa
700 2731 753 2786 id
793 2727 935 2800 quod
975 2733 1199 2781 mortem
1247 2721 1447 2792 peccati
1487 2718 1733 2773 elTectnm
1781 2730 1844 2770 ac
1892 2729 2103 2784 pronam

519 2839 639 2882 esse
685 2821 949 2893 negabant
989 2815 1292 2885 Pelagiani,
1339 2810 1613 2868 satisfecit.
1669 2809 1956 2863 Enimvero
2013 2807 2109 2862 ob.

517 2919 772 2992 jiciebaut
803 2915 898 2980 illi,
927 2926 1101 2982 neque
1129 2907 1405 2964 Enochnm
1425 2946 1440 2971 ,
1474 2919 1645 2974 neque
1672 2901 1844 2956 Eliam
1873 2901 2102 2965 obiisse;

521 2991 731 3068 necnon
759 3018 1065 3061 asseverare
1093 2999 1316 3055 Paulum
1341 3010 1435 3052 eos
1453 3035 1469 3061 ,
1500 2994 1590 3065 qui
1619 2992 1830 3047 Christo
1861 2991 2108 3046 veniente

521 3101 836 3172 superstites
860 3104 1032 3161 erunt,
1062 3108 1170 3148 non
1201 3090 1506 3153 morituros,
1539 3085 1634 3140 sed
1654 3085 1705 3140 ei
1727 3085 1873 3140 vivos
1898 3083 2106 3138 obviam

523 3203 735 3264 raptum
768 3191 833 3245 iri
859 3190 913 3244 in
939 3200 1062 3242 aera
1088 3203 1100 3237 :
1129 3181 1268 3236 unde
1291 3176 1610 3248 colligebant
1639 3175 1758 3244 ipsi,
1783 3189 1902 3228 cum
1924 3187 2111 3228 omnes

525 3282 774 3342 homines
804 3287 1030 3335 mortem
1060 3292 1167 3331 non
1201 3275 1458 3335 subeant,
1495 3277 1587 3324 aut
1617 3282 1710 3323 eos
1739 3268 1854 3321 sine
1894 3274 2110 3334 peccato

525 3381 683 3432 natos
703 3413 716 3436 ,
745 3369 889 3441 quod
914 3367 1173 3424 Catholici
1197 3365 1264 3419 de
1289 3364 1404 3419 solo
1428 3359 1642 3418 Christo
1668 3373 1827 3429 posse
1856 3355 2110 3412 affirmari

525 3461 954 3524 contendebant;
984 3466 1073 3512 aut
1102 3469 1314 3527 poenam
1348 3451 1544 3522 peccati
1576 3456 1801 3504 mortem
1832 3462 1936 3500 non
1969 3460 2106 3502 esse.

527 3556 890 3625 Objectiouem
934 3550 1070 3604 haue
1109 3544 1430 3615 Augustinus
1465 3539 1728 3611 explodit;
1760 3553 1825 3592 co
1853 3537 1994 3606 quod
2028 3537 2110 3591 ni-

527 3647 744 3710 mirum,
771 3653 825 3697 ut
842 3641 1071 3696 maxime
1090 3645 1293 3693 certum
1315 3642 1458 3689 esset
1472 3648 1500 3686 a
1519 3629 1778 3685 moriendi
1796 3629 2112 3684 necessitate

527 3735 785 3807 quosdam
819 3734 932 3788 fore
965 3731 1228 3784 immunes
1248 3768 1261 3794 ,
1292 3723 1430 3779 haud
1461 3733 1635 3778 tamen
1665 3720 1948 3775 difficulter
1983 3733 2111 3773 con-

528 3828 634 3896 cipi
666 3825 865 3896 possit,
896 3823 946 3878 id
976 3819 1232 3891 singulari
1262 3818 1437 3888 aliquo
1465 3814 1556 3868 Dei
1588 3811 1860 3883 privilegio
1889 3825 2112 3866 conces-

525 3932 642 3972 sum
667 3917 750 3979 iri,
775 3931 900 3984 quo,
924 3914 966 3968 si
992 3909 1236 3970 voluerit.
1259 3905 1516 3978 quosdam
1540 3903 1663 3958 huic
1683 3917 1854 3972 pronae
1880 3901 2114 3956 eximere

526 4017 722 4080 potest,
748 4021 852 4061 non
877 4018 1030 4060 secus
1049 4017 1111 4057 ac
1133 3999 1313 4056 multis
1334 3997 1450 4051 aliis
1471 4011 1576 4050 non
1598 3995 1798 4049 eximit.
1822 3992 2114 4063 Epistolam

527 4116 680 4157 suam
712 4099 962 4153 terminat
989 4093 1321 4166 professione
1349 4090 1434 4146 illa
1463 4087 1744 4143 humilitati
1767 4087 1883 4154 ejus
1906 4094 2010 4138 tam
2038 4081 2114 4138 fa-

527 4191 720 4247 miliari
744 4231 758 4254 ,
803 4187 965 4243 malle
1006 4201 1064 4240 se
1097 4200 1162 4241 ex
1205 4184 1323 4238 aliis
1361 4181 1712 4252 qumstionum
1750 4178 2113 4232 abstrusarum

526 4284 847 4339 solutionem
881 4279 1106 4341 discere,
1135 4290 1294 4348 quam
1324 4289 1388 4329 ex
1418 4281 1588 4328 semet
1611 4286 1726 4325 eam
1755 4271 1859 4324 illis
1885 4269 2111 4326 tradere.

528 4375 660 4430 Plus
684 4391 820 4440 amo,
849 4372 945 4436 ait,
973 4369 1184 4434 discere,
1208 4382 1362 4439 quant
1388 4364 1582 4419 docere.
1611 4359 1678 4418 Ut
1698 4378 1814 4433 ergo
1841 4360 2112 4427 discamus,

528 4468 739 4522 invitare
761 4481 851 4520 nos
876 4462 1020 4517 debet
1047 4460 1270 4515 suavitas
1290 4457 1543 4522 veritatis;
1564 4465 1620 4508 ut
1639 4463 1807 4508 autent
1827 4454 2112 4517 doceamus,

530 4574 705 4629 cogere
733 4556 1002 4610 necessitas
1031 4552 1292 4608 cItaritatis
1315 4548 1507 4623 (Epist.
1535 4548 1657 4614 195,
1686 4564 1737 4601 n.
1775 4545 1882 4615 15).

603 4649 657 4701 7.
686 4647 910 4702 Albinus
943 4645 1033 4700 ille
1061 4641 1338 4714 acolythus
1363 4639 1652 4711 superioris
1679 4637 1916 4708 epistolae
1947 4637 2118 4706 perla-

535 4749 642 4804 tor,
667 4737 796 4792 alias
823 4750 1033 4806 quoque
1057 4733 1190 4788 duas
1208 4733 1418 4796 detulit,
1442 4746 1599 4785 uuam
1623 4727 1813 4801 (Epist.
1836 4727 1956 4794 l92,
1985 4744 2036 4780 η.
2064 4726 2116 4800 1)

538 4833 606 4887 ad
635 4830 986 4886 Caelestinum
1012 4827 1260 4882 Ecclesiae
1289 4826 1542 4880 Romanae
1569 4833 1693 4879 tunc
1720 4824 1972 4892 temporis
2001 4821 2117 4875 dia-

452 4930 458 4948 "
533 4939 731 4981 conum
751 4965 768 4990 ,
801 4938 864 4978 ac
895 4929 1074 4991 postea
1107 4920 1422 4989 praesulem;
1453 4934 1608 4988 quam
1636 4917 1913 4987 epistolam
1940 4915 2120 4985 Augu-

534 5017 709 5072 stinus
750 5014 864 5084 ejus
906 5012 1095 5067 litteris
1139 5011 1468 5081 Hipponem,
1510 5024 1630 5063 cum
1678 5007 1834 5077 longe
1873 5005 2119 5070 abesset,

539 5106 714 5160 allatis
744 5101 1004 5167 reddidit,
1033 5111 1090 5156 ut
1115 5100 1164 5156 ei
1196 5109 1431 5155 mutuam
1457 5097 1880 5153 benevolentiam
1905 5103 2125 5149 testare-

540 5207 628 5252 tur
653 5215 665 5252 :
689 5197 906 5250 alteram
936 5202 1110 5248 autem
1139 5190 1331 5261 (Epist.
1363 5190 1487 5260 191)
1509 5187 1574 5242 ad
1605 5187 1842 5256 ejusdem
1873 5184 2124 5239 Ecclesiae

537 5290 908 5361 presbyterum
926 5328 940 5350 ,
969 5301 1196 5354 eumque
1221 5283 1412 5337 deinde
1436 5280 1709 5336 Coelestini
1736 5280 1788 5333 in
1816 5279 2125 5348 episcopatu

497 5447 500 5449 λ
535 5395 904 5438 successorem
932 5377 1161 5440 Sixtum,
1184 5376 1457 5444 scriptam,
1483 5387 1582 5441 qua
1611 5371 1681 5435 ei,
1709 5380 1765 5424 ut
1785 5369 1894 5440 jam
1919 5384 1948 5422 a
1976 5371 2126 5426 nobis

538 5473 904 5534 observatum,
930 5469 999 5523 ob
1019 5473 1321 5534 susceptam
1343 5449 1524 5534 gratiae
1545 5460 1918 5516 defensionem
1944 5470 2124 5517 contra

542 5564 878 5634 Pelagianos,
903 5559 1096 5631 quibus
1122 5558 1292 5626 ipsum
1320 5554 1498 5610 favere
1524 5553 1658 5608 fama
1683 5561 1816 5618 erat,
1847 5553 2125 5622 plurimum

539 5655 837 5726 gratulatus
867 5661 974 5710 est.
999 5651 1108 5706 Hac
1130 5648 1350 5718 cpistola
1380 5647 1718 5719 prolixiorem
1747 5647 1901 5703 aliam
1923 5661 1980 5704 sc
2002 5649 2128 5704 mis-

1602 215 1756 271 V'l'l‘A
1798 214 1854 270 s.
1898 202 2269 269 ALTGUSTINI
2308 209 2631 283 EPlSCOPl.
3624 225 3695 284 ωδ

2208 339 2394 380 surum
2431 339 2551 380 esse
2587 322 2931 395 pollicebatur
2954 342 2968 380 :
2995 339 3151 396 quam
3187 325 3355 398 reipsa
3380 330 3518 398 paulo
3543 341 3696 402 postad

2204 415 2324 474 eum
2348 417 2716 488 perferendam
2738 416 2882 473 dedit
2907 415 3087 472 Firmo
3108 417 3408 490 presbytero
3431 419 3592 494 (Epist.
3613 429 3694 494 191,

2203 529 2255 566 n.
2278 513 2352 584 1).
2373 513 2520 568 Hane
2539 521 2753 568 sanctus
2773 513 2968 570 Doctor
2989 513 3361 582 posterioribus
3382 520 3544 586 gratia:
3566 522 3692 579 inimi-

2201 605 2279 661 cis
2307 605 2589 676 aliquando
2615 605 2760 660 velut
2786 604 2857 660 ob
2880 605 3065 660 oculos
3094 619 3328 674 ponens:
3353 606 3612 680 (aspiciant,
3633 620 3695 682 ait,

2201 713 2355 767 quam
2385 696 2500 752 dedi
2532 697 2600 750 ad
2639 694 2845 752 Sixtum
2874 694 3120 750 Romana:
3155 695 3393 754 Ecclesia
3415 701 3696 774 presbyterum,

2201 788 2405 857 quando
2424 787 2662 843 adversus
2685 786 2992 859 Pelagianos
3009 786 3253 842 acerrima
3273 789 3604 858 conﬂictatione
3621 813 3695 849 cer-

2203 880 2417 935 tavimus
2444 878 2558 954 (De
2579 879 2728 934 Dono
2755 880 3153 950 perseverantiae,
3178 895 3231 934 η.
3264 878 3387 951 55).
3417 880 3512 938 illic
3533 894 3576 938 et
3598 887 3698 943 soliti

2200 971 2391 1043 etl'ugia
2411 971 2716 1026 intercludit
2745 971 3059 1042 Pelagianis,
3083 977 3138 1025 et
3155 983 3336 1026 eorum
3355 979 3522 1027 contra
3538 977 3700 1046 gratissi.

2201 1064 2406 1133 objecta
2431 1062 2706 1118 dissolvit:
2731 1062 2964 1133 petitque
2980 1069 3252 1133 postremo
3272 1060 3487 1129 Sixtum,
3506 1072 3554 1120 ut
3569 1067 3604 1121 si
3624 1083 3701 1138 qua

2201 1155 2303 1209 alia
2331 1153 2538 1209 noverit
2557 1169 2649 1209 eos
2669 1152 2927 1208 adversus
2943 1152 3263 1207 catholicam
3287 1151 3438 1207 iidem
3457 1158 3699 1227 excogitare.

2205 1264 2412 1304 necnon
2453 1262 2808 1318 qumcumque
2848 1245 3105 1301 adversus
3146 1244 3362 1301 eosdem
3401 1261 3486 1317 pro
3520 1248 3598 1305 ﬁde
3623 1250 3702 1320 ipse

2202 1340 2534 1406 disseruerit,
2565 1350 2688 1395 nota
2719 1339 2874 1395 faciat
2901 1338 3001 1394 sibi
3033 1336 3227 1410 (Epist.
3255 1338 3378 1404 194,
3407 1356 3455 1394 n.
3484 1339 3573 1412 11).

2275 1436 2327 1490 8.
2351 1435 2404 1490 Si
2427 1449 2528 1505 qua
2553 1450 2638 1490 res
2661 1433 2711 1488 id
2735 1432 2990 1503 temporis
3015 1431 3191 1486 locum
3213 1431 3465 1502 praeberet
3487 1432 3699 1505 Pelagiana

2213 1526 2432 1581 hazresis
2461 1525 2752 1596 perniciem
2775 1521 3256 1589 common‘strandi,
3273 1522 3565 1593 Augustinus
3582 1539 3625 1578 es
3639 1541 3699 1595 op-

2205 1617 2526 1688 portunitate
2571 1616 2795 1672 solerter
2837 1614 3086 1670 utebatur
3125 1621 3182 1670 et
3224 1613 3541 1685 perlibenter.
3577 1616 3692 1685 Aptus

2205 1712 2416 1781 quidam
2437 1751 2452 1776 ,
2483 1710 2623 1766 idem
2667 1709 2756 1765 ille
2796 1708 3014 1763 forsitan
3053 1706 3338 1778 episcopus
3365 1722 3394 1763 e
3421 1717 3549 1778 parte
3573 1708 3698 1763 Dauni

2206 1801 2585 1857 Tusurritanus
2602 1798 2807 1869 (Callet.
2829 1796 3096 1868 Carthag.,
3121 1813 3240 1866 cap.
3263 1796 3409 1868 {20),
3427 1797 3504 1868 qui
3521 1797 3697 1852 amulum

2207 1909 2360 1949 suum
2387 1893 2439 1947 in
2467 1891 2764 1948 Collatione
2788 1891 3004 1962 agnovit
3027 1890 3353 1956 Asselicum,
3379 1889 3580 1946 Judzeum
3601 1908 3643 1948 se
3659 1908 3698 1948 ac

2209 1985 2498 2041 lsraelitam
2540 1984 2760 2039 vocitari
2800 1984 3051 2048 volebat;
3087 1997 3304 2038 necnon
3338 1981 3578 2040 Judaisare
3597 1982 3698 2037 Chri-

2207 2079 2428 2143 stianos,
2461 2077 2512 2131 id
2542 2086 2657 2142 est,
2686 2075 2955 2131 abstinere
2979 2076 3048 2130 ab
3075 2075 3218 2130 escis
3243 2075 3380 2144 Lege
3403 2074 3643 2145 prohibitis,
3662 2091 3699 2132 ac

2209 2178 2431 2226 caeteros
2458 2167 2708 2222 Iudaicos
2737 2168 2870 2221 ritus
2897 2166 3183 2220 observare
3211 2164 3432 2220 docebat
3449 2163 3606 2236 (Epist.
3624 2166 3699 2228 196,

2210 2279 2264 2316 η.
2299 2261 2411 2334 16).
2434 2260 2694 2316 Asellicus
2719 2259 2917 2329 itaque,
2946 2259 3058 2313 sive
3082 2257 3376 2324 Asselicus,
3402 2258 3497 2324 ille,
3517 2256 3694 2312 nisilall'r

2212 2371 2358 2422 mur,
2395 2353 2776 2409 Tusurritanus
2801 2352 3023 2407 antistes
3047 2349 3348 2406 catholicus
3367 2390 3380 2414 ,
3407 2351 3489 2420 qui
3511 2349 3702 2404 Collatiam

2210 2463 2331 2503 cum
2352 2448 2493 2516 Apto
2512 2444 2870 2499 Tusurritano
2890 2443 3144 2512 episcopo
3172 2441 3440 2496 Donatista
3454 2439 3602 2503 adfuit.
3616 2441 3704 2493 lillr—
3777 2439 3801 2516 1

2210 2551 2297 2592 ras
2325 2536 2392 2592 de
2416 2534 2635 2591 cavendi
2660 2532 2918 2589 Judaismi
2941 2532 3335 2602 disceptatione
3359 2531 3421 2586 ad
3445 2531 3701 2586 Domitianum
3777 2531 3801 2602 |1

2212 2631 2484 2686 Bizacenzn
2526 2626 2814 2698 provinciae
2853 2639 2995 2680 anno
3031 2624 3535 2696 quadringentesimo
3562 2623 3703 2678 decimo
3775 2623 3801 2698 ι

2202 2707 2399 2778 octavo
2427 2719 2702 2789 primatem
2727 2716 2908 2773 misit:
2934 2731 3065 2787 quas
3093 2717 3197 2772 iste
3221 2716 3290 2772 ad
3319 2716 3617 2786 Augustinum
3631 2728 3704 2784 per
3775 2707 3801 2789 li

2213 2809 2460 2865 ferendas
2489 2809 2722 2873 curavit,
2755 2817 2815 2863 ut
2833 2807 2911 2863 eis
2936 2807 3315 2877 responderet,
3347 2808 3626 2863 vehementer
3639 2806 3702 2859 ob-

2212 2900 2657 2972 secrans(1bid.,
2685 2919 2737 2956 η.
2769 2899 2860 2970 1).
2891 2899 3092 2956 Morem
3134 2902 3306 2972 gessit
3345 2899 3634 2971 Augustinus,
3663 2912 3704 2952 ac
3771 2899 3801 2972 1η

2213 2993 2596 3050 demonstravit
2633 2991 2966 3047 Christianos
3005 3006 3133 3047 vere
3173 2991 3386 3048 Iudaeos
3419 2999 3471 3047 et
3504 2988 3699 3048 lsi-adius.
3771 2988 3802 3052 Ι,

2215 3085 2500 3140 Abrahami
2527 3099 2737 3154 quoque
2765 3099 2828 3140 ac
2855 3083 3000 3140 Sara:
3029 3083 3166 3138 ﬁlios
3193 3100 3302 3139 non
3329 3099 3480 3139 carne
3500 3123 3511 3144 ,
3533 3080 3599 3136 sed
3623 3079 3699 3148 spi-
3765 3079 3801 3154 Ι]

2215 3178 2319 3232 ritu
2343 3193 2461 3232 esse
2485 3196 2497 3231 ε
2528 3192 2626 3233 nec
2651 3185 2824 3232 tamen
2851 3177 2950 3243 eis,
2978 3175 3078 3231 nisi
3109 3193 3333 3248 perraro
3360 3176 3466 3232 lucc
3485 3169 3700 3242 usurpanda
3771 3169 3801 3248 |1

2216 3270 2504 3337 vocabula,
2549 3285 2647 3325 nec
2685 3285 2749 3324 ea
2789 3271 3098 3339 quotidiano
3138 3286 3243 3325 usu
3286 3267 3638 3338 frequentanda;
3663 3277 3704 3316 ne

2217 3361 2465 3418 videlicet
2488 3371 2700 3433 recepta
2737 3363 2863 3418 olim
2891 3361 3224 3417 consuetudo
3253 3360 3486 3433 loquendi
3512 3355 3704 3429 perturbe-
3769 3355 3772 3409 Ῑ

2219 3462 2324 3520 tur,
2367 3465 2420 3510 et
2455 3470 2574 3510 cum
2614 3455 2813 3510 Judzeis
2853 3455 3053 3510 carnali
3095 3456 3436 3525 generatione
3469 3453 3526 3506 de
3553 3447 3705 3505 Abl’alldl

2216 3549 2381 3617 stirpe
2431 3549 2761 3603 venientibus
2823 3546 3220 3603 confundantur
3267 3543 3526 3602 Christiani
3565 3537 3702 3612 (Ilii,

2218 3657 2271 3694 n.
2299 3640 2452 3708 9-16)
2477 3657 2490 3694 t
2513 3654 2545 3694 a
2571 3639 2762 3710 quibus
2793 3639 2881 3694 illa
2907 3639 3122 3710 quidem
3150 3655 3315 3710 opera
3343 3638 3500 3708 Legis,
3523 3638 3706 3704 qutcsunt
3769 3638 3801 3710 l.

2220 3731 2274 3786 in
2309 3730 2576 3787 veteribus
2614 3732 2996 3797 sacramentis,
3025 3748 3169 3787 nunc
3208 3732 3436 3787 revelato
3462 3729 3707 3782 Testamento

2219 3840 2377 3890 novo,
2400 3840 2732 3895 nequaquam
2754 3824 3082 3881 observanda
3107 3839 3247 3880 esse.
3270 3826 3337 3880 At
3354 3825 3434 3881 illa
3454 3818 3704 3892 qumiulege
3767 3818 3801 3895 ιτ

2220 3916 2580 3997 ita’przecepta
2610 3928 2766 3980 sunt,
2800 3925 2857 3971 ut
2886 3916 3100 3971 valeant
3133 3917 3203 3972 ad
3245 3914 3574 3973 informandus
3593 3924 3707 3966 litotes
3769 3914 3801 3997 ι

2221 3996 2476 4072 fidelium,
2503 4005 2579 4060 sic
2602 4006 2905 4076 accipienda
2932 4015 2987 4062 et
3015 4007 3348 4063 observanda
3381 4007 3537 4070 docet,
3556 3996 3707 4070 ullluld‘
3769 3996 3801 4076 l‘

2219 4097 2343 4167 quid
2373 4097 2422 4151 in
2453 4098 2530 4152 eis
2560 4097 2782 4168 quisque
2810 4098 3017 4166 prolicit
3037 4141 3051 4165 ,
3084 4115 3190 4155 non
3215 4100 3352 4168 sibi,
3376 4098 3461 4155 sed
3482 4094 3624 4169 gratia:
3644 4087 3703 4144 tri-

2221 4191 2345 4245 buat
2361 4188 2546 4262 (lbid.,
2570 4208 2623 4244 n.
2654 4190 2791 4262 1-8).
2815 4191 2946 4246 Nam
2970 4192 3033 4257 ii,
3055 4192 3141 4262 qui
3159 4209 3276 4247 cum
3296 4193 3709 4264 proﬁteantsrsersse

2221 4279 2553 4342 Christianos.
2581 4281 2675 4354 ipsi
2698 4283 2875 4352 gratia:
2893 4281 3081 4338 Christi
3098 4284 3172 4338 sic
3191 4283 3521 4345 adversantur,
3539 4287 3582 4334 ut
3597 4292 3635 4332 se
3651 4274 3708 4326 lut-

2221 4373 2385 4427 manis
2420 4372 2605 4427 viribus
2644 4373 2814 4428 divina
2855 4375 3134 4429 existiment
3171 4376 3381 4447 implere
3407 4374 3619 4430 mndata;
3640 4382 3706 4418 Iw"
3775 4372 3801 4447 l:

2221 4463 2422 4534 quidem
2448 4464 2650 4518 nomine
2670 4505 2683 4528 ,
2717 4464 2887 4535 inquit
2913 4474 3129 4521 sanctus
3157 4466 3380 4530 Doctor,
3407 4465 3487 4521 sed
3506 4473 3624 4518 ιποτε
3645 4453 3707 4508 λη’

2223 4556 2446 4610 daizant.
2478 4554 2589 4610 Hoc
2609 4572 2768 4627 genus
2797 4556 3089 4623 hominum,
3117 4558 3220 4624 ait,
3248 4559 3412 4628 capita
3432 4556 3516 4612 sibi
3533 4554 3704 4607 involat“

2227 4646 2492 4719 Pelagium
2512 4655 2557 4702 et
2581 4646 2883 4710 Coelestium,
2908 4648 3178 4720 impietatis
3196 4649 3349 4720 hujus
3365 4656 3594 4703 assertores
3610 4651 3702 4693 sca-

2224 4742 2379 4797 rimos
2409 4755 2428 4794 :
2449 4741 2534 4810 qui
2561 4743 2746 4795 recenti
2768 4740 2965 4812 judicio
2995 4739 3123 4806 Dei,
3154 4759 3242 4813 per
3274 4742 3516 4813 diligentes
3535 4745 3573 4791 et
3593 4729 3701 4802 βόεια

2225 4847 2390 4886 servos
2414 4832 2523 4902 ejus
2552 4831 2701 4885 etiam
2730 4832 2977 4886 catholica
3003 4834 3349 4887 communione
3373 4829 3531 4901 privati
3551 4832 3662 4882 sunt.
3680 4825 3706 4868 α

2227 4932 2430 4994 propter
2463 4937 2550 4976 cor
2587 4922 2921 4994 imptenitens,
2962 4923 3128 4978 adhuc
3151 4925 3203 4978 in
3229 4940 3321 4978 sua
3344 4919 3619 4976 damnatione
3637 4923 3710 4980 pd-

2227 5014 2410 5069 sistunt
2441 5011 2627 5085 (Ibid,
2657 5031 2711 5069 η.
2744 5014 2854 5086 15).

2863 5093 3090 5152 CAPUT
3129 5095 3268 5152 XIV.

2235 5176 2254 5229 l
2287 5176 2434 5228 Anno
2463 5175 2957 5246 quadringentesimo
2995 5177 3183 5232 decimo
3217 5190 3346 5231 nono
3377 5171 3595 5227 Honorius
3618 5177 3713 5248 ιωζ

2303 5257 2476 5310 datum
2501 5257 2723 5322 Aurelio,
2750 5273 2943 5312 necnon
2967 5257 3243 5328 Augustino
3270 5255 3429 5320 mittit,
3453 5269 3538 5322 quo
3556 5247 3712 5322 φὲεοθβ

2302 5336 2504 5405 quilibet
2521 5336 2909 5408 subscriptiones
2925 5346 3098 5390 contra
3113 5333 3428 5407 Pelagianam
3443 5330 3713 5385 luerosumm

2304 5417 2425 5468 dare
2445 5425 2724 5469 teneantur.
2746 5413 2782 5469 2
2805 5414 3052 5486 Prodigia
3074 5413 3398 5483 Jerosolynta:
3413 5408 3594 5477 alibique
3607 5409 3714 5486 sit"

2305 5495 2408 5547 visa
2432 5504 2602 5547 narrat
2624 5493 2937 5564 Augustinus
2952 5481 3005 5546 in
3027 5491 3262 5547 concione
3276 5481 3409 5561 apud
3423 5481 3710 5564 Certum:

2307 5574 2340 5627 5
2362 5572 2410 5626 Η
2415 5551 2993 5643 ἱρνυηυηιυσνΑιιῃυειίιή
3009 5589 3176 5626 amore
3188 5551 3427 5636 incensus,
3443 5551 3711 5643 proserat!”

2305 5640 2597 5724 jugulatan:
2622 5653 2778 5724 ipsius
2805 5640 2900 5723 ope
2927 5651 3270 5710 Ctelestianant
3297 5649 3520 5708 heresim.
3541 5643 3571 5702 4
3591 5640 3711 5708 Διρ-

3800 4759 3801 4796 1

3795 4947 3801 4980 11

3795 5039 3801 5071 11

3795 5126 3801 5162 11

3795 5186 3801 5254 1

3795 5313 3801 5347 11

3795 5376 3801 5445 1

3795 5495 3801 5532 11

3795 5552 3801 5637 1

3795 5681 3801 5704 11

3799 2287 3801 2304 ι

3800 2753 3801 2770 1

3799 3023 3802 3052 1

3800 4759 3801 4796 1

3800 4869 3801 4888 1

3799 4947 3801 4980 1

3799 5039 3801 5060 1

3800 5135 3801 5162 1

3799 5219 3801 5254 Ι

3799 5313 3801 5340 1

3799 5495 3801 5532 1

3775 5587 3802 6142 ι

3799 5681 3801 5704 1

3779 5867 3786 5888 i
