3858 6392
181 409 403 472 διέκαιοά
415 402 728 476 Heaychium
745 395 1068 454 Salonensem
1083 391 1146 445 de
1162 391 1262 459 [ine
1281 384 1452 442 seaculi
1467 379 1660 439 scribit.

180 508 210 562 5
235 504 350 560 Edit
381 500 562 554 librant
586 496 647 550 de
674 490 878 560 Nuptiis
902 495 952 542 et
974 480 1390 553 Concupiscentia
1421 477 1662 548 primum.

179 599 211 655 6
222 593 516 664 Questions
529 598 573 643 et
582 584 880 642 Locutiones
891 580 944 634 in
958 573 1387 650 Heptateuchum.
1405 571 1436 624 'l
1459 567 1668 648 Vincenf

180 644 598 743 lizwbjictorlibris
610 675 675 730 de
689 672 892 744 Origine
903 644 1086 723 animis
1097 663 1354 735 redarguit
1359 677 1419 716 ur
1428 659 1490 714 ab
1502 644 1669 728 Augu¥

179 780 314 840 atina,
327 782 370 827 et
395 770 462 824 ad
482 765 757 822 reuocanda
769 776 1031 833 perperam
1040 758 1102 812 ab
1115 773 1169 811 se
1181 756 1315 809 dicta
1325 748 1662 820 compellitur.

176 874 208 928 8
227 866 466 924 Pollentia
491 859 601 916 libri
620 857 684 912 de
701 853 960 926 Conjugiis
983 847 1281 905 adulterinis
1306 846 1408 899 duo
1435 841 1666 898 scribun-

178 977 262 1019 tur.
283 961 315 1016 9
334 953 598 1030 Refellitur
614 947 932 1006 aduersarius
955 943 1102 1016 Legis
1127 951 1174 997 et
1201 938 1592 1010 PrOphetarum.

179 1058 222 1111 1.
245 1050 432 1120 Agitari
459 1045 735 1115 superiore
761 1053 904 1094 anno
931 1036 1094 1107 erepit
1117 1031 1323 1104 Apiarii
1348 1043 1530 1092 causa,
1556 1040 1669 1096 pre-

120 1140 564 1219 sbyterinimirum
600 1135 743 1190 illius
780 1128 1083 1194 Siccensis,
1123 1125 1214 1197 qui
1258 1137 1354 1193 per
1395 1119 1666 1175 Urbanum

124 1209 385 1308 episcopum
404 1242 561 1283 suum
586 1219 1100 1282 excommunicatus,
1123 1214 1294 1284 deque
1313 1225 1412 1268 suo
1430 1209 1668 1278 dejectus

123 1301 262 1402 gradu
274 1301 295 1392 ξ
312 1324 368 1378 ad
401 1318 752 1392 apostolicam
785 1312 980 1370 Sedem
1003 1351 1019 1377 ,
1051 1323 1174 1365 cum
1207 1315 1387 1361 tamen
1413 1303 1464 1358 id
1493 1301 1542 1356 ei
1574 1315 1668 1370 per

122 1393 346 1480 Africana
381 1413 634 1472 Ecclesiae
678 1405 1093 1466 consuetudines
1130 1409 1223 1455 aut
1261 1399 1406 1469 leges
1450 1393 1669 1450 minime

122 1516 273 1570 liceret
297 1509 495 1583 (Codice
519 1502 787 1561 Canonum
815 1497 1004 1569 Afric.,
1037 1511 1153 1548 can.
1182 1491 1330 1562 125),
1360 1485 1665 1558 appellavit.

123 1607 178 1662 Ea
210 1617 285 1659 res
305 1580 751 1667 disceptationem
783 1591 925 1646 inter
952 1587 1254 1643 Romanum
1291 1580 1580 1636 antistitem
1617 1585 1671 1632 ct

120 1696 359 1767 episcopos
385 1689 666 1744 Africanos
691 1684 904 1752 longam
937 1677 1142 1749 peperit
1168 1689 1232 1730 ac
1258 1671 1633 1743 permolestum
1651 1709 1666 1733 ,

118 1803 215 1858 quae
245 1793 356 1840 ante
393 1785 665 1836 mortuum
701 1769 966 1844 superiori
984 1775 1213 1824 exeunte
1235 1779 1378 1820 anno
1401 1761 1669 1816 Zosimum

119 1877 238 1934 finiri
264 1891 359 1930 non
385 1869 574 1943 potuit.
603 1864 806 1922 Zosimi
833 1874 1113 1918 successor
1136 1853 1438 1912 Bonifacius
1463 1851 1670 1906 Africa-

121 1983 285 2024 norum
309 1961 482 2036 agendi
510 1959 780 2015 rationem
802 1996 816 2021 ,
845 1962 900 2010 et
926 1951 994 2007 ad
1020 1966 1079 2007 se
1100 1949 1252 2004 datas
1274 1946 1342 2001 ab
1371 1945 1499 2016 ipsis
1527 1943 1668 1997 litte-

123 2076 217 2122 ras,
237 2054 542 2128 quantumvis
560 2063 757 2122 graves
773 2053 956 2103 essent
971 2059 1034 2099 ac
1054 2043 1240 2108 fortes,
1265 2038 1671 2108 haudquaquam

120 2158 164 2208 in
184 2150 467 2207 deteriorem
495 2152 710 2216 partem
741 2140 949 2210 accepit
974 2156 986 2192 :
1010 2136 1062 2192 id
1084 2133 1344 2205 siquidem
1369 2131 1674 2186 nullatenus

119 2243 376 2316 prohibuit,
415 2237 708 2311 quominus
741 2247 860 2289 cum
900 2226 1226 2299 Hipponiensi
1268 2225 1542 2294 episcopo,
1581 2218 1674 2289 qui

119 2339 457 2396 celebratorum
479 2334 534 2388 in
567 2330 751 2387 Africa
773 2326 841 2382 de
861 2322 1062 2395 Apiarii
1090 2319 1302 2390 negotio
1328 2315 1673 2370 conciliorum

117 2447 218 2505 pars
233 2443 404 2498 magna
423 2425 546 2487 fuit,
572 2415 1028 2477 necessitudinem
1059 2409 1308 2466 habuerit
1331 2405 1671 2476 singularem.

120 2494 194 2578 ilic
214 2494 392 2576 sancta:
418 2513 708 2571 memoria:
733 2523 869 2580 papa
895 2504 1140 2562 laudatur
1167 2517 1196 2555 a
1223 2501 1505 2568 Prospero,
1533 2494 1675 2566 quod

118 2625 266 2669 unum
293 2609 540 2666 inimicos
572 2603 762 2676 gratiae
786 2598 881 2655 Dei
907 2612 1014 2652 non
1040 2595 1215 2651 solum
1241 2589 1556 2645 auctoritate
1581 2601 1677 2641 sua

119 2705 394 2776 apostolica,
435 2699 534 2756 sed
588 2697 752 2754 etiam
791 2694 1211 2762 lmperatorum,
1244 2699 1468 2755 quorum
1510 2681 1680 2752 pietas

119 2771 261 2854 studio
281 2796 416 2852 illius
437 2788 824 2862 opitulabatur,
845 2782 1032 2838 edictis
1055 2777 1224 2850 egerit
1245 2775 1511 2847 (Prosper,
1539 2771 1674 2826 Con-

123 2900 181 2945 tra
200 2861 487 2944 Collatoreni
506 2926 521 2948 ,
556 2900 619 2937 τι.
648 2879 763 2949 57).
791 2874 963 2946 ipsius
991 2887 1136 2926 cura:
1162 2866 1402 2923 fortassis
1436 2862 1564 2918 illud
1588 2861 1683 2916 ad-

123 2981 416 3039 scribendum
457 2976 740 3037 edictum,
775 2965 918 3040 quod
956 2961 1194 3026 Aurelio,
1231 2960 1319 3014 die
1346 2957 1532 3028 quinto
1567 2953 1683 3008 idus

120 3074 288 3144 juuias,
313 3085 451 3127 anno
490 3057 1032 3139 quadringentesimo
1055 3053 1266 3110 decimo
1296 3063 1458 3114 nono,
1489 3045 1682 3102 inscri-

127 3136 241 3234 ptum
265 3136 336 3218 est
359 3136 541 3231 (Apud
561 3156 806 3224 aliqua,
840 3147 1006 3221 Epist.
1028 3141 1179 3214 θοι).
1211 3140 1476 3196 Honorius
1507 3137 1578 3191 ibi
1606 3136 1684 3190 si-

127 3246 325 3328 gnificat,
360 3230 605 3310 edictum
641 3245 934 3319 superioris
967 3241 1091 3298 anni
1121 3238 1380 3294 adversus
1408 3230 1684 3300 Pelagium

127 3357 252 3416 atque
284 3344 600 3401 Ccelestium
640 3355 672 3395 a
713 3353 774 3394 se
811 3333 1014 3392 recenti
1052 3329 1329 3388 sanctione
1365 3331 1679 3380 renovatum

130 3451 243 3502 esse,
266 3437 528 3506 simulque
554 3430 933 3492 constitutum,
958 3433 1011 3480 ut
1035 3420 1275 3494 quisquis
1296 3434 1409 3480 eos,
1432 3425 1690 3485 quocum-

134 3544 215 3597 que
227 3528 424 3584 ditionis
439 3505 561 3583 sua:
583 3525 701 3578 loco
716 3518 1072 3583 constiterint,
1091 3514 1267 3568 sciens
1290 3524 1398 3564 non
1421 3505 1688 3577 proderet,

135 3595 210 3675 aut
232 3622 502 3692 expelleret
522 3661 538 3684 ,
581 3617 812 3688 ipsemet
844 3611 897 3666 in
926 3607 1171 3663 exsilium
1211 3603 1519 3674 pelleretur.
1564 3595 1692 3665 Epi-

134 3688 483 3784 scoposvautem
515 3708 615 3780 qui
649 3704 867 3760 minime
903 3698 1274 3754 obniterentur
1301 3690 1488 3747 iisdem
1518 3688 1690 3742 lucre-

134 3776 242 3869 ticis,
269 3812 354 3859 aut
378 3819 502 3858 cum
531 3776 622 3855 eis
647 3797 808 3851 tacite
833 3790 1232 3852 consentirent,
1259 3784 1326 3838 ab
1349 3779 1566 3837 Aurelio
1595 3776 1692 3832 ad~

134 3898 301 3953 moneri
326 3896 478 3966 jubet
509 3891 678 3950 officii
718 3887 820 3942 sui.
850 3885 973 3940 Vult
1001 3881 1139 3950 adigi
1176 3890 1365 3934 omnes
1403 3870 1693 3928 univcrsim

135 3961 356 4044 subtiles
382 3987 450 4042 ad
475 3977 924 4041 subscribendum
949 3971 1154 4042 Pelagii
1182 3966 1599 4027 damnationem,
1624 3961 1695 4015 ita

139 4089 184 4132 ιιι
201 4086 489 4136 recusantes
513 4072 781 4144 dignitate
804 4084 900 4122 sua
925 4071 1206 4128 exuuntur,
1232 4068 1391 4126 atque
1420 4056 1472 4111 in
1504 4068 1694 4124 perpe-

143 4179 260 4224 tuum
278 4167 480 4238 expulsi
507 4161 818 4220 civitatibus
841 4157 972 4222 suis,
999 4150 1376 4209 communione
1399 4145 1692 4216 priventur.

145 4259 302 4316 Datum
332 4233 416 4317 est
450 4257 693 4314 edictum
730 4248 872 4306 haud
911 4245 1157 4302 absimile
1184 4243 1252 4296 ab
1282 4240 1604 4309 lmperatore
1629 4233 1697 4288 ad

146 4352 476 4423 Augustinum,
500 4349 596 4422 qui
617 4345 864 4402 videlicet
888 4341 999 4397 suis
1019 4337 1225 4395 meritis
1249 4333 1617 4390 auctoritatem
1645 4337 1700 4383 et

147 4444 556 4500 existimationem
597 4453 719 4496 eam
763 4435 864 4491 sibi
914 4434 1351 4501 comparaverat,
1399 4433 1458 4478 ut
1497 4422 1701 4477 honore

150 4538 378 4606 primaria
401 4535 520 4594 sedi
548 4531 817 4589 Africanae
840 4523 1057 4597 proprio
1080 4520 1273 4592 dignus
1299 4517 1605 4572 haberetur.

215 4624 675 4702 lCarthaginensi
708 4619 938 4678 concilio
973 4612 1253 4687 praesentis
1290 4609 1414 4664 anni
1455 4621 1575 4662 cum
1611 4602 1704 4658 ad-

159 4720 320 4778 luisset
349 4697 709 4793 Augustinus,
741 4712 810 4767 ab
844 4710 931 4764 illa
968 4705 1189 4761 forsitan
1225 4699 1361 4756 urbe
1397 4697 1702 4768 priusquam

152 4812 326 4880 abiret,
347 4786 652 4870 sermonem
680 4805 733 4861 in
759 4801 978 4859 basilica
1015 4794 1276 4851 Restituta
1311 4791 1456 4845 illum
1486 4786 1702 4851 habuit,

1384 265 1585 324 LIBER
1621 260 1978 322 SEPTIMUS.

3258 247 3363 308 506

1775 389 1920 450 ptum
1942 380 2098 436 fuerit
2120 380 2187 438 ab
2205 392 2347 436 anno
2367 374 2891 451 quadringentesimo
2918 370 3095 437 tertio,
3118 377 3209 425 aut
3228 383 3361 439 qua-

1771 472 2190 544 dringentesimo
2211 479 2421 541 quarto,
2444 483 2551 540 quo
2573 466 2893 541 gladiatores
2921 462 3151 520 abolevit
3179 460 3359 517 lieno-

1772 564 1886 621 rius
1901 563 2255 635 (Prudentins,
2279 561 2516 616 adversus
2538 559 2922 632 Symmachum,
2941 555 3029 611 lib.
3046 554 3103 622 2,
3125 564 3172 611 et
3191 553 3358 610 Theo-

1773 655 1995 722 doretus,
2033 655 2170 710 Hist.
2198 653 2470 709 ecclesiast.
2495 652 2582 706 lib.
2612 652 2666 718 5,
2693 668 2806 722 cap.
2837 649 2951 719 25).

1846 748 1900 803 5.
1944 747 2045 815 Qui
2087 744 2459 801 Alexandriam
2491 759 2521 798 a
2556 757 2714 814 supra
2753 751 3046 797 memorato
3083 739 3361 812 Carthagi-

1774 839 1924 895 nensi
1966 837 2192 894 concilio
2232 837 2424 891 missus
2461 843 2546 891 est
2585 832 2925 888 Innocentius
2962 831 3256 903 presbyter,
3299 841 3360 886 ut

1773 943 1928 988 veros
1952 945 2014 986 ac
2034 943 2317 1000 germanos
2343 940 2580 982 canones
2605 923 2793 996 synodi
2819 921 3046 976 Nicmnze
3066 921 3134 976 ab
3155 921 3356 994 Cyrillo

1773 1023 2054 1093 reciperet,
2083 1021 2221 1076 idem
2244 1019 2350 1084 ille,
2373 1027 2628 1090 quantum
2649 1015 2955 1086 conjectura
2979 1014 3189 1084 assequi
3215 1014 3356 1080 licet,

1773 1113 2050 1185 epistolam
2080 1113 2208 1166 illuc
2233 1111 2300 1165 ab
2329 1109 2624 1180 Augustino
2664 1117 2851 1161 contra
2895 1092 3206 1176 Pelagianos
3231 1105 3359 1159 scri-

1773 1214 1916 1278 ptam
1943 1204 2147 1260 detulit.
2179 1203 2236 1258 ln
2266 1217 2327 1257 ea
2357 1211 2574 1255 sanctus
2600 1199 2794 1255 Doctor
2822 1196 3092 1266 Pelagium
3130 1195 3198 1250 ab
3236 1194 3363 1251 llic-

1775 1311 2001 1368 ronymo
2026 1295 2078 1350 in
2105 1294 2326 1364 dialogis
2349 1292 2744 1361 Scripturarum
2770 1302 3082 1358 oppressum
3112 1286 3361 1351 molibus,

1773 1397 1833 1444 ut
1851 1388 2093 1443 Julianus
2116 1385 2293 1450 tradit,
2323 1378 2682 1454 praedicabat(
2699 1378 2878 1450 Operis
2897 1377 3175 1449 imperfecti
3195 1377 3281 1431 lib.
3305 1377 3363 1444 4,

1772 1501 1888 1555 cap.
1909 1482 2022 1553 88).
2050 1480 2243 1536 Verum
2271 1477 2428 1548 periit
2456 1477 2570 1530 huic
2591 1473 2836 1545 epistola,
2865 1487 2968 1526 non
2996 1485 3151 1527 secus
3173 1486 3237 1526 ac
3258 1469 3362 1526 alia

1773 1590 1932 1646 quam
1959 1581 2086 1628 tunc
2113 1570 2286 1627 eidem
2315 1565 2626 1623 Innocentio
2661 1565 2926 1619 dederunt
2959 1561 3284 1632 Augustinus
3311 1569 3366 1616 et

1774 1666 1997 1737 Alypius
2039 1659 2408 1734 perferendam
2453 1658 2520 1713 ad
2564 1656 2984 1726 Hieronymum,
3035 1652 3367 1708 sciscitantes

1775 1758 1996 1813 librisne
2043 1751 2309 1824 Pelagiani
2348 1749 2653 1820 cujusdam,
2697 1747 2787 1818 qui
2826 1761 2886 1801 se
2924 1744 3114 1799 Aniani
3154 1743 3366 1799 diaconi

1774 1848 2084 1906 Celcdensis
2131 1845 2345 1901 nomine
2393 1840 2631 1906 ferebat,
2683 1838 2942 1894 adversus
2988 1835 3161 1905 ipsum
3210 1833 3368 1890 editis

1776 1940 2159 2012 respondisset.
2192 1937 2324 1992 Nam
2361 1951 2456 2006 per
2489 1931 2736 1989 eumdem
2778 1929 3144 1986 lnnocentimn
3174 1926 3370 1983 rescri-

1776 2034 1882 2104 psit
1926 2031 2028 2087 illis
2072 2029 2446 2099 ilieronymus,
2490 2040 2585 2096 per
2621 2023 2862 2077 dolorem
2905 2021 2974 2076 ab
3013 2019 3160 2075 obitu
3199 2019 3369 2075 beatae

1777 2120 2049 2178 Enstochii
2079 2128 2376 2187 acceptum,
2401 2115 2453 2169 id
2479 2113 2693 2184 aggredi
2719 2111 2946 2166 necdum
2972 2109 3071 2165 sibi
3103 2109 3367 2179 integrum

1779 2214 1976 2280 fuisse;
2021 2225 2238 2281 sperare
2278 2217 2453 2262 tamen
2476 2247 2491 2272 ,
2533 2204 2646 2258 fore
2685 2211 2742 2257 ut
2780 2217 2888 2256 non
2926 2215 3119 2270 magno
3157 2198 3370 2270 negotio

1779 2305 1910 2362 illud
1941 2309 2246 2375 pncstaret;
2286 2313 2349 2354 ac
2376 2299 2520 2368 ipsos
2547 2294 2891 2350 nihilominus
2915 2299 3124 2360 gratum
3155 2291 3256 2346 sibi
3287 2290 3368 2345 fa-

1779 2408 1959 2455 cturos
1978 2437 1992 2462 ,
2021 2396 2066 2449 si
2095 2394 2196 2448 hoc
2223 2391 2420 2448 laboris
2453 2390 2504 2444 in
2535 2404 2596 2444 se
2623 2387 2821 2442 vellent
2863 2385 3122 2454 recipere.
3153 2381 3369 2438 Eisdem

1780 2491 1990 2546 Albinae
2011 2530 2026 2555 ,
2060 2485 2263 2542 Piniani
2285 2526 2300 2552 ,
2331 2482 2570 2538 Melaniae
2601 2496 2663 2535 ac
2687 2479 2865 2534 Paulae
2893 2477 3122 2546 jnnioris
3155 2475 3371 2531 nomine

1783 2581 2006 2636 salutem
2035 2574 2356 2647 dicit(Apud
2377 2573 2613 2644 August,
2648 2569 2813 2640 Epist.
2840 2567 2967 2632 202,
2998 2584 3051 2621 n.
3073 2565 3155 2637 2).
3182 2565 3370 2620 lliero-

1785 2687 1978 2742 nymus
2001 2683 2143 2723 anno
2166 2665 2409 2736 sequenti
2436 2661 2683 2733 migravit
2705 2659 2773 2715 ad
2798 2673 3041 2729 superos.
3066 2657 3176 2712 Hac
3197 2657 3375 2727 itaque

1785 2772 2000 2820 sanctus
2028 2757 2316 2829 Presbyter
2334 2755 2554 2825 epistola
2582 2767 2695 2818 sua,
2730 2761 2786 2806 ut
2818 2750 3044 2806 Baronio
3073 2749 3242 2804 visum
3269 2756 3373 2814 est,

1785 2855 1999 2918 ultima,
2029 2851 2265 2905 ultimam
2295 2847 2376 2901 sui
2407 2847 2459 2900 in
2483 2853 2696 2900 sanctos
2723 2842 2841 2898 illos
2869 2840 3152 2911 episcopos
3178 2838 3377 2892 amoris

1787 2941 2199 3002 declarationem
2236 2935 2495 2993 contineri
2537 2932 2706 2989 voluit
2746 2932 2798 2987 in
2839 2930 2956 2986 hrcc
2994 2929 3156 2986 verba
3190 2946 3202 2982 :
3242 2926 3378 2982 Mihi

1788 3037 1922 3093 enim
1964 3033 2124 3089 omnis
2165 3029 2360 3086 occasio
2404 3027 2694 3099 gratissima
2740 3032 2810 3080 est
2833 3066 2848 3090 ,
2894 3039 2984 3094 per
3022 3036 3174 3092 quam
3215 3018 3377 3074 scribo

1789 3140 1964 3186 uestra:
1979 3125 2318 3187 Reuerentiaa;
2339 3129 2508 3176 testem
2527 3119 2766 3173 invocans
2785 3116 2968 3181 Deum,
2993 3114 3127 3186 quod
3146 3113 3190 3168 si
3213 3120 3380 3182 posset

1791 3223 1903 3294 ﬁeri
1917 3264 1932 3288 ,
1961 3217 2231 3288 assumptis
2249 3215 2346 3269 alis
2371 3211 2642 3275 columbae,
2671 3209 2844 3264 vestris
2865 3205 3180 3275 amplexibus
3207 3203 3379 3274 impli-

1792 3329 1970 3379 carcr;
2001 3325 2196 3381 semper
2227 3307 2427 3377 quidem
2467 3320 2559 3374 pro
2593 3301 2770 3356 merito
2805 3299 3045 3353 uirtutum
3081 3304 3381 3361 uestrarum,

1791 3405 1880 3462 sed
1919 3418 2052 3458 nunc
2099 3399 2343 3462 maxime,
2393 3395 2512 3465 quia
2559 3388 2962 3462 cooperatoribus
3005 3396 3048 3441 et
3094 3384 3384 3439 auctoribus

1793 3495 1931 3552 vobis
1960 3491 2162 3549 heresis
2190 3487 2490 3545 Cwlcstiana
2506 3482 2748 3555 jugulata
2775 3489 2846 3535 est
2877 3476 3060 3550 (Ibid.,
3092 3493 3146 3530 ιι.
3180 3475 3258 3544 1).

1865 3587 1919 3642 4.
1971 3581 2297 3653 Augustinus
2340 3576 2405 3632 ad
2455 3572 2775 3644 llesychium
2821 3569 3062 3645 Sqlonm,
3105 3581 3224 3637 qua:
3265 3564 3387 3619 Dal-

1798 3678 1974 3736 matiae
1996 3671 2306 3743 metropolis
2326 3678 2428 3732 est,
2452 3665 2766 3729 antistitem,
2790 3662 2990 3716 litteras
3010 3657 3226 3714 circiter
3245 3656 3387 3710 hunc

1797 3785 1992 3826 annum
2018 3765 2182 3821 dedit.
2215 3761 2345 3817 Nam
2375 3775 2480 3830 quo
2509 3767 2753 3826 tempore
2779 3753 2826 3808 ei
2856 3750 3098 3823 scripsit,
3129 3763 3194 3806 eo
3217 3748 3326 3818 jam
3353 3762 3386 3802 a

1797 3859 1995 3918 Christi
2025 3853 2300 3912 nativitate
2329 3851 2455 3906 anni
2485 3850 2652 3904 ferme
2685 3843 3058 3917 quadringenti
3084 3850 3138 3897 et
3166 3839 3348 3912 viginti
3368 3877 3400 3909 λ

1797 3951 1867 4007 ab
1887 3950 2028 4006 illius
2053 3955 2230 4002 autem
2272 3939 2662 3999 resurrectione
2689 3936 2774 3990 vel
2805 3933 3116 3990 ascensione
3139 3931 3260 4002 plus
3287 3929 3390 3984 mi-

1799 4059 1901 4100 nus
1947 4038 2174 4098 trecenti
2223 4035 2509 4105 nonaginta
2557 4027 2974 4085 numerabantur
3013 4022 3212 4094 (Epist.
3262 4019 3385 4082 199.

1800 4157 1854 4194 n.
1879 4134 2004 4208 20).
2033 4130 2381 4202 Superstitem
2412 4125 2570 4183 etiam
2610 4122 2988 4191 Hieronymum
3026 4114 3199 4171 adhuc
3225 4113 3392 4169 fuisse

1801 4205 2088 4288 obscurum
2113 4239 2220 4280 non
2246 4228 2332 4278 est
2353 4217 2548 4293 (Epist.
2575 4215 2699 4281 197,
2723 4229 2814 4267 nn.
2838 4212 2889 4274 1,
2915 4209 2970 4275 5,
2998 4218 3043 4262 et
3069 4206 3236 4278 Epist.
3265 4205 3388 4272 l98,

1801 4342 1892 4380 nn.
1924 4324 1976 4387 1,
2004 4321 2080 4389 7).
2107 4315 2450 4384 Contigerant
2489 4324 2556 4365 eo
2596 4316 2833 4376 tempore
2871 4299 3114 4374 quaedam
3153 4296 3390 4368 prodigia

1804 4413 2011 4487 (Epist.
2042 4387 2180 4474 198,
2226 4423 2278 4460 ιι.
2325 4404 2392 4468 5;
2433 4397 2764 4459 Philastrius,
2807 4393 2908 4458 ιε,
2953 4392 3016 4456 8;
3060 4387 3286 4453 ldacius,
3325 4388 3393 4440 ad

1805 4479 1994 4560 annum
2041 4499 2183 4564 bis;
2235 4492 2563 4550 Marcellinus
2620 4496 2666 4542 et
2712 4480 3012 4554 Prosper);
3061 4479 3186 4534 hinc
3235 4492 3395 4548 porro

1808 4593 2071 4667 llesychio
2120 4599 2240 4646 nata
2285 4582 2497 4642 occasio
2544 4578 2754 4634 videtur
2796 4573 2862 4630 ad
2908 4572 3258 4642 Augustinum
3299 4584 3398 4638 per

1807 4702 1971 4744 unum
1995 4700 2026 4740 e
2052 4681 2163 4737 suis
2198 4672 2558 4749 presbyteris,
2596 4669 2681 4724 cui
2723 4680 2916 4721 nomen
2953 4662 3226 4727 Cornuto,
3266 4660 3400 4714 scri-

1809 4779 1992 4844 bendi,
2019 4784 2076 4831 ut
2101 4773 2328 4828 disceret
2350 4783 2417 4823 ex
2438 4781 2525 4832 eo,
2555 4759 2810 4831 numquid
2835 4755 3109 4813 novissimi
3139 4753 3401 4808 adventus

154 4843 326 4880 IIII“,
347 4843 652 4870 κῑωνιιῠιιι
680 4843 733 4861 ιιι
761 4843 978 4859 uua-uv—
1017 4843 1275 4851 --ν----ηπ
1312 4843 1384 4845 -.η
1689 4843 1701 4851 ι
1980 4843 1983 4844 ν

154 4905 306 4976 inquo
322 4903 704 4976 prodigiorum,
727 4909 845 4966 quae
869 4889 1218 4959 Jer‘osolyma:
1237 4896 1399 4946 anno,
1419 4877 1495 4933 uti
1515 4877 1709 4932 docent
1812 4869 2021 4929 Domini
2043 4877 2252 4934 tempus
2276 4858 2554 4914 imminere
2575 4868 2682 4909 non
2708 4857 2914 4922 putaret
2939 4866 2951 4901 :
2977 4847 3136 4916 idque
3161 4843 3293 4899 satis
3319 4844 3404 4899 in-

1466 4971 1477 4976 ‘
1818 4973 1826 4976 Α
1960 4961 1991 4976 ’λ
2147 4957 2315 4976 La“-..
2366 4946 2687 4976 "Aa-rn'a:llm
2735 4941 2873 4976 Mam
2917 4937 3042 4976 illud
3083 4945 3294 4976 Imunnc
3336 4951 3401 4976 nt

154 4971 462 5068 Cbiouologi,
477 4971 1012 5064 quadringentesimo
1032 4979 1240 5035 decimo
1265 4988 1406 5029 nono
1430 4971 1540 5026 visa
1562 4977 1706 5034 sunt,

1401 5063 1521 5118 dem
1549 5027 1710 5115 etiam
1813 5027 2144 5127 septuaginta
2190 5045 2421 5103 Danielis
2476 5035 2936 5098 hebdomadibus,
2984 5046 3117 5103 quas
3166 5027 3404 5084 secundo

1377 5166 1534 5211 terra:
1565 5162 1712 5206 motu
1816 5144 2066 5204 adventui
2089 5137 2284 5197 Christi
2307 5129 2764 5195 accommodabat,
2792 5139 2980 5182 eruere
3003 5121 3274 5177 voluisse:
3300 5134 3404 5188 qua

1375 5247 1574 5303 dictum
1595 5258 1716 5299 esse
1817 5239 1884 5295 de
1904 5253 1963 5293 re
1986 5231 2337 5305 Augustinum
2363 5222 2681 5280 sententiam
2707 5217 2945 5288 rogabat.
2970 5213 3105 5269 Huic
3125 5210 3406 5281 sapientis-

157 5094 373 5158 tanquam
398 5065 686 5142 admodum
717 5075 1012 5134 recentium
1037 5067 1300 5126 meminit.
1322 5065 1398 5121 lbi

158 5187 338 5247 narrat,
374 5176 679 5235 Sitifensem
720 5169 988 5226 civitatem
1023 5159 1338 5236 gravissimo

158 5283 444 5326 conmissum
465 5266 628 5322 fuisse
649 5262 840 5336 (Serm.
867 5257 954 5322 i9,
978 5273 1032 5310 ιι.
1053 5252 1130 5326 6).
1149 5250 1355 5306 Titulus

163 5359 240 5416 die
269 5359 540 5416 bluuerum
577 5355 778 5427 prodit;
825 5367 889 5407 ex
934 5363 1040 5420 quo
1079 5343 1325 5414 intelligit
1364 5336 1711 5401 Sirmundus,

1813 4961 2100 5034 telligitur,
2147 4957 2318 5026 ipsum
2365 4946 2688 5021 llesychium
2735 4941 2875 4998 idem
2917 4937 3044 4994 illud
3083 4945 3294 5006 tempus
3336 4951 3402 4990 ex

1821 5331 1987 5387 simus
2014 5300 2214 5382 Priesul
2246 5335 2340 5391 per
2360 5313 2607 5372 eumdem
2640 5309 3006 5382 presbyterum
3039 5300 3343 5373 respondit,
3373 5314 3403 5351 a

163 5389 240 5416 ulc
269 5389 540 5416 Ulllllcluul
579 5389 778 5427 γιυυιι,
825 5389 889 5407 DA
934 5389 1038 5420 ιιυν
1080 5389 1324 5414 ιιι-νιουυυν
1366 5389 1672 5396 τ----..-ηγνη
1697 5389 1711 5401 ιγ
2248 5389 2260 5391 _

163 5449 433 5510 exbibitum
459 5451 569 5506 isto
590 5447 675 5504 die
702 5445 862 5501 fuisse
887 5436 1258 5513 gladiatorium
1285 5441 1554 5489 certamen
1584 5447 1596 5481 :
1624 5427 1719 5483 sed
1821 5422 2029 5479 ratione
2056 5416 2286 5472 alienum
2313 5407 2502 5474 videri,
2532 5419 2649 5461 eam
2675 5417 2788 5458 rem
2817 5412 3076 5471 quaerere,
3104 5406 3260 5464 quam
3291 5389 3408 5459 ipse

2518 5499 2530 5513 ¹
2573 5497 2585 5508 ⁵
2625 5511 2640 5513 λ
2659 5503 2696 5513 κ’
2718 5511 2726 5513 Α
2754 5507 2924 5513 ~--—--‘-
2949 5485 3089 5513 -ιῖ--Ᾱ
3118 5481 3402 5513 ηιιῖιιηηαηι

155 5535 322 5612 minus
339 5559 372 5599 a
395 5557 528 5600 vero
555 5540 821 5604 abhorret,
850 5533 1019 5591 notari
1049 5530 1132 5586 vel
1163 5535 1358 5583 statum
1389 5519 1722 5579 solummodo
1825 5515 2068 5572 Christus
2095 5517 2286 5565 tectam
2308 5517 2430 5559 esse
2450 5497 2731 5560 voluisset;
2754 5507 2894 5561 nequ

167 5637 291 5698 diu
308 5681 326 5707 ,
353 5655 459 5712 quo
486 5635 617 5716 illud
645 5634 769 5689 olim
793 5629 1140 5687 exhibebatur
1159 5666 1174 5690 ,
1205 5622 1290 5677 vel
1321 5617 1463 5675 aliud
1489 5615 1724 5671 muneris

173 5741 346 5803 Iam.
547 5727 666 5786 loco
691 5722 980 5797 gladiatorii
1008 5716 1316 5778 certaminis
1343 5707 1582 5770 exhiberi
1610 5723 1722 5765 cu:-

2897 5507 2928 5545 e
2947 5485 3092 5543 aliud
3116 5481 3404 5552 quidquam

1827 5571 2025 5664 certius
2063 5602 2132 5658 de
2166 5599 2270 5653 hoc
2302 5589 2558 5650 affirmari
2587 5600 2744 5658 posse
2765 5623 2782 5652 ,
2811 5579 2912 5638 nisi
2937 5575 3077 5646 quod
3101 5571 3410 5639 evangelica

1829 5701 1918 5762 lex
1947 5693 2182 5754 nondum
2220 5703 2313 5761 per
2343 5683 2527 5742 orbem
2555 5679 2856 5738 universum
2881 5675 3023 5726 esset
3053 5661 3408 5735 promulgata.
