3858 6392
562 224 670 284 εστ

561 343 648 398 De
674 336 1008 410 seplasium
1044 341 1226 398 autem
1263 331 1746 403 non
1773 330 2016 400 dubitare
2049 347 2142 406 se,

561 434 690 505 quin
735 446 835 488 eas.
871 429 943 488 de
983 428 1164 500 primo,
1198 427 1434 484 adventu
1472 424 1813 497 interpretati
1851 434 2142 497 (μηθεὶς

1666 215 1814 272 vna
1855 213 1913 270 s.
1954 215 2114 296 auct

2222 218 2318 272 ist
2371 219 2690 273 spissum.
3637 239 3710 300 ωε

2254 330 2368 402 55).
2396 331 2500 404 lpsi
2522 332 2706 388 beatus
2733 333 2930 390 Doctor
2955 335 3176 406 smpius,
3210 345 3261 393 et
3291 337 3522 422 forteiam
3541 347 3595 404 ab
3612 353 3712 413 anno

2251 424 2772 500 quadringentesimo
2813 426 3021 492 decimo
3058 429 3710 507 septimo'scﬂpserat,abeo

559 527 692 584 Cum
710 539 844 582 νοω
857 522 934 578 ab
948 521 1233 592 Hesychia,
1256 528 1320 586 ut
1335 519 1556 586 easdem
1573 519 1648 578 illi
1667 528 1985 597 exponeret,
2000 528 2149 590 esset,
2249 517 2392 582 nulla
2428 519 2774 588 responsione
2799 521 3146 587 resalutatus;
3174 524 3312 594 quod
3329 525 3374 581 ei
3395 528 3708 599 sollicitudinem

555 628 791 692 rogatus.
814 617 881 673 ad
900 631 1026 674 eum
1038 658 1058 684 ,
1077 614 1225 687 qttod
1241 614 1600 684 Hieronymus
1614 613 1672 674 ia
1687 612 1963 681 Danielem

553 712 749 771 eodem
771 710 896 765 loco
913 712 1311 773 commutatus
1330 703 1522 772 iuerat,
1545 704 1706 772 misit,
1729 711 1923 776 petens
1937 711 1995 768 ut
2012 701 2140 776 quid

551 804 654 876 ipsi
685 802 755 859 de
782 802 889 858 hoe
909 798 1202 865 videretur.
1240 796 1344 858 sibi
1381 793 1721 862 rescribetet-
1763 795 2004 874 Epistola.
2034 794 2140 866 lies

551 891 911 966 pulcherrim
952 889 1064 944 ﬁne
1090 886 1394 950 clauditur:
1424 885 1642 953 diuitem
1683 886 1888 969 quidem
1925 903 2137 960 eorum,

547 1004 670 1061 qua
687 1003 719 1040 ιι
744 1001 829 1044 tua
848 982 1131 1053 ἱπφιιέδὶυί,
1170 980 1354 1040 habere
1378 979 1639 1044 wiattiam
1659 1019 1676 1047 ,
1706 996 1858 1052 quam
1889 981 2136 1052 ignorans

550 1081 708 1150 ﬁam;
736 1077 831 1133 sed
860 1077 980 1149 quia
1015 1073 1080 1132 id
1107 1074 1336 1131 Multa
1371 1073 1544 1145 potui,
1576 1073 1736 1145 magis
1773 1072 1907 1146 eligo.
1935 1081 2139 1142 suum

551 1169 901 1242 ignorantiam
930 1166 1162 1237 calﬁeri
1176 1207 1195 1231 ,
1228 1181 1384 1236 quam
1418 1165 1608 1237 falsam
1624 1164 1884 1228 scientiam
1908 1164 2136 1234 proﬁteri

547 1259 759 1333 (Epist.
808 1258 930 1326 ξπ,
982 1276 1038 1313 τι.
1088 1253 1185 1329 5).
1232 1257 1422 1317 Exstat
1468 1255 1805 1329 Hesychiana
1853 1257 2135 1329 responsio

545 1353 724 1426 (Apud
763 1352 1000 1424 Argum,
1035 1350 1202 1424 Epist.
1233 1350 1388 1422 £98),
1416 1364 1586 1421 eaque
1614 1349 1784 1415 ferme
1810 1350 1864 1406 in
1885 1350 1989 1410 hoc
2011 1366 2132 1418 ver.

543 1454 710 1508 satur,
733 1452 795 1499 ut
811 1458 986 1515 neque
1000 1442 1164 1507 diem,
1194 1457 1369 1513 neque
1392 1456 1590 1501 anitum
1609 1440 1797 1518 iudicii
1822 1450 2003 1500 uotum
2030 1440 2129 1506 lia—

543 1540 674 1601 bere
709 1553 810 1594 nos
851 1552 1028 1609 posse,
1070 1552 1406 1609 nequaquam
1442 1545 1532 1594 eat
1569 1535 1805 1604 inﬁcias;
1841 1535 2133 1605 contendat

540 1646 671 1688 vero
693 1632 935 1702 ejusdem
958 1639 1170 1702 tempus
1193 1630 1430 1702 quodam
1454 1629 1618 1686 modo
1643 1629 1748 1691 sub
1771 1639 2008 1688 nostram
2035 1646 2126 1700 ea-

539 1727 669 1784 dere
691 1725 1069 1798 cognitionem,
1090 1724 1202 1780 imo
1216 1725 1381 1782 etiam
1401 1738 1502 1780 nos
1513 1723 1579 1779 ad
1598 1724 1726 1786 illud
1742 1723 2128 1796 explorandum

541 1818 711 1874 teneri
735 1817 1038 1873 adstrictos.
1067 1815 1204 1872 Tu
1228 1815 1375 1872 addit
1406 1831 1473 1872 ex
1500 1815 1786 1888 prodigiis,
1816 1832 1938 1888 quae
1960 1831 2127 1888 appas

542 1917 795 1976 ruerant,
834 1909 1063 1979 aliisque
1100 1907 1488 1964 calamitatibus
1529 1923 1594 1963 ac
1637 1907 1810 1973 bellis,
1856 1923 1975 1980 quae
2024 1908 2128 1974 illis

539 1998 869 2071 temporibus
887 1999 1144 2054 continuo
1161 1998 1469 2064 ateviebant,
1493 1998 1898 2070 haudquaquam
1923 2007 2128 2064 temere

536 2089 812 2155 concludi,
843 2090 974 2146 illud
995 2090 1105 2159 jam
1136 2105 1242 2146 non
1271 2105 1397 2150 esse
1416 2091 1830 2147 remotissimum
1857 2109 1872 2145 :
1900 2090 2126 2162 populos

535 2191 713 2237 autem
735 2224 750 2248 ,
780 2181 873 2253 qui
897 2182 1055 2237 iidem
1089 2181 1346 2237 hactenus
1389 2182 1622 2253 amplexi
1650 2198 1757 2238 non
1784 2181 1993 2238 fuerant
2012 2225 2029 2250 ,
2056 2182 2125 2244 ad

535 2289 654 2329 eam
694 2273 834 2328 intra
875 2273 1106 2346 spatium
1149 2289 1263 2331 non
1299 2275 1371 2329 ita
1412 2290 1661 2345 magnum
1705 2274 1898 2331 adduci
1941 2290 2120 2347 posse.

533 2365 688 2434 Quod
726 2365 796 2420 ad
831 2366 1168 2438 septuaginta
1202 2366 1603 2433 hebdomadas,
1639 2367 2022 2439 Hieronymum
2050 2369 2125 2426 ait

533 2455 672 2511 nihil
703 2455 960 2522 deﬁnire,
991 2465 1178 2526 utpote
1202 2455 1257 2512 in
1288 2455 1392 2512 hoc
1418 2457 1640 2514 dubium
1665 2474 1729 2514 ac
1757 2457 2119 2524 ﬂuctuantem.

534 2545 618 2602 Ad
661 2556 964 2602 extremum
996 2547 1093 2612 iis,
1139 2546 1232 2617 qui
1267 2546 1484 2604 easdem
1519 2547 1696 2619 primo
1732 2548 1982 2606 adventui
2029 2549 2124 2606 ad-

534 2646 800 2709 aptarent,
831 2639 1194 2695 diiilcultateru
1224 2654 1386 2696 unam
1424 2641 1664 2712 opponit,
1701 2657 1866 2712 quam
1896 2641 2119 2704 diluam.

534 2731 692 2788 Hisce
742 2731 933 2787 litteris
983 2733 1308 2803 Augustinus
1354 2733 1580 2804 epistola
1626 2734 1795 2792 altera
1835 2736 2124 2807 recpondet

533 2823 726 2900 (Epist.
758 2825 924 2897 l99):
951 2840 1015 2882 ac
1046 2825 1277 2897 primum
1304 2827 1546 2883 omnium
1569 2826 1889 2885 desiderium
1917 2828 2120 2892 adven-

530 2926 619 2976 tus
647 2917 909 2974 Dominici
945 2917 1018 2974 ab
1047 2918 1398 2991 inquisitione
1423 2922 1678 2992 temporis
1696 2963 1712 2988 ,
1741 2937 1852 2993 quo
1877 2922 1972 2980 ille
1997 2924 2114 2990 ﬁet,

527 3011 836 3086 distinguit;
868 3013 1094 3070 alterum
1122 3012 1191 3070 ad
1219 3013 1646 3073 Christianorum
1679 3016 1917 3074 ofﬁciunt
1951 3019 2118 3090 perii-

529 3121 662 3162 nere
694 3105 925 3173 docens,
953 3106 1177 3164 alterum
1219 3106 1508 3179 Evangelia
1541 3107 1845 3175 adversari;
1875 3110 2116 3181 quando-

531 3195 746 3270 quidem
783 3212 942 3252 nemo
969 3197 1068 3252 sibi
1097 3213 1350 3269 arrogare
1383 3199 1543 3255 debet
1575 3199 1932 3271 cognitionem
1961 3215 2115 3270 eam,

529 3302 692 3360 quam
737 3287 1009 3357 Apostolis
1045 3288 1157 3342 suis
1196 3297 1438 3360 negatam
1479 3289 1730 3345 Christus.
1759 3290 1944 3346 voluit.
1989 3291 2118 3350 Dein

525 3377 720 3434 nitetur
762 3377 976 3448 quidem
1018 3393 1048 3432 a
1092 3377 1306 3435 Christo
1344 3387 1474 3436 nato
1519 3380 1704 3436 horam
1749 3381 2114 3448 novissimum.

527 3467 632 3525 hoc
653 3477 753 3535 est,
780 3478 1079 3526 extremum
1101 3477 1310 3541 tempus
1329 3471 1444 3543 agi;
1471 3479 1526 3527 at
1547 3487 1680 3528 vero
1700 3473 1958 3544 quandiu
1976 3474 2116 3532 idem

525 3558 926 3631 producendum
976 3559 1084 3628 sit,
1129 3561 1398 3632 ignorari;
1451 3563 1674 3634 perinde
1717 3565 1890 3621 errari
1928 3565 2000 3622 ab
2037 3567 2117 3624 eis

524 3665 717 3723 posse.
753 3651 843 3723 qui
867 3649 1139 3708 Christum
1177 3651 1360 3722 brevi,
1399 3665 1558 3726 atque
1597 3656 1668 3711 ab
1705 3657 1786 3713 eis
1829 3658 1921 3729 qui
1966 3658 2116 3716 tarde

524 3751 810 3801 venturum
848 3743 1153 3811 crederent;
1183 3760 1382 3819 eosque
1417 3748 1680 3806 tutissime
1712 3748 1924 3818 facere,
1955 3761 2114 3824 atque

522 3838 591 3895 ab
629 3837 916 3910 Evangelia
949 3838 1201 3896 recedere
1242 3841 1493 3912 propius,
1525 3842 1618 3913 qui
1648 3858 1679 3898 a
1717 3846 2114 3914 pronuntiando

521 3944 686 4004 super
715 3945 778 3986 ea
813 3944 871 3985 re
899 3929 1227 3986 abstinerent
1256 3947 1274 3984 :
1311 3931 1581 3989 aiilrmare
1622 3942 1801 3990 autem
1838 3935 2112 3993 Christum

518 4021 828 4096 propediem
852 4020 1156 4078 adfuturum
1178 4064 1192 4089 ,
1221 4023 1488 4096 siquidem
1510 4025 1727 4081 nonnisi
1748 4037 1868 4098 post
1892 4028 2111 4102 longum

518 4116 853 4173 intervallum
892 4110 1037 4174 esset
1074 4126 1330 4174 venturus
1350 4161 1365 4185 ,
1396 4119 1753 4190 periculosum
1776 4137 1938 4184 esse;
1968 4124 2110 4181 cala-

519 4205 732 4263 mitates
755 4216 810 4263 et
834 4206 968 4262 bella
997 4208 1132 4264 nihil
1154 4208 1358 4265 distare
1381 4208 1454 4264 ab
1473 4208 1575 4276 eis,
1597 4226 1720 4281 quis
1745 4211 1846 4267 sub
1865 4211 2108 4270 Gallieno

517 4307 678 4370 atque
707 4296 823 4354 aliis
851 4297 1178 4369 temporibus
1202 4300 1317 4355 visa
1343 4298 1589 4355 ﬁxerant:
1617 4301 1784 4372 signis
1811 4302 1958 4367 item,
1986 4320 2112 4375 quae

517 4389 901 4461 vulgabantur,
948 4387 1080 4444 nihil
1123 4389 1302 4445 inesse
1347 4399 1542 4460 praeter
1587 4406 1796 4447 morem
1837 4393 2101 4452 solitum:

514 4500 687 4558 neque
713 4483 871 4540 etiam
900 4499 930 4537 a
962 4484 1166 4539 ratione
1193 4483 1430 4539 alienum
1454 4483 1624 4540 videri
1645 4527 1660 4551 ,
1687 4501 1810 4556 quae
1843 4501 2006 4559 super
2037 4504 2102 4546 ea

513 4593 574 4633 re
603 4577 850 4652 leguntur
876 4576 928 4633 in
957 4576 1285 4648 Evangelia,
1315 4575 1383 4632 ad
1415 4576 1740 4633 intellectum
1769 4577 2101 4648 spiritualem

516 4670 810 4727 traducere.
834 4671 916 4726 Ad
945 4679 1243 4726 extremum
1274 4670 1567 4739 contendit,
1597 4670 1656 4726 id
1677 4671 1819 4742 quod
1841 4687 1873 4728 a
1902 4672 2100 4730 Davide

511 4765 906 4841 pronuntiatum
932 4771 1034 4831 est,
1060 4763 1130 4820 In
1149 4781 1348 4820 omnem
1371 4774 1557 4820 terram
1577 4765 1736 4820 emisit
1753 4781 1906 4821 unus
1923 4782 2098 4822 eorum

513 4856 534 4929 (
553 4855 695 4913 Psat.
741 4873 906 4923 xvut,
951 4856 1043 4924 5),
1075 4871 1168 4912 sua
1199 4866 1357 4912 aetate
1388 4873 1498 4912 non
1531 4857 1697 4914 fuisse
1734 4859 2056 4929 completum
2077 4902 2094 4930 ,

510 4949 704 5005 nedum
748 4948 904 5003 fuerit
941 4947 1262 5018 Apostolicis
1301 4951 1648 5020 temporibus.
1680 4949 1849 5020 Hujus
1871 4950 1980 5007 loci
2001 4967 2095 5007 ec-

509 5039 724 5094 casione
752 5038 928 5103 docet,
952 5037 1182 5092 Africam
1210 5039 1508 5095 innumeris
1528 5039 1774 5096 barbaris
1792 5041 2094 5098 natimibus

509 5127 692 5192 incoli,
724 5127 915 5196 quibus
940 5124 1196 5182 hactenus
1227 5127 1572 5198 Evangelium
1598 5129 1926 5199 incognitum
1951 5146 2090 5199 esse,

511 5231 575 5270 ex
611 5215 674 5270 iis
708 5215 796 5288 qui
834 5217 1056 5271 Romam
1083 5217 1135 5272 in
1165 5219 1473 5274 servitutem
1515 5219 1641 5275 inde
1674 5220 2089 5291 abducebantur,

509 5305 913 5376 deprehendere
940 5307 1173 5378 quotidie
1199 5308 1394 5364 licebat
1422 5306 1610 5382 (Epist.
1643 5309 1766 5375 £99,
1792 5326 1846 5364 η.
1877 5310 1996 5381 ιδ).

578 5399 632 5455 5.
655 5399 997 5474 Nuucupatos
1022 5401 1204 5457 comiti
1226 5399 1438 5458 Valerio
1464 5402 1632 5458 libros
1655 5403 1724 5460 de
1750 5402 1963 5474 Nuptiis
1977 5405 2089 5462 Au-

503 5493 745 5568 gustinus
773 5492 826 5550 in
856 5493 965 5549 suis
996 5492 1476 5550 Retractatiouibus
1509 5493 1750 5552 secundo
1781 5506 1905 5566 post
1929 5496 2089 5555 Gesta

503 5601 624 5642 cum
647 5586 902 5653 Emerita,
915 5603 1032 5659 qum
1046 5586 1112 5642 ad
1129 5602 1328 5642 annm
1353 5585 2085 5658 quadringentesimumbci-

503 5691 651 5735 mum
673 5687 912 5737 octavum
940 5681 1224 5753 pertinent,
1242 5679 1362 5739 loco
1383 5688 1623 5738 recenset
1643 5679 1890 5753 (limare.
1908 5681 1948 5740 ι.
1963 5684 2020 5753 9,
2036 5700 2084 5739 c.

2247 609 2476 700 aliquam
2503 610 2792 676 ail'erebat:
2832 612 2929 668 sed
2968 601 3175 670 tandem
3207 615 3468 689 aliquando
3488 624 3708 700 tribust
3794 629 3795 638 ‘

2245 699 2483 782 epistolis
2506 701 2696 760 eodem
2725 703 2891 768 ferme
2911 713 3148 786 tempore
3170 706 3469 768 exhilaratus
3485 727 3576 781 est;
3595 699 3710 788 prima
3794 765 3795 794 ξ

2243 793 2344 861 sibi
2367 811 2463 867 per
2477 796 2862 867 Vindemialem
2886 798 3195 870 episcopum
3212 800 3422 870 reddita,
3443 821 3582 879 neque
3595 814 3709 871 multo
3794 845 3795 850 η

2244 897 2366 959 post
2406 889 2639 959 secunda
2681 899 2735 958 et
2780 891 2940 956 tertia
2965 907 3060 963 per
3085 891 3313 949 Firmum
3352 899 3709 972 presbyterum:

2241 997 2348 1060 quo
2366 983 2502 1050 Sixti
2521 985 2723 1051 litteras
2743 983 2918 1053 medio
2938 985 3147 1042 circiter
3166 1002 3300 1043 anno
3325 973 3432 1061 post
3448 975 3711 1068 quasi“...

2242 1075 2488 1140 tesimum
2508 1076 2718 1144 decimo
2737 1088 2925 1134 octavo
2949 1088 3240 1162 receperat,
3263 1096 3500 1155 quemque
3517 1087 3709 1150 hominem

2239 1164 2336 1232 Dei
2365 1166 2560 1234 vocitat
2584 1167 2772 1241 (Epist.
2798 1168 2940 1246 200,
2961 1187 3016 1228 η.
3050 1170 3124 1243 t).
3149 1168 3408 1243 Comperit
3437 1189 3495 1231 eo
3525 1186 3706 1250 tempore,

2237 1272 2302 1326 ac
2329 1256 2466 1316 forte
2493 1259 2651 1322 etiam
2682 1274 2750 1322 ex
2777 1259 2964 1316 eodem
3003 1261 3092 1317 illo
3129 1263 3444 1343 presbytero,
3470 1267 3710 1330 incidissein

2237 1347 2435 1414 Valerii
2455 1366 2644 1415 manus
2661 1352 3162 1422 commentationem
3183 1357 3448 1428 quamdam
3461 1359 3708 1433 Pelagianam

2237 1440 2336 1512 ipsi
2366 1441 2440 1508 illi
2475 1445 2656 1504 comiti
2686 1445 2994 1524 inscriptam
3016 1488 3034 1518 λ
3057 1463 3161 1519 qua
3189 1450 3510 1520 Augustinum
3530 1455 3708 1527 originale

2235 1544 2514 1606 peccatum
2568 1536 2856 1602 astruendo
2918 1539 3130 1611 nuptias
3182 1527 3421 1599 damnare
3465 1544 3706 1615 iactitabant.

2235 1625 2492 1696 Quamvis
2518 1627 2759 1694 Valerius
2797 1630 3113 1696 calumniam
3143 1631 3282 1688 illam
3313 1633 3409 1691 ﬁde
3433 1637 3708 1696 robustissima

2235 1715 2521 1786 irrisisset,
2550 1721 2879 1798 Augustinus
2905 1729 3081 1780 tamen
3110 1722 3392 1779 doctrinam
3414 1726 3615 1782 Ecclesia:
3633 1745 3710 1785 coa-

2235 1816 2316 1865 tra
2362 1811 2625 1880 ejusmodi
2663 1811 3095 1870 criminationem
3140 1815 3237 1870 sibi
3277 1815 3608 1880 deibndendam
3627 1835 3708 1876 esse

2233 1904 2452 1974 putavit.
2482 1903 2593 1973 liae
2619 1904 2778 1982 igitur
2801 1905 2870 1962 de
2897 1922 3058 1964 causa
3087 1906 3313 1978 primum
3349 1911 3600 1978 composuit
3619 1910 3707 1967 duo.

2231 2009 2350 2054 rum
2377 1995 2632 2060 librorum
2652 2039 2666 2063 ,
2691 2013 2826 2070 quos
2854 1996 2933 2053 De
2962 1997 3174 2070 Nuptiis
3203 2009 3248 2055 et
3267 1998 3627 2071 Concupiscentt'a
3655 2005 3707 2059 in-

2232 2085 2465 2158 scripsit.
2491 2085 2548 2142 ln
2575 2085 2677 2147 hoc
2705 2103 2824 2158 qua:
2843 2089 2950 2142 sint
2971 2090 3273 2166 nuptiarum
3299 2090 3427 2147 bona
3448 2091 3705 2160 demonstrat,

2231 2176 2347 2235 haec
2374 2178 2701 2256 distinguens
2729 2194 2760 2234 a
2784 2180 3235 2252 concupiscentia,
3265 2198 3410 2252 quam
3437 2198 3537 2239 esse
3556 2183 3705 2249 malum,

2231 2285 2340 2326 non
2369 2270 2437 2326 de
2464 2273 2766 2342 nuptiarum
2794 2281 2981 2328 natura
3001 2316 3018 2342 ,
3040 2273 3136 2329 sed
3163 2274 3215 2328 iu
3239 2273 3436 2344 nuptias
3466 2290 3522 2330 er
3550 2273 3707 2329 hominis

2229 2372 2446 2438 peccato
2472 2364 2765 2420 derivatum
2790 2365 2946 2422 docet
2977 2384 2990 2420 :
3023 2382 3132 2444 quo
3159 2377 3328 2423 tamen
3355 2367 3482 2424 malo
3502 2367 3708 2439 coniugalis

2229 2455 2480 2528 pudicitia
2513 2455 2651 2515 bene
2684 2458 2850 2516 utitur
2874 2457 2940 2516 ad
2968 2458 3257 2518 liberorum
3287 2459 3652 2537 procreationem.
3673 2459 3707 2514 Id

2227 2547 2406 2617 oneris
2431 2556 2549 2619 post
2569 2549 2836 2622 Pelagium
2857 2559 3014 2626 atque
3038 2551 3344 2607 leestium
3367 2549 3599 2606 damnatos
3611 2551 3708 2606 lucu-

2229 2637 2421 2706 bravit,
2449 2639 2681 2712 illudque
2707 2643 3026 2713 nuncupavit
3055 2640 3271 2698 Valerio
3289 2642 3454 2698 comiti
3469 2685 3483 2710 ,
3506 2651 3594 2697 tum
3615 2641 3707 2712 quod

2228 2728 2369 2788 idem
2387 2731 2727 2800 scriptiouem
2749 2747 2776 2786 a
2795 2731 3090 2805 Pelagianis
3110 2732 3210 2790 sibi
3231 2733 3470 2789 directam
3483 2732 3706 2804 recepisset;

2227 2828 2340 2882 tum
2365 2822 2506 2894 quod
2533 2822 2660 2896 ipsis
2686 2823 2790 2881 illis
2817 2821 3082 2880 bmreticis
3112 2833 3410 2882 constanter
3425 2839 3482 2881 ac
3501 2821 3707 2880 efﬁcaciter

2226 2913 2540 2982 restitisset;
2573 2923 2680 2972 tum
2707 2913 2937 2990 denique
2964 2915 3109 2990 quod
3135 2916 3451 2990 conjugalem
3463 2916 3705 2979 castitatem,

2224 3019 2343 3078 qua:
2365 3005 2432 3060 ad
2459 3005 2678 3078 hujusce
2701 3005 3074 3078 disputationis
3101 3018 3455 3078 argumentum
3480 3006 3703 3080 perﬂuebat,

2224 3097 2426 3158 cnleret
2449 3113 2613 3170 quam
2639 3099 2976 3157 severissime
3009 3098 3112 3175 (De
3142 3099 3346 3174 Nuptiis
3367 3111 3410 3156 et
3429 3099 3702 3172 Computa-
3794 3137 3795 3144 η

2224 3187 2326 3256 tia,
2356 3188 2444 3244 lib.
2482 3189 2500 3242 l
2529 3231 2548 3256 ,
2573 3206 2627 3243 η.
2654 3189 2730 3261 5).
2762 3189 3002 3247 Remotis
3031 3192 3178 3247 enim
3210 3193 3364 3247 tantis
3387 3193 3599 3247 rationum
3623 3201 3705 3242 tuo-

2225 3279 2455 3346 mentis,
2497 3279 2901 3361 haudquaquam
2943 3281 2988 3336 is
3021 3292 3170 3351 erat,
3201 3284 3289 3355 qui
3321 3285 3428 3338 vim
3452 3298 3504 3339 ea
3525 3279 3705 3352 dignitate
3794 3309 3795 3322 ι

2223 3371 2529 3446 conspicuo,
2559 3389 2764 3430 necnon
2790 3374 3046 3446 impedito
3076 3377 3326 3449 negotiis.
3354 3377 3498 3433 libros
3521 3387 3617 3430 suos
3635 3385 3703 3427 non
3794 3393 3795 3422 ξ

2222 3464 2423 3539 petenti
2459 3465 2796 3532 obtrudi-ret;
2825 3467 2966 3539 quod
2999 3468 3366 3538 impudentiae,
3390 3482 3527 3542 quam
3554 3462 3703 3519 urbani-

2223 3557 2348 3623 tati,
2387 3559 2602 3632 propius
2637 3557 2992 3616 existimabat.
3021 3559 3240 3617 Librum
3281 3561 3413 3618 hunc
3445 3557 3622 3632 epiStola
3648 3571 3706 3611 co-

2220 3647 2403 3708 mitata
2444 3658 2525 3705 est
2561 3650 2776 3707 laudum
2806 3651 3044 3720 ejusdem
3074 3655 3287 3710 comitis
3316 3655 3480 3723 plena,
3502 3651 3546 3707 in
3568 3660 3703 3720 quoue

2219 3739 2460 3796 veritatis
2494 3740 2690 3798 limites
2727 3744 3069 3809 transrlierit,
3107 3745 3391 3802 verendum
3420 3759 3510 3798 non
3533 3751 3610 3798 est.
3642 3737 3704 3792 Εισ

2218 3829 2366 3888 enim
2380 3841 2731 3906 praeterquam
2757 3833 2896 3904 quod
2922 3834 3052 3890 nihil
3079 3844 3199 3892 erat
3213 3836 3326 3907 ejus
3349 3835 3573 3891 charitate
3591 3827 3703 3899 magis

2217 3922 2524 3994 sincerum,
2565 3925 2736 3998 ipsum
2778 3937 3034 3997 praeterea
3077 3942 3300 3992 cavere,
3331 3938 3385 3983 ut
3411 3928 3510 3998 ipse
3532 3931 3700 3983 testatur.

2216 4016 2514 4086 Oportebat,
2533 4031 2601 4072 ne
2626 4018 2980 4089 suSpicionem
3009 4019 3275 4076 adulantis
3295 4021 3552 4076 incurreret
3567 4011 3699 4085 (Epist.

2213 4106 2342 4174 200,
2369 4123 2422 4161 η.
2458 4105 2530 4179 1).
2555 4107 2624 4163 Ει
2653 4123 2835 4164 revera
2858 4108 3128 4182 Pelagiani
3151 4111 3278 4169 hinc
3299 4110 3590 4169 occasionem
3610 4100 3701 4158 arri-

2213 4209 2443 4272 puerunt
2466 4200 2700 4271 jactandi
2722 4244 2737 4268 ,
2771 4201 2919 4258 illum
2949 4220 3054 4259 non
3081 4203 3188 4262 alio
3223 4205 3437 4261 consilio
3457 4193 3699 4258 scribcrcad

2211 4291 2492 4348 militarem
2514 4291 2707 4361 virum,
2725 4292 2825 4348 nisi
2849 4302 2904 4349 ut
2925 4294 3040 4366 ejus
3064 4297 3350 4368 potentiam
3378 4295 3590 4350 adversus
3602 4288 3699 4358 ipsos

2210 4382 2500 4439 concitaret
2521 4382 2729 4455 (Operis
2757 4385 3039 4458 imperfecti
3065 4388 3155 4443 Ιώ.
3185 4387 3240 4451 2,
3269 4403 3379 4461 cap.
3405 4384 3502 4458 14).

2279 4475 2334 4532 6.
2364 4475 2506 4534 inter
2533 4477 2760 4548 primum
2806 4477 2946 4535 hunc
2982 4480 3176 4536 librum
3203 4482 3268 4538 ad
3299 4479 3692 4541 Valerium,et98-

2206 4566 2436 4624 cundum
2465 4567 2531 4624 ad
2556 4568 2832 4637 eumdem,
2865 4573 3191 4645 Augustinus
3222 4575 3272 4630 in
3301 4563 3694 4629 Retractatiouiblls

2204 4661 2316 4722 suis
2339 4677 2446 4718 non
2470 4678 2691 4733 parvum
2718 4664 2977 4722 librorum
3002 4684 3277 4724 numerum
3301 4666 3536 4739 interﬁcit.
3554 4662 3693 4717 tinniat

2202 4752 2362 4824 primi
2387 4762 2532 4820 sunt,
2555 4755 2608 4810 in
2633 4765 2838 4827 septem
2867 4757 3067 4828 primos
3095 4759 3285 4816 divina:
3308 4757 3559 4828 Scriptura:
3577 4750 3692 4806 libros

2205 4844 2426 4900 totidem
2467 4846 2816 4906 Locutionum
2866 4848 3024 4916 libri,
3073 4853 3260 4924 quibus
3301 4860 3352 4907 et
3389 4858 3562 4920 septem
3601 4839 3692 4894 alios

2201 4937 2564 5006 Quatstionum
2579 4939 2632 4994 in
2657 4940 2876 4997 eosdem
2888 4941 3093 4998 divinos
3107 4945 3267 5001 libros
3277 4934 3689 5015 adjunxit(Retmlo

2200 5029 2527 5103 lib.2,capp.
2554 5032 2647 5099 54,
2663 5031 2776 5106 55).
2805 5033 3146 5093 Incumbebat
3171 5037 3352 5094 eodem
3378 5043 3581 5103 tempore
3593 5023 3690 5082 turi-

2198 5138 2302 5194 que
2326 5126 2494 5195 operi.
2524 5123 2715 5186 Libros
2749 5125 3141 5196 Quaestionum,
3173 5147 3287 5201 qua:
3312 5127 3362 5184 in
3386 5117 3687 5182 Locutionibus

2196 5233 2307 5278 non
2346 5219 2514 5282 semel
2539 5219 2792 5286 citantur,
2815 5223 3109 5295 composuit
3135 5221 3353 5296 legendo
3378 5224 3559 5275 sanctas
3581 5206 3686 5266 Sui.

2196 5318 2380 5380 inuras
2406 5311 2626 5383 (Quasi.
2647 5313 2706 5368 in
2731 5310 3135 5384 Heptateuchum
3159 5315 3244 5371 lib.
3271 5315 3322 5382 Ξ,
3349 5319 3507 5387 quasi.
3530 5299 3683 5390 62:!”-

2194 5400 2248 5468 θ’
2269 5412 2449 5474 qm.
2474 5403 2580 5470 29;
2608 5404 2696 5460 lib.
2724 5406 2782 5474 7.
2808 5416 3006 5478 questi.
3038 5408 3131 5477 49,.
3151 5407 3243 5481 ει)
3274 5415 3326 5462 et
3355 5403 3484 5460 varia
3509 5398 3682 5467 Septua-

2189 5494 2338 5566 ginta
2372 5495 2726 5567 interpretum
2763 5500 3083 5570 exemplaria
3125 5497 3450 5563 conferendo,
3477 5481 3680 5547 interdum

2191 5591 2356 5648 etiam
2380 5591 2624 5663 adjuncta
2641 5635 2657 5661 ,
2685 5609 2806 5650 cum
2844 5595 3172 5653 versionihus
3197 5593 3391 5668 Aquila:
3416 5604 3472 5645 ac
3494 5586 3680 5668 εγω·

2190 5682 2310 5754 chi,
2361 5684 2694 5746 traductione
2733 5702 2799 5746 cx
2839 5685 3054 5748 lteber
3080 5663 3366 5764 (Ιόίάη-ιῑῠ.
3401 5682 3450 5753 l,
3473 5663 3690 5757 Ρνωῖϐιλ.
