3858 6398
176 289 264 354 509
1465 285 1669 342 LIBER
1705 285 2058 345 SEPTIMUS.
3301 305 3406 372 510

165 406 448 481 Hieronymi
487 405 620 464 hanc
659 420 778 462 esse
816 421 916 463 non
967 404 1308 473 dubitamus;
1356 409 1567 479 quando
1610 409 1709 466 alia
1817 412 2029 484 scripsit
2052 412 2154 484 (De
2178 414 2360 472 Anima
2385 426 2432 482 et
2460 420 2568 492 ejus
2593 424 2803 497 origine,
2839 424 2925 490 lilt.
2953 426 3010 498 5.,
3035 427 3189 503 n.2).
3220 429 3401 492 Caesa-

160 501 284 557 nam
306 501 399 602 hoc
416 500 570 602 titulo
590 501 827 602 exstabat
846 500 980 571 apud
1002 500 1235 566 Latinos,
1264 510 1320 602 e-t
1343 517 1466 558 cum
1487 503 1709 602 Vulgata
1816 519 1920 602 reae
1939 514 2062 561 tunc
2080 507 2266 578 agebat
2280 509 2513 576 Rettatus
2529 516 2818 580 monachus
2837 517 3084 594 (θαι-αεὶ.
3101 500 3188 580 lib.
3202 524 3258 598 9,
3277 543 3396 602 cap.

158 605 319 652 nostra
335 593 564 650 editione
578 593 1109 664 consentiunteaqua:
1125 609 1192 650 ex
1208 595 1392 650 eadem
1405 596 1491 650 illa
1505 595 1707 668 profert
1814 596 1930 670 56),
1954 598 2096 660 idem
2132 599 2268 663 forte
2309 605 2398 674 qui
2438 617 2622 670 sancto
2647 609 2942 682 Augustino
2966 613 3019 678 in
3047 593 3396 688 eadem

157 691 448 759 Augustinus
466 689 851 764 (Quaestionum,
878 690 930 744 in
952 689 1291 762 Heptateuch.
1312 690 1348 744 ι.
1366 692 1420 756 5,
1442 708 1528 762 qu.
1542 693 1612 750 20
1629 693 1700 760 λι.

152 782 200 854 6,
219 790 398 853 armti.
421 781 468 844 7,
495 779 686 844 15.19,
702 780 792 846 24,
810 780 880 836 25
894 798 909 840 ;
925 780 964 835 ι.
986 782 1040 846 7,
1059 789 1258 851 quierit.
1279 781 1376 849 21,
1399 781 1509 854 55).
1540 783 1704 856 Igitur

150 891 250 932 cum
275 890 331 930 ea
354 874 558 929 ratione
574 871 858 948 Scriptura;
877 884 1090 930 vacaret
1108 875 1338 941 lectioni,
1359 877 1541 938 statuit
1561 877 1701 949 apud

149 979 214 1030 se,
231 963 462 1042 quidquid
491 964 818 1026 difﬁcultatis
843 976 1170 1033 occurreret,
1187 966 1387 1023 chartis
1413 968 1694 1037 mandare;

147 1067 390 1114 contentus
426 1057 633 1112 interim
673 1059 922 1119 nonnulla
962 1058 1250 1128 adnotare,
1278 1062 1476 1118 cursim
1502 1077 1700 1133 expen-

151 1151 256 1207 dere
276 1150 385 1213 alia,
402 1159 457 1204 et
473 1165 536 1206 ea
558 1148 814 1210 duntaxat
829 1151 1103 1222 expedire,
1125 1168 1244 1224 qua:
1262 1153 1514 1225 longioris
1530 1171 1695 1214 morae

155 1258 244 1298 non
282 1240 576 1310 inrigarent.
622 1240 960 1317 Quapropter
1009 1243 1514 1305 commentationem
1558 1246 1695 1308 hanc

152 1334 475 1404 Quaestionum
500 1333 650 1390 titulo
677 1334 844 1390 voluit
870 1335 1180 1409 inscriptam
1208 1356 1221 1392 :
1247 1341 1456 1398 tametsi
1481 1341 1690 1400 illarum

147 1427 370 1496 pleneque
396 1425 465 1478 ibi
501 1425 578 1478 sic
605 1424 889 1498 disputata;
924 1428 1278 1498 reperiantur,
1304 1439 1363 1491 ut
1388 1433 1604 1494 abunde,
1623 1434 1690 1498 ῃ-

143 1518 340 1575 htslntaa
360 1518 752 1587 enucleateque
775 1517 941 1574 videri
968 1529 1184 1590 queant.
1215 1520 1321 1578 Sed
1349 1538 1416 1580 ne
1445 1524 1547 1585 illa:
1574 1525 1692 1600 qui-

142 1607 266 1672 dem,
293 1623 415 1680 quas
452 1608 653 1678 scripto
691 1609 1009 1682 consignare
1050 1612 1181 1667 satis
1222 1611 1437 1680 habuit,
1471 1616 1689 1674 omnino

139 1714 216 1756 tua
239 1698 445 1756 utilitate
465 1699 857 1767 destituuntur;
887 1717 1006 1756 cum
1033 1701 1104 1764 sit
1128 1704 1428 1761 inveniendi
1458 1707 1684 1775 initium,

139 1793 244 1869 quid
266 1793 675 1866 investigandum
704 1794 778 1849 sit
800 1810 1148 1866 cognoscere.
1167 1795 1418 1868 Ccepcrat
1438 1800 1492 1854 in
1521 1800 1686 1858 libros

137 1883 310 1958 Regina
333 1885 511 1942 eadem
537 1885 750 1942 ratione
793 1887 1098 1955 inquirere;
1127 1897 1182 1943 at
1210 1904 1330 1944 cum
1361 1891 1598 1946 nonnihil
1630 1893 1683 1952 in

141 1992 200 2037 eo
228 1979 384 2036 lallare
419 1979 808 2052 promovisset,
841 1994 963 2036 eum
998 1978 1068 2036 ab
1109 1979 1201 2036 illo
1231 1981 1473 2054 quaedam
1520 1984 1686 2056 magis

144 2071 401 2130 necessaria
427 2083 747 2132 revocarunt
775 2072 1024 2143 (Retract.
1057 2073 1145 2132 lib.
1169 2072 1236 2140 2,
1263 2091 1378 2144 cap.
1410 2076 1499 2142 55,
1523 2094 1574 2131 ιι.
1607 2075 1682 2150 1).

140 2162 270 2234 Quod
291 2180 402 2219 vero
422 2163 486 2222 ad
512 2163 690 2219 libros
710 2162 1061 2222 Locutionum
1083 2207 1100 2232 ,
1127 2166 1370 2224 collectio
1407 2174 1494 2228 est
1527 2168 1684 2236 phra-

132 2253 245 2312 sin
272 2252 540 2324 Scriptura:
571 2257 908 2327 propriarum
927 2298 942 2322 ,
975 2272 1094 2333 qua:
1124 2272 1228 2312 non
1258 2258 1498 2325 aliunde,
1527 2275 1684 2332 quam

136 2360 189 2400 ea
213 2344 391 2400 ratione
410 2346 682 2417 modoque
704 2345 971 2403 idiomatis
996 2349 1156 2420 graeci
1182 2348 1270 2406 vel.
1292 2347 1488 2404 hebnci
1508 2389 1524 2414 ,
1556 2364 1682 2418 pro-

135 2432 387 2500 fluxerunt;
413 2452 534 2506 qua:
568 2436 820 2494 videlicet
847 2452 967 2492 cum
1012 2438 1065 2494 in
1104 2438 1265 2492 latina
1299 2440 1684 2496 consuetudine

133 2528 275 2586 minus
291 2530 485 2586 usitata:
509 2529 650 2596 sint,
673 2531 1006 2587 occasionem
1034 2532 1273 2602 praebent
1295 2547 1477 2601 parum
1498 2532 1685 2588 adver-

133 2622 350 2687 lentibus,
381 2622 450 2676 ibi
477 2623 750 2696 quosdam
782 2625 1036 2696 mysticus
1074 2638 1262 2681 sensus
1287 2626 1552 2695 captandi.
1583 2627 1683 2696 Qui

133 2727 474 2785 numnam,
519 2715 607 2768 ait
646 2724 864 2772 sanctus
904 2715 1449 2787 Doctor,exsculpunt
1493 2718 1684 2789 aliquid

129 2805 234 2873 quod
259 2823 288 2858 α
312 2808 512 2862 ueritate
547 2806 759 2876 quidem
800 2824 902 2862 non
942 2807 1239 2876 abhorreat;
1284 2826 1385 2864 non
1424 2819 1589 2865 tamen
1630 2811 1684 2866 id

129 2900 297 2956 unum
319 2909 512 2963 auctor.
541 2917 584 2954 α
610 2917 710 2972 quo
732 2900 826 2956 hoc
847 2902 1092 2972 scriptum
1116 2911 1211 2966 est,
1230 2903 1478 2958 inuenitur
1497 2903 1679 2976 (Ibid.,

130 3005 216 3060 up.
240 2992 346 3060 5i).
385 2991 610 3049 Putavit
648 2992 806 3064 igitur
843 2993 912 3048 ad
954 2993 1327 3067 intelligendos
1361 2997 1513 3054 locos
1546 2997 1682 3053 bene

130 3081 302 3150 mltos,
329 3083 516 3152 quibus
563 3083 772 3154 aliquid
807 3083 1151 3144 obseuritatis
1185 3087 1361 3143 inesse
1382 3087 1678 3156 videbatur,

130 3173 227 3228 uhil
246 3174 373 3230 aliud
401 3176 648 3246 requiri,
679 3191 838 3247 quam
873 3171 980 3248 quo
1019 3192 1178 3236 sensu
1208 3179 1262 3236 in
1292 3180 1414 3236 aliis
1455 3196 1680 3253 usurpa-

130 3273 274 3322 rtntnr
308 3265 432 3322 locis
469 3282 712 3338 quorum
747 3267 1023 3338 expeditus
1050 3278 1196 3333 esset.
1223 3269 1559 3338 intellectus,
1581 3273 1680 3330 ob-

130 3369 330 3426 servare,
365 3368 422 3418 ut
464 3359 622 3416 idem
659 3375 872 3432 quoque
914 3360 1092 3420 minus
1131 3362 1288 3418 claris
1325 3362 1680 3422 locationibus

130 3452 530 3512 mmmpdetur.
589 3453 742 3508 Dedit
767 3455 884 3523 ipse
907 3469 1125 3524 operam
1154 3455 1506 3526 excerpendis
1534 3456 1676 3526 ejus-

136 3541 244 3600 Itodi
265 3542 498 3614 loquendi
530 3543 728 3599 formis
755 3559 850 3600 seu
881 3543 1164 3602 idiotismis
1181 3561 1248 3602 ex
1273 3546 1512 3618 quinque
1531 3547 1678 3604 libris

136 3629 286 3704 loysis
319 3644 372 3692 et
408 3651 480 3692 ex
517 3635 696 3693 Iosue
735 3650 800 3694 ac
831 3634 1134 3701 iudicibus;
1178 3635 1318 3696 unde
1358 3647 1564 3708 septem
1605 3636 1679 3692 illi

133 3720 358 3799 Idi-Lind
391 3728 759 3788 Locutionum
799 3730 949 3786 titulo
987 3729 1374 3797 inscribuntur,
1409 3741 1674 3788 constant.

131 3813 350 3880 Interdum
386 3822 618 3880 easdem
667 3822 966 3882 locutiones
1001 3823 1368 3882 tantummodo
1395 3825 1673 3892 exscribit;

131 3909 344 3972 Μαι
371 3932 504 3972 vero
523 3915 804 3974 enucleat.

183 4002 228 4058 ‘l.
256 4005 551 4066 lenientis
606 4007 972 4074 Quastionum
1021 4022 1084 4064 ac
1136 4007 1491 4066 Locutionum
1526 4008 1676 4066 libris

327 4109 561 4169 quatuor
593 4099 720 4156 illos
754 4100 1036 4156 censione
1071 4100 1332 4156 Vincentii
1362 4101 1598 4158 Victoris.
1619 4102 1674 4156 in

133 4183 266 4244 lason
286 4190 486 4259 editos,
510 4190 612 4262 qui
641 4189 716 4246 De
740 4190 930 4248 Anima
952 4201 1002 4250 et
1023 4192 1133 4263 ejus
1156 4192 1349 4263 origine
1372 4192 1674 4249 inscribun-

134 4277 374 4352 tut-(15¢,
397 4301 516 4356 ιαμ.
543 4281 666 4356 56).
685 4283 814 4339 Erat
833 4282 923 4340 hic
946 4283 1257 4340 Vincentius
1274 4284 1454 4340 Victor
1463 4284 1675 4356 juvenis

134 4366 173 4421 in
193 4370 462 4431 Mauritania
499 4375 848 4433 ϐετωεεηεί
882 4385 1038 4434 natus
1059 4416 1081 4441 ,ρ
1108 4382 1166 4432 et
1191 4392 1259 4432 ex
1280 4376 1672 4448 Rogatistarum

131 4455 336 4531 factione,
359 4484 471 4537 qua:
501 4469 902 4523 Donatistarum
929 4468 1185 4539 particula
1205 4476 1260 4522 et
1279 4470 1507 4523 scissura
1535 4478 1669 4535 erat,

135 4550 191 4606 id
203 4555 462 4616 Ecclesium
479 4577 784 4619 conversos
804 4580 818 4616 :
839 4561 934 4632 qui
946 4576 1066 4616 eum
1083 4561 1224 4631 apud
1241 4561 1452 4617 Petrum
1481 4577 1674 4632 quem-

140 4640 240 4699 (1³111
259 4651 603 4726 presbyterum
623 4652 916 4724 Hispanum
936 4662 1104 4720 esset,
1118 4653 1303 4709 incidit
1325 4654 1380 4708 in
1395 4654 1672 4726 Augustini

137 4745 582 4803 commentationem
608 4787 625 4814 ,
669 4762 772 4816 qua
815 4745 908 4801 Vir
949 4754 1165 4801 sanctus
1221 4746 1481 4803 fatebatur
1532 4748 1672 4820 (qua:

135 4824 276 4896 ἱρείη
289 4845 400 4896 σει
413 4835 704 4911 maestis)
717 4837 967 4908 ignarae
977 4854 1064 4902 se,
1076 4855 1148 4894 an
1173 4854 1361 4896 omnes
1386 4839 1584 4898 animas
1605 4841 1676 4896 ab

139 4931 215 4974 In:
245 4924 415 4984 Διιρωὶ
454 4929 635 4986 anima
665 4939 1106 5001 propagarentur,
1135 4945 1271 4986 anve
1299 4931 1520 5003 singulis
1549 4931 1668 5002 qui-

135 5006 298 5084 hisque
315 5017 611 5076 hominibus
637 5021 976 5077 nascentibus
1002 5020 1235 5092 singulas
1261 5021 1403 5076 Deus
1427 5029 1666 5088 crearet;

133 5100 516 5168 tam
549 5111 830 5180 dubitare,
865 5112 993 5184 quin
1032 5112 1209 5168 anima
1245 5111 1464 5182 spiritus
1491 5122 1666 5179 esset,

135 5206 226 5252 In
243 5211 442 5272 mle.
481 5204 758 5275 Displieuit
781 5219 849 5260 ex
876 5219 1032 5275 aequo
1052 5203 1284 5270 Victori,
1314 5212 1369 5261 et
1392 5205 1535 5276 quod
1561 5205 1670 5260 Au-

135 5288 336 5353 Flilll
361 5308 472 5354 Iul
494 5295 720 5356 duceret
736 5297 852 5355 sine
876 5297 1217 5354 munione-
1235 5295 1361 5368 quid
1387 5297 1459 5354 de.
1477 5298 1670 5354 animae

135 5375 310 5454 ᾧ
337 5385 621 5448 Mm
646 5387 752 5454 sit,
777 5388 883 5445 sed
911 5387 1348 5460 propagatum
1374 5389 1668 5446 animarum

136 5470 433 5534 Verisimilem
443 5495 560 5536 esse
579 5481 815 5547 duceret;
833 5489 888 5538 ct
903 5480 1044 5553 quod
1054 5481 1248 5536 anima:
1262 5489 1500 5536 naturam
1512 5481 1668 5537 indu-

137 5555 334 5624 ω
351 5567 550 5628 diceret
581 5573 966 5644 incorporeas.
991 5573 1133 5645 Ergo
1157 5574 1298 5630 hanc
1313 5574 1370 5628 in
1391 5589 1501 5629 rem
1517 5574 1670 5630 binos

137 5646 214 5739 Ψ
228 5655 292 5714 ﬂ
311 5661 554 5720 aum-
578 5664 792 5722 Petrum
812 5666 1180 5739 presbyterum
1203 5668 1390 5732 libros,
1406 5665 1500 5722 sed
1518 5667 1668 5722 Pela-

141 5735 286 5810 ω
295 5747 498 5832 alia-at
513 5755 719 5827 placitis
741 5756 962 5830 aliisque
971 5735 1250 5819 erroribus
1265 5756 1514 5828 refertos,
1535 5772 1668 5820 ωη-
1700 5840 1705 5845 1
1748 5840 1751 5842 _

1811 689 1987 762 Optati
2027 693 2094 749 de
2135 695 2325 758 animre
2369 698 2573 770 origine
2614 701 2925 772 inquirentis
2945 708 3224 776 epistolam
3251 725 3392 778 anno

1809 785 2332 858 quadringentesimo
2361 789 2570 848 decimo
2599 802 2787 852 octavo.
2818 797 3165 862 exhibuerat:
3191 802 3238 859 is
3263 819 3391 885 ergo

1808 877 1930 934 licet
1956 894 2020 942 ex
2051 880 2308 943 laicorum
2330 883 2538 956 ordine,
2569 884 2670 942 fide
2695 893 2874 950 tamen
2895 889 3177 954 admodum
3202 877 3390 962 arma.

1806 970 1967 1044 doxa,
1987 988 2109 1028 cum
2138 974 2341 1043 libros,
2368 992 2593 1047 quorum
2627 977 2924 1042 doctrinam
2954 983 3169 1040 minime
3201 988 3388 1056 proba-

1804 1064 1916 1132 bat,
1935 1075 1989 1122 et
2008 1067 2061 1128 in
2081 1068 2277 1139 quibus
2291 1070 2642 1141 Augustinum
2663 1072 2877 1144 indigne
2895 1075 3130 1132 habitum
3149 1077 3383 1143 videbat.

1805 1159 2114 1218 offendisset
2133 1203 2147 1226 ,
2175 1177 2268 1218 eos
2295 1162 2576 1238 diligenter
2601 1165 2895 1238 descriptos
2914 1168 2983 1232 ad
3011 1169 3157 1226 illum
3187 1172 3388 1235 curavit

1803 1251 2029 1322 perferri
2058 1252 2159 1323 (De
2182 1253 2364 1319 Anima
2393 1264 2440 1310 et
2463 1257 2571 1327 ejus
2599 1257 2810 1328 origine,
2840 1257 2926 1322 lib.
2949 1259 3006 1326 2,
3030 1277 3082 1318 tt.
3112 1263 3137 1316 l
3163 1279 3178 1327 ;
3210 1261 3300 1317 lib.
3331 1264 3383 1328 1,

1801 1359 1854 1402 η.
1878 1344 1991 1416 55).
2017 1343 2204 1402 Libros
2227 1346 2446 1404 eosdem
2469 1347 2710 1406 Cmsarea
2729 1349 3023 1421 Hipponem
3044 1353 3387 1418 transmissos

1800 1436 1981 1496 aestiva
2009 1446 2322 1508 tempestate
2341 1481 2358 1505 ,
2389 1441 2600 1500 nonnisi
2625 1449 2864 1502 extremo
2895 1454 3072 1513 tamen
3099 1454 3374 1513 autumno,

1797 1528 2003 1598 accepit
2021 1530 2376 1600 Augustinus;
2395 1548 2518 1590 cum
2538 1533 2786 1595 videlicet
2806 1551 2899 1605 per
2921 1545 3088 1595 totum
3110 1538 3238 1594 illud
3258 1547 3386 1602 tem-

1795 1634 1930 1701 pus,
1961 1620 2030 1676 ob
2069 1621 2168 1676 iter
2207 1621 2492 1694 quodpiam
2530 1625 2684 1682 nobis
2717 1626 3042 1699 incognitum
3062 1669 3084 1696 ,,
3104 1628 3378 1694 abfuisset.

1796 1709 1893 1766 Hic
1913 1711 2127 1768 solitam
2145 1721 2197 1770 et
2220 1715 2532 1784 sapientiam
2554 1725 2606 1771 ct
2627 1715 2980 1774 humilitatem
3003 1719 3241 1781 exhibuit
3259 1736 3383 1778 san—

1794 1811 1911 1858 ctus
1942 1803 2138 1860 Doctor
2160 1822 2172 1858 :
2198 1820 2318 1876 quas
2355 1806 2412 1861 in
2453 1823 2513 1864 se
2547 1808 2730 1868 Victor
2771 1826 3052 1884 aggressus
3081 1823 3224 1880 erat,
3254 1815 3379 1878 boni

1793 1896 2090 1961 consuluit,
2115 1898 2576 1974 gratissimumque
2603 1901 2804 1967 habuit,
2826 1906 2966 1976 quod
2995 1922 3118 1963 cum
3147 1907 3238 1969 ille
3257 1924 3380 1972 sen-

1795 1989 1956 2042 tentia
1983 1989 2050 2043 ab
2075 2003 2135 2045 se
2157 1990 2459 2058 dissideret,
2483 2004 2718 2050 mentem
2735 2011 2887 2051 suam
2906 1998 3228 2057 declarasset
3247 2001 3379 2062 scri-

1792 2079 1898 2149 ptis
1925 2080 2086 2136 etiam
2112 2082 2287 2138 editis.
2326 2084 2562 2139 ltebatur
2598 2085 2739 2140 enim
2767 2086 2912 2141 illum
2950 2087 3170 2146 forsitan
3212 2089 3378 2154 bene-

1793 2169 2042 2225 volentia:
2083 2187 2243 2230 causa
2285 2173 2336 2230 id
2375 2173 2597 2241 fecisse,
2630 2185 2687 2232 ut
2721 2177 2891 2247 ipsum
2921 2179 2989 2233 ab
3017 2196 3231 2248 errore,
3271 2198 3378 2255 quo

1795 2263 1965 2318 teneri
1996 2263 2302 2336 judicabat,
2339 2268 2630 2338 expediret.
2662 2270 2794 2324 Nam
2841 2271 2942 2332 sibi
2982 2289 3099 2329 eam
3140 2276 3374 2345 regulam

1793 2353 1886 2408 Vir
1911 2363 2126 2411 sanctus
2153 2359 2531 2425 constituerat,
2570 2369 2629 2416 ut
2666 2363 2874 2432 quoties
2913 2365 3147 2424 animum
3191 2366 3373 2436 cujus-

1791 2461 1950 2516 quam
1981 2449 2156 2504 tninus
2189 2451 2520 2522 exploratum
2545 2452 2798 2519 haberet,
2827 2454 2942 2524 ejus
2967 2457 3246 2512 consilium
3277 2473 3374 2528 po.

1791 2538 1896 2592 tius
1923 2541 2242 2610 approbaret
2268 2550 2516 2612 tanquam
2546 2543 2764 2608 bonum,
2783 2561 2940 2615 quam
2963 2561 3057 2615 pro
3087 2545 3228 2602 maio
3247 2562 3374 2606 con—

1791 2629 2089 2687 demnaret.
2113 2631 2210 2688 Ubi
2230 2634 2362 2688 enim
2380 2676 2396 2700 ,
2419 2634 2513 2698 ait,
2534 2635 2657 2689 mihi
2681 2637 2880 2692 animus
2907 2653 3026 2708 erga
3054 2654 3132 2692 nte
3156 2637 3371 2700 hominis

1789 2721 1991 2794 ignotus
2014 2731 2083 2776 est
2109 2732 2153 2776 et
2179 2724 2398 2781 incertus
2416 2766 2431 2792 ,
2463 2725 2642 2784 melius
2669 2726 2886 2780 arbitror
2918 2728 3131 2782 meliora
3156 2728 3372 2796 seruire,

1788 2829 1940 2886 quam
1977 2814 2297 2884 inexplorata
2338 2816 2545 2885 culpare
2578 2814 2874 2886 (lbid.,lib.
2923 2819 2986 2882 1,
3031 2835 3083 2872 n.
3105 2818 3184 2888 2).
3218 2818 3371 2886 Quod

1791 2905 1972 2961 Victor
2007 2906 2098 2961 alii
2135 2907 2344 2978 potius,
2390 2924 2552 2980 quam
2590 2909 2728 2976 sibi,
2758 2917 2818 2964 ut
2853 2910 3104 2974 decebat,
3138 2921 3371 2968 mentem

1788 3005 2100 3067 aperuerat,
2148 3000 2249 3058 hoc
2292 2999 2432 3054 illius
2468 2999 2628 3062 dabat
2668 2999 2989 3057 modestia):
3024 3010 3373 3072 praeterquam

1789 3088 1930 3158 quod
1958 3105 2081 3144 eum
2098 3131 2114 3156 ,
2136 3089 2227 3162 qui
2253 3090 2556 3161 opinionem
2585 3106 2738 3150 suam
2770 3091 2988 3151 minime
3016 3091 3228 3149 dubiam
3254 3107 3375 3153 esse

1787 3179 2062 3248 crederet,
2103 3181 2171 3237 ad
2207 3197 2268 3239 se
2301 3182 2687 3242 consulendum
2721 3183 2948 3253 obligari
2987 3184 3223 3254 potuisse
3269 3200 3375 3244 non

1789 3271 2034 3330 ducebat.
2069 3272 2124 3328 Si
2161 3283 2340 3330 autem
2373 3273 2558 3343 juveni
2595 3274 2764 3341 laico,
2788 3275 2930 3336 inter
2957 3274 3332 3344 disputandum
3353 3318 3368 3344 ,

1788 3363 2002 3434 aliquod
2033 3364 2085 3418 in
2113 3364 2396 3435 Augustini
2419 3365 2795 3429 contumeliam
2823 3365 3054 3426 verbum
3071 3366 3368 3434 exciderat,

1787 3455 1841 3513 id
1867 3471 1990 3512 eunt
2016 3466 2230 3514 sanctus
2265 3458 2559 3528 Episcopus
2586 3475 2691 3516 non
2717 3459 3066 3518 conviciantis
3102 3461 3374 3524 voluntate

1785 3546 2069 3614 credebat,
2098 3548 2194 3604 sed
2231 3548 2441 3607 diversa
2477 3549 2756 3606 sentientis
2799 3549 3122 3608 necessitate.
3159 3549 3369 3612 focis”.

1786 3639 2034 3695 Attamen
2062 3648 2121 3694 ut
2145 3639 2307 3694 animi
2330 3640 2586 3696 modestia
2607 3649 2660 3696 et
2681 3640 2975 3698 humilitate
2993 3641 3058 3696 ad
3079 3642 3372 3702 emendan-

1785 3728 1912 3785 dum
1947 3731 2174 3794 malum,
2199 3729 2340 3800 quod
2362 3731 2461 3786 sibi
2499 3731 2634 3786 forte
2664 3731 2871 3786 haerere
2898 3739 3130 3800 poterat,
3159 3741 3375 3791 sanctus

1783 3820 2023 3878 Antistes
2060 3820 2468 3892 impellebatur:
2495 3821 2566 3878 ita
2597 3821 2708 3878 veri
2739 3837 2888 3878 amor
2914 3838 3016 3877 non
3047 3823 3286 3888 sinebat,
3315 3831 3373 3882 ut

1782 3913 1923 3984 quod
1939 3929 2127 3969 sanum
2143 3922 2278 3972 erat.
2302 3911 2633 3968 indefensum
2660 3913 2981 3982 relinqueret
3001 3912 3052 3984 (1
3058 3913 3186 3979 hid.,
3203 3913 3289 3970 lib.
3313 3916 3368 3982 4,

1783 4019 1843 4058 ιι.
1864 4003 1916 4074 t)
1940 4020 1952 4056 :
1976 4003 2135 4072 hujus
2163 4014 2344 4060 autem
2366 4004 2580 4074 generis
2607 4011 2789 4068 erant,
2817 4019 2935 4072 ante
2962 4020 2993 4058 a
3023 4005 3233 4062 Victore
3266 4006 3370 4064 im-

1781 4095 2168 4167 pugnabantur.
2194 4094 2372 4160 Quare
2407 4109 2504 4164 pro
2541 4093 2890 4164 responsione
2916 4108 3012 4147 sua
3037 4103 3262 4163 quatuor
3298 4094 3368 4152 li-

1782 4185 1908 4242 bros
1928 4186 2180 4246 reddidit,
2206 4201 2370 4242 unum
2397 4185 2467 4241 ad
2492 4185 2755 4242 Renatum
2786 4186 3125 4250 monachum,
3142 4187 3368 4244 alterum

1781 4281 1848 4336 ad
1869 4283 2082 4337 Petrum
2111 4280 2506 4352 presbyterum,
2533 4289 2589 4337 et
2615 4279 2750 4335 duos
2768 4279 2834 4336 ad
2863 4279 3035 4350 ipsum
3063 4279 3363 4337 Victorem:

1781 4388 2084 4444 quanquam
2107 4371 2176 4428 ad
2205 4373 2422 4430 Petrum
2451 4371 2674 4442 epistola
2699 4380 2815 4428 erat
2831 4413 2847 4437 ,
2868 4372 2962 4428 sed
2988 4372 3106 4426 libri
3131 4387 3360 4439 liparen,

1780 4467 1902 4537 quia
1931 4467 2166 4536 separari
2191 4483 2221 4522 a
2250 4466 2466 4523 caeteris
2486 4481 2594 4523 non
2613 4464 2858 4527 debebat,
2887 4464 3092 4533 accepit
3113 4461 3360 4532 (Retroct.

1780 4559 1868 4613 lib.
1896 4557 1952 4624 2,
1984 4575 2096 4628 cap.
2121 4556 2233 4629 56).
2267 4557 2321 4612 In
2351 4557 2434 4612 his
2459 4565 2635 4611 anteiit
2675 4554 2920 4610 omnibus
2955 4554 3132 4619 libris,
3167 4555 3220 4608 in
3239 4555 3364 4625 qui-

1779 4651 1878 4705 bus
1919 4650 2081 4705 multa
2117 4650 2254 4706 scitu
2297 4649 2595 4706 necessaria
2632 4648 2982 4713 disseruntur,
3019 4647 3252 4702 defendit
3297 4647 3365 4704 de

1779 4741 1980 4814 origine
2019 4743 2343 4807 animarum,
2389 4757 2507 4813 qua:
2542 4740 2760 4812 singulis
2807 4739 3108 4793 hominibus
3147 4739 3362 4808 dantur,

1779 4833 2168 4891 cunctationem
2195 4848 2384 4901 suam,
2407 4842 2462 4889 et
2493 4833 2694 4889 muitos
2707 4831 2933 4890 Victoris
2962 4847 3174 4888 errores
3201 4843 3363 4904 atque

1780 4925 2062 4996 pravitates
2093 4924 2518 4995 praesumptionis
2551 4925 2669 4994 ejus
2688 4923 2952 4989 ostendit;
2986 4925 3158 4994 ipsum
3186 4934 3362 4980 tamen

1774 5015 2018 5087 juvenem
2061 5031 2168 5071 non
2209 5031 2546 5088 praepropere
2593 5015 2993 5082 detestandum,
3044 5016 3139 5073 scd
3185 5016 3359 5071 adhuc

1777 5106 2073 5164 docendum
2096 5117 2314 5180 putans,
2328 5107 2624 5178 praesertim
2640 5107 2763 5177 quia
2783 5107 3024 5162 audierat
3049 5123 3168 5161 cum
3189 5121 3360 5175 nuper

1776 5199 2097 5256 catholicum
2109 5198 2328 5265 factum,
2341 5209 2534 5272 qttanta
2551 5207 2727 5271 potest
2742 5199 2957 5255 lenitate
2974 5206 3162 5254 tractat
3173 5197 3358 5270 (filim,

1775 5302 1823 5348 at
1855 5291 1919 5348 de
1945 5291 2132 5347 Animo
2155 5300 2204 5348 et
2228 5292 2338 5365 ejus
2368 5291 2592 5363 origine,
2630 5289 2717 5345 lib.
2751 5291 2804 5355 l,
2846 5307 2898 5346 η.
2929 5288 2986 5362 2)
3012 5299 3202 5359 :atq-ue
3239 5289 3360 5343 huic

1775 5386 1969 5459 agendi
1991 5386 2186 5442 rationi
2207 5394 2264 5443 et
2291 5385 2461 5442 labori
2491 5382 2663 5441 sancti
2692 5383 2936 5441 Doctoris
2965 5392 3070 5438 tam
3112 5381 3234 5436 felix
3262 5393 3354 5433 re-

1777 5479 1991 5549 spondit
2027 5478 2230 5546 exitus,
2251 5485 2312 5532 ut
2333 5477 2405 5533 ab
2431 5477 2620 5534 eodem
2644 5474 2860 5530 Victore
2884 5473 3140 5541 rescripta
3174 5484 3355 5524 corre-

1776 5571 1967 5646 ctionis
1986 5571 2102 5641 ejus
2131 5570 2396 5642 acceperit
2422 5569 2675 5642 (Retract.
2694 5565 2781 5620 lib.
2803 5567 2862 5631 2,
2886 5581 3000 5634 cap.
3029 5559 3141 5629 56).

1847 5664 1900 5722 8.
1942 5664 2074 5720 Post
2296 5663 2364 5720 de
2386 5661 2599 5732 Origine
2625 5659 2846 5722 animat,
2875 5656 2981 5711 duo
3005 5653 3073 5708 de
3095 5649 3354 5720 conjugiis

1777 5755 2094 5815 adulterinis
2109 5756 2178 5815 ad
2210 5755 2528 5815 Pallantium
2560 5751 2688 5813 libri
2712 5750 2894 5808 locum
2915 5747 2971 5805 in
2994 5743 3353 5803 Betractatio-
