3858 6418
514 351 613 410 311

515 467 673 521 nibus
701 462 996 536 proximum
1025 467 1307 532 occupant.
1337 458 1630 514 Pollentius
1654 468 1831 515 autem
1863 459 1954 514 ille
1982 460 2100 528 quis

513 553 704 619 fuerit,
738 568 994 624 nusquam
1025 551 1300 622 reperias:
1327 549 1381 606 id
1407 549 1582 605 solum
1612 565 1740 604 vere
1764 549 1984 613 dixeris,
2018 550 2100 605 vi-

511 663 632 704 rum
654 647 847 718 pietate
867 645 1029 701 fuisse
1045 645 1328 714 insignem,
1352 659 1508 713 quem
1531 642 1779 700 videlicet
1797 644 2099 714 religiosum

512 738 730 795 fratrem
759 738 997 793 nominat
1025 736 1350 806 Augustinus
1371 735 1389 786 l
1399 734 1471 788 De
1489 733 1752 807 Conjngiis
1781 735 2098 804 adulterinis,

511 833 597 888 lib.
622 831 677 897 ἓ,
705 849 756 885 n.
793 829 865 902 1).
895 829 985 884 llle
1021 829 1179 900 igitur
1203 844 1322 884 cum
1351 828 1617 883 evolveret
1645 843 1736 883 eas
1770 836 2098 884 commenta-

511 925 684 980 tiones
701 963 717 988 ,
748 923 944 994 quibus
971 921 1057 976 hic
1083 929 1208 976 ante
1237 921 1490 991 plurimos
1515 935 1686 975 annos
1711 936 2016 978 sermonem
2047 921 2100 977 in

511 1024 696 1070 monte
725 1030 754 1068 a
787 1012 1011 1067 Domino
1038 1011 1274 1065 habitum
1301 1020 1658 1080 exposuerat,
1694 1011 1982 1066 admiratus
2022 1022 2103 1066 est

511 1105 838 1162 contendere
861 1147 875 1170 ,
907 1114 1146 1158 sanctum
1178 1103 1467 1157 Pratsulcm
1486 1143 1500 1166 ,
1531 1102 1845 1157 mulieribus
1873 1103 2104 1171 legitime

513 1198 772 1267 separatis
798 1195 863 1250 ab
887 1194 1143 1250 adulteris
1169 1194 1485 1263 conjugibus
1507 1209 1612 1249 non
1647 1193 1828 1259 licere,
1853 1194 2022 1264 quoad
2049 1193 2102 1250 hi

519 1288 716 1344 fuerint
741 1286 1076 1356 superstites,
1101 1285 1219 1339 aliis
1247 1285 1478 1349 nubere,
1509 1284 1601 1339 sed
1636 1284 1764 1355 ipsis
1789 1285 2101 1338 servandam

514 1396 636 1437 esse
676 1379 1077 1435 continentiam.
1124 1376 1462 1447 Quapropter
1503 1377 1851 1448 Augustinum
1900 1376 2106 1447 rogavit

515 1486 613 1542 per
636 1471 841 1526 litteras
867 1477 924 1522 ut
953 1468 1098 1522 illam
1130 1467 1230 1521 sibi
1261 1466 1644 1521 dubitationem
1671 1468 1929 1522 eximeret
1955 1483 1969 1518 :
2002 1467 2103 1522 sibi

515 1564 659 1620 enim
682 1563 752 1617 ita
783 1561 955 1632 potius
984 1559 1187 1624 videri,
1213 1560 1483 1621 mulieres,
1512 1575 1631 1630 qua:
1665 1561 1734 1615 ob
1759 1560 1915 1615 aliam
1944 1576 2103 1630 quam

515 1652 880 1709 fornicationis
900 1666 1116 1706 causam
1146 1666 1174 1704 a
1203 1650 1332 1704 viris
1365 1649 1733 1714 discederent,
1773 1651 1913 1705 solas
1949 1666 2101 1715 esse,

517 1746 706 1816 quibus
731 1760 826 1814 per
852 1743 1038 1798 horum
1066 1742 1228 1797 vitam
1274 1742 1506 1797 secundo
1544 1741 1789 1813 conjugio
1829 1742 2107 1800 interdice-

517 1849 685 1896 retur.
738 1837 987 1907 ldemque
1032 1851 1153 1890 cum
1196 1834 1489 1905 accepisset
1533 1835 1681 1890 illum
1729 1834 1959 1904 parando
2006 1835 2104 1889 sibi

519 1945 777 2000 responso
817 1929 946 1984 dare
989 1943 1204 1998 operam
1227 1969 1242 1993 ,
1275 1926 1528 1996 quasdam
1558 1926 1770 1994 insuper
1816 1925 1882 1980 dc
1919 1925 2105 1979 eadem

519 2020 740 2076 materia
759 2033 922 2073 novas
939 2015 1258 2087 quiestiones
1281 2015 1346 2069 ad
1363 2030 1484 2070 eum
1509 2014 1650 2069 misit
1669 2012 1876 2085 (lbid.).
1897 2014 1988 2069 His
2004 2016 2108 2068 Au-

518 2113 749 2186 gustino,
775 2120 1050 2180 postquam
1073 2123 1206 2178 opus
1225 2123 1379 2162 suum
1397 2106 1508 2176 jam
1529 2106 1845 2171 absolverat,
1867 2105 2104 2172 redditis,

517 2207 844 2276 cogitaverat
872 2202 966 2257 Vir
990 2210 1206 2256 sanctus
1246 2199 1428 2254 addito
1462 2200 1834 2268 supplemento
1877 2199 1979 2254 illis
2020 2214 2108 2254 rc-

519 2295 816 2366 spondere:
841 2309 1026 2349 verum
1049 2309 1170 2348 cum
1198 2292 1313 2360 ejus
1334 2291 1470 2346 liber
1498 2291 1683 2358 citius,
1706 2306 1862 2360 quam
1889 2301 2108 2361 optave-

517 2396 626 2452 rat,
652 2387 719 2442 ab
748 2386 934 2441 amicis
958 2395 1100 2441 esset
1124 2385 1416 2455 evulgatus,
1447 2398 1642 2438 novum
1671 2399 1992 2453 componere
2022 2401 2113 2441 co-

519 2489 668 2534 actus
704 2487 802 2533 est.
847 2477 902 2531 in
942 2477 1026 2530 his
1061 2477 1237 2546 itaque
1280 2474 1488 2528 duobus
1527 2473 1682 2528 libris
1717 2474 2111 2542 Scripturarum

521 2569 834 2625 auctoritate
877 2567 1223 2636 quaestionem
1259 2564 1324 2618 dc
1363 2563 1610 2634 coniugio
1636 2564 1936 2628 examinat,
1971 2565 2110 2620 illam

523 2657 774 2728 quidem,
798 2657 965 2726 ipsius
990 2654 1191 2723 judicio
1211 2696 1225 2718 ,
1252 2654 1617 2708 difficillimam
1651 2653 1897 2726 (Retract.
1928 2653 2014 2707 lib.
2045 2653 2110 2715 2.

526 2767 643 2821 cap.
663 2747 1239 2818 57),obscurissimam,
1261 2744 1734 2814 implicatissimam
1766 2743 1866 2816 (De
1897 2743 2111 2816 Conjug.

525 2840 766 2898 adulter..
793 2839 880 2892 lib.
902 2840 953 2903 1,
979 2855 1030 2890 n.
1057 2836 1169 2906 32).
1194 2836 1328 2891 Cum
1347 2844 1522 2890 autem
1541 2835 1588 2890 ei
1605 2845 1963 2904 Oppoueretur
1979 2835 2116 2890 inter

523 2932 625 2987 alia
645 2973 660 2998 ,
691 2930 837 2986 viros
865 2929 933 2983 ab
962 2929 1216 2983 uxoribus
1247 2935 1553 2997 separatos,
1582 2927 1962 2982 continentiam
1997 2943 2116 2982 ser-

523 3040 651 3079 vare
681 3039 782 3076 non
809 3037 998 3092 posse;
1031 3020 1387 3089 objectiouem
1417 3019 1608 3074 evertit
1634 3018 1861 3074 adducto
1887 3034 2114 3088 praeser-

525 3117 620 3172 tim
648 3116 894 3185 excmplo
922 3114 1259 3177 clericorum,
1286 3111 1479 3182 quibus
1508 3111 1851 3166 continentiae
1877 3112 2116 3164 necessi-

524 3215 627 3270 tas,
652 3206 821 3274 iisque
847 3218 1216 3274 sarpenumero
1239 3201 1306 3255 ad
1327 3199 1693 3270 accipiendum
1719 3200 1975 3254 honorem
2006 3200 2117 3254 cle-

524 3295 743 3353 ricalem
766 3287 1052 3364 improvisa
1072 3294 1122 3346 vi
1147 3291 1348 3347 coactis
1371 3290 1770 3359 imponebatur;
1797 3291 1884 3360 qui
1913 3299 2113 3356 tamen,

525 3386 704 3442 divina
720 3387 889 3456 gratia
905 3384 1220 3455 Opitulante,
1241 3383 1379 3439 istud
1401 3383 1599 3448 oneris,
1627 3382 1697 3438 de
1716 3397 1823 3453 quo
1843 3381 2119 3438 subeundo

525 3477 890 3550 cogitaverant
946 3491 1217 3546 nunquam
1244 3517 1258 3542 ,
1315 3474 1715 3545 religiosissime
1781 3475 2119 3545 perferebant

531 3567 717 3640 (Ibid.,
747 3567 836 3624 lib.
864 3566 921 3634 Ξ,
952 3584 1005 3620 n.
1023 3565 1138 3638 22).
1159 3567 1359 3621 Practer
1387 3565 1501 3620 haec
1530 3565 1881 3636 Augustinum
1911 3576 2120 3636 rogarat

529 3661 854 3726 Pollentius,
897 3658 1152 3728 numquid
1194 3657 1520 3727 Baptismum
1564 3656 1997 3720 catechumenis,
2027 3658 2118 3728 qui

528 3751 716 3808 morbo
756 3751 983 3822 correpti
1029 3751 1176 3806 illum
1215 3759 1399 3820 petere
1425 3767 1527 3805 non
1558 3760 1805 3819 possent,
1836 3750 2118 3807 conferen-

529 3842 658 3898 dum
695 3842 940 3898 crederet
981 3839 1164 3913 (Ibid,
1195 3840 1282 3896 lib.
1317 3843 1378 3907 1,
1409 3857 1460 3894 n.
1496 3841 1611 3908 35).
1657 3841 1885 3897 Sanctus
1927 3841 2121 3898 Doctor

530 3933 818 4004 unicuique
846 3933 1063 3988 liberam
1091 3948 1210 3987 eSse
1239 3932 1349 3986 vult
1375 3931 1474 3986 hac
1503 3932 1554 3987 in
1585 3948 1644 3987 re
1668 3914 1954 4002 sequendi,
1979 3935 2120 4004 quod

529 4022 629 4079 sibi
661 4023 917 4093 optimum
942 4020 1224 4086 videbitur,
1253 4020 1557 4076 facultatem
1586 4039 1598 4075 :
1623 4021 1734 4091 ipse
1761 4037 1885 4077 vero
1913 4022 1963 4077 id
1990 4039 2122 4092 prac-

529 4122 672 4169 stare
715 4114 1014 4178 existimat,
1053 4123 1108 4168 ut
1146 4113 1284 4168 idem
1326 4123 1715 4169 sacramentum
1748 4115 1883 4179 illis,
1913 4116 2120 4171 etiamsi

531 4214 685 4259 antea
716 4205 916 4258 nullam
950 4205 1091 4258 illius
1117 4203 1410 4273 accipiendi
1449 4203 1775 4258 voluntatem
1818 4205 1976 4259 aliam
2011 4220 2122 4275 pra:

533 4311 593 4351 se
621 4293 858 4359 tulerint,
882 4309 1037 4363 quam
1069 4310 1187 4363 qua:
1220 4294 1272 4348 in
1301 4308 1486 4348 eorum
1515 4294 1620 4348 fide
1657 4304 1780 4348 nota
1808 4305 1909 4360 est,
1939 4295 2122 4350 confe-

533 4394 702 4443 ratur.
733 4384 812 4439 Ad
839 4400 996 4456 quam
1027 4385 1346 4439 sententiam
1375 4383 1541 4440 multo
1570 4384 1840 4440 efficacius
1866 4387 2006 4441 valet
2033 4387 2083 4442 id
2104 4428 2119 4452 ,

535 4477 675 4549 quod
717 4478 891 4532 amico
931 4475 1138 4532 cuidam
1184 4491 1284 4531 suo
1316 4475 1562 4531 evenisse
1601 4476 1654 4531 in
1690 4475 2125 4535 Confessionibus

538 4590 840 4606 ﬂ

1577 344 1736 402 VITA
1776 344 1834 401 S.
1875 340 2238 400 AUGUSTINI
2276 341 2594 400 EPISCOPI.
3655 355 3733 416 511

2209 459 2320 514 suis
2346 470 2610 514 memorat
2638 459 2883 532 (Confess.
2903 461 2991 515 lib.
3021 463 3074 529 4,
3095 479 3150 516 n.
3181 462 3390 530 8).lmo
3403 473 3454 520 et
3478 469 3665 536 gratiam
3682 476 3731 530 il-

2208 551 2311 605 lam
2341 550 2409 606 ad
2434 566 2526 606 eos
2551 568 2764 622 quoque
2789 552 3047 618 extendit,
3069 556 3188 624 qui,
3218 570 3342 610 eum
3364 557 3604 617 retineant
3623 563 3732 622 adul-

2209 643 2376 696 terina
2393 643 2680 705 consortia,
2695 643 2761 697 ad
2783 645 2851 697 Ba
2860 644 3132 713 ptismum,
3155 647 3201 700 si
3220 648 3335 700 sani
3359 663 3565 716 corpore
3577 668 3729 722 essent,

2209 747 2314 786 non
2345 732 2773 788 admitterentur.
2817 735 3072 805 Quodque
3100 735 3172 791 de
3198 736 3519 806 baptizandis
3536 749 3730 802 catechu-

2209 823 2382 879 menis
2409 824 2700 889 constituit,
2731 825 2868 880 idem
2898 826 2951 881 in
2978 827 3398 883 reconciliandis
3423 834 3733 900 paenitentibus

2210 915 2526 971 servandum
2553 915 2701 971 dicit.
2727 916 2838 972 Nec
2865 918 3007 989 ipsos
3032 919 3171 974 enim
3191 961 3207 986 ,
3232 920 3309 974 ait
3325 962 3342 987 ,
3365 937 3427 975 ea:
3449 922 3536 976 hac
3557 924 3639 979 vita
3660 929 3734 984 sine

2209 1009 2362 1063 arrlta
2405 1026 2512 1064 sua?
2548 1012 2688 1079 pacis
2724 1012 2858 1066 exire
2896 1013 3021 1067 uelle
3059 1012 3210 1067 debet
3250 1023 3409 1068 mater
3443 1014 3640 1072 Ecclesia
3665 1020 3735 1088 (De

2209 1102 2470 1174 Conjugiis
2496 1103 2685 1168 adult.,
2716 1104 2802 1158 lib.
2839 1105 2889 1169 1,
2918 1122 2971 1159 η.
3001 1104 3117 1176 55).

2280 1193 2333 1250 9.
2357 1193 2592 1264 Contigit
2633 1195 2733 1250 sub
2773 1195 2912 1252 idem
2937 1205 3169 1268 tempus,
3191 1197 3568 1269 utCarthagine
3589 1217 3732 1259 venum

2209 1294 2597 1356 proponeretur
2615 1287 2785 1342 codex
2801 1303 3094 1358 anonymus
3108 1287 3469 1343 Marcionistte
3484 1290 3731 1360 cujuSpiam.

2210 1384 2300 1429 aut
2320 1374 2538 1430 alterius
2562 1391 2594 1431 e
2623 1378 2782 1431 sectis
2820 1377 2945 1441 illis,
2974 1395 3091 1447 qua:
3114 1394 3244 1434 cum
3271 1379 3563 1436 Manichmis
3586 1382 3732 1454 Legem

2209 1480 2273 1521 ac
2295 1465 2588 1537 Pmphetas
2615 1467 3063 1536 condemnabam,
3090 1479 3147 1524 et
3171 1479 3433 1540 praeterea
3454 1472 3608 1526 mundi
3626 1489 3735 1529 crea-

2185 1563 2188 1565 ‘
2212 1561 2408 1616 tionem
2437 1561 2663 1615 daamoni
2681 1604 2695 1626 ,
2729 1579 2835 1617 non
2868 1563 3007 1629 Deo,
3035 1562 3182 1633 quod
3212 1563 3407 1634 dogma
3434 1565 3632 1620 alienum
3654 1579 3734 1622 erat

2211 1668 2240 1706 a
2259 1652 2584 1716 Manicltmis,
2605 1653 2904 1708 tribuebant
2923 1652 3173 1724 (Retract.
3193 1654 3285 1709 lib.
3303 1655 3484 1724 2,cap.
3513 1656 3588 1720 58;
3600 1656 3734 1711 Contra

2213 1743 2480 1798 Adversar.
2510 1743 2659 1816 Legis
2685 1755 2730 1799 et
2759 1743 2979 1814 Proph.,
3011 1745 3099 1800 lib.
3132 1745 3186 1812 1,
3212 1763 3266 1800 n.
3293 1744 3370 1815 1).
3396 1746 3487 1803 Hie
3507 1748 3732 1805 doctrinam

2213 1851 2362 1890 suam
2387 1850 2416 1888 a
2443 1834 2685 1890 Fabricio
2705 1835 2966 1906 quodam,
3010 1836 3062 1889 in
3098 1852 3265 1906 quem
3308 1835 3488 1892 Romae
3512 1837 3730 1905 inciderat,

2212 1936 2269 1982 et
2297 1926 2448 1996 cujus
2473 1942 2532 1981 se
2561 1925 2875 1996 discipulum
2906 1942 3027 1982 esse
3051 1927 3406 1998 gloriabatur,
3435 1929 3526 1983 sibi
3550 1929 3730 1984 traditam

2215 2017 2376 2071 fuisse
2390 2017 2658 2072 narrabat.
2674 2017 2783 2072 Sibi
2801 2029 3153 2088 proposuerat
3173 2019 3532 2074 auctoritatem
3551 2019 3732 2075 detrahe-

2215 2125 2273 2164 re
2291 2108 2468 2164 Veteri
2499 2107 2842 2164 Testamcnto
2857 2150 2872 2171 .
2896 2109 3058 2165 variis
3085 2109 3346 2165 adhibitis
3367 2125 3481 2165 cum
3501 2126 3554 2165 ex
3573 2110 3726 2171 eodem.

2217 2209 2325 2255 tum
2356 2203 2515 2256 etiam
2543 2217 2572 2256 e
2600 2200 2750 2256 Novo
2779 2202 3096 2258 testimoniis
3122 2201 3349 2274 (Contra
3370 2201 3607 2256 Adsertor.
3630 2200 3730 2272 Legit

2215 2300 2261 2346 et
2290 2290 2512 2363 PrOpIt.,
2539 2293 2625 2347 lib.
2654 2292 2708 2357 2,
2741 2311 2828 2346 nn.
2853 2294 2907 2357 3,
2928 2292 3042 2361 40).
3066 2292 3333 2349 Utebatur
3349 2292 3624 2347 auctoritate
3638 2290 3730 2346 scri-

2216 2393 2426 2454 ptorum
2447 2384 2870 2455 apocryphorum
2902 2383 3085 2456 (lbid.,
3108 2401 3166 2438 n.
3194 2385 3284 2454 14)
3310 2401 3324 2449 ;
3356 2399 3545 2439 necnon
3563 2381 3605 2436 in
3631 2383 3730 2436 calce

2217 2475 2395 2545 operis
2439 2476 2683 2530 haeresim
2724 2491 2874 2530 suam
2912 2491 2944 2530 a
2984 2477 3260 2546 paucitate
3312 2483 3602 2530 sectatorum
3633 2487 3731 2526 como

2219 2565 2503 2621 tnendabat
2551 2564 2733 2638 (lbid.,
2773 2585 2826 2622 η.
2869 2567 2979 2639 41).
3029 2568 3164 2625 Cum
3207 2567 3450 2623 volumen
3497 2565 3584 2620 hoc
3624 2577 3729 2617 erro-

2219 2659 2366 2713 ribus
2431 2659 2684 2713 refertum
2747 2668 3047 2727 prostaret,
3115 2657 3422 2730 complures
3500 2653 3731 2711 curiositate

2219 2748 2364 2803 ducti
2393 2765 2456 2804 ac
2497 2748 2846 2805 delectatione
2900 2750 3379 2820 periculosissima,
3427 2746 3504 2801 vel
3534 2743 3636 2799 illud
3675 2742 3726 2795 lc-

2223 2840 2447 2911 gcbant,
2501 2840 2586 2896 vel
2637 2840 2932 2912 legentibus
2978 2856 3140 2896 aures
3190 2837 3522 2910 praebebant:
3553 2847 3636 2904 quo
3665 2845 3727 2884 co-

2221 2932 2370 3002 gnito
2417 2932 2601 2988 fideles
2659 2932 2873 3002 quidam
2949 2933 3131 2986 animo
3189 2946 3317 2986 vere
3368 2927 3642 2989 christiano,
3686 2922 3729 2974 li-

2223 3023 2378 3080 brum
2428 3025 2494 3080 ad
2534 3025 2884 3095 Augustinum
2938 3024 3222 3090 miserunt,
3283 3029 3511 3092 petentes
3543 3028 3588 3072 ut
3623 3016 3726 3069 illum

2225 3119 2422 3189 scripto
2473 3119 2867 3188 quamprimum
2920 3118 3198 3173 refutaret.
3270 3114 3447 3170 Paruit
3483 3112 3617 3180 itaque
3655 3120 3724 3160 eo-

2223 3225 2342 3263 rum
2389 3209 2680 3276 voluntati,
2747 3223 3006 3278 suamque
3053 3208 3185 3278 ipsis
3245 3203 3633 3276 responsionem,
3667 3194 3726 3248 cui

2225 3299 2436 3354 titulum
2487 3299 2642 3365 fecit,
2683 3299 2875 3355 Contra
2907 3299 3269 3354 Adversarium
3306 3296 3448 3367 Legit
3478 3301 3517 3347 et
3557 3287 3723 3356 Propht-

2224 3401 2410 3455 tarum,
2439 3391 2726 3460 inscripsit.
2761 3391 2909 3445 Hanc
2944 3389 3031 3445 ille
3062 3389 3282 3445 utilitati
3335 3388 3564 3441 lectorum
3593 3388 3725 3433 ςοιιειιο

2225 3485 2361 3550 lens,
2394 3484 2446 3538 in
2477 3484 2629 3538 binos
2656 3483 2822 3538 libros
2847 3483 3070 3553 partitus
3105 3466 3240 3536 est:
3275 3489 3490 3549 quorum
3530 3473 3572 3525 in
3605 3467 3722 3538 primo

2224 3592 2319 3631 eos
2354 3577 2500 3631 locos
2539 3576 2734 3630 veteris
2772 3573 3113 3630 lnstrumcnti
3135 3613 3152 3637 ,
3179 3586 3314 3643 quos
3339 3570 3434 3624 iste
3465 3554 3724 3643 nebulo

2224 3665 2413 3731 debat,
2442 3664 2573 3719 nihil
2608 3663 2884 3719 continere
2919 3678 3091 3733 neque
3133 3641 3260 3716 mali
3288 3671 3450 3727 neque
3475 3645 3642 3707 ridiculi
3661 3641 3722 3695 de—

2227 3754 2421 3818 feudit;
2455 3756 2507 3809 in
2542 3754 2778 3810 secundo
2801 3763 2979 3808 autem
3010 3751 3258 3808 Frederis
3299 3747 3417 3803 novi
3453 3733 3720 3798 testimoniis,

2226 3862 2344 3916 qua:
2376 3845 2630 3901 adversus
2667 3853 2849 3908 vetus,
2883 3843 3024 3898 idem
3062 3842 3349 3898 haereticus
3381 3829 3646 3916 adhibebat,
3666 3835 3719 3876 re-

2227 3915 2472 4007 spondet.
2499 3937 2556 3991 ln
2580 3937 2753 4007 primo
2775 3936 2912 3991 libro
2937 3943 3184 4006 quartum
3212 3931 3466 3988 decimum
3487 3922 3544 3977 de
3559 3915 3721 4007 cautae

2230 4005 2322 4083 [lci
2346 4030 2474 4082 citat
2511 4005 2695 4100 (Ibid,
2717 4028 2804 4081 lib.
2825 4029 2878 4090 1,
2905 4005 2963 4080 n.
2991 4025 3102 4098 18).
3133 4026 3301 4081 Porro
3327 4022 3370 4076 si
3395 4024 3588 4088 quatuor
3606 4005 3718 4100 libros

2229 4120 2296 4175 de
2319 4119 2535 4189 Origine
2556 4119 2746 4173 anima“:
2765 4117 2868 4173 sub
2887 4127 3186 4173 extremum
3211 4121 3502 4170 autumnum
3516 4099 3614 4158 anni
3627 4108 3716 4166 qua-

2229 4210 2632 4282 dringentesimi
2653 4209 2845 4265 decimi
2866 4209 2992 4266 noni
3012 4205 3322 4273 lucubrarit,
3345 4189 3718 4282 quominus

2229 4303 2362 4358 duos
2390 4304 2603 4358 circiter
2620 4304 2887 4357 ineuntem
2912 4297 3471 4373 quadringentesimum
3487 4281 3714 4355 vigesimum

2230 4394 2529 4464 scripserit,
2551 4392 2819 4447 affirmare
2843 4391 2974 4460 nihil
3001 4381 3317 4461 prohibebit.

846 4551 3701 4606 _________________________________._..

1505 4664 1987 4772 LIBER
2084 4668 2505 4776 ΟΟΤΑ
2522 4667 2832 4774 VUS.

631 4859 697 4901 De
727 4851 928 4916 reliquis
947 4854 1192 4918 Augustini
1212 4854 1331 4905 actis
1349 4854 1412 4903 ab
1431 4851 1602 4902 Christi
1623 4864 1749 4901 anno
1769 4851 2251 4915 quadringentesimo
2287 4855 2548 4920 vigesimo,
2568 4853 2628 4903 ad
2644 4866 2822 4904 annum
2840 4851 3368 4917 quadringentesimum
3390 4832 3652 4900 ιτίεεείωω

1077 5122 1300 5179 CAPUT
1341 5121 1624 5178 PRIMUM.

547 5219 574 5274 1
617 5217 897 5272 Donatista:
943 5216 1147 5286 prOprio
1185 5217 1355 5287 furore
1395 5213 1637 5283 exagitati
1672 5229 1723 5267 se
1752 5213 2042 5265 interimunt
2086 5219 2133 5266 et

617 5308 931 5365 comburunt.
958 5308 994 5361 2
1028 5306 1279 5360 Dulcitius
1307 5305 1534 5359 tribunus
1563 5313 1610 5358 et
1637 5304 1863 5357 notarius
1891 5301 2132 5356 Gauden-

618 5403 743 5456 tium
785 5416 846 5455 ρας
885 5398 1074 5453 Donati
1100 5408 1241 5468 parte
1265 5397 1552 5468 episcopum
1587 5411 1617 5447 η
1643 5393 1852 5447 consilio
1875 5393 2132 5447 cremandi

620 5510 852 5550 revocare
879 5492 1064 5557 studet,
1093 5501 1241 5561 atque
1277 5491 1340 5543 ab
1369 5489 1479 5560 ipso
1508 5487 1744 5558 epistolas
1771 5486 1898 5538 duas
1925 5485 2126 5556 accipit.

621 5590 656 5642 5
694 5586 902 5641 Dulcitii
956 5594 1135 5656 rogatu
1176 5581 1457 5636 Gaudentio
1496 5579 1760 5652 respondet
1793 5579 2125 5650 Augustinus.

620 5680 656 5734 4
684 5679 889 5733 Librum
913 5667 1180 5734 Consentio
1205 5675 1374 5731 scribit
1402 5683 1578 5728 contra
1603 5672 1920 5726 mendacium
1938 5713 1952 5736 ,
1997 5671 2132 5743 quod

623 5786 683 5826 co
714 5787 804 5826 nec
827 5772 894 5825 ad
919 5770 1286 5842 investigandos
1318 5765 1735 5824 Priscillianistas
1760 5766 1832 5822 uti
1861 5767 2010 5822 liceat
2031 5763 2131 5822 Ca-

1971 5003 2392 5058 «θςσΒθοοκὲκδῑθπ

2310 5124 2528 5180 tltolicis.
2557 5125 2591 5181 5
2621 5124 2864 5196 Ejusdem
2890 5126 3141 5180 Consentn
3168 5119 3445 5192 quaestiones
3477 5101 3712 5196 αρκαξωξ

2310 5217 2486 5284 primis
2509 5225 2676 5270 utrum
2712 5232 2842 5270 nunc
2866 5233 3048 5285 corpus
3084 5191 3286 5270 Domini
3305 5221 3409 5263 ossa
3428 5209 3472 5257 οε
3493 5191 3710 5285 εσξακίξίῗ

2311 5280 2512 5374 liabeat,
2550 5316 2596 5361 et
2622 5308 2814 5379 reliqua
2849 5280 3018 5362 carnis
3057 5307 3362 5362 lineamenta.
3387 5293 3419 5349 6
3440 5287 3508 5344 Αά
3531 5280 3711 5379 omni?

2309 5359 2482 5453 seu;
2497 5359 2707 5454 '....‘.'.‘
2727 5359 3161 5454 'p*..-.‘..’-a..;..-.‘.*.'.
3209 5384 3446 5461 scripturis
3479 5359 3708 5445 om?“

2309 5489 2564 5544 abutentes
2591 5506 2650 5542 ac
2679 5489 2920 5560 perjurio.
3486 5557 3512 5560 _
3605 5542 3631 5560 ,,

2313 5582 2362 5635 1.
2400 5580 2637 5635 Vidimus
2662 5546 2780 5651 j'ani
2799 5589 2922 5635 ante
2943 5594 3077 5651 quos
3105 5583 3394 5650 progressus
3412 5565 3457 5618 in

2317 5626 2362 5635 "
2415 5626 2426 5634 ‘
2445 5626 2636 5635 """"""
2662 5626 2771 5651 J“""
2799 5626 2921 5635 ""“’
2945 5626 3076 5651 ‘I‘V"
3105 5626 3281 5650 I'"’O"

2239 5689 2355 5727 rum
2386 5673 2635 5735 schisma.
2671 5683 2777 5728 tum
2803 5670 3227 5741 Carthaginensis
3252 5648 3527 5721 collationis.
3550 5626 3704 5741 "m1"?

2237 5779 2365 5834 Sum
2388 5763 2456 5820 ab
2476 5729 2709 5822 Honorio
2726 5729 3028 5825 muniendi;
3043 5763 3179 5821 illius
3191 5749 3399 5816 dea-etis
3415 5742 3596 5802 tatarum
3612 5729 3698 5788 οὶῶ

3609 6146 3802 6322 ,Δ
