3858 6400
22 4492 51 4747 ι

6 5744 241 6300 [

134 440 298 504 Merit
321 433 575 494 catholica
601 424 860 487 Ecclesia.
886 423 1127 481 Vidimus
1146 422 1362 492 insuper
1385 414 1683 488 cuiusmodi

134 536 335 594 violenta
376 526 609 584 facinora
663 519 929 595 pepererit
963 533 1146 574 eorum
1187 515 1362 582 dolor,
1402 513 1491 583 qui
1535 524 1685 566 suam

134 621 390 698 expugnari
414 616 804 675 contumaciam
831 614 938 683 pati
964 610 1253 667 noluerunt
1275 625 1288 662 :
1310 606 1457 678 alqui
1492 603 1688 660 furoris

135 724 338 793 ίιεοτυω
362 724 696 783 nequaquam
738 706 840 763 fuit
883 704 974 760 hic
1014 702 1293 759 terminus.
1335 699 1484 793 Sicut
1511 698 1685 793 enim}

135 788 197 865 ait
217 804 546 877 Augustinus,
578 800 803 856 charitas
831 796 1027 852 laborat
1051 793 1297 849 Ecclesia:
1312 792 1387 848 sic
1411 806 1495 845 eos
1510 789 1572 844 ab
1596 788 1690 844 illa

136 900 377 974 perditione
399 896 631 958 liberare,
660 900 716 946 ut
742 905 915 947 eorum
940 903 1083 943 nemo
1109 887 1393 951 moriatur;
1416 883 1489 938 sic
1516 898 1691 936 eorum

138 995 301 1050 laborat
334 991 475 1059 furor
496 1029 513 1054 ,
571 996 661 1041 aut
705 1001 797 1040 nos
852 982 1096 1045 occidere,
1140 989 1195 1034 ut
1232 993 1342 1034 sua:
1379 974 1691 1031 crudelitatis

140 1091 317 1157 pascant
339 1080 618 1143 libidinem,
644 1076 906 1130 autetiam
943 1089 996 1127 se
1025 1072 1180 1143 ipsos,
1212 1086 1275 1124 ne
1307 1067 1585 1140 perdidisse
1610 1067 1693 1157 rui-

143 1156 320 1231 deantsr
338 1168 726 1227 occidendorum
744 1166 1003 1220 hominum
1032 1170 1324 1234 potestatem
1346 1157 1537 1231 (Epist.
1563 1156 1687 1224 185,

147 1286 193 1322 n.
220 1263 312 1336 11).
330 1263 453 1320 Sunt
487 1261 653 1332 igitur
676 1258 732 1314 in
758 1271 912 1311 usum
950 1260 1212 1310 revocata;
1243 1265 1402 1306 neces
1429 1250 1536 1304 illa:
1564 1248 1692 1302 hor-

147 1357 301 1412 ribiles
323 1368 378 1407 ac
399 1349 681 1425 lugendus,
714 1360 846 1417 quas
874 1344 947 1400 illi
991 1341 1260 1414 quondam
1301 1346 1653 1396 exercuerant
1675 1375 1692 1402 ,

143 1446 393 1520 quibusque
406 1440 913 1497 Circumcellionum
945 1449 1139 1490 nomen
1161 1447 1256 1503 per
1271 1431 1456 1487 orbem
1481 1430 1697 1484 univer-

144 1554 235 1595 sum
259 1535 377 1591 adeo
399 1534 612 1590 celebre
651 1531 847 1586 factum
892 1528 1081 1593 fuerat,
1112 1526 1219 1580 imo
1244 1533 1300 1579 et
1329 1520 1630 1577 hominibus
1664 1535 1697 1576 e

144 1640 257 1687 secta
270 1644 357 1684 sua
382 1627 535 1698 paulo
552 1621 1004 1681 moderatioribus
1032 1618 1296 1674 odiosum.
1319 1615 1612 1685 imperator
1638 1614 1694 1668 in

145 1733 221 1771 ros
244 1715 349 1768 solo
378 1712 567 1767 exsilio
597 1705 1055 1765 animadvertebat
1078 1702 1287 1777 (Contra
1311 1699 1588 1767 Gaudent.,
1606 1699 1693 1753 lib.

144 1807 186 1869 1,
199 1804 340 1873 n.2l)
356 1821 369 1856 :
386 1801 644 1857 Catholici
670 1815 797 1854 vero
816 1796 1031 1853 eosdem
1050 1795 1216 1849 latere
1240 1792 1573 1862 patiebantur
1591 1806 1696 1845 non

143 1896 269 1952 inviti
296 1892 465 1968 (Ibid.,
501 1908 555 1945 η.
582 1891 699 1961 41ο),
726 1889 922 1960 quippe
947 1900 1081 1958 quos
1110 1884 1163 1939 in
1186 1883 1430 1938 exsilium
1452 1880 1575 1952 pelli
1597 1884 1698 1936 hoc

150 1984 300 2041 solum
333 1984 498 2039 animo
526 1980 909 2053 postulabant,
957 1992 1026 2032 ne
1065 1975 1293 2031 aliorum
1322 1973 1481 2029 saluti
1515 1980 1699 2027 essent

157 2075 491 2146 impedimento
507 2072 695 2145 (Ibid.,
714 2088 767 2125 ιι.
793 2068 905 2140 12).
926 2068 1299 2124 Verumtamen
1314 2080 1435 2119 cum
1460 2073 1697 2118 extrema

151 2169 371 2240 supplicia
396 2167 591 2222 merito
617 2165 739 2234 jure
767 2163 976 2217 illorum
1007 2157 1331 2215 facinoribus
1351 2156 1696 2221 deberentur,

156 2262 251 2316 hac
285 2261 334 2315 in
370 2276 425 2315 se
457 2259 559 2331 ipsi
585 2266 641 2314 et
665 2256 967 2312 statuebant
1000 2264 1053 2309 et
1088 2251 1542 2323 exsequebantur,
1576 2249 1698 2304 lacti

151 2356 215 2409 sui
235 2354 450 2426 ipsorum
474 2353 684 2424 judiees
703 2350 861 2406 simul
877 2358 933 2404 et
951 2347 1248 2403 carniﬁces.
1269 2344 1515 2415 Cumque
1530 2343 1696 2397 sancti

146 2457 368 2517 martyres
419 2461 522 2517 pro
595 2444 819 2500 veritate
878 2448 1105 2496 mortem
1152 2444 1445 2507 oppetant,
1498 2435 1551 2488 lii
1594 2448 1701 2504 quo

148 2537 480 2608 prohiberent,
506 2550 577 2591 ne
600 2535 798 2589 veritas
825 2530 1249 2593 annuntiaretnr,
1282 2542 1349 2582 ne
1383 2527 1579 2581 veritas
1618 2533 1700 2578 te-

146 2638 346 2692 neretur,
361 2644 429 2684 ne
446 2628 628 2683 unitas
650 2632 936 2689 amaretur,
967 2638 1035 2677 ne
1060 2621 1292 2675 cliaritas
1311 2618 1692 2688 susciperetur,

150 2735 204 2777 ne
245 2728 637 2791 compararetur
684 2715 972 2777 aeternitas,
1023 2711 1309 2767 interibant
1337 2709 1530 2780 (Sena.
1571 2709 1693 2772 525,

149 2828 193 2866 ι.
215 2811 283 2884 2).
311 2812 366 2867 Si
395 2811 533 2866 lides
563 2808 804 2864 habenda
833 2805 1149 2867 Gaudentio,
1181 2802 1436 2857 infinitam
1460 2804 1697 2856 multitu-

148 2903 291 2958 dinem
326 2902 545 2958 abstulit
582 2899 636 2956 id
666 2898 852 2954 mortis
878 2912 1044 2969 genus
1067 2895 1280 2966 (Contra
1304 2892 1576 2960 Gandent.,
1611 2894 1699 2949 lib.

154 2995 258 3061 l,n.
286 2994 397 3068 52).
426 2995 497 3049 At
515 3009 644 3049 vero
663 2990 990 3062 Augustinus
1018 2986 1288 3043 contendit
1311 3003 1413 3039 non
1442 2985 1603 3040 fuisse
1628 2994 1705 3039 lnl.

154 3084 482 3155 homines,qui
507 3083 607 3138 sibi
636 3097 823 3137 manus
845 3079 1102 3134 violentas
1120 3078 1390 3142 all‘errent,
1414 3086 1542 3145 quot
1562 3076 1699 3145 pagi,

153 3187 255 3249 quat
272 3176 481 3249 oppida,
513 3184 645 3247 quot
675 3172 833 3228 urbes
862 3171 1080 3241 integra:
1106 3185 1169 3223 ac
1195 3168 1371 3238 pepuli
1403 3167 1572 3236 legum
1606 3168 1705 3219 im-

154 3267 391 3339 perialium
439 3275 585 3322 metu
631 3281 661 3318 a
712 3262 1002 3319 schismate
1048 3259 1383 3315 deliciebant.
1428 3257 1502 3312 Illi
1545 3271 1704 3327 porro

155 3372 328 3415 cumse
370 3359 567 3413 ferrum
608 3357 662 3410 in
705 3356 867 3409 vitam
909 3353 1178 3425 prepriant
1218 3364 1596 3413 conversuros,
1643 3367 1704 3403 ac

159 3453 413 3522 pracipitio
438 3451 523 3507 vel
561 3449 671 3521 igni
702 3448 986 3503 tradituros
1015 3443 1382 3509 minabantur,
1420 3441 1705 3496 Catliolicis

162 3542 243 3598 bac
267 3554 372 3599 arte
404 3539 760 3614 persequendi
798 3553 1003 3594 moram
1045 3552 1105 3592 se
1144 3536 1460 3606 injecturos,
1498 3548 1703 3587 necnon

166 3646 309 3689 me!
331 3633 573 3690 ardorem
602 3630 979 3687 imminuturos
1003 3626 1291 3696 sperabant
1314 3643 1328 3679 :
1350 3624 1442 3679 sed
1486 3622 1703 3677 videba-

165 3720 506 3781 tarCatholicis
530 3722 697 3778 satius
724 3735 845 3776 esse
867 3733 1064 3789 paucos
1097 3716 1359 3786 exstingui
1387 3713 1620 3785 perditos
1644 3729 1707 3766 ac

161 3814 451 3889 desperatos,
480 3828 641 3887 quam
677 3815 730 3867 in
760 3810 1006 3867 lethil‘ero
1038 3806 1260 3864 discidio
1286 3808 1591 3860 innumeros
1620 3819 1707 3858 re-

165 3908 319 3980 linqui,
332 3923 457 3981 quos
476 3905 603 3962 inde
627 3905 824 3975 legum,
847 3916 967 3972 qua:
989 3914 1095 3955 non
1117 3899 1232 3954 sine
1252 3897 1432 3952 divino
1451 3905 1580 3951 nutu
1606 3893 1707 3949 sibi

168 4000 503 4070 suppetebant,
547 3996 811 4054 beneﬁcio
837 4008 1026 4050 eruere
1054 3992 1348 4063 potuissent
1370 3988 1561 4060 (Epist.
1579 3987 1704 4052 201,

169 4091 383 4167 tut.l,2).
404 4092 637 4162 Quorum
665 4087 892 4145 consilio
913 4086 990 4142 sic
1013 4084 1268 4155 aspiravit
1285 4082 1518 4138 caeloslis
1539 4080 1705 4145 favor,

175 4190 220 4235 nt
247 4183 434 4237 nemine
460 4181 561 4236 sibi
590 4194 780 4235 necem
813 4175 1203 4241 consciscente,
1244 4173 1430 4243 ingens
1456 4185 1710 4225 numerus

177 4282 266 4327 tum
287 4275 331 4327 in
347 4272 603 4339 Numidia,
624 4281 734 4326 tum
755 4271 806 4324 in
834 4268 1054 4338 reliquis
1071 4265 1264 4322 Africa:
1286 4262 1570 4335 provinciis
1588 4277 1707 4316 cum

180 4366 373 4422 Ecclesia
397 4368 445 4422 in
471 4381 657 4437 pacem
690 4363 927 4419 redierit.
966 4360 1059 4416 Sin
1085 4368 1263 4414 autem
1296 4356 1350 4411 in
1387 4356 1565 4425 aliquo
1593 4354 1711 4407 loco

180 4456 221 4509 id
239 4458 341 4511 mali
361 4460 705 4528 contingeret,
737 4451 996 4516 Ecclesia,
1026 4448 1237 4504 Davidis
1264 4448 1429 4502 instar
1451 4444 1519 4500 de
1545 4443 1711 4498 Absu-

185 4547 283 4601 Ioue
301 4550 551 4606 interiecto
571 4547 885 4604 maestitiam
913 4558 1065 4600 suam
1094 4556 1224 4614 pace
1253 4538 1400 4610 regni
1424 4538 1503 4592 sui
1525 4535 1709 4606 acqui-

116 4640 124 4647 '
192 4639 274 4691 sita
296 4642 581 4698 umsolantis
602 4681 619 4707 ,
651 4638 894 4694 dolorem
926 4632 1152 4689 materni
1174 4629 1351 4687 cordis
1369 4627 1626 4690 leniebat,
1659 4633 1715 4679 ct

193 4732 369 4785 sanabat
388 4729 761 4787 instauratione
784 4725 1004 4783 unitatis
1022 4737 1086 4778 ac
1111 4730 1377 4778 tantorum
1402 4716 1713 4774 liberatione

191 4821 470 4890 populorum.
511 4822 743 4889 Quorum
768 4819 813 4873 si
838 4816 1009 4872 rideas
1027 4858 1043 4883 ,
1070 4815 1145 4869 ait
1170 4812 1237 4868 ad
1267 4808 1594 4867 Bonifacium
1616 4850 1631 4874 ,
1662 4808 1714 4861 in

189 4906 338 4965 Christi
362 4931 472 4985 pace
497 4913 720 4978 hemina,
743 4908 1068 4981 frequentius,
1091 4904 1406 4970 alacritates,
1442 4912 1490 4956 et
1521 4906 1588 4955 ad
1624 4901 1717 4970 hy-

193 5018 307 5057 mnos
318 5006 576 5061 audiendos
600 5012 646 5059 et
665 5000 942 5068 canendos,
964 5008 1011 5054 et
1028 4998 1095 5052 ad
1112 4996 1312 5051 verbum
1328 4993 1421 5048 Dei
1440 4991 1720 5063 percipien-

192 5092 285 5151 lm
317 5098 510 5155 celebres
546 5095 834 5167 hilaresque
868 5100 1158 5158 conuentus,
1183 5087 1549 5158 multorumque
1574 5084 1628 5138 in
1649 5084 1720 5139 eis

193 5196 279 5243 ω
312 5187 472 5245 dolore
490 5204 678 5261 magno
706 5183 1105 5241 recordationem
1149 5178 1389 5253 prieteriti
1427 5177 1632 5243 erroris,
1675 5184 1721 5230 et

188 5288 280 5331 Mt
314 5281 487 5350 gaudio
521 5276 973 5335 considerationem
1009 5273 1224 5345 cognita;
1263 5270 1505 5334 veritatis,
1533 5277 1580 5323 et
1607 5284 1723 5322 cum

184 5364 489 5441 “elatione
530 5378 580 5425 et
614 5367 941 5424 detestatione
968 5362 1285 5419 mendacium
1325 5361 1678 5433 magistrorum
1702 5401 1719 5427 ,

189 5459 299 5527 Μ
318 5461 460 5516 modo
480 5467 785 5533 cognoscant
804 5458 869 5512 de
884 5454 1066 5511 nostris
1085 5453 1410 5508 sacramentis
1423 5467 1572 5522 quant
1592 5451 1725 5522 falsa

183 5538 484 5621 Mt;
504 5549 781 5606 multorum
807 5548 958 5602 etiam
997 5545 1051 5599 in
1093 5544 1165 5599 eis
1208 5542 1563 5614 confessiones,
1591 5540 1727 5612 quod

197 5638 298 5697 diu
315 5642 485 5698 vellat
507 5658 617 5698 esse
639 5639 905 5708 Catholici,
936 5655 1025 5694 nec
1041 5639 1173 5693 inter
1193 5636 1417 5691 homines
1438 5636 1562 5689 tanti
1586 5638 1728 5706 furo-

1415 302 1615 360 LIBER
1650 296 1985 358 OCTAVUS.

1796 430 1885 486 per
1910 413 2155 485 plurimas
2182 410 2370 483 Africae
2385 412 2612 486 regiones
2638 412 2703 469 ab
2725 411 2818 469 illa
2841 414 3122 484 perditione
3136 388 3376 475 liberato-

1794 506 1931 575 rum,
1953 507 1998 561 si
2021 506 2113 561 sub
2141 522 2243 561 uno
2268 515 2534 577 conspectu
2570 506 2794 571 videres;
2813 516 2931 562 tunc
2967 504 3178 575 diceres,
3211 510 3383 566 nimia

1802 600 1959 671 fuisse
1994 598 2326 666 crudelitatis,
2361 600 2405 654 si
2432 598 2554 654 dum
2582 601 2837 656 timeretur
2865 619 2928 657 ne
2950 600 3177 658 homines
3205 603 3384 676 despe-

1796 692 1916 760 rati,
1945 702 1991 747 ct
2017 693 2229 748 istorum
2256 692 2614 747 innumerabili
2654 694 2965 749 multitudini
2988 695 3134 751 nulla
3160 698 3382 752 (estima-

1801 783 1937 838 tione
1961 782 2313 854 comparandi,
2341 784 2445 838 suis
2470 792 2517 838 et
2540 783 2835 839 uoluntariis
2869 786 3067 856 ignibus
3101 803 3383 844 cretnareu-

1798 882 1901 942 tur,
1942 875 2024 930 isti
2064 875 2119 930 in
2163 886 2406 930 internum
2443 874 2706 948 perdendi,
2750 886 2797 932 et
2823 879 3138 947 sempiternis
3172 882 3373 953 ignibus

1798 967 2059 1020 cruciandi
2078 968 2477 1040 relinquerentur
2505 968 2700 1040 (Epist.
2724 969 2849 1037 185,
2880 987 2933 1024 n.
2958 971 3073 1043 52).

1868 1059 1923 1114 2.
1966 1060 2023 1115 ln
2073 1060 2179 1116 illis
2222 1070 2434 1127 autem,
2473 1077 2702 1132 quorum
2743 1063 2977 1119 amentia
3018 1066 3247 1123 maxime
3289 1068 3390 1124 fuit

1800 1149 2044 1220 insignis,
2091 1151 2388 1206 nobilitavit
2429 1166 2490 1207 se
2552 1150 2884 1207 Gaudentius
2932 1153 3389 1225 'l‘liamugadensis

1800 1241 2107 1312 episcopus,
2140 1242 2364 1297 celebris
2391 1242 2532 1297 illius
2556 1243 2731 1313 Optati
2759 1242 3062 1300 Gildoniani
3089 1260 3385 1313 successor,

1802 1342 1856 1388 et
1880 1350 2017 1389 unus
2041 1350 2073 1389 e
2101 1344 2327 1405 septem,
2360 1335 2813 1405 quos'Donatistae
2841 1351 3055 1393 suarum
3084 1340 3308 1409 partium
3334 1343 3386 1397 in

1801 1425 2085 1481 collatione
2129 1425 2535 1496 Carthaginensi
2581 1436 2834 1498 patronos
2877 1430 3147 1500 elegerant
3177 1430 3388 1503 (Contra

1806 1513 2080 1581 Gaudent.,
2107 1517 2192 1570 lib.
2222 1518 2272 1584 l,
2291 1535 2342 1571 n.
2360 1518 2457 1578 52:
2479 1517 2701 1573 Retroct.
2716 1519 2803 1573 lib.
2817 1518 2874 1587 2,
2888 1537 3003 1591 cap.
3022 1520 3135 1593 59).
3153 1522 3200 1576 Is
3218 1524 3390 1593 primo

1803 1622 1923 1662 cum
1945 1608 2181 1678 fugisset,
2201 1610 2536 1680 postmodum
2554 1611 2786 1667 redierat
2807 1611 2975 1683 (Cant.
3003 1613 3279 1680 Gaudent,
3298 1616 3387 1672 lib.

1804 1699 1925 1761 l,n.
1964 1700 2072 1769 17),
2099 1699 2364 1770 deierans,
2391 1701 2435 1756 si
2461 1711 2739 1772 cogeretur
2762 1705 3159 1760 communicare
3187 1704 3387 1762 Catho-

1805 1788 1942 1857 licis,
1971 1805 2030 1845 se
2058 1791 2272 1846 incensa
2303 1792 2517 1863 propria
2544 1792 2770 1849 ecclesia
2790 1808 2912 1849 cum
2942 1793 3059 1849 aliis
3078 1796 3279 1866 aliquot
3305 1798 3385 1852 fu-

1803 1881 1982 1946 riosis,
2015 1882 2102 1951 qni
2129 1881 2304 1938 adhuc
2340 1883 2513 1939 eidem
2538 1884 2913 1952 adhaerebant,
2942 1886 3388 1959 conﬂagraturum

1805 1969 1991 2040 (Ibid.,
2006 1987 2060 2026 n.
2077 1972 2129 2039 1,
2144 1981 2193 2026 et
2203 1971 2426 2028 Retract.
2442 1974 2529 2029 lib.
2542 1974 2598 2042 2,
2614 1991 2727 2047 cap.
2743 1972 2855 2049 59).
2875 1975 3140 2033 Honorius
3155 1979 3355 2049 impera
3368 2009 3391 2023 ο

1804 2071 1888 2116 tor
1916 2062 2089 2132 legum
2115 2078 2213 2133 pro
2240 2065 2440 2120 unitate
2463 2064 2686 2121 latarum
2712 2081 2896 2121 curam
2922 2066 3145 2123 Dulcitio
3167 2070 3390 2125 manda-

1803 2161 1972 2219 verat,
2009 2153 2146 2208 laico
2173 2163 2229 2209 et
2257 2155 2467 2209 militari
2498 2157 2633 2221 viro,
2663 2156 2939 2214 catholicae
2976 2156 3389 2231 communionis,

1804 2245 2023 2316 quique,
2057 2258 2115 2299 ut
2141 2247 2322 2316 paucis
2363 2256 2488 2302 ante
2529 2248 2683 2302 annis
2721 2247 3077 2317 Marcellinus,
3108 2252 3302 2308 tribuni
3329 2269 3392 2308 ac

1807 2337 1995 2391 notarii
2025 2337 2280 2408 dignitate
2298 2347 2519 2394 ornatus
2547 2348 2666 2394 erat
2693 2338 2902 2412 (Contra
2927 2340 3201 2410 Gaudent,
3225 2343 3311 2397 lib.
3335 2345 3389 2412 1,

1806 2443 1859 2480 n.
1890 2426 2000 2498 12).
2037 2427 2168 2481 Huic
2215 2427 2447 2483 muneris
2477 2428 2559 2483 sui
2598 2429 2734 2484 ratio
2767 2444 2872 2485 non
2912 2430 3248 2502 irrogandum
3284 2433 3391 2488 illis

1806 2516 1994 2585 capitis
2014 2532 2246 2587 poenam,
2271 2517 2366 2573 sed
2393 2526 2595 2573 tantum
2617 2518 2807 2585 exsilii,
2836 2521 3175 2590 permittebat
3196 2521 3389 2596 (Epist.

1806 2605 1934 2673 204,
1966 2623 2021 2661 n.
2068 2608 2145 2675 5).
2187 2605 2361 2662 Inerat
2400 2607 2500 2678 ipsi
2545 2607 2777 2687 lettitatis
2823 2608 3141 2679 plurimum;
3173 2612 3394 2684 ejusque

1807 2712 1968 2768 opera
1992 2714 2095 2751 non
2126 2713 2319 2767 paucos
2340 2713 2370 2753 a
2396 2698 2684 2755 schismate
2702 2699 2767 2753 ad
2795 2700 3110 2757 catholicam
3137 2703 3393 2761 unitatem

1812 2788 1951 2843 Deus
1979 2788 2300 2843 traduxerat.
2322 2789 2457 2844 Cum
2484 2797 2668 2845 essent
2693 2788 3160 2861 Thamugadenscs
3185 2798 3395 2850 caneris

1809 2879 2209 2952 pertinaciores,
2245 2880 2502 2935 Dulcitius
2542 2879 2802 2936 adversus
2842 2896 2937 2936 eos
2967 2886 3391 2952 mansuetudine,

1808 2985 1864 3030 ut
1889 2975 2132 3039 decebat,
2164 2975 2238 3029 uti
2269 2975 2527 3046 cogitans,
2579 2975 2699 3029 illos
2740 2974 2900 3030 ollicii
2942 2975 3022 3030 sui
3066 2975 3240 3031 edicto
3280 2994 3395 3031 mo-

1810 3068 1957 3130 nuit;
1984 3067 2034 3120 in
2063 3082 2168 3137 quo
2191 3065 2330 3120 inter
2354 3065 2475 3131 alia,
2508 3080 2628 3119 cum
2657 3079 2753 3120 eos
2780 3065 2941 3121 sciret
2978 3081 3097 3121 sese
3121 3069 3393 3125 cremandi

1806 3160 2040 3215 animum
2071 3158 2289 3225 habere,
2311 3157 2635 3226 declarabat,
2668 3158 2811 3229 ipsos
2832 3168 3080 3225 mortem,
3102 3175 3259 3229 quam
3282 3176 3395 3215 me-

1808 3260 2088 3319 rerentur,
2136 3251 2455 3306 toleraturos
2497 3268 2511 3304 :
2551 3266 2658 3322 quo
2701 3250 2949 3305 nimirum
2987 3251 3131 3305 dicto
3171 3266 3391 3316 necem,

1809 3360 1966 3415 quam
2002 3342 2231 3415 prepriis
2254 3340 2499 3396 manibus
2518 3341 2620 3395 sibi
2649 3341 2778 3411 ipsis
2797 3341 3051 3396 all'errent
3074 3384 3088 3405 ,
3126 3343 3393 3413 signiﬁca-

1810 3437 1901 3491 bat
1932 3455 1942 3491 :
1979 3435 2053 3490 illi
2083 3444 2261 3489 autem
2294 3432 2395 3487 hoc
2424 3433 2495 3487 ita
2530 3441 2655 3487 sunt
2679 3433 3036 3503 interpretati,
3068 3435 3220 3503 quasi
3250 3434 3395 3504 capi-

1812 3529 1916 3584 tale
1957 3528 2272 3599 supplicinm
2308 3526 2437 3596 ipsis
2476 3526 2808 3580 intentasset.
2846 3528 2915 3579 At
2951 3526 3064 3596 ipse
3088 3526 3193 3580 alio
3221 3525 3397 3581 edicto

1814 3619 2144 3690 promnlgato
2188 3626 2420 3672 mentem
2458 3616 2772 3688 explicatius
2801 3614 3027 3686 aperuit.
3068 3615 3203 3684 Quin
3234 3620 3397 3674 etiam

1813 3710 2016 3764 litteras
2040 3709 2105 3764 ad
2129 3707 2484 3764 Gaudentium
2506 3749 2520 3774 ,
2565 3709 2755 3778 quibus
2780 3723 2901 3763 eum
2929 3707 2995 3763 ad
3022 3709 3278 3765 unitatem
3303 3724 3393 3767 ca-

1814 3801 2063 3855 tholicam
2087 3800 2479 3866 adhortaretur,
2509 3808 2563 3854 et
2589 3799 2915 3864 incendium,
2942 3814 3048 3868 quo
3082 3815 3140 3854 se
3177 3815 3240 3855 ac
3272 3815 3398 3856 suos

1813 3906 1933 3946 cum
1966 3891 2076 3962 ipsa
2108 3892 2158 3944 in
2187 3905 2290 3962 qua
2321 3899 2437 3945 erat
2463 3887 2688 3944 ecclesia
2725 3902 3037 3943 consumere
3076 3891 3392 3956 minabatur,

1813 3980 2141 4035 dissuaderet
2167 3980 2411 4051 (Retract.
2427 3979 2515 4035 lib.
2528 3977 2582 4044 2,
2601 3994 2716 4050 cap.
2731 3976 2842 4049 59).
2862 3977 3073 4032 Dicebat
3092 3993 3210 4033 esse
3227 3981 3296 4034 ibi
3316 3981 3399 4035 in-

1823 4082 2102 4140 nocentes,
2130 4087 2264 4143 quos
2292 4072 2379 4127 ille
2404 4069 2471 4125 ad
2489 4067 2710 4124 exitium
2740 4078 2945 4123 teneret
2974 4069 3183 4136 invitos,
3213 4070 3261 4124 id
3288 4082 3392 4138 cst,

1816 4165 1905 4234 qui
1935 4163 2034 4218 nisi
2056 4161 2384 4217 auctoritatis
2405 4157 2524 4230 ejus
2545 4158 2990 4228 contemplatione
3013 4174 3075 4215 ac
3099 4163 3395 4218 reverentia

1817 4255 2198 4313 inhiberentur,
2238 4246 2307 4303 ad
2340 4248 2653 4305 catholicam
2685 4249 2975 4306 Ecclesiam
3018 4264 3207 4324 sponte
3268 4256 3394 4311 red-

1818 4341 2179 4414 irenl(Contra
2191 4340 2470 4407 Gaudent.,
2486 4340 2573 4395 lib.
2588 4341 2611 4396 1
2626 4383 2639 4406 ,
2659 4358 2710 4396 n.
2730 4341 2809 4413 6).
2833 4342 3305 4411 Addebat,caverct
3328 4365 3396 4404 ne

1816 4444 2022 4491 tantum
2050 4433 2282 4489 basilica:
2301 4431 2605 4499 aedilicium,
2635 4431 2725 4487 ubi
2750 4434 2945 4504 smpins
2968 4449 3158 4490 nomen
3188 4436 3279 4490 Dei
3308 4439 3392 4493 in-

1818 4536 2117 4593 vocaverat,
2159 4532 2554 4581 concrematum
2600 4524 2668 4579 ab
2712 4524 2828 4594 ipso
2872 4524 3035 4579 fuisse
3081 4525 3394 4584 diceretur:

1818 4622 2054 4676 laetatum
2099 4633 2177 4682 se,
2207 4611 2350 4687 quod
2375 4615 2430 4669 in
2459 4613 2781 4684 provinciam
2824 4623 2915 4668 aut
2960 4614 3094 4670 forte
3138 4618 3297 4672 etiam
3343 4620 3397 4675 in

1820 4710 2005 4766 urbem
2054 4705 2548 4778 Thamugadensem
2593 4703 2881 4761 adveniens
2920 4703 3193 4761 absentem
3250 4709 3397 4765 illum

1820 4802 2108 4875 reperisset
2137 4817 2151 4855 :
2182 4809 2368 4856 contra
2398 4814 2547 4865 vero,
2576 4797 2719 4871 quod
2745 4813 3015 4855 reversum
3049 4799 3295 4856 eumdem
3323 4804 3403 4858 vi-

1820 4893 1990 4960 deret,
2021 4891 2245 4947 moleste
2268 4890 2438 4958 ferre;
2476 4890 2616 4946 nolle
2634 4887 2894 4960 siquidem
2925 4890 3025 4945 sibi
3067 4891 3183 4961 ejus
3222 4908 3402 4963 perse-

1823 4986 2007 5058 quenti
2032 4983 2368 5040 occasionem
2392 4983 2527 5049 dari,
2553 4997 2727 5052 neque
2746 4981 2887 5038 illius
2910 4985 3242 5053 praesentiam
3288 4985 3403 5041 obi-

1824 5096 1940 5137 cem
1967 5078 2158 5135 all'erre
2186 5077 2343 5133 saluti
2368 5077 2591 5132 aliorum
2616 5092 2630 5129 :
2655 5075 2698 5130 si
2725 5089 2788 5131 se
2810 5075 2898 5130 ille
2912 5070 3253 5132 innocentem
3281 5093 3404 5133 cre-

1824 5171 2018 5239 deret,
2068 5169 2271 5242 lugeret
2315 5167 2492 5240 potius
2513 5166 2663 5237 juxta
2696 5164 3021 5222 dominicum
3046 5179 3405 5240 praeceptum,

1826 5278 1985 5335 quam
2028 5277 2088 5317 se
2114 5262 2227 5332 ipse
2264 5268 2526 5315 cremaret
2552 5256 2739 5329 (Ibid.,
2768 5275 2823 5313 n.
2854 5256 2966 5329 12).
2998 5258 3315 5317 Testabatur
3346 5274 3408 5316 se

1826 5352 2177 5426 quorumdam
2206 5351 2373 5406 relatu
2395 5349 2728 5422 cognovisse,
2759 5349 2930 5405 virum
2959 5349 3110 5405 illum
3138 5364 3257 5406 esse
3283 5364 3410 5419 pru-

1829 5444 2007 5501 dentia
2060 5442 2371 5515 prmditum;
2432 5457 2496 5497 ac
2548 5456 2762 5512 semper
2806 5456 2928 5498 eum
2974 5440 3410 5496 honoriﬁcentius

1833 5537 2112 5605 tractabat,
2142 5551 2298 5606 quam
2342 5532 2649 5589 hmreticum
2691 5532 2909 5588 deberet
2951 5530 3240 5585 catholicus
3267 5546 3282 5583 :
3307 5529 3407 5586 sed

1833 5627 1974 5682 hunc
2027 5643 2088 5683 ea
2136 5627 2341 5682 ratione
2382 5623 2646 5680 redditum
2695 5623 2759 5678 iri
2811 5620 3118 5676 dociliorem
3161 5619 3409 5688 sperabat

197 5726 259 5787 ἡ
285 5732 509 5790 auderem
547 5750 568 5790 :
602 5730 782 5789 horum
819 5746 937 5806 ergo
976 5728 1279 5804 populorum
1324 5726 1730 5801 congregationes
1834 5720 2081 5799 (Ibid.,n.
2102 5721 2176 5792 5).
2204 5720 2428 5791 Accepta
2444 5714 2767 5773 Gaudentius
2792 5712 2890 5767 hac
2909 5710 3152 5783 epistola,
3175 5718 3409 5771 actutum
