3858 6436
472 391 582 455 815

465 507 800 572 brevissime,
829 519 898 561 ne
921 518 1148 570 moram,
1175 509 1236 559 ut
1249 501 1482 568 dicebat,
1508 501 1726 558 θίγω-ει
1761 499 2043 570 perlatori-

470 605 592 668 bus,
620 600 892 669 rescripsit
909 599 1123 668 (Contra
1137 596 1336 664 (ἔσεισι,
1351 597 1389 652 ι.
1409 597 1520 664 l,n.
1543 595 1650 665 η).
1671 594 1751 651 Ibi
1767 594 1859 650 ille
1880 593 2042 666 proﬁs

469 696 698 760 tebatur,
728 691 831 748 sibi
853 691 1065 762 quidem
1085 689 1364 744 deﬁnitum
1381 697 1440 744 et
1457 687 1806 742 constitutum
1829 701 1969 752 esse,
1993 685 2043 741 si

470 788 579 844 vim
593 786 755 842 ullam
771 784 1138 840 imminentem
1151 789 1421 842 cerneret,
1440 780 1576 834 intra
1589 779 1855 834 dominica
1870 785 2042 834 castra

470 879 592 934 vitae
609 877 807 933 exitum
833 874 1140 938 terminare,
1161 872 1268 927 hoc
1277 879 1382 938 est,
1401 878 1569 926 semet
1578 884 1702 926 cum
1721 869 1946 924 ecclesia
1967 870 2045 922 in-

471 983 700 1025 cendere
729 984 742 1020 :
769 964 909 1037 quod
924 978 1050 1020 vero
1077 963 1143 1018 ad
1157 963 1307 1026 alios,
1323 972 1529 1017 tantum
1555 960 1763 1026 abesse,
1785 970 2045 1030 utcogere

467 1059 598 1116 illos
619 1058 721 1114 sibi
751 1064 1090 1128 proponeret,
1121 1063 1179 1110 ut
1205 1053 1382 1125 potius
1416 1052 1683 1120 omnibus,
1729 1052 1818 1122 qui
1852 1065 1917 1107 ex
1955 1064 2046 1106 ec-

469 1151 628 1208 clesia
657 1148 916 1205 decedere
939 1154 1213 1218 cuperent,
1243 1154 1428 1202 auctor
1454 1144 1662 1207 fuisset,
1701 1143 1831 1197 illud
1870 1142 2042 1212 palam

472 1258 536 1299 ac
561 1242 727 1298 libere
751 1240 1086 1297 declararent
1110 1237 1296 1310 (ibid,
1323 1255 1382 1292 π.
1409 1236 1485 1310 ⁸1).
1519 1233 1783 1292 Postridie
1805 1234 1922 1305 ejus
1939 1232 2045 1288 diei

472 1335 614 1390 aliud
641 1348 954 1404 responsum
982 1331 1144 1402 priori
1168 1330 1442 1386 verbosius
1463 1329 1605 1395 fecit,
1628 1329 1680 1382 in
1709 1342 1815 1397 quo
1840 1325 2044 1380 niteba-

473 1437 558 1484 tur
594 1426 826 1481 furorem
861 1439 1012 1479 suum
1050 1421 1337 1493 Scriptura:
1367 1419 1654 1476 defendere
1683 1415 2001 1473 testimoniis
2027 1455 2043 1482 ,

473 1518 525 1572 in
555 1516 742 1587 hisque
761 1514 1004 1584 exemplo
1027 1512 1193 1576 Bazii,
1214 1512 1366 1580 cujus
1385 1519 1611 1566 mortem
1631 1508 1765 1564 liber
1783 1505 2048 1562 secundus

475 1607 894 1664 Machabaaorum
945 1613 1128 1660 narrat
1173 1601 1354 1674 (Ibid,
1384 1619 1438 1656 η.
1473 1599 1580 1672 12).
1625 1597 1952 1654 Memorabat
1994 1595 2046 1651 id

474 1715 704 1772 quoque,
750 1697 892 1770 quod
935 1697 1173 1753 Emerita
1210 1696 1535 1765 contigerat,
1567 1704 1690 1749 cum
1721 1692 2048 1762 Augustinus

476 1801 714 1850 vertente
741 1804 882 1846 anno
907 1788 1427 1862 quadringentesimo
1446 1786 1651 1842 decimo
1671 1794 1861 1839 octavo
1875 1780 2048 1837 Caesa-

476 1901 620 1942 ream
637 1884 874 1953 petierat;
889 1881 985 1938 sed
999 1881 1076 1937 rei
1094 1879 1422 1935 dissimulata
1433 1877 1656 1934 veritate
1668 1875 1718 1947 (ι
1725 1874 1808 1929 bid
1815 1915 1848 1941 .,
1866 1891 1917 1928 η.
1933 1872 2045 1944 l5).

546 1977 599 2032 ὃ.
645 1975 904 2030 Dulcitius
952 1978 1233 2042 utramque
1261 1969 1537 2042 epistolam
1585 1968 1878 2037 Augustino
1900 1964 2048 2021 defe-

475 2066 693 2124 rendam
732 2065 955 2132 curavit,
1002 2079 1162 2119 orans
1185 2063 1303 2118 illas
1333 2069 1389 2118 ut
1414 2059 1951 2129 refelleret(Relracl.
1981 2056 2047 2111 lia-

475 2159 565 2213 ὀνο
588 2159 645 2225 2,
668 2161 779 2229 'cap.
809 2155 878 2212 59
902 2157 1031 2227 ),uc
1073 2153 1175 2209 sibi
1213 2153 1545 2223 praeciperet,
1593 2165 1700 2222 quo
1747 2157 1904 2220 pacto
1949 2148 2048 2219 ipsi

475 2257 619 2305 esset
656 2247 920 2303 haereticis
955 2243 1380 2315 respondendum
1405 2242 1607 2314 (Epist.
1628 2241 1754 2305 204,
1781 2240 1879 2294 n.l
1907 2236 1927 2312 )
1959 2236 2048 2292 :id

475 2347 577 2405 est,
607 2338 708 2392 nisi
733 2349 829 2393 nos
847 2335 981 2391 fallit
999 2334 1328 2404 conjectura,
1345 2348 1504 2404 quam
1527 2333 1784 2387 rationem
1805 2344 1925 2384 eum
1952 2327 2049 2382 ha-

473 2430 602 2488 bere
627 2437 898 2502 Oporteret
944 2428 1228 2492 minarum,
1274 2427 1466 2496 quibus
1507 2425 1559 2480 in
1613 2438 1674 2478 se
1718 2423 1862 2492 ipsos
1911 2420 2051 2476 ferro

475 2521 794 2592 flammaque
820 2534 1013 2576 usuros
1038 2517 1369 2588 iactitabant.
1431 2514 1512 2570 Ad
1561 2514 1664 2570 hoc
1701 2513 1884 2568 retulit
1929 2526 2053 2567 san-

475 2621 598 2672 ctus
621 2613 878 2675 Antistes,
905 2611 1077 2666 minus
1103 2607 1406 2686 huiusmodi
1435 2607 1586 2662 nihili
1625 2605 1922 2671 faciendas;
1953 2618 2049 2659 nc-

474 2719 580 2777 que
597 2704 793 2760 debere
820 2701 965 2756 illum
991 2710 1132 2755 metu
1155 2697 1300 2754 exitii
1315 2701 1630 2753 miserorum
1647 2697 1848 2766 aliquot
1872 2697 2050 2750 deter-

475 2797 602 2864 reri,
629 2794 911 2868 quominus
933 2792 1156 2848 aliorum
1178 2790 1355 2857 saluti,
1374 2789 1544 2860 quoad
1575 2789 1692 2858 ejus
1719 2787 1830 2841 ﬁeri
1858 2793 2046 2857 potest,

474 2887 734 2945 consulat.
782 2883 1187 2941 Derefellendis
1238 2888 1414 2937 autem
1465 2879 1745 2935 Gaudentii
1791 2875 2049 2947 epistolis,

471 2981 548 3035 ait
568 2978 619 3034 id
639 2978 738 3035 sibi
764 2987 857 3047 per
874 2974 1247 3045 occupationes
1264 2974 1347 3027 vix
1377 2971 1556 3037 licere,
1600 2969 1820 3039 aliisque
1843 2969 1894 3023 in
1922 2982 2052 3038 ope-

475 3069 622 3126 ribus
642 3069 752 3139 jam
795 3081 855 3122 se
881 3064 1225 3135 respondisse
1257 3063 1324 3118 iis
1372 3059 1721 3132 argumentis,
1767 3074 1886 3130 qua:
1937 3057 2052 3113 ista:

475 3159 808 3214 continerent
827 3155 1013 3226 (Ibid,
1044 3171 1098 3208 η.
1128 3151 1199 3226 4)
1230 3173 1244 3209 :
1273 3152 1392 3207 illas
1420 3161 1593 3206 tamen
1619 3160 1902 3213 secxacte,
1933 3163 2052 3204 cum

478 3251 596 3320 ejus
621 3260 779 3320 atque
807 3247 1061 3312 Eleusini,
1102 3246 1192 3316 qui
1221 3244 1362 3300 idem
1383 3259 1412 3296 a
1432 3259 1491 3298 se
1521 3241 1840 3312 postulabat,
1862 3241 2050 3311 gratia,

477 3352 590 3398 tum
606 3355 698 3396 sua
717 3341 768 3395 in
787 3336 1273 3408 Thamugadensem
1293 3334 1541 3405 populum
1553 3332 1811 3389 charitate
1825 3331 1954 3386 conf
1951 3340 2056 3386 uta-

480 3443 656 3490 turum
682 3433 701 3502 (
724 3430 883 3495 Ibid.,
899 3446 954 3483 π.
976 3430 1010 3484 9
1029 3429 1067 3498 ).
1087 3427 1224 3494 Quin
1241 3427 1398 3481 etiam
1423 3424 1659 3490 easdem,
1679 3423 1908 3495 atquein
1941 3423 2053 3494 pri-

479 3524 582 3579 mis
606 3521 890 3577 adductttm
941 3518 1089 3574 Razii
1117 3516 1442 3587 exemplum,
1471 3515 1694 3570 strictim
1738 3514 1977 3569 dissolvit
2001 3513 2053 3568 in

477 3629 543 3670 ea
573 3614 684 3683 ipsa
708 3611 774 3667 ad
794 3609 1070 3665 Dulcitium
1097 3607 1341 3678 epistola.
1371 3607 1522 3662 Hunc
1539 3622 1696 3677 porro
1721 3605 2050 3670 Eleusinum,

479 3717 637 3776 quem
662 3701 984 3773 Augustinus
1007 3698 1374 3755 honorabilem
1397 3707 1452 3752 et
1490 3697 1860 3753 charissimam
1891 3695 2054 3751 tilium

479 3809 635 3854 unum
659 3802 832 3861 vorat,
863 3806 1068 3848 necnon
1107 3789 1250 3862 apud
1300 3789 1770 3860 Thamugadenses
1817 3788 2056 3843 tribuna-

481 3889 591 3947 tum
639 3888 834 3945 obiisse
878 3893 1121 3951 testatur,
1170 3882 1310 3938 haud
1359 3882 1586 3938 absurde
1633 3881 1753 3953 quis
1801 3881 2059 3952 putaverit

475 3980 724 4038 eumdem
767 3979 913 4034 illum
969 3990 1089 4032 esse
1139 3975 1465 4041 Eleusinum,
1498 3974 1666 4029 virum
1706 3973 2054 4038 tribunitium,

479 4074 568 4146 qui
591 4071 844 4148 "prsidium
885 4070 939 4125 in
976 4081 1108 4140 agro
1147 4065 1473 4138 Hippoueusi
1517 4064 1842 4134 possidebat,
1888 4064 1976 4119 ubi
2004 4073 2058 4119 et

479 4165 619 4221 beati
643 4162 898 4233 Stephani
914 4159 1135 4216 aedicula
1152 4173 1250 4214 seu
1265 4155 1523 4213 memoria
1547 4164 1682 4212 erat.
1706 4155 1754 4212 Is
1779 4155 1942 4210 tilium
1965 4154 2058 4210 ad-

484 4255 588 4311 huc
617 4253 950 4317 infantulum,
981 4250 1070 4321 qui
1081 4249 1274 4304 morbo
1299 4247 1469 4304 fuerat
1485 4247 1742 4311 sublatus,
1765 4262 1924 4316 super
1943 4261 2056 4302 me-

482 4347 727 4411 moriam,
753 4360 852 4401 seu
875 4343 1009 4398 forte
1031 4341 1307 4397 aediculam
1333 4354 1512 4395 sacras
1543 4339 1789 4412 Martyris
1812 4339 2059 4410 reliquias

481 4441 838 4497 continentem
869 4435 1045 4507 posuit
1070 4451 1087 4499 ;
1114 4447 1342 4504 cumque
1370 4433 1480 4488 Deo
1505 4432 1733 4486 ubertim
1761 4430 2060 4501 lacrymans

483 4531 848 4602 supplicasset,
870 4526 1116 4584 eumdem
1147 4525 1324 4581 vivum
1367 4539 1432 4580 se
1469 4525 1727 4594 sospitem
1751 4521 2061 4597 retulit(Dc

483 4619 630 4678 Cioit.
663 4619 884 4686 Dei,lib.
910 4620 1134 4689 22,cap.
1158 4617 1288 4682 ειη.
1321 4615 1390 4672 Ιθ
1408 4617 1448 4688 ).
1467 4615 1661 4672 Narrat
1681 4616 1898 4686 insuper
1931 4631 2058 4670 n-

483 4720 601 4765 ctus
622 4711 838 4777 Pmul,
870 4711 1119 4766 dilectum
1147 4718 1304 4779 atque
1325 4706 1692 4763 honorabilem
1709 4706 1875 4762 tilium
1904 4721 2058 4762 suum

486 4801 792 4857 Eleusinum
811 4800 1132 4871 Hippencnsi
1151 4799 1474 4855 monasterio
1492 4799 1669 4854 villam
1689 4798 1832 4854 dono
1849 4797 2061 4854 dedisse

487 4893 506 4962 (
532 4891 701 4947 Serm.
727 4892 850 4956 556,
879 4908 934 4945 π.
958 4892 1024 4946 l5
1053 4891 1109 4962 );
1135 4907 1294 4962 quam
1314 4891 1396 4946 vel
1444 4891 1567 4946 hinc
1608 4891 1868 4962 intelligas
1895 4887 2059 4947 fuisse

488 4987 776 5052 proventus
799 4995 902 5035 non
930 4981 1230 5044 mediocris,
1244 4980 1390 5050 quod
1411 4982 1456 5035 is
1483 4981 1622 5036 illam
1635 4981 1905 5037 diceretur
1928 4997 2059 5037 ven-

486 5069 705 5136 didisse,
731 5085 852 5124 cum
881 5068 982 5123 hoc
1009 5070 1243 5124 muneris
1262 5069 1329 5124 ab
1347 5083 1415 5123 eo
1437 5071 1596 5138 gratis
1628 5069 1918 5139 profectum
1961 5087 2058 5127 ne-

488 5173 577 5214 mo
604 5157 760 5212 facile
779 5157 1022 5214 crederet
1049 5157 1181 5213 :sed
1206 5157 1347 5214 hunc
1377 5172 1646 5213 rumorem
1675 5159 1861 5214 falsum
1885 5161 2064 5218 decla-

488 5252 642 5314 ravit.
671 5260 828 5321 atque
859 5249 1021 5321 hujus
1053 5249 1353 5305 donationis
1387 5258 1574 5305 testem
1602 5264 1660 5305 se
1685 5251 1952 5319 professus
1978 5264 2062 5310 est

487 5341 831 5413 Augustinus.
859 5341 914 5396 ts
941 5350 1002 5395 ut
1028 5340 1254 5410 primum
1279 5340 1379 5395 sibi
1423 5339 1588 5404 licuit,
1621 5341 1780 5395 fidem
1817 5357 1967 5398 suam
1995 5345 2062 5400 de

485 5434 819 5492 confutandis
843 5431 1124 5490 Gaudentii
1167 5431 1371 5486 duabus
1397 5431 1634 5500 epistolis
1681 5433 1944 5500 liberavit,
1976 5437 2060 5490 in-

485 5539 588 5596 que
629 5540 748 5580 eam
795 5539 910 5580 rem
938 5523 1132 5579 librum
1162 5537 1322 5577 unum
1349 5521 1696 5588 elucubravit,
1729 5525 1779 5578 in
1809 5540 1913 5595 quo
1935 5542 2062 5597 prm-

487 5618 706 5671 missum
730 5616 1017 5672 adversarii
1041 5624 1350 5670 contextum
1367 5629 1462 5670 sua
1481 5615 1646 5684 ipsius
1669 5621 1947 5688 responsio
1974 5633 2060 5676 se-

487 5708 776 5776 quebatur;
811 5716 868 5763 ut
915 5707 1116 5762 scilicet
1162 5705 1571 5776 imperitioribus
1619 5722 1825 5777 quoque
1861 5708 2060 5767 clarum

488 5793 660 5869 fieret,
689 5813 720 5854 a
746 5814 802 5856 se
823 5800 938 5857 sine
964 5813 1218 5873 responso
1241 5799 1372 5857 nihil
1392 5800 1808 5872 praetermissum
1834 5801 2061 5876 (Contra

1571 383 1730 444 vmt
1767 382 1824 441 s.
1867 379 2234 440 AUGUSTINI
2275 383 2596 444 EPISCOPI.
2895 377 2906 390 ‘
3595 397 3678 455 διδ

2151 496 2430 566 Gaudent,
2468 500 2556 556 lib.
2582 503 2632 563 l.
2662 519 2716 556 η.
2741 503 2766 559 ί
2879 503 3042 560 [καο
3069 503 3170 561 hoc
3212 504 3345 562 libro
3387 506 3680 567 Gaudentius

2150 588 2365 661 ipsimet
2389 594 2682 664 Augustino
2710 597 2998 666 rescripsit,
3028 613 3130 652 non
3156 613 3280 652 euut
3302 608 3366 652 ut
3385 598 3667 671 confutaret,

2147 681 2241 737 sed
2266 684 2630 740 tantummodo
2650 698 2722 742 ne
2756 687 3063 742 convictum
3103 703 3165 744 se
3207 688 3424 743 silentio
3449 705 3542 747 suo
3557 691 3682 750 fateri

2146 775 2454 833 crederetur
2485 777 2680 850 (Ibid,
2722 779 2815 834 lib.
2843 779 2901 846 α,
2924 793 2983 836 tt.
3013 782 3038 835 Ι
3066 796 3083 845 ;
3119 781 3344 836 Βαναία.
3367 782 3461 837 lib.
3501 782 3556 848 2,
3592 801 3682 855 cap.

2147 865 2272 939 59).
2303 866 2679 926 Verumtamen
2705 869 2832 926 dum
2861 869 3150 926 infirmitati
3195 887 3305 928 suae
3332 872 3506 928 velum
3525 873 3687 931 obten-

2148 955 2275 1014 dere
2317 961 2602 1030 cogitabat,
2647 961 2790 1016 illam
2833 962 3005 1017 multo
3031 963 3449 1020 manifestiorem
3473 965 3684 1022 reddidit.

2149 1047 2353 1120 Quippe
2372 1051 2829 1108 animadvertebat
2855 1052 3101 1123 quilibet,
3117 1055 3352 1110 voluisse
3369 1055 3575 1126 quidem
3592 1073 3688 1114 cum

2149 1143 2489 1214 respondere,
2517 1155 2755 1201 attamen
2783 1146 2912 1201 nihil
2939 1148 3054 1202 sani
3092 1156 3182 1203 aut
3209 1147 3367 1204 solidi
3393 1151 3686 1220 omosuiste.

2149 1234 2264 1303 Quo
2293 1235 2468 1304 ﬁebat,
2497 1246 2554 1292 ut
2584 1237 2921 1308 desperatam
2954 1238 3117 1310 ipsi-us
3151 1254 3369 1294 causam
3392 1253 3517 1296 esse
3553 1242 3692 1297 umbi-

2149 1335 2296 1397 geret
2311 1341 2490 1382 neruo.
2511 1327 2661 1383 Haud
2689 1337 2803 1383 erat
2830 1329 3004 1400 magni
3026 1329 3219 1400 negotii
3245 1330 3410 1385 etiam
3449 1329 3692 1387 mediocris

2147 1415 2443 1486 prudentia:
2465 1418 2613 1484 viris,
2635 1433 2790 1488 quam
2810 1420 2990 1489 inepte
3005 1421 3303 1490 Augustino
3325 1420 3420 1476 ille
3435 1421 3685 1491 responde-

2147 1518 2251 1575 ret,
2276 1508 2483 1564 collatis
2505 1511 2783 1581 utriusquc
2807 1512 3020 1582 scriptis
3059 1526 3390 1583 cognoscere
3417 1529 3431 1567 :
3463 1512 3589 1568 istud
3611 1528 3691 1568 au-

2149 1608 2255 1655 tem
2287 1609 2342 1654 ut
2379 1616 2475 1670 per
2505 1603 2711 1673 singula
2737 1604 2911 1674 capita
2945 1603 3429 1669 demonstraretur,
3454 1605 3692 1676 prolixiori

2150 1690 2508 1761 disputatione
2536 1694 2824 1766 indigebat.
2856 1695 2984 1751 Erat
3035 1697 3369 1767 Augustinus
3405 1696 3470 1751 ad
3495 1695 3695 1752 buccis-

2149 1781 2418 1850 borem,si
2433 1784 2703 1840 videretur
2728 1786 2803 1839 ita
2823 1787 3206 1853 necessarium,
3245 1787 3628 1856 paratissimus:
3650 1795 3696 1842 at

2151 1890 2221 1930 ne
2248 1875 2459 1932 interim
2507 1876 2627 1932 sine
2676 1891 2936 1948 responso
2955 1876 3286 1933 Gaudentius
3303 1877 3694 1955 relinqueretur,

2151 1967 2518 2024 brevissimum
2536 1969 2700 2036 dedit,
2727 1972 2815 2041 qui
2841 1970 3112 2026 secundus
3130 1970 3288 2026 estin
3307 1969 3696 2026 eumdem-liber.

2152 2063 2232 2119 Eo
2253 2064 2584 2118 satisfactum
2614 2078 2734 2119 esse
2751 2063 3029 2118 hominum
3060 2063 3448 2135 exspectationi
3459 2062 3578 2118 inde
3592 2075 3696 2117 coo-

2149 2156 2319 2228 iieia‘s,
2342 2156 2483 2227 quod
2507 2157 2602 2213 Vir
2621 2166 2838 2212 sanctos
2854 2157 3052 2213 einihil
3073 2166 3258 2227 postea
3275 2153 3697 2226 reperiatmaddi-

2151 2248 2314 2304 disse.
2372 2249 2480 2304 llos
2520 2248 2611 2306 ille
2648 2248 2787 2305 duos
2817 2248 2981 2304 libros
3008 2248 3158 2318 quasi
3190 2246 3490 2304 Gaudentio
3515 2245 3696 2315 ipsinet

2153 2340 2434 2412 inscriptos
2457 2349 2736 2395 memorat.
2768 2339 3009 2395 Possidio
3024 2355 3151 2396 vero
3175 2339 3232 2394 in
3259 2337 3494 2395 btdiculo
3509 2347 3697 2407 separa-

2153 2431 2247 2485 tim
2289 2438 2516 2495 notatur,
2550 2429 2948 2500 Responsiomtm
2973 2438 3150 2484 contra
3173 2429 3416 2500 epistolas
3439 2428 3556 2481 dum
3573 2425 3692 2482 Gul-

2154 2521 2310 2575 dentii
2337 2521 2558 2592 episcopi
2586 2520 2986 2585 Donatistarum,
3020 2520 3146 2575 liber
3191 2536 3362 2583 unus;
3388 2527 3462 2585 et,
3491 2517 3564 2572 Ad
3583 2515 3698 2572 Gul-

2155 2612 2374 2667 dentiunt
2399 2611 2775 2668 Donatistarum
2795 2613 3104 2684 episcopum,
3119 2612 3338 2683 epistola
3348 2629 3451 2666 una
3465 2611 3488 2682 (
3501 2609 3696 2679 Ponit,

2153 2706 2207 2760 in
2228 2704 2423 2773 India,
2451 2722 2568 2778 cap.
2590 2707 2624 2761 ὅ
2646 2706 2686 2777 ).
2717 2706 2852 2774 Quid
2879 2705 3173 2762 Gaudent-io
3219 2707 3530 2775 emtor-isque
3553 2704 3699 2759 Dom-

2157 2797 2292 2851 tistis
2320 2796 2442 2850 inde
2467 2797 2533 2850 ad
2578 2805 2806 2851 mortem
2833 2811 3000 2867 usque
3027 2796 3300 2866 Augustini
3325 2795 3522 2852 factum
3546 2793 3696 2860 fuerit,

2157 2905 2414 2960 nusquam
2446 2890 2758 2960 reperimus.

2227 2980 2280 3034 4.
2311 2979 2447 3034 Dum
2487 2981 2811 3051 Augustinus
2839 2979 3134 3036 Gaudentio
3175 2978 3544 3050 respondebat,
3563 2975 3693 3032 simul

2157 3071 2316 3126 etiam
2357 3087 2574 3141 operam
2617 3072 2778 3127 dabat
2823 3071 2959 3126 libro
2985 3080 3168 3126 contra
3197 3069 3689 3138 Mendacium,qttem

2157 3159 2464 3226 Consentio,
2489 3177 2594 3215 non
2624 3161 2806 3231 procul
2831 3161 2972 3216 forte
3001 3161 3067 3215 ab
3096 3160 3368 3230 Hispania,
3397 3159 3489 3214 ubi
3514 3156 3692 3213 Priscil-

2158 3251 2484 3307 lianistarum
2514 3251 2735 3306 hrcresis
2779 3252 3001 3321 vigebat,
3042 3251 3239 3322 agenti,
3287 3245 3594 3318 destinavit(
3618 3246 3699 3300 κθ.

2159 3355 2305 3400 tract.
2341 3345 2426 3399 lib.
2457 3345 2512 3411 2,
2552 3362 2666 3414 cup.
2691 3345 2820 3416 60).
2855 3345 2954 3400 llic
3005 3343 3300 3413 A-uguSIino
3331 3340 3549 3411 legenda
3565 3340 3700 3394 multa

2160 3438 2400 3503 miserat,
2425 3451 2596 3508 eaque
2613 3436 2680 3491 de
2705 3435 3218 3491 Priscillianislarum
3237 3432 3580 3504 dogmatibus,
3605 3442 3701 3501 qua

2159 3527 2480 3597 singillatim,
2521 3535 2639 3595 post
2685 3534 2984 3580 accuratam
3036 3523 3431 3594 inquisitionem
3475 3531 3527 3577 α
3567 3531 3700 3592 quati

2157 3617 2388 3687 plurima
2409 3631 2475 3670 ex
2493 3615 2720 3686 quodam
2739 3615 3010 3670 Frontone
3027 3615 3258 3684 cognita,
3281 3611 3545 3669 referebat
3561 3609 3580 3685 (
3595 3608 3704 3667 Cett-

2159 3716 2239 3760 tra
2266 3705 2617 3773 Mendacium,
2645 3723 2737 3760 nn.
2767 3705 2818 3771 l,
2845 3704 2938 3777 4).
2968 3704 3049 3760 Ad
3078 3703 3238 3759 hosce
3267 3703 3552 3759 haereticos
3580 3702 3702 3757 inve-

2159 3797 2449 3869 stigandos,
2474 3798 2563 3868 qui
2602 3796 2849 3853 haeresim
2877 3810 3026 3850 suam
3075 3811 3183 3850 non
3213 3794 3489 3850 mendacio
3515 3804 3702 3856 tantum,

2159 3891 2252 3945 sed
2282 3890 2512 3959 perjurio
2551 3903 2761 3958 quoque
2804 3887 3042 3943 adhibito
3070 3886 3448 3942 existimabant
3465 3886 3703 3943 occultau-

2160 3979 2300 4044 dam,
2330 3979 2604 4035 videbatur
2632 3979 2916 4034 Consentio
2969 3976 3309 4033 simulatione
3337 3977 3586 4034 utendum
3609 3989 3704 4030 esse

2160 4069 2464 4134 Catholicis,
2505 4066 2762 4138 tingendo
2803 4081 2863 4122 se
2901 4081 3022 4124 esse
3051 4066 3505 4133 Priscillianistas,
3529 4079 3628 4137 quo
3643 4063 3701 4119 sic

2160 4178 2343 4218 eorum
2387 4163 2613 4218 latebras
2645 4171 3003 4232 penetrarent.
3033 4160 3091 4216 ιιι
3141 4174 3370 4232 prorsus
3418 4156 3699 4231 improbavit

2170 4255 2513 4323 Augustintts,
2535 4253 2737 4323 scripto
2763 4252 2901 4307 hanc
2920 4253 2972 4306 in
3001 4267 3112 4306 rem
3142 4251 3296 4318 libro,
3321 4252 3411 4307 cui
3441 4249 3626 4306 titulum
3645 4247 3701 4300 in-

2161 4346 2313 4413 didit,
2359 4345 2544 4400 Contra
2572 4344 2891 4400 Mendacium
2921 4344 3184 4416 (Rea-act.
3229 4344 3317 4400 lib.
3351 4346 3405 4411 Ι,
3436 4360 3545 4414 cap.
3583 4339 3696 4410 Ἦ),

2161 4453 2226 4494 eo
2246 4437 2384 4508 quod
2413 4449 2598 4507 aperto
2624 4445 2796 4493 marte
2813 4436 2914 4492 hoc
2939 4437 3121 4492 vitium
3147 4437 3504 4506 aggrediatur,
3523 4433 3691 4489 solvens

2161 4530 2450 4600 Scriptura:
2472 4529 2618 4584 locos
2643 4542 2758 4594 eos,
2805 4529 2999 4598 quibus
3037 4527 3298 4588 nonnulli.
3325 4537 3382 4582 et
3403 4527 3454 4582 in
3480 4525 3552 4580 bis
3569 4519 3692 4577 iorsio

2162 4628 2250 4675 tan
2279 4621 2391 4690 ipse
2433 4619 2775 4684 Consentius,
2797 4619 2974 4675 eidem
3021 4619 3339 4689 patrocinari
3367 4617 3694 4674 moliebantur.

2161 4711 2266 4768 Sed
2289 4711 2415 4766 illud
2440 4711 2494 4766 in
2520 4711 2704 4782 primis
2727 4709 3076 4776 demonstrat,
3115 4720 3174 4766 ut
3200 4711 3431 4767 nia-xime
3456 4717 3698 4766 verumes-

2157 4812 2245 4858 set
2293 4802 2585 4874 aliquando
2637 4803 2852 4858 mentiri
2909 4803 3107 4858 licitum
3153 4817 3296 4869 esse,
3352 4803 3403 4857 id
3451 4810 3608 4856 tamen
3656 4795 3697 4850 in

2164 4893 2358 4959 rebus,
2403 4907 2522 4964 qua:
2583 4891 2651 4948 ad
2719 4892 3027 4961 religionem
3080 4892 3378 4962 pertinent,
3444 4891 3571 4946 haud
3623 4899 3700 4942 un-

2163 4997 2323 5053 quam
2355 4983 2470 5037 sine
2523 4996 2716 5052 msgno
2767 4982 2991 5036 crimine
3037 4995 3101 5035 ac
3140 4981 3379 5052 periculo
3406 4995 3554 5051 posse
3577 4990 3699 5033 usur-

2164 5076 2295 5146 pari.
2353 5075 2606 5130 Hortatur
2645 5073 3014 5138 Consentium,
3069 5081 3126 5127 ut
3163 5082 3355 5128 contra
3395 5065 3701 5128 Priscilliani-

2161 5178 2293 5232 stas,
2335 5167 2548 5238 quando
2574 5167 2777 5222 viribus
2811 5165 2881 5222 ad
2923 5165 3063 5221 hanc
3085 5179 3203 5220 rem
3229 5163 3536 5220 necessariis
3559 5177 3587 5215 a
3612 5159 3699 5214 Deo

2163 5269 2306 5315 esset
2332 5262 2634 5325 instructus,
2661 5260 2784 5314 sti-lo
2829 5259 3106 5324 decertet;
3136 5271 3257 5313 cum
3287 5264 3697 5327 supervacaneum

2166 5349 2322 5414 foret,
2348 5352 2552 5406 illorum
2581 5350 2860 5419 explorare
2883 5358 3043 5418 atque
3065 5363 3256 5404 eruere
3272 5346 3530 5417 dogmata,
3550 5343 3588 5397 si
3605 5341 3696 5394 sine

2164 5441 2524 5496 confutatione
2552 5441 2976 5509 relinquerentur
2995 5438 3214 5511 (Contra
3240 5436 3495 5501 ﬂendum,
3517 5449 3567 5487 ιι.

2165 5532 2234 5587 At
2262 5547 2388 5588 vero
2411 5531 2467 5587 id
2498 5542 2628 5586 ante
2671 5503 2847 5586 omnia
2898 5503 3066 5600 jubet,
3121 5543 3310 5584 eorum
3343 5503 3693 5582 doctrinade

2165 5625 2442 5680 mendacio
2471 5624 2522 5678 in
2549 5637 2708 5679 causa
2731 5623 2998 5694 religionis
3026 5621 3330 5691 usurpatum
3354 5624 3615 5691 oppugnet,
3627 5610 3692 5668 itu

2164 5729 2270 5787 que
2295 5730 2409 5770 eam
2437 5731 2550 5772 rem
2579 5715 2789 5770 Dictinii
2823 5714 3055 5784 episcopi
3079 5714 3482 5768 Priscillianistaz
3509 5709 3689 5768 librum.

2166 5807 2253 5865 cui
2267 5803 2440 5866 Libra:
2457 5821 2669 5878 nomen,
2687 5805 2890 5866 refellat
2910 5803 3093 5878 (lbid.,
3111 5802 3406 5878 n.5).,lllud
3429 5810 3574 5874 porro
3589 5805 3706 5867 coni
