3838 6258
554 269 659 329 819

555 388 651 445 bat
690 379 885 441 haeresi
908 390 1020 433 suae
1058 373 1234 429 favere
1254 410 1271 439 ,
1312 366 1641 441 proponebat
1665 362 1875 437 (Contra
1906 360 2104 415 Julian.
2124 402 2139 427 ,

553 480 644 537 lib.
673 477 708 535 6
726 517 743 543 ,
771 492 826 530 n.
850 471 966 543 69).
996 466 1231 537 Denique
1269 479 1328 519 se
1355 458 1682 533 argumentis
1717 456 1963 512 omnibus
1986 468 2016 507 a
2044 450 2144 508 Ca-

555 568 771 627 tbolicis
814 562 883 619 ad
905 557 1232 634 probandam
1254 552 1563 622 originalem
1592 550 1799 619 culpam
1826 545 1995 601 allatis
2024 558 2142 600 res-

556 670 849 735 ponsurum
894 650 1242 725 pollicebatur
1295 643 1499 717 (Operis
1532 638 1856 735 imperialib.
1883 639 1936 704 1,
2061 637 2139 735 1.)

553 730 664 811 Ras
700 758 928 823 quatuor
954 746 1118 801 libros
1149 738 1441 797 Turbantio
1466 733 1807 804 nuncupavit,
1829 747 1941 787 suae
1962 730 2145 786 factio-

554 847 639 903 nis
682 844 934 915 episcopo
961 856 975 893 :
1003 850 1162 908 quem
1203 833 1375 889 virum
1416 843 1607 900 magno
1644 828 1894 881 virtutum
1940 824 2145 895 fulgore

557 914 908 1006 conspicuum
946 925 1201 1000 praedicat
1246 923 1299 978 in
1337 921 1454 977 aliis
1486 919 1553 974 ad
1595 916 1812 971 Florum
1860 914 2028 969 libris.
2075 914 2145 968 At

552 1026 799 1101 proxime
839 1030 958 1094 post
995 1018 1169 1075 editos
1209 1014 1371 1070 hosce
1409 1010 1731 1083 posteriores
1774 1007 1964 1072 libros,
1994 1012 2145 1076 post.

554 1098 661 1191 que
693 1118 791 1173 has
813 1131 841 1169 a
867 1113 1079 1170 Juliano
1102 1108 1304 1172 laudes,
1327 1104 1574 1163 eumdem
1600 1100 1949 1191 Turbantium
1969 1098 2141 1191 Deus,

555 1190 809 1268 Ecclesiae
850 1221 949 1276 pro
990 1204 1080 1258 illa
1120 1199 1368 1273 precibus
1417 1202 1695 1259 exoratus,
1740 1191 1808 1247 ab
1861 1190 2143 1259 Pelagiana

554 1314 740 1357 errore
781 1296 1059 1351 liberatum
1080 1333 1095 1356 ,
1125 1290 1190 1345 ad
1221 1288 1377 1343 ﬁdem
1416 1284 1727 1341 catholicam
1756 1296 1850 1336 sua
1879 1278 2143 1349 operatio-

556 1410 627 1451 ne
665 1402 720 1448 et
762 1388 1101 1446 miseratione
1142 1380 1422 1447 convertit,
1451 1378 1540 1433 illo
1570 1377 1686 1447 ipso
1722 1373 1945 1429 forsitan
1985 1369 2052 1426 ad
2091 1370 2143 1425 id

557 1500 689 1542 usus
734 1497 924 1555 opere,
951 1493 1056 1549 quo
1094 1490 1215 1531 eum
1255 1473 1495 1529 Julianus
1538 1470 1592 1524 in
1635 1467 1827 1522 haeresi
1861 1464 2144 1520 obfirmare

555 1577 833 1633 studuerat
862 1570 1047 1644 (lbid.,
1065 1566 1200 1622 lib.2
1217 1606 1232 1631 ,
1257 1581 1372 1635 cap.
1397 1562 1486 1625 11,
1505 1570 1549 1614 et
1568 1558 1724 1624 lib.5,
1750 1558 1895 1628 ιιι).
1923 1554 2145 1611 Sanctus

557 1673 688 1743 forte
718 1663 1039 1726 Tarbantius,
1062 1659 1137 1714 ait
1163 1654 1507 1726 Augustinus,
1534 1652 1645 1721 ipso
1689 1664 1839 1719 opere
1880 1657 1965 1701 tuo
1994 1646 2141 1710 lecto,

555 1740 693 1831 guod
715 1756 783 1811 ad
808 1771 921 1810 eum
946 1761 994 1807 te
1018 1748 1279 1820 scripsisse
1300 1757 1681 1804 commemoras,
1706 1740 1853 1793 etiam
1883 1745 2145 1809 prapterea

556 1829 611 1906 in
640 1848 939 1904 catholicam
965 1843 1118 1913 ﬁdem
1140 1836 1424 1909 respiravit,
1454 1832 1691 1905 quoniam
1720 1840 1767 1885 te
1792 1831 1843 1884 in
1874 1829 1965 1883 tali
1993 1843 2147 1882 causa

560 1941 804 2013 defecisse
824 1935 1052 2008 cognovit
1082 1931 1267 2006 (Ibid.,
1288 1929 1373 1984 lib.
1398 1928 1452 1993 4,
1492 1944 1544 1980 n.
1570 1924 1679 1995 50).
1710 1921 2025 2013 Conscripto
2046 1918 2148 1974 hoc

559 2011 724 2105 opere
747 2028 1007 2093 Julianus,
1033 2033 1269 2080 actutum
1294 2019 1571 2091 epistolam
1599 2016 1651 2071 in
1667 2014 1865 2071 Urbem
1892 2011 2035 2065 misit
2055 2024 2150 2080 per

559 2140 720 2197 quam
762 2136 895 2192 quos
922 2124 1138 2191 posset,
1160 2124 1220 2169 ut
1246 2114 1375 2169 dicit
1398 2119 1613 2166 sanctus
1641 2109 1836 2163 Doctor
1855 2147 1870 2172 ,
1895 2118 2021 2159 suos
2059 2111 2149 2157 aut

560 2194 843 2279 inveniret,
867 2220 958 2266 aut
982 2209 1179 2263 faceret
1199 2203 1366 2275 (Cant.
1386 2202 1529 2255 Duas
1548 2200 1712 2271 Epist.
1738 2197 1915 2268 Pelag.
1933 2237 1948 2261 ,
1974 2194 2060 2249 lib.
2095 2194 2146 2259 1,

560 2327 617 2363 η.
635 2308 707 2378 5).
734 2304 932 2361 Ibidem
960 2299 1262 2362 audientiae,
1279 2295 1382 2349 hoc
1397 2303 1479 2349 est
1504 2290 1712 2363 synodi,
1735 2305 1892 2360 quam
1915 2286 2153 2355 Pelagia-

563 2415 631 2454 na
661 2398 817 2452 factio
843 2391 1131 2463 flagitabat,
1147 2388 1389 2444 meminit
1413 2385 1573 2456 (Ibid.
1596 2425 1610 2448 ,
1632 2402 1686 2437 η.
1713 2382 1824 2452 12).
1858 2380 2007 2435 llanc
2035 2379 2149 2449 epi-

563 2491 755 2544 stolam
785 2484 1112 2555 Augustinus
1145 2479 1313 2551 primo
1334 2493 1431 2533 sua
1462 2478 1594 2531 libra
1623 2474 1690 2530 ad
1708 2474 2035 2530 Bnnifacium
2063 2487 2150 2527 re-

565 2581 715 2635 fellit.
757 2578 1070 2645 Quanquam
1116 2571 1324 2627 videtur
1364 2570 1605 2625 Julianus
1639 2582 1772 2622 vana
1820 2565 2045 2636 quadam
2086 2563 2153 2618 de

565 2686 725 2727 causa
749 2668 981 2723 voluisse
1009 2666 1149 2720 illam
1175 2662 1461 2729 abdicare;
1490 2675 1589 2717 nec
1609 2658 1877 2731 prohibuit
1904 2656 2155 2726 Augusti-

564 2777 701 2818 nus:
730 2760 792 2815 Si
829 2774 939 2813 eam
959 2799 973 2822 ,
1003 2755 1205 2826 inquit,
1235 2770 1338 2809 non
1383 2752 1617 2823 agnoscis
1639 2793 1654 2819 ,
1677 2766 1791 2807 ecce
1830 2766 1932 2803 non
1964 2749 2031 2802 sit
2067 2757 2154 2801 tua

567 2853 775 2926 (Operis
800 2851 1006 2923 imperf.
1030 2849 1118 2904 lib.
1146 2848 1199 2915 1,
1232 2865 1285 2902 n.
1314 2845 1424 2917 18).
1455 2844 1510 2899 1η
1532 2843 1717 2899 eadem
1754 2842 1976 2913 epistola
2016 2841 2154 2896 istud

566 2946 739 3016 ipsum
760 2944 938 3015 legere
960 2950 1095 3007 erat,
1115 2938 1256 3011 quod
1274 2937 1675 3009 Pelagianorum
1712 2933 2007 2990 octodecim
2038 2932 2155 3003 epi-

565 3048 849 3105 scoparum
868 3030 1086 3087 nomine
1100 3028 1167 3083 ad
1178 3027 1707 3083 Thessalonicensem
1726 3024 2012 3079 antistitem
2029 3023 2157 3079 mis-

568 3140 628 3181 sa
652 3124 873 3195 epistola
903 3120 1229 3183 continebat,
1254 3117 1457 3173 scilicet
1483 3116 1761 3185 Augustini
1794 3114 1933 3169 dicta
1959 3114 2027 3168 ah
2046 3113 2156 3168 suis

567 3217 805 3288 ipsorum
822 3213 1052 3269 inimicis
1072 3212 1124 3266 in
1141 3210 1319 3265 odium
1336 3210 1574 3264 veritatis
1588 3223 1709 3264 esse
1728 3216 1971 3277 suscepta
1984 3205 2153 3275 (Cant.

540 3370 543 3371 ν
571 3303 895 3371 DnasEpist.
918 3301 1100 3371 Pelag.
1125 3302 1212 3356 ltb.
1233 3302 1285 3365 1,
1301 3318 1353 3354 n.
1370 3300 1405 3356 9
1426 3316 1441 3364 ;
1461 3300 1547 3354 lib.
1566 3300 1620 3365 4,
1640 3316 1695 3353 n.
1713 3297 1808 3369 20)
1830 3312 1965 3369 :quo
1988 3312 2019 3352 e
2041 3297 2158 3351 loco

572 3405 825 3466 utrasque
846 3392 947 3448 sub
967 3391 1069 3447 hoc
1095 3391 1234 3447 idem
1257 3400 1464 3461 tempus
1480 3391 1707 3461 scriptas
1726 3389 1887 3443 fuisse
1906 3388 2158 3458 conjicias

571 3488 727 3542 licet:
747 3486 891 3557 atqui
914 3484 1017 3540 hoc
1044 3484 1233 3540 saltem
1254 3483 1472 3538 minime
1494 3482 1798 3551 ambiguum
1818 3490 1920 3549 est,
1943 3480 2155 3537 easdem

573 3577 981 3647 haudquaquam
1010 3574 1210 3630 tardius
1240 3574 1292 3629 in
1321 3573 1494 3629 lucem
1525 3572 1803 3643 prodiisse.

646 3668 703 3724 2.
744 3667 878 3723 Cum
924 3676 1145 3737 utraque
1181 3665 1297 3721 haec
1334 3664 1556 3735 epistola
1603 3664 1654 3718 in
1691 3679 1877 3719 manus
1904 3663 2158 3720 Bonifacii

528 3817 533 3821 .
574 3775 747 3832 papae,
778 3773 882 3813 non
912 3772 1041 3813 sane
1066 3757 1169 3813 nisi
1201 3754 1596 3827 vigilantissima
1625 3752 2018 3811 Catholicorum
2047 3754 2157 3811 Ro-

573 3864 854 3906 manorum
883 3848 1185 3919 diligentia,
1215 3846 1451 3901 venisset
1478 3839 1777 3919 (Ibid.,lib.
1809 3846 1860 3911 1,
1893 3863 1945 3899 η.
1964 3847 2020 3917 3)
2040 3862 2055 3911 ;
2075 3845 2159 3902 hic

570 3942 692 3998 illas
719 3940 1011 4011 Augustino
1038 3938 1245 3994 curavit
1281 3936 1597 3993 deferendas
1629 3953 1725 4008 per
1766 3945 2005 3993 sanctum
2032 3938 2159 4010 Aly-

571 4035 741 4105 pium,
760 4033 850 4103 qui
880 4031 1289 4087 transmarinam
1313 4028 1691 4100 profectionem
1720 4028 1818 4083 bac
1845 4037 2159 4099 tempestate

573 4138 669 4178 cur
694 4122 1017 4192 susceperit,
1046 4119 1201 4176 nobis
1243 4121 1480 4190 ignotum
1507 4128 1607 4174 est.
1648 4119 1799 4174 Tunc
1836 4133 1998 4189 porro
2036 4120 2155 4189 ipsi,

574 4229 695 4269 cum
720 4211 990 4267 Ravennae
1014 4218 1177 4276 esset,
1196 4209 1398 4264 litteras
1424 4209 1489 4263 ad
1514 4210 1863 4279 Augustinum
1891 4210 2039 4266 dedit
2063 4211 2161 4265 Va—

572 4305 739 4362 larius
777 4317 993 4368 comes,
1025 4300 1219 4372 quibus
1265 4307 1319 4355 et
1364 4300 1561 4370 gratias
1594 4299 1663 4354 de
1688 4301 1849 4354 misso
1889 4301 1990 4355 sibi
2024 4301 2160 4356 libro

572 4397 765 4469 agebat
783 4404 970 4452 sancto
990 4393 1225 4458 Doctori,
1244 4401 1297 4448 et
1316 4407 1436 4448 eum
1458 4390 1618 4446 simul
1638 4390 1977 4458 admonebat,
1992 4402 2049 4447 ut
2069 4406 2163 4463 per

574 4497 929 4544 memoratum
941 4485 1189 4557 Alypium
1201 4483 1559 4553 audiret,quid
1574 4482 1805 4538 haeretici
1818 4492 1999 4539 contra
2011 4498 2163 4553 quos-

577 4578 699 4632 dam
722 4577 879 4647 hujus
906 4575 1027 4631 libri
1055 4574 1200 4630 laws
1223 4572 1595 4645 jactarent(De
1626 4572 1794 4644 Nupt.
1832 4582 1879 4627 et
1912 4572 2158 4645 Concup.,

580 4671 669 4724 lib.
697 4670 754 4735 2,
786 4686 835 4725 τι.
871 4666 949 4742 1).
977 4667 1162 4723 Eidem
1188 4666 1379 4739 Alypio
1407 4665 1657 4722 Ravenna
1690 4668 1911 4737 posthac
1938 4666 2161 4720 Romam

578 4761 819 4830 profecto
844 4759 1089 4815 Valerius
1114 4757 1408 4813 chartulam
1434 4758 1578 4813 misit
1600 4757 1669 4813 ad
1694 4757 2041 4829 Augustinum
2064 4755 2161 4811 de-

579 4852 878 4918 ferendam,
896 4867 999 4924 qua
1018 4851 1425 4909 continebantur
1447 4854 1723 4909 sententia:
1743 4852 1811 4907 de
1833 4852 1970 4909 libro
1993 4854 2164 4924 primo

578 4944 799 5013 Juliani,
816 4959 914 5015 per
935 4944 1235 5016 quempiam
1255 4943 1323 5000 ad
1346 4945 1551 5001 libitum
1576 4943 1846 4999 nonnullis
1864 4945 2021 5000 etiam
2043 4960 2162 5001 mu-

582 5036 708 5091 tatis
730 5035 1015 5106 decet-pun,
1040 5044 1201 5106 atque
1224 5035 1290 5090 ad
1319 5034 1565 5092 eumdem
1590 5035 1871 5103 Comitem,
1895 5044 1955 5091 ut
1984 5037 2163 5107 Augu-

581 5128 706 5183 stini
722 5127 858 5182 libro
868 5140 1186 5197 responsum
1204 5126 1417 5203 brevius
1430 5135 1587 5197 atque
1607 5126 1906 5198 expeditius
1921 5126 2160 5195 haberet,

583 5220 908 5279 transmissae
930 5219 1141 5293 (Operis
1162 5220 1365 5292 imper].
1380 5218 1586 5291 Praef.)
1605 5220 1710 5274 Has
1727 5235 1855 5290 ergo
1875 5222 2165 5276 sententias

581 5311 924 5383 perferendas
942 5311 1009 5367 ad
1029 5312 1379 5383 Augustinum
1401 5310 1623 5375 curavit,
1639 5319 1827 5380 petens
1847 5319 1906 5365 ut
1925 5310 2161 5376 easdem,

522 5474 525 5477 _
581 5422 739 5477 quam
761 5405 993 5462 maxima
1014 5413 1196 5477 posset
1213 5404 1509 5470 celeritate,
1523 5402 1797 5458 refutaret.
1825 5403 2047 5475 Alypius
2060 5403 2167 5460 Ro-

584 5514 685 5554 ma:
713 5514 745 5554 a
768 5498 1043 5555 Bonifacio
1070 5512 1205 5568 papa
1248 5495 1628 5567 benignissime
1666 5505 1911 5567 acceptus
1948 5505 2050 5564 est,
2077 5496 2165 5553 ubi

586 5603 706 5644 cum
726 5603 795 5646 eo
816 5589 1125 5655 convivens,
1152 5601 1317 5659 parvo
1341 5587 1466 5642 licet
1488 5595 1747 5658 tempore,
1768 5604 1959 5660 magno
1976 5589 2023 5645 ei
2045 5589 2167 5659 jun-

586 5686 703 5735 ctus
730 5678 941 5748 affectu,
965 5676 1211 5736 eumdem
1240 5676 1342 5750 ipsi
1367 5692 1580 5751 quoque
1602 5680 1894 5752 Augustino
1920 5684 2163 5740 amicitia:

1641 248 1795 303 VlTA
1837 247 1892 303 S.
1937 240 2303 302 AUGUSTINI
2342 237 2661 300 EPISCOPI.
3641 256 3706 318 ω

2251 359 2587 414 strictissimo
2623 371 2763 413 nexu
2788 355 3038 427 obligavit
3068 352 3230 429 (Cant.
3256 356 3388 414 Duas
3408 359 3545 434 Epist.
3570 364 3690 443 Pelag,

2251 452 2339 505 lib.
2371 453 2422 514 1,
2447 469 2498 505 n.
2525 450 2603 521 1).
2646 420 2979 521 Quapropter
3016 420 3310 506 Bonifacius
3332 420 3707 525 Alypio

2250 544 2501 615 epistolas
2526 585 2538 607 ,
2569 552 2627 597 ut
2655 557 2684 596 a
2715 542 2867 597 nobis
2900 541 3010 612 jam
3038 540 3381 605 observatum.
3408 545 3588 603 alteram
3609 569 3707 621 quam

2249 636 2490 692 Julianus
2512 637 2757 701 Romam,
2778 635 3003 690 alteram
3024 649 3179 705 quam
3201 634 3471 691 octodecim
3490 641 3709 713 episcopint

2249 730 2447 785 Rufum
2478 729 3008 785 Thessalonicensem
3038 727 3367 797 scripserant,
3406 729 3465 784 ob
3488 730 3569 788 hoc
3586 741 3708 803 pm].

2249 840 2353 896 pue
2374 823 2619 889 tradidit,
2651 822 2791 893 quod
2819 822 2869 877 in
2906 829 3127 891 utraque
3162 830 3392 876 sanctum
3428 822 3711 885 Doctorcmca-

2249 916 2510 971 lumniose
2533 914 2767 971 habitum
2787 920 3036 969 cerneret
3058 909 3213 984 (Ibid.
3233 953 3248 976 ,
3274 911 3357 969 lib.
3376 908 3427 979 Ξ,
3449 929 3495 969 n.
3522 915 3583 986 5).
3601 917 3712 977 Rediit

2251 1010 2429 1080 itaque
2455 1009 2675 1081 Alypius
2704 1008 2757 1062 in
2787 1006 3021 1062 Africam
3051 1005 3256 1061 duobus
3278 1005 3416 1062 hisce
3437 1008 3561 1064 libris
3581 1026 3625 1066 ac
3642 1029 3712 1068 me-

2249 1109 2453 1155 morata
2480 1099 2860 1155 sehtentiarum
2889 1096 3129 1152 chartula
3154 1106 3389 1153 onustus.
3426 1097 3516 1154 Ras
3544 1102 3713 1173 Augusti.

2250 1208 2352 1247 nus
2369 1194 2658 1248 sententias
2674 1207 2739 1246 ex
2756 1190 2904 1245 libris
2918 1188 3111 1245 Juliani
3128 1188 3369 1243 collectas
3384 1204 3487 1244 esse
3502 1191 3713 1261 conjicias,

2250 1288 2439 1343 melius
2468 1284 2580 1340 fore
2602 1283 2904 1355 judicabat,
2937 1280 2983 1336 si
3010 1281 3255 1335 universo
3288 1279 3382 1349 ipsi
3420 1281 3543 1349 operi
3562 1284 3639 1350 ejus
3658 1300 3714 1339 re-

2250 1377 2479 1433 fallendo
2516 1377 2670 1431 daret
2714 1389 2931 1446 operam
2968 1379 3370 1429 :verumtamen
3415 1372 3636 1427 arbitratus
3665 1386 3717 1430 est

2250 1470 2349 1525 sibi
2398 1467 2782 1532 festinandum,
2813 1476 2870 1520 ut
2897 1464 3113 1519 Valerio
3153 1462 3331 1517 comiti
3374 1464 3637 1519 satisfaceret
3656 1465 3717 1535 (De

2252 1560 2420 1632 Nupt.
2452 1570 2499 1614 et
2533 1559 2756 1630 Concup.
2781 1598 2797 1623 ,
2828 1557 2916 1611 lib.
2939 1557 2995 1623 2,
3023 1574 3076 1610 η.
3100 1556 3183 1627 3).
3215 1554 3536 1622 Quamobrem
3587 1556 3624 1610 in
3647 1558 3717 1611 illas

2251 1652 2541 1708 sententias
2562 1650 2785 1706 alterum
2807 1648 2981 1704 cidem
2994 1645 3209 1702 Valerio
3228 1645 3429 1709 librum,
3445 1646 3594 1701 eodem
3609 1649 3717 1715 titulo,

2252 1744 2331 1798 De
2358 1743 2569 1815 Nuptiis
2610 1752 2655 1797 et
2682 1740 3096 1813 Concupiscentia
3115 1782 3130 1803 ,
3158 1739 3453 1809 inscriptum
3470 1781 3483 1807 ,
3509 1742 3720 1809 quantocius

2253 1837 2440 1902 edidit,
2471 1851 2611 1891 anno
2654 1835 2765 1906 jam
2804 1849 2835 1888 a
2879 1832 3036 1904 primi
3065 1831 3187 1886 libri
3226 1830 3445 1887 editione
3470 1846 3556 1886 uno
3584 1831 3719 1887 circiter
3790 1894 3791 1901 γ

2254 1939 2442 1985 exacto
2463 1948 2477 1985 :
2496 1938 2654 1998 atque
2675 1927 2746 1981 ibi
2768 1924 3056 1982 confutatis
3074 1922 3270 1978 Juliani
3293 1923 3538 1977 calumniis
3553 1923 3717 1983 ostendit,

2252 2020 2571 2075 catholicum
2598 2019 2788 2088 dogma
2812 2016 2881 2071 de
2899 2014 3141 2086 originali
3170 2013 3311 2068 malo
3336 2012 3400 2068 ab
3422 2012 3717 2067 Manicbaorum

2255 2110 2445 2165 harresi
2475 2109 2779 2180 longissime
2804 2107 3021 2162 distare.
3052 2106 3243 2160 Libros
3272 2105 3424 2161 etiam
3448 2112 3625 2175 quatuor
3642 2107 3720 2156 dua-

2255 2200 2353 2255 bus
2383 2200 2688 2254 memoratis
2716 2196 2956 2268 epistolis
2981 2194 3287 2251 refellendis
3307 2195 3607 2258 elucubravit;
3629 2195 3721 2248 itaut

2257 2295 2429 2365 primo
2449 2293 2584 2348 libro
2606 2291 2883 2361 epistolam
2901 2305 3019 2360 qua:
3036 2289 3222 2359 ipsius,
3247 2296 3302 2342 nt
3322 2287 3569 2352 ferebatur,
3582 2286 3719 2349 Juliani,

2259 2387 2426 2441 tribus
2449 2384 2795 2455 sequentibus
2815 2382 2995 2447 aliam,
3019 2398 3138 2452 quae
3165 2380 3446 2435 octodecim
3466 2380 3723 2450 episcoporum

2257 2487 2392 2543 erat,
2421 2476 2783 2545 redargueret.
2826 2474 3110 2528 Enimvero
3136 2486 3259 2526 cum
3306 2471 3470 2541 gratim
3500 2468 3724 2521 adversarius

2258 2584 2286 2621 a
2318 2566 2662 2623 sollicitandis
2682 2581 2778 2636 per
2800 2564 2976 2619 varias
2996 2564 3462 2619 commentationes
3486 2558 3725 2614 inﬁrmiorua

2258 2658 2451 2713 animis
2476 2656 2679 2712 videret
2705 2671 2813 2711 non
2848 2654 3295 2725 interquiescere,
3324 2652 3468 2707 officii
3494 2653 3556 2705 sui
3579 2665 3661 2705 esse
3675 2650 3726 2717 ju-

2258 2751 2470 2815 dicavit,
2496 2749 2683 2804 iisdem
2708 2747 2893 2803 eadem
2915 2747 3122 2801 ratione
3147 2760 3455 2808 occurrere;
3478 2752 3565 2796 tum
3585 2756 3649 2794 nec
3667 2738 3726 2792 Ca-

2262 2841 2577 2899 tholicorum
2621 2855 2937 2912 quemquam
2977 2838 3150 2908 decipi
3202 2838 3269 2892 ab
3314 2838 3375 2891 iis
3416 2845 3638 2907 pateretur,
3662 2841 3729 2883 tum

2261 2951 2328 2990 ne
2372 2936 2470 3006 ipsi
2514 2950 2573 2991 se
2612 2933 2695 2989 vel
2738 2946 2864 2987 suos
2892 2933 2945 2986 in
2986 2932 3075 2985 illo
3105 2930 3311 2985 nefario
3351 2944 3512 2983 errore
3536 2928 3728 2979 ﬁrmarent.

2262 3028 2391 3084 Illud
2419 3028 2597 3097 operis
2622 3026 2721 3096 ipsi
2749 3024 3082 3097 potissimum
3115 3021 3386 3075 Banifacio
3408 3022 3572 3074 mittere
3590 3012 3727 3069 consti-

2261 3120 2381 3186 tuit,
2410 3129 2467 3173 ut
2492 3117 2764 3180 illud,nan
2787 3125 2891 3169 tam
2918 3113 3154 3169 discendi
3183 3114 3349 3183 gratia
3377 3111 3728 3174 evolveret,th

2262 3209 2597 3265 examinandi
2619 3206 3065 3277 emendandique,
3091 3206 3301 3275 quoties
3323 3204 3372 3258 in
3396 3204 3539 3257 locum
3561 3200 3728 3266 aliquem,

2263 3302 2354 3373 qui
2380 3302 2482 3357 sibi
2509 3302 2685 3355 minus
2709 3298 3042 3370 probaretur,
3071 3296 3347 3351 incideret.
3382 3294 3496 3349 Dum
3518 3290 3571 3344 ibi
3590 3286 3730 3357 injuria-

2262 3408 2376 3449 sam
2423 3392 2607 3460 illam,
2636 3405 2740 3462 qua
2779 3404 2959 3445 secum
3004 3387 3231 3458 agebant
3276 3385 3542 3456 Pelagiani,
3566 3381 3732 3437 rationes

2263 3491 2645 3539 commemorat
2669 3500 2683 3536 :
2708 3482 2904 3553 Spero,
2933 3479 3133 3549 inquit,
3162 3478 3228 3533 de
3266 3477 3470 3531 Domino
3496 3473 3581 3526 Deo
3610 3478 3727 3530 nostri.

2263 3576 2398 3647 quod
2416 3592 2517 3629 non
2539 3575 2648 3628 sine
2670 3572 2915 3637 mercede,
2942 3586 3056 3641 qtae
3074 3570 3129 3624 in
3147 3568 3288 3625 cretis
3310 3578 3401 3634 est,
3421 3566 3489 3620 illi
3506 3580 3567 3617 me
3586 3563 3731 3615 lacerat

2264 3670 2410 3724 dente
2434 3666 2680 3722 maledico
2697 3707 2712 3732 ,
2741 3665 2920 3737 quibus
2944 3680 3024 3717 me
3054 3678 3145 3734 pro
3177 3662 3416 3732 parvulis,
3445 3676 3498 3712 ne
3519 3653 3651 3728 fallaci
3668 3652 3734 3703 las-

2265 3760 2431 3813 datori
2454 3756 2667 3829 Pelagio
2693 3756 2875 3826 perditi
2902 3754 3274 3826 relinquantur,
3300 3752 3385 3807 sed
3410 3748 3548 3805 veraci
3570 3738 3735 3801 Salratoti

2263 3852 2464 3908 Christo
2490 3850 2738 3905 liberandi
2768 3847 3076 3917 aﬂ'erantur,
3100 3864 3306 3919 oppono
3332 3846 3484 3920 (Cant.
3506 3842 3615 3896 Duas
3633 3834 3733 3905 Epid-

2266 3942 2447 4013 Pclag.
2467 3982 2486 4010 ,
2512 3941 2600 3997 lib.
2620 3942 2673 4009 1,
2699 3958 2788 3995 nn.
2808 3939 2866 4005 2,
3786 3960 3787 4007 γ

2337 4036 2389 4090 3.
2432 4034 2655 4105 Alypius
2677 4033 2729 4087 in
2750 4032 2953 4087 Italiam
2982 4032 3171 4086 iterum
3196 4031 3296 4086 sub
3320 4020 3733 4101 ejusdcmanniqla-
3786 4044 3787 4061 ξ

2267 4122 2667 4194 dringentesimi
2688 4121 2927 4193 vigesimi
2950 4121 3109 4177 linem
3132 4133 3222 4177 aut
3248 4121 3347 4176 sub
3368 4119 3573 4191 proxime
3588 4121 3735 4179 εαιιιωο
3786 4146 3787 4165 ι

2267 4216 2336 4269 tis
2378 4215 2583 4269 initium
2617 4213 2918 4283 trajiciens,
2949 4226 3115 4267 novas
3144 4212 3264 4266 illas
3290 4206 3540 4280 Augustini
3570 4201 3736 4283 adversus

2267 4307 2580 4377 Pelagianos
2604 4282 3019 4367 lucubrationes,
3051 4312 3277 4374 quatuor
3302 4302 3491 4357 scilicet
3522 4294 3571 4349 ad
3598 4282 3737 4345 Bonifa-

2267 4397 2406 4453 cium
2456 4396 2619 4450 libros
2664 4394 2869 4468 (Operis
2907 4394 3109 4465 imper].
3142 4393 3231 4447 lib.
3270 4394 3331 4459 1,
3359 4410 3408 4445 η.
3435 4387 3524 4458 85)
3545 4392 3582 4439 et
3606 4391 3739 4432 secun-

2267 4489 2391 4543 dum
2418 4487 2483 4542 ad
2514 4485 2779 4542 Valerium
2805 4529 2820 4551 ,
2848 4485 3053 4557 ;detulit
3085 4482 3279 4557 (Ibid.,
3306 4500 3356 4537 τι.
3384 4483 3452 4552 7).
3492 4476 3636 4532 Contra
3664 4479 3738 4521 m0

2268 4580 2581 4636 leStissimos
2626 4578 2870 4634 inimicos
2909 4578 3093 4646 gratia:
3131 4577 3223 4631 Dei
3262 4576 3438 4631 venire
3464 4582 3565 4625 tunc
3595 4570 3739 4619 necesse

2268 4678 2383 4725 erat
2400 4712 2415 4735 ,
2442 4668 2655 4740 quando
2685 4670 2737 4723 in
2766 4669 2869 4723 illis
2896 4669 3127 4723 maxime
3157 4667 3389 4738 partibus
3416 4659 3618 4718 haeresim
3643 4661 3739 4705 sum

2268 4759 2337 4814 ab
2366 4759 2581 4815 interitu
2618 4758 2893 4815 vindicare
2921 4758 3068 4815 omni
3107 4758 3283 4813 studio
3319 4755 3618 4811 conabantur.
3649 4742 3740 4796 ιιιυι

2270 4868 2400 4909 sane
2424 4851 2615 4924 Alypio
2644 4852 2727 4907 vel
2756 4853 2925 4907 solam
2949 4851 3032 4907 vel
3076 4851 3390 4923 prmcipuam
3416 4840 3625 4902 iteranda:
3644 4830 3738 4889 nati-

2267 4944 2496 5015 gationis
2518 4958 2732 5000 causam
2754 4942 2918 4999 fuisse
2936 4943 3175 4999 arbitrati
3204 4942 3297 5009 illi,
3316 4941 3431 4996 hinc
3455 4936 3511 4991 ad
3526 4933 3740 4990 obtrecuﬂ'

2271 5037 2398 5092 dum
2427 5035 2738 5091 orthodoxis
2766 5050 2949 5090 ansam
2978 5035 3333 5107 arripuerunt,
3355 5028 3527 5087 Juliani
3552 5021 3647 5080 stilo

2271 5128 2324 5182 in
2354 5142 2466 5182 rem
2492 5126 2803 5183 insolentius
2838 5104 3137 5183 abutentes.
3176 5122 3539 5181 Criminabatur
3563 5104 3741 5175 illeJll‘

2273 5220 2416 5290 pium
2446 5218 2546 5274 hac
2572 5218 2900 5289 profectione
2924 5219 3189 5289 octoginta
3216 5224 3268 5271 et
3295 5212 3504 5283 amplius
3525 5214 3657 5276 equos
3784 5236 3785 5249 χ

2274 5284 2454 5368 Africa
2476 5284 2743 5383 saginatas
2759 5310 2985 5366 tribunis
3011 5284 3288 5364 adduxisse
3319 5304 3488 5378 (Ibid.,
3508 5284 3743 5386 n.12l

2272 5419 2399 5459 vero
2423 5378 2614 5458 exinde
2639 5400 3007 5457 blandiebatur
3037 5402 3090 5455 in
3130 5398 3267 5454 hunc
3306 5394 3503 5451 modum
3526 5378 3743 5451 εΑιπριὶωί

2272 5514 2408 5552 mam
2434 5513 2540 5553 esse
2562 5496 2721 5551 nostri
2750 5495 2935 5566 negotii
2965 5494 3272 5566 dignitatem,
3306 5498 3356 5541 ut
3382 5488 3483 5555 ipsa
3507 5488 3645 5534 rerum

2272 5590 2511 5644 sideratio
2530 5597 2578 5643 et
2596 5564 2836 5659 appensio
2857 5564 3064 5651 indicat,
3078 5600 3200 5656 quas
3220 5590 3425 5642 tuemur,
3436 5576 3499 5629 ita
3512 5564 3746 5659 etime

2276 5696 2471 5751 pavor;
2499 5680 2585 5750 qui
2625 5688 2801 5734 contra
2852 5685 3137 5733 nostrorum
3174 5671 3470 5743 sanguinem,
