1929 3197
46 184 89 213 ες)
678 176 778 206 LIBER
797 177 961 207 OCTAVUS.

44 241 158 275 elatione,
166 237 336 266 hereditatum
346 237 469 273 largitate,
478 243 597 270 equorum
606 236 804 268 transmissione,

45 287 173 323 populorum
184 284 316 317 seditione,
327 286 474 318 potestatum
485 282 645 316 corruptione
657 286 805 317 pugnantes,

44 338 63 360 ει
79 331 143 366 [idem
157 334 269 361 uestram,
281 336 338 367 qua
350 336 367 355 a
381 328 451 355 nobis
472 328 635 364 impugnatur
645 348 653 361 ,
664 328 807 356 erubescitis

45 377 140 414 proﬁteri
148 375 234 411 (Oper.
244 374 313 410 Imp.
321 374 339 401 ι.
348 374 374 407 1,
385 382 412 400 n.
421 373 477 409 74).
486 375 525 401 Ac
534 378 593 409 post
606 374 687 401 multa
697 374 731 402 ad
738 382 808 402 eam-

43 424 92 450 dem
98 419 260 449 calumniandi
274 427 377 447 causam
385 426 506 447 reversus
514 428 522 446 :
529 418 581 447 Cur
588 427 658 455 ergo,
672 420 718 453 ait,
730 420 807 447 tantis

43 465 201 495 tatmltaliarn
207 464 354 500 factionibus
363 464 548 492 committis?
557 473 602 492 cur
608 465 741 493 seditiones
750 465 805 492 Ro-

44 511 200 539 mamudutis
212 510 313 544 populis
324 510 450 537 eacitastis
460 510 473 536 γ
485 517 530 537 cur
542 509 575 537 de
587 510 728 545 sumptibus
740 518 804 545 pau-

45 555 246 593 pmsaginastis
258 563 304 589 per
316 559 392 581 totam
406 562 471 590 parte
483 553 596 589 Africam
618 563 736 590 equorum
749 564 805 591 gre-

45 611 89 639 ges,
103 610 152 637 quos
171 604 330 635 prosequente
341 600 432 635 Alypio
454 600 561 627 tribunis
579 605 603 627 et
621 601 804 628 centurionibus

47 646 180 674 dati-auis!
191 653 234 671 cur
253 649 426 672 matronarum
440 645 530 672 oblatis
550 645 737 673 hereditatibus
757 655 805 681 po—

46 697 125 720 tatam
145 690 220 718 seculi
245 691 393 725 corrupisti:
405 711 412 723 ,
429 695 456 717 ut
482 691 509 718 in
530 699 576 718 nos
596 692 691 727 stipula
712 692 805 727 furoris

46 738 119 773 publici
134 736 243 763 arderet?
260 744 308 763 cur
327 736 470 772 dissipatis
489 736 662 764 Ecclesiarum
680 738 805 772 quietem?

46 791 79 810 cur
88 782 182 817 religiosi
193 781 322 817 Principis
337 786 450 816 tempora
463 784 664 817 persecutionum
678 784 805 818 impietate

47 827 180 854 manu
200 825 362 861 (lbid.,tib.
378 826 404 859 δ,
418 835 446 853 η.
464 827 521 862 35.)
547 827 600 855 Sed
623 828 804 863 impotentiam

45 873 136 902 hominis
145 877 218 908 atque
229 873 361 908 insignem
376 873 566 909 impudentiam
578 875 741 910 Augustinus
754 875 804 910 hac

43 920 185 955 responsione
197 919 313 946 reumdit
328 928 335 946 :
352 921 403 946 Aut
413 920 586 952 calumniaris,
595 925 639 947 aut
652 922 730 949 nescis
743 922 805 957 quid

43 967 134 1002 loquaris
144 974 152 993 :
161 970 180 993 et
190 965 243 993 ideo
253 969 300 993 aut
312 966 433 998 mendax,
444 970 488 993 aut
498 967 643 994 temerarius
655 968 704 995 ista
716 967 804 1002 loque-

44 1013 82 1039 ris.
100 1011 156 1045 Quid
168 1016 187 1038 te
205 1015 285 1038 autem
305 1011 420 1045 nequius,
435 1011 458 1038 si
471 1011 524 1038 hinc
544 1012 598 1046 ipse
613 1012 709 1046 [intristi
719 1013 732 1039 7
745 1012 805 1047 quid

43 1058 145 1091 stolidius,
156 1057 176 1084 si
182 1057 332 1092 ﬁngentibus
344 1057 472 1084 credidisti
483 1057 496 1083 Ρ
508 1056 526 1083 Ι
529 1066 568 1083 ατη
581 1066 638 1084 vero
652 1057 718 1092 quod
732 1059 805 1085 etiam

42 1103 126 1130 scribere
135 1110 202 1129 ausus
213 1110 254 1135 es,
275 1110 357 1136 neque
370 1102 461 1128 ueritus
481 1111 511 1128 ne
525 1102 557 1128 ad
570 1111 597 1129 ea
609 1104 663 1129 [om
677 1103 733 1129 libri
750 1112 805 1137 per-

42 1148 243 1182 vertirattlui,qua
260 1153 331 1174 terra
354 1148 464 1181 marique
485 1152 654 1174 transeuntem
677 1157 720 1175 seu
736 1150 804 1175 ueni-

43 1199 103 1220 entem
120 1193 230 1228 collegam
254 1201 342 1219 meum
361 1193 483 1227 Alypium
503 1198 678 1228 susceperunt,
695 1195 735 1220 ubi
758 1196 805 1229 legi

43 1238 169 1272 tpwtissiute
179 1242 222 1264 tua
235 1238 397 1272 [alsiloquia,
408 1238 462 1264 sine
475 1244 517 1264 tua
532 1238 655 1271 irrisione,
672 1239 709 1265 uel
724 1241 805 1273 potius

43 1283 187 1316 determine,
206 1291 257 1310 non
279 1289 406 1318 possunt;
428 1284 468 1310 cui
491 1292 540 1310 non
558 1284 613 1311 dico
633 1285 804 1320 impudentiae,

42 1329 190 1357 uddcoteutite
202 1330 477 1365 comparatur?(lbid.
490 1351 496 1361 ,
511 1331 553 1356 lib.
571 1331 596 1364 l,
609 1339 666 1365 cap.
683 1332 736 1366 42.)
756 1332 805 1359 De-

42 1374 100 1410 nique
109 1375 245 1410 improbam
254 1374 357 1402 Juliani
370 1375 534 1402 dicacitatem
548 1383 653 1403 rursum
664 1377 802 1411 castigans,

41 1421 80 1448 ait:
89 1421 148 1449 Sicut
157 1422 220 1456 falsa
233 1427 293 1449 sunt
307 1422 414 1448 crimina
424 1430 479 1457 quit
492 1422 579 1456 objicis
591 1423 660 1449 nobis
671 1432 678 1455 ,'
692 1424 725 1449 ita
740 1425 805 1459 falsa

43 1468 195 1503 “dogmata
206 1476 263 1503 qua
278 1468 375 1503 ﬁngitis
389 1468 455 1495 vobis
479 1467 566 1503 (Ibid.
578 1489 584 1501 ,
597 1469 640 1494 lib.
656 1469 670 1495 5
680 1489 687 1501 ,
702 1478 727 1494 ιι.
741 1469 802 1505 55).

13 1519 14 1555 ι
66 1514 86 1541 ι.
100 1514 205 1548 Quatuor
218 1514 320 1542 Juliani
334 1515 417 1541 libros
432 1515 550 1541 nondum
566 1515 668 1542 viderat
680 1517 804 1550 Augusti-

13 1568 14 1599 }
44 1567 143 1593 m,cutu
152 1557 241 1588 edrum
252 1565 382 1594 excerpta
395 1560 518 1587 refutavit
529 1569 534 1586 :
547 1560 593 1587 sed
607 1569 659 1587 non
674 1561 708 1587 ita
722 1562 803 1588 multo

13 1611 14 1623 π
44 1610 85 1639 ιω
94 1605 116 1633 in
127 1607 178 1641 ejus
186 1614 281 1634 manus
292 1606 357 1634 illos
370 1606 474 1633 venisse
485 1606 545 1633 hinc
557 1606 721 1641 intelligitur,
734 1608 803 1641 quod

13 1645 14 1652 “
43 1657 109 1678 totum
120 1652 326 1679 coniutationem
342 1652 464 1686 proxime
480 1655 539 1686 post
554 1652 634 1679 libros
649 1652 680 1678 ad
696 1652 802 1680 Bonifa-

13 1700 14 1724 1
43 1695 167 1730 dumponat
179 1697 411 1733 (Retractatianum
423 1697 466 1723 lib.
479 1697 506 1730 2,
518 1706 574 1731 cap.
587 1697 642 1732 62).
658 1698 803 1733 Episcopus

13 1742 14 1782 l
43 1740 122 1774 Mm
133 1742 250 1777 (Claudio
263 1750 364 1770 nomen
379 1747 437 1769 erat
445 1741 538 1778 [Ερὶδι.
548 1742 633 1779 207]),
644 1743 692 1770 hos
702 1744 734 1770 ad
742 1752 802 1771 cum

13 1805 14 1811 η
44 1785 162 1823 »ἥψω
174 1793 291 1823 peteret,
308 1788 390 1815 misit.
407 1789 536 1823 Acceptos
548 1789 625 1824 igitur
638 1795 742 1817 sanctus
752 1791 803 1818 Do-

13 1863 14 1866 η
43 1834 87 1858 utor
95 1832 173 1861 sedulo
183 1834 313 1867 excussit,
330 1841 361 1861 ac
382 1834 447 1861 tales
458 1834 570 1869 legendo
583 1835 696 1869 reperit,
713 1836 803 1870 quales

44 1883 216 1915 tuonumquam
227 1888 276 1909 eos
290 1880 415 1913 haberet,
427 1881 634 1914 existimaverat,
645 1881 745 1909 scilicet
755 1883 802 1909 fal-

44 1918 98 1952 liciis
107 1932 134 1953 ac
146 1927 288 1955 mendaciis
301 1926 416 1954 refertos
429 1935 434 1952 :
446 1931 472 1954 et
481 1935 544 1954 sane
556 1935 608 1954 non
620 1933 742 1963 poterant
752 1930 802 1957 nisi

46 1969 147 2003 ejusmodi
159 1973 217 2000 telis
230 1973 385 2006 veritatem,
402 1981 480 2008 quam
494 1974 691 2009 impugnabant,
706 1975 802 2002 adoriri

45 2014 128 2051 (Opem
139 2018 272 2054 imperfecti
288 2019 335 2047 lib.
353 2020 378 2052 1,
401 2028 426 2046 η.
447 2020 507 2055 i7).
521 2020 618 2047 Eadem
634 2021 675 2047 illa
692 2021 802 2049 lectione

45 2059 185 2095 «prehendit
196 2085 204 2098 ,
225 2069 353 2100 excerpta
372 2072 430 2099 quae
444 2065 493 2092 sibi
508 2066 615 2092 miserat
633 2066 759 2100 Valerius,
776 2068 801 2094 in

45 2107 151 2137 nonnullis
162 2110 193 2138 ab
206 2110 307 2138 Juliani
331 2118 410 2146 opere
426 2111 587 2146 discrepare.
608 2112 683 2140 Unde
705 2114 801 2141 veritus

44 2155 87 2183 (Ἧι,
98 2154 204 2190 neipsnm
222 2156 359 2188 Julianus,
374 2156 415 2183 vel
431 2157 497 2183 alius
510 2157 657 2191 quispiam,
672 2158 801 2193 vulgatam

45 2195 72 2223 ad
83 2202 301 2236 «responsionem
319 2202 495 2237 conspiciens,
511 2202 608 2230 fraudis
624 2211 697 2230 reum
713 2210 804 2239 ageret

47 2240 236 2275 (Παηωᾶοκιίηι
250 2248 296 2275 lib.
312 2247 340 2280 2,
354 2255 410 2282 cap.
426 2247 482 2282 62).
500 2247 557 2275 Non
570 2248 659 2275 omisit
670 2254 741 2276 certe
755 2249 801 2276 JI-

47 2285 144 2318 “quit!
153 2292 175 2320 ei
186 2294 306 2321 criminis
320 2286 524 2328 injuriosissime
538 2294 692 2330 impingere,
709 2303 802 2329 quam-

49 2332 81 2360 Vi!
90 2334 147 2364 illius
159 2338 356 2367 criminationes
371 2346 417 2373 per
431 2346 460 2366 se
475 2339 615 2367 confracta:
628 2345 784 2367 corruerent
796 2350 801 2367 :

48 2379 90 2408 imo
104 2390 158 2412 vero
175 2391 296 2414 sanctum
315 2386 456 2413 Doctorem
471 2394 522 2413 non
537 2386 650 2414 obscuro
664 2392 804 2421 excerpts-

26 2413 33 2463 :
49 2431 101 2462 Ml,
112 2429 195 2463 quibus
209 2430 392 2466 responderat,
407 2434 543 2458 auctorem
557 2413 804 2467 designabatr((.)pro-

49 2469 203 2511 liii-periodi
219 2477 263 2504 lib.
277 2477 309 2510 l,
329 2485 356 2504 η.
374 2476 406 2504 i9
416 2476 437 2512 ).
451 2477 491 2504 Ad
516 2477 703 2505 confutandum
729 2479 805 2513 igitur

50 2514 319 2557 mm,prmter
335 2523 403 2555 alia,
428 2523 506 2558 hujus
528 2523 607 2550 etiam
629 2525 805 2552 accusationis

51 2565 117 2591 ιιιιι
129 2572 184 2594 eum
202 2566 307 2602 impulit
324 2567 371 2595 :id
390 2573 478 2596 autem
498 2576 544 2596 sex
565 2569 638 2596 libris
661 2570 806 2598 luculenter

51 2608 155 2642 Mt.
173 2612 213 2641 Ac
233 2614 348 2649 primum
371 2615 476 2650 quidem
496 2615 557 2650 quia
577 2615 696 2644 Julianus
717 2617 743 2644 in
761 2625 806 2645 eos

52 2659 139 2691 ma,
154 2658 197 2694 qui
209 2665 243 2687 ex
257 2659 339 2687 Adam
358 2661 424 2688 trahi
443 2666 580 2696 peccatum
593 2662 719 2697 originale
734 2663 806 2690 dice-

52 2703 258 2744 Macarei-clm
274 2705 384 2742 impium
395 2707 599 2736 Manichreorum
615 2709 724 2744 dogma,
740 2709 807 2736 hanc

53 2743 225 2788 liminum
236 2759 354 2788 quosque
372 2753 498 2781 Ecclesia:
513 2754 604 2782 Patres
624 2743 743 2782 recidere
764 2763 808 2782 ca-

53 2787 155 2823 llibus
168 2796 280 2825 ostendit
290 2817 298 2832 ,
311 2787 399 2826 allatis
410 2800 437 2827 in
449 2807 507 2828 eam
522 2808 576 2828 rem
592 2805 643 2828 tam
656 2799 808 2828 Graecorum

55 2839 268 2883 Elimiam
275 2844 431 2873 testimoniis
443 2855 449 2872 :
464 2846 526 2881 quin
538 2847 616 2874 etiam
630 2847 712 2882 ipsius
723 2847 808 2883 potius

57 2879 134 2915 illi
147 2889 292 2918 “orariis
314 2879 480 2927 quibusdam
492 2894 629 2921 sententiis
640 2879 809 2923 'Manichrcos

209 2935 318 2968 Sacr.
336 2937 472 2970 Aususr.
493 2940 516 2971 Ι.

11 3091 281 3190 [ηρ-ιν...

1594 190 1647 217 522

859 235 978 271 adjuvari
989 236 1164 266 demonstrat.
1174 238 1311 269 Secundus
1319 242 1399 270 etiam
1412 243 1480 271 liber
1491 251 1526 273 ex
1537 245 1646 276 Patrum
1662 259 1666 269 ι

859 282 1008 316 sententiis,
1021 291 1080 318 quae
1091 283 1189 313 Juliani
1203 287 1312 322 argutiis
1324 295 1355 316 ac
1367 290 1537 325 sophismatis
1550 291 1588 320 ibi
1599 300 1648 329 op-

860 333 1004 363 ponuntur.
1018 334 1132 358 constat.
1143 331 1210 360 Cum
1222 336 1311 361 autem
1326 334 1488 370 Augustinus
1499 344 1644 373 vereretur,

860 378 891 402 ut
901 379 939 403 tot
951 379 1005 403 tam
1018 381 1172 405 sanctorum
1186 382 1293 414 tamque
1304 380 1467 410 eruditorum
1480 383 1586 412 Patrum
1597 393 1646 413 au-

859 420 972 448 ctoritati
985 421 1092 449 cederet
1103 421 1238 456 Julianus;
1254 423 1309 452 imo
1323 432 1409 460 neque
1421 426 1561 462 dubitaret,
1572 431 1646 465 'quin

858 466 938 494 etiam
949 467 1022 502 ipsos
1034 467 1083 496 hac
1093 468 1118 495 in
1132 476 1161 496 re
1171 476 1275 498 errasse
1281 470 1400 499 dicturus
1409 477 1495 507 esset;
1507 480 1646 510 propterea

858 519 893 539 ne
911 512 1053 548 quidquam
1071 521 1104 541 ex
1124 517 1180 541 toto
1201 515 1271 543 illius
1283 523 1364 550 opere
1376 524 1429 545 non
1443 519 1583 554 explosum
1597 522 1645 550 de—

858 560 1040 593 structumque
1055 563 1222 594 remaneret,
1244 560 1362 596 singulos
1376 567 1490 597 quatuor
1503 564 1600 593 Juliani
1614 568 1648 594 li-

857 602 921 631 bros
935 603 1045 639 singulis
1058 604 1168 633 totidem
1188 606 1244 634 suis
1263 607 1373 642 refellit,
1392 610 1530 643 exquisitis
1548 613 1648 641 conﬁr-

858 656 935 676 mans
945 651 1107 685 argumentis
1118 656 1145 678 et
1154 659 1244 679 veram
1254 660 1313 681 esse
1323 653 1468 683 doctrinam
1478 657 1646 693 catholicam,

858 698 886 721 et
897 694 1046 730 Pelagianis
1061 696 1165 731 placitis
1178 697 1383 727 Manichaeorum
1398 701 1520 730 heresim
1536 704 1646 733 stabiliri

860 738 967 775 (Contra
978 740 1121 774 lulianum,
1136 742 1180 770 lib.
1195 743 1221 777 3,
1234 752 1261 771 n.
1273 745 1311 779 Ι).
1320 744 1453 781 Principio
1468 748 1548 776 totius
1559 750 1648 785 operis

857 789 949 820 aperte
963 786 1118 821 proﬁtetur,
1131 796 1161 816 se
1173 788 1270 817 Juliani
1282 792 1457 820 contumelias
1470 801 1524 821 non
1539 802 1649 829 prorsus

857 834 1037 859 contemnere.
1047 832 1144 860 Verum
1155 834 1237 869 (quod
1245 834 1394 865 Catholicos
1404 837 1593 874 disputatores,
1602 843 1648 877 qui

857 883 873 902 a
892 877 984 912 gratiae
1005 878 1050 905 Dei
1070 879 1184 908 inimicis
1197 880 1266 908 male
1280 881 1420 916 habentur,
1435 884 1648 916 animadvertere

855 921 940 958 juvat)
956 929 1007 949 non
1020 923 1055 951 ob
1071 923 1143 952 aliud
1163 932 1224 953 sese
1236 925 1268 954 iis
1280 932 1442 955 commotum
1456 929 1580 965 declarat,
1596 933 1648 961 nisi

857 967 927 1001 quod
950 967 1012 995 inde
1034 968 1085 996 sibi
1109 970 1218 997 materia
1242 971 1419 1007 praeberetur,
1441 978 1496 1002 tum
1511 975 1608 1005 latitia:
1621 983 1648 1006 et

858 1013 1040 1041 exsultationis
1051 1020 1159 1050 propter
1166 1018 1315 1045 mercedem
1326 1026 1405 1054 quam
1416 1019 1530 1049 habebat
1542 1023 1649 1052 uberio-

857 1065 913 1086 rem
927 1059 953 1087 in
968 1060 1052 1093 celis,
1068 1064 1125 1089 tum
1143 1063 1265 1090 mmroris
1276 1068 1303 1091 et
1315 1064 1429 1093 tristitiao
1447 1073 1556 1102 propter
1574 1071 1648 1104 peri-

857 1104 945 1131 culum
955 1104 1060 1139 Juliani,
1075 1106 1151 1141 cujus
1164 1107 1248 1135 vicem
1263 1116 1317 1143 pra:
1331 1116 1378 1137 sua
1392 1110 1420 1137 in
1434 1119 1494 1139 eum
1504 1113 1645 1150 charitate,

857 1157 961 1179 necnon
969 1158 1061 1180 eorum
1070 1153 1115 1188 qui
1122 1153 1156 1181 ab
1164 1154 1209 1182 illo
1218 1154 1427 1190 decipiebantur,
1437 1157 1542 1186 dolebat
1551 1159 1575 1196 (1
1580 1161 1643 1194 bid,

857 1196 901 1223 tib.
915 1197 941 1230 1,
956 1206 984 1225 n.
1004 1198 1043 1232 l).
1059 1198 1134 1232 Quod
1150 1199 1183 1227 ad
1198 1201 1408 1229 monomachiam
1427 1204 1476 1231 sibi
1494 1205 1608 1233 oblatam
1629 1215 1646 1234 a

856 1242 960 1271 Iuliano
972 1244 1084 1279 attinet,
1104 1253 1163 1273 eam
1179 1246 1236 1281 ipse
1248 1238 1412 1283 nequaquam
1427 1254 1500 1284 putat
1512 1252 1644 1286 accipiens

857 1287 928 1315 dam.
944 1288 1025 1323 Absit,
1041 1289 1143 1326 inquit,
1157 1295 1185 1318 ut
1201 1292 1264 1319 mihi
1277 1293 1347 1328 apud
1360 1293 1503 1322 Catholicos
1519 1304 1644 1332 arrogem,

856 1334 924 1369 quod
934 1338 958 1362 te
969 1335 1013 1362 tibi
1024 1336 1094 1371 apud
1105 1335 1257 1373 Pelagianos
1277 1346 1397 1375 arrogare
1408 1348 1459 1367 non
1474 1342 1558 1376 pudet.
1573 1343 1646 1372 Unus

857 1387 913 1407 sum
926 1388 940 1407 e
953 1381 1048 1415 multis,
1062 1382 1106 1418 qui
1123 1384 1243 1419 profanas
1258 1389 1351 1412 vestras
1362 1387 1483 1414 novitates
1492 1408 1499 1421 ,
1516 1393 1542 1415 ut
1554 1398 1645 1423 possu-

857 1435 928 1459 mus,
942 1428 1081 1462 refutamus
1089 1449 1096 1462 ,
1111 1429 1175 1456 sicut
1187 1431 1320 1465 unicuique
1333 1436 1445 1460 nostrum
1456 1432 1525 1461 Deus
1538 1436 1645 1469 partitus

856 1477 893 1500 est
905 1481 1048 1501 mensuram
1060 1474 1120 1509 ﬁdei
1131 1474 1224 1510 (lbid.,
1235 1475 1279 1502 lib.
1291 1476 1318 1510 6,
1330 1485 1356 1504 n.
1366 1477 1423 1513 22).
1433 1478 1504 1506 Absit
1512 1484 1538 1506 ut
1548 1480 1581 1507 ad
1590 1490 1645 1508 mo-

857 1519 1014 1546 nomachiam
1027 1528 1069 1547 nos
1084 1528 1224 1555 provocem,
1239 1529 1319 1556 quos,
1333 1523 1480 1559 ubicumque
1491 1528 1643 1561 apparueri-

856 1565 898 1599 tis,
912 1566 1003 1601 ubique
1015 1566 1123 1600 diffusus
1137 1566 1230 1595 Christi
1239 1568 1345 1596 debellat
1355 1570 1492 1604 exercitus;
1506 1573 1548 1607 qui
1561 1572 1644 1600 debel-

856 1612 915 1639 lauit
927 1613 996 1647 apud
1010 1613 1188 1649 Carthaginem
1198 1614 1351 1650 Caelestium,
1361 1617 1461 1651 quando
1471 1617 1523 1644 illic
1533 1617 1586 1654 ipse
1594 1628 1645 1647 non

856 1666 942 1692 erant;
957 1663 980 1686 et
992 1668 1079 1687 rursus
1092 1659 1318 1696 Constantinopoli,
1330 1665 1382 1688 tam
1391 1662 1465 1698 longe
1476 1672 1493 1690 a
1504 1664 1646 1699 regionibus

855 1704 1002 1740 Africanis:
1014 1705 1058 1741 qui
1071 1705 1201 1733 debellauit
1221 1706 1248 1733 in
1267 1705 1407 1734 Paltestina
1426 1707 1578 1744 Pelagium,
1602 1711 1646 1738 ubi

855 1758 957 1777 causam
967 1756 1074 1778 vestram
1082 1759 1136 1779 ante
1143 1751 1311 1779 damnationis
1320 1753 1408 1780 timore
1414 1753 1541 1781 damnauit
1552 1754 1644 1791 (Ibid.,

855 1796 901 1823 tib.
913 1797 939 1830 5,
961 1805 987 1824 n.
1007 1796 1056 1833 4).
1084 1797 1112 1824 In
1132 1797 1218 1832 primo
1233 1797 1300 1825 libro
1316 1797 1469 1834 Hieronymi
1488 1801 1645 1828 commemi-

854 1842 894 1869 nit
918 1846 1041 1877 tanquam
1073 1842 1234 1870 mortalitate
1261 1842 1316 1877 jam
1348 1843 1465 1872 defuncti
1486 1844 1591 1880 (Ibid.,
1615 1855 1642 1874 n.

855 1887 921 1923 54).
943 1887 1023 1922 Atqui
1042 1891 1150 1916 sanctus
1173 1888 1217 1915 ille
1238 1888 1376 1924 presbyter
1395 1889 1465 1917 diem
1487 1890 1552 1918 obiit
1573 1899 1643 1920 anno

856 1937 957 1961 tantum
980 1933 1239 1969 quadringentesimo
1260 1934 1387 1969 vigesimo
1413 1935 1497 1970 pridie
1517 1935 1644 1965 kalendas

856 1980 973 2008 octobris
987 1989 994 2007 :
1009 1987 1061 2015 quo
1075 1980 1116 2013 lit,
1129 1984 1158 2007 ut
1170 1979 1251 2007 hosce
1264 1979 1345 2008 libros
1361 1980 1387 2007 in
1399 1988 1498 2008 anitum
1514 1982 1642 2017 quadrin—

856 2026 1032 2061 gentesimum
1054 2025 1208 2061 vigesimum
1235 2025 1349 2060 primum
1370 2026 1470 2054 referre
1488 2035 1540 2055 non
1563 2027 1642 2055 dubi-

854 2074 950 2099 ternus.

893 2116 920 2144 5.
931 2116 1106 2144 Consentiunt
1121 2115 1190 2143 inter
1202 2123 1231 2144 se
1245 2115 1447 2151 chronographi,
1460 2116 1643 2147 Constantium

859 2161 1045 2196 imperatorem
1066 2160 1174 2189 Honorii
1198 2161 1310 2189 levirum
1324 2168 1340 2189 e
1354 2161 1405 2189 vita
1423 2161 1473 2190 hoc
1492 2170 1561 2191 anno
1576 2172 1643 2199 qua-

859 2207 1067 2243 dringentesimo
1078 2207 1203 2243 vigesimo
1215 2207 1301 2242 primo
1311 2208 1449 2243 migrasse,
1463 2216 1523 2236 cum
1533 2210 1642 2238 omnino

858 2260 907 2281 sex
920 2261 1028 2281 menses
1042 2253 1207 2288 imperasset,
1223 2253 1335 2288 septimo
1347 2254 1491 2281 secundum
1504 2254 1642 2290 Olympio-

857 2297 951 2326 dorum
962 2298 1036 2326 inito.
1052 2298 1135 2333 Hujus
1148 2298 1216 2325 inter
1227 2298 1288 2332 alia,
1302 2306 1360 2333 quae
1370 2299 1411 2326 sui
1423 2306 1484 2334 erga
1496 2299 1643 2329 Ecclesium

858 2343 961 2371 ardoris
975 2343 1081 2378 reliquit
1090 2347 1269 2377 monumenta,
1280 2348 1367 2370 exstat
1376 2343 1533 2378 rescriptum
1543 2344 1576 2372 ad
1586 2344 1643 2373 Vo-

859 2389 990 2416 lnsianum
1005 2387 1157 2423 praefectum
1175 2387 1255 2422 Urbi,
1281 2392 1309 2416 ut
1329 2388 1413 2416 Roma
1429 2390 1543 2424 pellatur
1555 2390 1644 2420 Coele-

858 2434 934 2462 stius.
957 2433 1005 2462 Cui
1029 2433 1158 2469 rescripto
1184 2433 1342 2468 Yolusianus
1365 2434 1551 2470 obtemperans
1569 2436 1644 2472 jubet

861 2480 1025 2513 leestium,
1039 2487 1117 2515 quem
1131 2479 1227 2507 divinae
1238 2479 1299 2508 ﬁdei
1311 2486 1338 2508 et
1349 2480 1443 2516 quietis
1457 2482 1568 2517 publica:
1582 2490 1645 2518 per-

863 2527 1023 2555 turbatorem
1033 2526 1159 2561 appellat,
1172 2526 1256 2554 Roma
1266 2530 1345 2562 atque
1355 2527 1427 2555 omni
1440 2528 1525 2556 vicina
1537 2529 1647 2564 regione

859 2573 1002 2605 exturbari,
1017 2573 1217 2608 proscriptionis
1230 2580 1307 2608 paena
1322 2573 1384 2608 illis,
1397 2573 1442 2609 qui
1461 2575 1583 2604 eumdem
1598 2584 1645 2605 oc-

859 2618 1026 2652 cultaverint,
1041 2619 1178 2646 intentata.
1194 2618 1249 2646 Sub
1257 2618 1375 2653 ejusdem
1386 2619 1511 2655 principis
1524 2620 1645 2656 imperio,

860 2664 983 2692 tribunus
1004 2663 1111 2691 nomine
1134 2663 1218 2692 Ursus
1237 2664 1326 2691 omnia
1348 2664 1458 2693 aedilicia
1482 2666 1647 2694 celeberrimi

861 2710 950 2745 templi
963 2709 1086 2738 Caelestis
1094 2709 1155 2738 dere
1168 2710 1413 2745 Carthaginensium
1427 2710 1461 2738 ad
1476 2711 1645 2740 fundamenta

861 2762 944 2790 usque
957 2755 1054 2788 diruit,
1068 2762 1099 2783 ac
1113 2755 1199 2783 solum
1217 2754 1457 2791 illius‘sepcliendis
1472 2757 1582 2783 mortuis
1599 2756 1647 2784 de-
1677 2771 1682 2779 ι

861 2801 967 2828 stinavit
981 2800 1114 2837 (Prosper,
1128 2800 1160 2828 de
1172 2800 1404 2833 Prtedestinatione,
1419 2800 1462 2827 lib.
1475 2801 1501 2833 5,
1515 2808 1571 2835 cap.
1587 2800 1644 2837 58).

862 2846 925 2874 Hatc
942 2845 1012 2874 :edes
1028 2846 1082 2881 jam
1104 2845 1189 2873 fuerat
1210 2845 1366 2873 Christianis
1378 2844 1487 2876 tradita,
1502 2852 1604 2873 necnon
1617 2846 1645 2875 in

863 2892 1002 2921 ecclesiam
1016 2892 1050 2920 ab
1062 2892 1168 2920 Aurelio
1186 2895 1338 2919 consecrata
1359 2900 1366 2918 :
1388 2889 1434 2918 sed
1456 2889 1539 2918 nihilo
1560 2893 1647 2923 secius

1351 2935 1546 2978 (Dix-sept.)
