  <div class='ocr_page' id='page_1' title='image "/cluster/home/n/w/nwhite01/storage/ocr_20150623/32/uva.x000669813/271.png"; bbox 0 0 3858 6398; ppageno 0'>
   <div class='ocr_carea' id='block_1_1' title="bbox 521 474 2123 550">
    <p class='ocr_par' dir='ltr' id='par_1_1' title="bbox 521 474 2123 550">
     <span class='ocr_line' id='line_1_1' title="bbox 521 474 2123 550; baseline -0.004 -10"><span class='ocrx_word' id='word_1_1' title='bbox 521 483 769 541; x_wconf 67' lang='lat' dir='ltr'><strong>inﬁdeles</strong></span> <span class='ocrx_word' id='word_1_2' title='bbox 789 496 855 539; x_wconf 69' lang='lat' dir='ltr'><strong>ex</strong></span> <span class='ocrx_word' id='word_1_3' title='bbox 882 481 1002 536; x_wconf 74' lang='lat' dir='ltr'><strong>veni</strong></span> <span class='ocrx_word' id='word_1_4' title='bbox 1038 478 1314 550; x_wconf 76' lang='lat' dir='ltr'><strong>cujusdam</strong></span> <span class='ocrx_word' id='word_1_5' title='bbox 1356 474 1591 533; x_wconf 69' lang='lat' dir='ltr'><strong>vaticinii</strong></span> <span class='ocrx_word' id='word_1_6' title='bbox 1650 478 1964 534; x_wconf 69' lang='lat' dir='ltr'><strong>auctoritate</strong></span> <span class='ocrx_word' id='word_1_7' title='bbox 2010 478 2123 534; x_wconf 86' lang='lat' dir='ltr'><strong>fore</strong></span> 
     </span>
    </p>
   </div>
   <div class='ocr_carea' id='block_1_2' title="bbox 520 566 2124 647">
    <p class='ocr_par' dir='ltr' id='par_1_2' title="bbox 520 566 2124 647">
     <span class='ocr_line' id='line_1_2' title="bbox 520 566 2124 647; baseline -0.005 -14"><span class='ocrx_word' id='word_1_8' title='bbox 520 574 842 647; x_wconf 70' lang='lat' dir='ltr'><strong>sperabant,</strong></span> <span class='ocrx_word' id='word_1_9' title='bbox 884 581 944 627; x_wconf 89' lang='lat' dir='ltr'><strong>ut</strong></span> <span class='ocrx_word' id='word_1_10' title='bbox 981 571 1186 643; x_wconf 83' lang='lat' dir='ltr'><strong>priscas</strong></span> <span class='ocrx_word' id='word_1_11' title='bbox 1224 582 1350 626; x_wconf 81' lang='lat' dir='ltr'><strong>suas</strong></span> <span class='ocrx_word' id='word_1_12' title='bbox 1390 566 1799 640; x_wconf 80' lang='lat' dir='ltr'><strong>superstitiones</strong></span> <span class='ocrx_word' id='word_1_13' title='bbox 1836 570 2124 641; x_wconf 82' lang='lat' dir='ltr'><strong>aliquando</strong></span> 
     </span>
    </p>
   </div>
   <div class='ocr_carea' id='block_1_3' title="bbox 522 660 2125 735">
    <p class='ocr_par' dir='ltr' id='par_1_3' title="bbox 522 660 2125 735">
     <span class='ocr_line' id='line_1_3' title="bbox 522 660 2125 735; baseline -0.004 -12"><span class='ocrx_word' id='word_1_14' title='bbox 522 668 580 725; x_wconf 88' lang='lat' dir='ltr'><strong>in</strong></span> <span class='ocrx_word' id='word_1_15' title='bbox 626 669 727 722; x_wconf 69' lang='lat' dir='ltr'><strong>hoc</strong></span> <span class='ocrx_word' id='word_1_16' title='bbox 765 664 1001 735; x_wconf 82' lang='lat' dir='ltr'><strong>superbo</strong></span> <span class='ocrx_word' id='word_1_17' title='bbox 1033 661 1263 723; x_wconf 64' lang='lat' dir='ltr'><strong>adiﬁcio</strong></span> <span class='ocrx_word' id='word_1_18' title='bbox 1291 660 1559 717; x_wconf 77' lang='lat' dir='ltr'><strong>redivivas</strong></span> <span class='ocrx_word' id='word_1_19' title='bbox 1596 669 1915 727; x_wconf 83' lang='lat' dir='ltr'><strong>cernerent;</strong></span> <span class='ocrx_word' id='word_1_20' title='bbox 1963 669 2125 732; x_wconf 82' lang='lat' dir='ltr'><strong>atque</strong></span> 
     </span>
    </p>
   </div>
   <div class='ocr_carea' id='block_1_4' title="bbox 522 754 2127 826">
    <p class='ocr_par' dir='ltr' id='par_1_4' title="bbox 522 754 2127 826">
     <span class='ocr_line' id='line_1_4' title="bbox 522 754 2127 826; baseline -0.002 -12"><span class='ocrx_word' id='word_1_21' title='bbox 522 757 659 814; x_wconf 86' lang='lat' dir='ltr'><strong>adeo</strong></span> <span class='ocrx_word' id='word_1_22' title='bbox 685 770 967 813; x_wconf 80' lang='lat' dir='ltr'><strong>necessum</strong></span> <span class='ocrx_word' id='word_1_23' title='bbox 989 763 1125 823; x_wconf 83' lang='lat' dir='ltr'><strong>erat,</strong></span> <span class='ocrx_word' id='word_1_24' title='bbox 1153 762 1213 810; x_wconf 91' lang='lat' dir='ltr'><strong>ut</strong></span> <span class='ocrx_word' id='word_1_25' title='bbox 1242 754 1384 811; x_wconf 84' lang='lat' dir='ltr'><strong>Deus</strong></span> <span class='ocrx_word' id='word_1_26' title='bbox 1406 754 1544 811; x_wconf 79' lang='lat' dir='ltr'><strong>bene</strong></span> <span class='ocrx_word' id='word_1_27' title='bbox 1568 754 1675 811; x_wconf 86' lang='lat' dir='ltr'><strong>illis</strong></span> <span class='ocrx_word' id='word_1_28' title='bbox 1702 755 1950 811; x_wconf 74' lang='lat' dir='ltr'><strong>ﬁduciam</strong></span> <span class='ocrx_word' id='word_1_29' title='bbox 1970 768 2127 826; x_wconf 65' lang='lat' dir='ltr'><strong>proro</strong></span> 
     </span>
    </p>
   </div>
   <div class='ocr_carea' id='block_1_5' title="bbox 522 852 927 911">
    <p class='ocr_par' dir='ltr' id='par_1_5' title="bbox 522 852 927 911">
     <span class='ocr_line' id='line_1_5' title="bbox 522 852 927 911; baseline -0.007 -2"><span class='ocrx_word' id='word_1_30' title='bbox 522 866 618 909; x_wconf 86' lang='lat' dir='ltr'><strong>sus</strong></span> <span class='ocrx_word' id='word_1_31' title='bbox 644 852 927 911; x_wconf 74' lang='lat' dir='ltr'><strong>adimeret.</strong></span> 
     </span>
    </p>
   </div>
   <div class='ocr_carea' id='block_1_6' title="bbox 1169 940 1524 999">
    <p class='ocr_par' dir='ltr' id='par_1_6' title="bbox 1169 940 1524 999">
     <span class='ocr_line' id='line_1_6' title="bbox 1169 940 1524 999; baseline 0 -2"><span class='ocrx_word' id='word_1_32' title='bbox 1169 940 1399 999; x_wconf 78' lang='lat' dir='ltr'><strong>CAPUT</strong></span> <span class='ocrx_word' id='word_1_33' title='bbox 1435 942 1524 997; x_wconf 89' lang='grc'><strong>111.</strong></span> 
     </span>
    </p>
   </div>
   <div class='ocr_carea' id='block_1_7' title="bbox 521 1034 2119 1107">
    <p class='ocr_par' dir='ltr' id='par_1_7' title="bbox 521 1034 2119 1107">
     <span class='ocr_line' id='line_1_7' title="bbox 521 1034 2119 1107; baseline -0.004 -13"><span class='ocrx_word' id='word_1_34' title='bbox 521 1039 549 1094; x_wconf 73' lang='grc'><strong>1</strong></span> <span class='ocrx_word' id='word_1_35' title='bbox 587 1036 846 1093; x_wconf 75' lang='lat' dir='ltr'><strong>Nonnulli</strong></span> <span class='ocrx_word' id='word_1_36' title='bbox 876 1035 1274 1090; x_wconf 63' lang='lat' dir='ltr'><strong>Manicheam</strong></span> <span class='ocrx_word' id='word_1_37' title='bbox 1297 1035 1475 1089; x_wconf 82' lang='lat' dir='ltr'><strong>detecti</strong></span> <span class='ocrx_word' id='word_1_38' title='bbox 1499 1034 1821 1107; x_wconf 76' lang='lat' dir='ltr'><strong>Carthagine.</strong></span> <span class='ocrx_word' id='word_1_39' title='bbox 1867 1035 1905 1091; x_wconf 71' lang='lat'><strong>2</strong></span> <span class='ocrx_word' id='word_1_40' title='bbox 1947 1034 2119 1089; x_wconf 80' lang='lat' dir='ltr'><strong>Victo-</strong></span> 
     </span>
    </p>
   </div>
   <div class='ocr_carea' id='block_1_8' title="bbox 490 1122 2119 1199">
    <p class='ocr_par' dir='ltr' id='par_1_8' title="bbox 490 1122 2119 1199">
     <span class='ocr_line' id='line_1_8' title="bbox 490 1122 2119 1199; baseline -0.002 -13"><span class='ocrx_word' id='word_1_41' title='bbox 490 1122 507 1185; x_wconf 72' lang='lat' dir='ltr'><strong>i</strong></span> <span class='ocrx_word' id='word_1_42' title='bbox 600 1133 775 1185; x_wconf 69' lang='lat' dir='ltr'><strong>rinam</strong></span> <span class='ocrx_word' id='word_1_43' title='bbox 818 1129 1159 1183; x_wconf 70' lang='lat' dir='ltr'><strong>Hanka</strong></span> <span class='ocrx_word' id='word_1_44' title='bbox 1204 1127 1341 1199; x_wconf 63' lang='lat' dir='ltr'><strong>dicit</strong></span> <span class='ocrx_word' id='word_1_45' title='bbox 1367 1128 1695 1199; x_wconf 73' lang='lat' dir='ltr'><strong>Augustinus.</strong></span> <span class='ocrx_word' id='word_1_46' title='bbox 1726 1128 1762 1183; x_wconf 81' lang='lat'><strong>5</strong></span> <span class='ocrx_word' id='word_1_47' title='bbox 1785 1126 2119 1183; x_wconf 72' lang='lat' dir='ltr'><strong>Enchiridion</strong></span> 
     </span>
    </p>
   </div>
   <div class='ocr_carea' id='block_1_9' title="bbox 457 1220 2121 1298">
    <p class='ocr_par' dir='ltr' id='par_1_9' title="bbox 457 1220 2121 1298">
     <span class='ocr_line' id='line_1_9' title="bbox 457 1220 2121 1298; baseline -0.004 -17"><span class='ocrx_word' id='word_1_48' title='bbox 457 1222 466 1230; x_wconf 84' lang='grc'><em>’</em></span> <span class='ocrx_word' id='word_1_49' title='bbox 593 1227 649 1281; x_wconf 81' lang='lat' dir='ltr'><strong>in</strong></span> <span class='ocrx_word' id='word_1_50' title='bbox 672 1226 891 1298; x_wconf 75' lang='lat' dir='ltr'><strong>gratiam</strong></span> <span class='ocrx_word' id='word_1_51' title='bbox 911 1222 1173 1277; x_wconf 72' lang='lat' dir='ltr'><strong>Laurentii</strong></span> <span class='ocrx_word' id='word_1_52' title='bbox 1200 1221 1471 1291; x_wconf 77' lang='lat' dir='ltr'><strong>componit.</strong></span> <span class='ocrx_word' id='word_1_53' title='bbox 1506 1223 1538 1277; x_wconf 72' lang='grc'><strong>4</strong></span> <span class='ocrx_word' id='word_1_54' title='bbox 1570 1220 1790 1276; x_wconf 72' lang='lat' dir='ltr'><strong>Paulino</strong></span> <span class='ocrx_word' id='word_1_55' title='bbox 1810 1238 1921 1276; x_wconf 79' lang='lat' dir='ltr'><strong>eum</strong></span> <span class='ocrx_word' id='word_1_56' title='bbox 1941 1236 2121 1276; x_wconf 79' lang='lat' dir='ltr'><strong>consu-</strong></span> 
     </span>
    </p>
   </div>
   <div class='ocr_carea' id='block_1_10' title="bbox 595 1310 2122 1384">
    <p class='ocr_par' dir='ltr' id='par_1_10' title="bbox 595 1310 2122 1384">
     <span class='ocr_line' id='line_1_10' title="bbox 595 1310 2122 1384; baseline -0.005 -12"><span class='ocrx_word' id='word_1_57' title='bbox 595 1317 717 1372; x_wconf 75' lang='lat' dir='ltr'><strong>lenti</strong></span> <span class='ocrx_word' id='word_1_58' title='bbox 730 1314 903 1371; x_wconf 78' lang='lat' dir='ltr'><strong>scribit</strong></span> <span class='ocrx_word' id='word_1_59' title='bbox 929 1314 1113 1368; x_wconf 81' lang='lat' dir='ltr'><strong>librum</strong></span> <span class='ocrx_word' id='word_1_60' title='bbox 1136 1313 1201 1367; x_wconf 84' lang='lat' dir='ltr'><strong>de</strong></span> <span class='ocrx_word' id='word_1_61' title='bbox 1212 1312 1348 1369; x_wconf 85' lang='lat' dir='ltr'><strong>Cura</strong></span> <span class='ocrx_word' id='word_1_62' title='bbox 1371 1329 1463 1384; x_wconf 88' lang='lat' dir='ltr'><strong>pro</strong></span> <span class='ocrx_word' id='word_1_63' title='bbox 1487 1313 1699 1367; x_wconf 84' lang='lat' dir='ltr'><strong>mortuis</strong></span> <span class='ocrx_word' id='word_1_64' title='bbox 1720 1313 1957 1384; x_wconf 80' lang='lat' dir='ltr'><strong>gerendo.</strong></span> <span class='ocrx_word' id='word_1_65' title='bbox 1980 1312 2014 1368; x_wconf 83' lang='lat'><strong>5</strong></span> <span class='ocrx_word' id='word_1_66' title='bbox 2039 1310 2122 1365; x_wconf 77' lang='lat' dir='ltr'><strong>Ad</strong></span> 
     </span>
    </p>
   </div>
   <div class='ocr_carea' id='block_1_11' title="bbox 597 1402 1589 1477">
    <p class='ocr_par' dir='ltr' id='par_1_11' title="bbox 597 1402 1589 1477">
     <span class='ocr_line' id='line_1_11' title="bbox 597 1402 1589 1477; baseline -0.008 -14"><span class='ocrx_word' id='word_1_67' title='bbox 597 1417 710 1463; x_wconf 81' lang='lat' dir='ltr'><strong>octo</strong></span> <span class='ocrx_word' id='word_1_68' title='bbox 732 1406 1032 1477; x_wconf 64' lang='lat' dir='ltr'><strong>quastione:</strong></span> <span class='ocrx_word' id='word_1_69' title='bbox 1061 1402 1277 1457; x_wconf 78' lang='lat' dir='ltr'><strong>Dutcitii</strong></span> <span class='ocrx_word' id='word_1_70' title='bbox 1304 1404 1589 1475; x_wconf 75' lang='lat' dir='ltr'><strong>respondet.</strong></span> 
     </span>
    </p>
   </div>
   <div class='ocr_carea' id='block_1_12' title="bbox 595 1493 2116 1569">
    <p class='ocr_par' dir='ltr' id='par_1_12' title="bbox 595 1493 2116 1569">
     <span class='ocr_line' id='line_1_12' title="bbox 595 1493 2116 1569; baseline -0.004 -13"><span class='ocrx_word' id='word_1_71' title='bbox 595 1502 647 1557; x_wconf 81' lang='lat' dir='ltr'><strong>l.</strong></span> <span class='ocrx_word' id='word_1_72' title='bbox 680 1500 759 1555; x_wconf 80' lang='lat' dir='ltr'><strong>Ex</strong></span> <span class='ocrx_word' id='word_1_73' title='bbox 783 1497 1027 1569; x_wconf 74' lang='lat' dir='ltr'><strong>proxime</strong></span> <span class='ocrx_word' id='word_1_74' title='bbox 1059 1496 1220 1550; x_wconf 82' lang='lat' dir='ltr'><strong>aliato</strong></span> <span class='ocrx_word' id='word_1_75' title='bbox 1247 1495 1496 1565; x_wconf 78' lang='lat' dir='ltr'><strong>ProSperi</strong></span> <span class='ocrx_word' id='word_1_76' title='bbox 1538 1494 1658 1551; x_wconf 89' lang='lat' dir='ltr'><strong>loco</strong></span> <span class='ocrx_word' id='word_1_77' title='bbox 1680 1536 1695 1561; x_wconf 92' lang='lat'><strong>,</strong></span> <span class='ocrx_word' id='word_1_78' title='bbox 1737 1494 1878 1550; x_wconf 90' lang='lat' dir='ltr'><strong>unde</strong></span> <span class='ocrx_word' id='word_1_79' title='bbox 1920 1493 2116 1550; x_wconf 82' lang='lat' dir='ltr'><strong>Ursum</strong></span> 
     </span>
    </p>
   </div>
   <div class='ocr_carea' id='block_1_13' title="bbox 523 1584 2115 1659">
    <p class='ocr_par' dir='ltr' id='par_1_13' title="bbox 523 1584 2115 1659">
     <span class='ocr_line' id='line_1_13' title="bbox 523 1584 2115 1659; baseline -0.004 -11"><span class='ocrx_word' id='word_1_80' title='bbox 523 1591 793 1648; x_wconf 79' lang='lat' dir='ltr'><strong>tribunum</strong></span> <span class='ocrx_word' id='word_1_81' title='bbox 818 1589 872 1645; x_wconf 97' lang='lat' dir='ltr'><strong>id</strong></span> <span class='ocrx_word' id='word_1_82' title='bbox 904 1588 1160 1659; x_wconf 89' lang='lat' dir='ltr'><strong>temporis</strong></span> <span class='ocrx_word' id='word_1_83' title='bbox 1188 1588 1241 1641; x_wconf 92' lang='lat' dir='ltr'><strong>in</strong></span> <span class='ocrx_word' id='word_1_84' title='bbox 1272 1584 1450 1641; x_wconf 79' lang='lat' dir='ltr'><strong>Africa</strong></span> <span class='ocrx_word' id='word_1_85' title='bbox 1477 1584 1689 1656; x_wconf 86' lang='lat' dir='ltr'><strong>degisse</strong></span> <span class='ocrx_word' id='word_1_86' title='bbox 1713 1584 2001 1655; x_wconf 78' lang='lat' dir='ltr'><strong>discimus,</strong></span> <span class='ocrx_word' id='word_1_87' title='bbox 2032 1585 2115 1641; x_wconf 88' lang='lat' dir='ltr'><strong>in-</strong></span> 
     </span>
    </p>
   </div>
   <div class='ocr_carea' id='block_1_14' title="bbox 522 1676 2117 1757">
    <p class='ocr_par' dir='ltr' id='par_1_14' title="bbox 522 1676 2117 1757">
     <span class='ocr_line' id='line_1_14' title="bbox 522 1676 2117 1757; baseline -0.006 -15"><span class='ocrx_word' id='word_1_88' title='bbox 522 1700 688 1757; x_wconf 81' lang='lat' dir='ltr'><strong>super</strong></span> <span class='ocrx_word' id='word_1_89' title='bbox 713 1683 1090 1746; x_wconf 82' lang='lat' dir='ltr'><strong>admonemur,</strong></span> <span class='ocrx_word' id='word_1_90' title='bbox 1132 1686 1192 1735; x_wconf 89' lang='lat' dir='ltr'><strong>ut</strong></span> <span class='ocrx_word' id='word_1_91' title='bbox 1233 1695 1351 1750; x_wconf 76' lang='lat' dir='ltr'><strong>qua:</strong></span> <span class='ocrx_word' id='word_1_92' title='bbox 1390 1677 1597 1733; x_wconf 79' lang='lat' dir='ltr'><strong>ibidem</strong></span> <span class='ocrx_word' id='word_1_93' title='bbox 1634 1677 1774 1733; x_wconf 88' lang='lat' dir='ltr'><strong>circa</strong></span> <span class='ocrx_word' id='word_1_94' title='bbox 1797 1676 2117 1734; x_wconf 68' lang='lat' dir='ltr'><strong>Manichmos</strong></span> 
     </span>
    </p>
   </div>
   <div class='ocr_carea' id='block_1_15' title="bbox 520 1768 2113 1847">
    <p class='ocr_par' dir='ltr' id='par_1_15' title="bbox 520 1768 2113 1847">
     <span class='ocr_line' id='line_1_15' title="bbox 520 1768 2113 1847; baseline -0.006 -15"><span class='ocrx_word' id='word_1_95' title='bbox 520 1776 681 1847; x_wconf 78' lang='lat' dir='ltr'><strong>hujus</strong></span> <span class='ocrx_word' id='word_1_96' title='bbox 710 1775 877 1845; x_wconf 81' lang='lat' dir='ltr'><strong>ipsius</strong></span> <span class='ocrx_word' id='word_1_97' title='bbox 906 1772 1029 1830; x_wconf 87' lang='lat' dir='ltr'><strong>Ursi</strong></span> <span class='ocrx_word' id='word_1_98' title='bbox 1068 1786 1230 1842; x_wconf 81' lang='lat' dir='ltr'><strong>opera</strong></span> <span class='ocrx_word' id='word_1_99' title='bbox 1269 1778 1417 1843; x_wconf 89' lang='lat' dir='ltr'><strong>gesta</strong></span> <span class='ocrx_word' id='word_1_100' title='bbox 1460 1774 1623 1835; x_wconf 88' lang='lat' dir='ltr'><strong>sunt,</strong></span> <span class='ocrx_word' id='word_1_101' title='bbox 1673 1768 1761 1824; x_wconf 88' lang='lat' dir='ltr'><strong>hic</strong></span> <span class='ocrx_word' id='word_1_102' title='bbox 1801 1770 2113 1825; x_wconf 88' lang='lat' dir='ltr'><strong>referamus.</strong></span> 
     </span>
    </p>
   </div>
   <div class='ocr_carea' id='block_1_16' title="bbox 520 1861 2117 1937">
    <p class='ocr_par' dir='ltr' id='par_1_16' title="bbox 520 1861 2117 1937">
     <span class='ocr_line' id='line_1_16' title="bbox 520 1861 2117 1937; baseline -0.004 -14"><span class='ocrx_word' id='word_1_103' title='bbox 520 1867 656 1924; x_wconf 88' lang='lat' dir='ltr'><strong>Cum</strong></span> <span class='ocrx_word' id='word_1_104' title='bbox 686 1867 796 1933; x_wconf 89' lang='lat' dir='ltr'><strong>ille,</strong></span> <span class='ocrx_word' id='word_1_105' title='bbox 826 1881 985 1937; x_wconf 88' lang='lat' dir='ltr'><strong>quem</strong></span> <span class='ocrx_word' id='word_1_106' title='bbox 1012 1877 1125 1920; x_wconf 90' lang='lat' dir='ltr'><strong>non</strong></span> <span class='ocrx_word' id='word_1_107' title='bbox 1151 1862 1313 1919; x_wconf 90' lang='lat' dir='ltr'><strong>modo</strong></span> <span class='ocrx_word' id='word_1_108' title='bbox 1334 1861 1625 1928; x_wconf 84' lang='lat' dir='ltr'><strong>tribunum,</strong></span> <span class='ocrx_word' id='word_1_109' title='bbox 1645 1877 1831 1918; x_wconf 87' lang='lat' dir='ltr'><strong>verum</strong></span> <span class='ocrx_word' id='word_1_110' title='bbox 1851 1861 2010 1917; x_wconf 88' lang='lat' dir='ltr'><strong>etiam</strong></span> <span class='ocrx_word' id='word_1_111' title='bbox 2034 1877 2117 1918; x_wconf 90' lang='lat' dir='ltr'><strong>re-</strong></span> 
     </span>
    </p>
   </div>
   <div class='ocr_carea' id='block_1_17' title="bbox 526 1953 2115 2032">
    <p class='ocr_par' dir='ltr' id='par_1_17' title="bbox 526 1953 2115 2032">
     <span class='ocr_line' id='line_1_17' title="bbox 526 1953 2115 2032; baseline -0.004 -16"><span class='ocrx_word' id='word_1_112' title='bbox 526 1959 629 2031; x_wconf 70' lang='lat' dir='ltr'><strong>gite</strong></span> <span class='ocrx_word' id='word_1_113' title='bbox 649 1959 844 2015; x_wconf 89' lang='lat' dir='ltr'><strong>domus</strong></span> <span class='ocrx_word' id='word_1_114' title='bbox 860 1965 1257 2032; x_wconf 82' lang='lat' dir='ltr'><strong>procuratorem</strong></span> <span class='ocrx_word' id='word_1_115' title='bbox 1273 1963 1598 2025; x_wconf 89' lang='lat' dir='ltr'><strong>nuncupant,</strong></span> <span class='ocrx_word' id='word_1_116' title='bbox 1623 1953 1780 2010; x_wconf 83' lang='lat' dir='ltr'><strong>fidem</strong></span> <span class='ocrx_word' id='word_1_117' title='bbox 1802 1954 2115 2009; x_wconf 78' lang='lat' dir='ltr'><strong>catholicam</strong></span> 
     </span>
    </p>
   </div>
   <div class='ocr_carea' id='block_1_18' title="bbox 520 2048 2112 2125">
    <p class='ocr_par' dir='ltr' id='par_1_18' title="bbox 520 2048 2112 2125">
     <span class='ocr_line' id='line_1_18' title="bbox 520 2048 2112 2125; baseline -0.006 -17"><span class='ocrx_word' id='word_1_118' title='bbox 520 2052 897 2125; x_wconf 82' lang='lat' dir='ltr'><strong>profiteretur,</strong></span> <span class='ocrx_word' id='word_1_119' title='bbox 944 2050 1268 2121; x_wconf 86' lang='lat' dir='ltr'><strong>interceptos</strong></span> <span class='ocrx_word' id='word_1_120' title='bbox 1320 2048 1519 2118; x_wconf 84' lang='lat' dir='ltr'><strong>aliquot</strong></span> <span class='ocrx_word' id='word_1_121' title='bbox 1559 2061 1590 2101; x_wconf 93' lang='lat' dir='ltr'><strong>e</strong></span> <span class='ocrx_word' id='word_1_122' title='bbox 1626 2059 1850 2100; x_wconf 90' lang='lat' dir='ltr'><strong>numero</strong></span> <span class='ocrx_word' id='word_1_123' title='bbox 1886 2059 2073 2100; x_wconf 90' lang='lat' dir='ltr'><strong>eorum</strong></span> <span class='ocrx_word' id='word_1_124' title='bbox 2097 2088 2112 2114; x_wconf 95' lang='lat'><strong>,</strong></span> 
     </span>
    </p>
   </div>
   <div class='ocr_carea' id='block_1_19' title="bbox 520 2135 2115 2216">
    <p class='ocr_par' dir='ltr' id='par_1_19' title="bbox 520 2135 2115 2216">
     <span class='ocr_line' id='line_1_19' title="bbox 520 2135 2115 2216; baseline -0.006 -16"><span class='ocrx_word' id='word_1_125' title='bbox 520 2160 656 2216; x_wconf 89' lang='lat' dir='ltr'><strong>quos</strong></span> <span class='ocrx_word' id='word_1_126' title='bbox 700 2142 913 2199; x_wconf 88' lang='lat' dir='ltr'><strong>Eiectos</strong></span> <span class='ocrx_word' id='word_1_127' title='bbox 941 2150 1101 2211; x_wconf 89' lang='lat' dir='ltr'><strong>atque</strong></span> <span class='ocrx_word' id='word_1_128' title='bbox 1145 2138 1358 2195; x_wconf 77' lang='lat' dir='ltr'><strong>Electus</strong></span> <span class='ocrx_word' id='word_1_129' title='bbox 1392 2136 1656 2193; x_wconf 87' lang='lat' dir='ltr'><strong>vocabant</strong></span> <span class='ocrx_word' id='word_1_130' title='bbox 1702 2135 1977 2191; x_wconf 75' lang='lat' dir='ltr'><strong>Manichzei</strong></span> <span class='ocrx_word' id='word_1_131' title='bbox 2001 2178 2015 2201; x_wconf 93' lang='lat'><strong>,</strong></span> <span class='ocrx_word' id='word_1_132' title='bbox 2061 2135 2115 2190; x_wconf 91' lang='lat' dir='ltr'><strong>in</strong></span> 
     </span>
    </p>
   </div>
   <div class='ocr_carea' id='block_1_20' title="bbox 517 2227 2115 2310">
    <p class='ocr_par' dir='ltr' id='par_1_20' title="bbox 517 2227 2115 2310">
     <span class='ocr_line' id='line_1_20' title="bbox 517 2227 2115 2310; baseline -0.008 -16"><span class='ocrx_word' id='word_1_133' title='bbox 517 2238 710 2310; x_wconf 87' lang='lat' dir='ltr'><strong>quibus</strong></span> <span class='ocrx_word' id='word_1_134' title='bbox 731 2245 845 2292; x_wconf 85' lang='lat' dir='ltr'><strong>erat</strong></span> <span class='ocrx_word' id='word_1_135' title='bbox 866 2234 1043 2307; x_wconf 88' lang='lat' dir='ltr'><strong>puella</strong></span> <span class='ocrx_word' id='word_1_136' title='bbox 1066 2231 1311 2304; x_wconf 74' lang='lat' dir='ltr'><strong>quzcdam</strong></span> <span class='ocrx_word' id='word_1_137' title='bbox 1339 2230 1556 2286; x_wconf 88' lang='lat' dir='ltr'><strong>nomine</strong></span> <span class='ocrx_word' id='word_1_138' title='bbox 1576 2228 1854 2299; x_wconf 81' lang='lat' dir='ltr'><strong>Margarlta</strong></span> <span class='ocrx_word' id='word_1_139' title='bbox 1879 2227 2115 2283; x_wconf 90' lang='lat' dir='ltr'><strong>nondum</strong></span> 
     </span>
    </p>
   </div>
   <div class='ocr_carea' id='block_1_21' title="bbox 514 2319 2114 2391">
    <p class='ocr_par' dir='ltr' id='par_1_21' title="bbox 514 2319 2114 2391">
     <span class='ocr_line' id='line_1_21' title="bbox 514 2319 2114 2391; baseline -0.008 -4"><span class='ocrx_word' id='word_1_140' title='bbox 514 2339 640 2388; x_wconf 85' lang='lat' dir='ltr'><strong>nata</strong></span> <span class='ocrx_word' id='word_1_141' title='bbox 667 2344 836 2385; x_wconf 88' lang='lat' dir='ltr'><strong>annos</strong></span> <span class='ocrx_word' id='word_1_142' title='bbox 864 2326 1164 2391; x_wconf 85' lang='lat' dir='ltr'><strong>duodecim,</strong></span> <span class='ocrx_word' id='word_1_143' title='bbox 1190 2334 1244 2380; x_wconf 89' lang='lat' dir='ltr'><strong>et</strong></span> <span class='ocrx_word' id='word_1_144' title='bbox 1272 2322 1503 2380; x_wconf 77' lang='lat' dir='ltr'><strong>Eusebia</strong></span> <span class='ocrx_word' id='word_1_145' title='bbox 1534 2319 1779 2391; x_wconf 65' lang='lat' dir='ltr'><strong>quaedam</strong></span> <span class='ocrx_word' id='word_1_146' title='bbox 1810 2320 1963 2391; x_wconf 87' lang='lat' dir='ltr'><strong>quasi</strong></span> <span class='ocrx_word' id='word_1_147' title='bbox 1988 2334 2114 2375; x_wconf 82' lang='lat' dir='ltr'><strong>san-</strong></span> 
     </span>
    </p>
   </div>
   <div class='ocr_carea' id='block_1_22' title="bbox 516 2410 2110 2487">
    <p class='ocr_par' dir='ltr' id='par_1_22' title="bbox 516 2410 2110 2487">
     <span class='ocr_line' id='line_1_22' title="bbox 516 2410 2110 2487; baseline -0.01 -8"><span class='ocrx_word' id='word_1_148' title='bbox 516 2421 859 2487; x_wconf 87' lang='lat' dir='ltr'><strong>ctimonialis,</strong></span> <span class='ocrx_word' id='word_1_149' title='bbox 887 2416 1107 2474; x_wconf 79' lang='lat' dir='ltr'><strong>adduxit</strong></span> <span class='ocrx_word' id='word_1_150' title='bbox 1132 2417 1185 2472; x_wconf 87' lang='lat' dir='ltr'><strong>in</strong></span> <span class='ocrx_word' id='word_1_151' title='bbox 1217 2414 1501 2471; x_wconf 88' lang='lat' dir='ltr'><strong>ecclesiam</strong></span> <span class='ocrx_word' id='word_1_152' title='bbox 1540 2411 1681 2483; x_wconf 88' lang='lat' dir='ltr'><strong>apud</strong></span> <span class='ocrx_word' id='word_1_153' title='bbox 1711 2410 2110 2482; x_wconf 80' lang='lat' dir='ltr'><strong>Carthaginem,</strong></span> 
     </span>
    </p>
   </div>
   <div class='ocr_carea' id='block_1_23' title="bbox 516 2500 2117 2583">
    <p class='ocr_par' dir='ltr' id='par_1_23' title="bbox 516 2500 2117 2583">
     <span class='ocr_line' id='line_1_23' title="bbox 516 2500 2117 2583; baseline -0.008 -13"><span class='ocrx_word' id='word_1_154' title='bbox 516 2514 608 2570; x_wconf 88' lang='lat' dir='ltr'><strong>ubi</strong></span> <span class='ocrx_word' id='word_1_155' title='bbox 635 2521 689 2570; x_wconf 91' lang='lat' dir='ltr'><strong>et</strong></span> <span class='ocrx_word' id='word_1_156' title='bbox 717 2513 785 2567; x_wconf 91' lang='lat' dir='ltr'><strong>ab</strong></span> <span class='ocrx_word' id='word_1_157' title='bbox 805 2510 1073 2583; x_wconf 84' lang='lat' dir='ltr'><strong>episcopis</strong></span> <span class='ocrx_word' id='word_1_158' title='bbox 1104 2504 1417 2577; x_wconf 76' lang='lat' dir='ltr'><strong>interrogati</strong></span> <span class='ocrx_word' id='word_1_159' title='bbox 1443 2502 1621 2571; x_wconf 84' lang='lat' dir='ltr'><strong>fuere,</strong></span> <span class='ocrx_word' id='word_1_160' title='bbox 1665 2510 1825 2573; x_wconf 85' lang='lat' dir='ltr'><strong>atque</strong></span> <span class='ocrx_word' id='word_1_161' title='bbox 1851 2500 1903 2555; x_wconf 91' lang='lat' dir='ltr'><strong>in</strong></span> <span class='ocrx_word' id='word_1_162' title='bbox 1930 2500 2117 2572; x_wconf 83' lang='lat' dir='ltr'><strong>primis</strong></span> 
     </span>
    </p>
   </div>
   <div class='ocr_carea' id='block_1_24' title="bbox 516 2594 2112 2677">
    <p class='ocr_par' dir='ltr' id='par_1_24' title="bbox 516 2594 2112 2677">
     <span class='ocr_line' id='line_1_24' title="bbox 516 2594 2112 2677; baseline -0.008 -15"><span class='ocrx_word' id='word_1_163' title='bbox 516 2608 587 2662; x_wconf 89' lang='lat' dir='ltr'><strong>ab</strong></span> <span class='ocrx_word' id='word_1_164' title='bbox 630 2604 959 2677; x_wconf 78' lang='lat' dir='ltr'><strong>Augustino;</strong></span> <span class='ocrx_word' id='word_1_165' title='bbox 1011 2601 1102 2672; x_wconf 90' lang='lat' dir='ltr'><strong>qui</strong></span> <span class='ocrx_word' id='word_1_166' title='bbox 1146 2614 1268 2655; x_wconf 91' lang='lat' dir='ltr'><strong>cum</strong></span> <span class='ocrx_word' id='word_1_167' title='bbox 1313 2612 1422 2669; x_wconf 82' lang='lat' dir='ltr'><strong>prae</strong></span> <span class='ocrx_word' id='word_1_168' title='bbox 1472 2596 1683 2653; x_wconf 72' lang='lat' dir='ltr'><strong>caeteris</strong></span> <span class='ocrx_word' id='word_1_169' title='bbox 1729 2594 2112 2651; x_wconf 80' lang='lat' dir='ltr'><strong>exsecrabilem</strong></span> 
     </span>
    </p>
   </div>
   <div class='ocr_carea' id='block_1_25' title="bbox 514 2686 2113 2765">
    <p class='ocr_par' dir='ltr' id='par_1_25' title="bbox 514 2686 2113 2765">
     <span class='ocr_line' id='line_1_25' title="bbox 514 2686 2113 2765; baseline -0.008 -10"><span class='ocrx_word' id='word_1_170' title='bbox 514 2698 658 2754; x_wconf 81' lang='lat' dir='ltr'><strong>hanc</strong></span> <span class='ocrx_word' id='word_1_171' title='bbox 682 2703 882 2753; x_wconf 84' lang='lat' dir='ltr'><strong>sectam</strong></span> <span class='ocrx_word' id='word_1_172' title='bbox 908 2693 1169 2765; x_wconf 81' lang='lat' dir='ltr'><strong>cognitam</strong></span> <span class='ocrx_word' id='word_1_173' title='bbox 1212 2689 1437 2745; x_wconf 83' lang='lat' dir='ltr'><strong>haberet</strong></span> <span class='ocrx_word' id='word_1_174' title='bbox 1461 2733 1474 2757; x_wconf 94' lang='lat'><strong>,</strong></span> <span class='ocrx_word' id='word_1_175' title='bbox 1517 2703 1726 2744; x_wconf 88' lang='lat' dir='ltr'><strong>necnon</strong></span> <span class='ocrx_word' id='word_1_176' title='bbox 1767 2702 1954 2743; x_wconf 87' lang='lat' dir='ltr'><strong>eorum</strong></span> <span class='ocrx_word' id='word_1_177' title='bbox 1996 2686 2113 2743; x_wconf 84' lang='lat' dir='ltr'><strong>bia-</strong></span> 
     </span>
    </p>
   </div>
   <div class='ocr_carea' id='block_1_26' title="bbox 515 2780 2112 2863">
    <p class='ocr_par' dir='ltr' id='par_1_26' title="bbox 515 2780 2112 2863">
     <span class='ocr_line' id='line_1_26' title="bbox 515 2780 2112 2863; baseline -0.007 -16"><span class='ocrx_word' id='word_1_178' title='bbox 515 2789 786 2863; x_wconf 88' lang='lat' dir='ltr'><strong>spbemias</strong></span> <span class='ocrx_word' id='word_1_179' title='bbox 807 2803 871 2845; x_wconf 80' lang='lat' dir='ltr'><strong>ex</strong></span> <span class='ocrx_word' id='word_1_180' title='bbox 899 2783 1128 2861; x_wconf 83' lang='lat' dir='ltr'><strong>propriis</strong></span> <span class='ocrx_word' id='word_1_181' title='bbox 1154 2784 1393 2854; x_wconf 89' lang='lat' dir='ltr'><strong>ipsorum</strong></span> <span class='ocrx_word' id='word_1_182' title='bbox 1416 2780 1565 2837; x_wconf 89' lang='lat' dir='ltr'><strong>libris</strong></span> <span class='ocrx_word' id='word_1_183' title='bbox 1585 2780 1995 2846; x_wconf 85' lang='lat' dir='ltr'><strong>demonstraret,</strong></span> <span class='ocrx_word' id='word_1_184' title='bbox 2018 2795 2112 2836; x_wconf 85' lang='lat' dir='ltr'><strong>eos</strong></span> 
     </span>
    </p>
   </div>
   <div class='ocr_carea' id='block_1_27' title="bbox 513 2870 2105 2951">
    <p class='ocr_par' dir='ltr' id='par_1_27' title="bbox 513 2870 2105 2951">
     <span class='ocr_line' id='line_1_27' title="bbox 513 2870 2105 2951; baseline -0.009 -13"><span class='ocrx_word' id='word_1_185' title='bbox 513 2882 585 2938; x_wconf 90' lang='lat' dir='ltr'><strong>ad</strong></span> <span class='ocrx_word' id='word_1_186' title='bbox 613 2882 730 2938; x_wconf 87' lang='lat' dir='ltr'><strong>illas</strong></span> <span class='ocrx_word' id='word_1_187' title='bbox 750 2875 1081 2935; x_wconf 74' lang='lat' dir='ltr'><strong>condiendus</strong></span> <span class='ocrx_word' id='word_1_188' title='bbox 1101 2874 1294 2951; x_wconf 78' lang='lat' dir='ltr'><strong>adegit,</strong></span> <span class='ocrx_word' id='word_1_189' title='bbox 1321 2888 1384 2929; x_wconf 91' lang='lat' dir='ltr'><strong>ac</strong></span> <span class='ocrx_word' id='word_1_190' title='bbox 1406 2871 1782 2944; x_wconf 86' lang='lat' dir='ltr'><strong>flagitiosarum</strong></span> <span class='ocrx_word' id='word_1_191' title='bbox 1806 2870 2105 2937; x_wconf 80' lang='lat' dir='ltr'><strong>libidinum,</strong></span> 
     </span>
    </p>
   </div>
   <div class='ocr_carea' id='block_1_28' title="bbox 510 2966 2113 3048">
    <p class='ocr_par' dir='ltr' id='par_1_28' title="bbox 510 2966 2113 3048">
     <span class='ocr_line' id='line_1_28' title="bbox 510 2966 2113 3048; baseline -0.006 -16"><span class='ocrx_word' id='word_1_192' title='bbox 510 2991 645 3048; x_wconf 86' lang='lat' dir='ltr'><strong>quas</strong></span> <span class='ocrx_word' id='word_1_193' title='bbox 687 2975 829 3031; x_wconf 89' lang='lat' dir='ltr'><strong>inter</strong></span> <span class='ocrx_word' id='word_1_194' title='bbox 869 2988 927 3029; x_wconf 90' lang='lat' dir='ltr'><strong>se</strong></span> <span class='ocrx_word' id='word_1_195' title='bbox 954 2970 1311 3036; x_wconf 84' lang='lat' dir='ltr'><strong>exercebant,</strong></span> <span class='ocrx_word' id='word_1_196' title='bbox 1361 2975 1416 3025; x_wconf 92' lang='lat' dir='ltr'><strong>et</strong></span> <span class='ocrx_word' id='word_1_197' title='bbox 1443 2982 1667 3040; x_wconf 86' lang='lat' dir='ltr'><strong>quarum</strong></span> <span class='ocrx_word' id='word_1_198' title='bbox 1704 2966 1966 3022; x_wconf 80' lang='lat' dir='ltr'><strong>levissima</strong></span> <span class='ocrx_word' id='word_1_199' title='bbox 1998 2974 2113 3022; x_wconf 88' lang='lat' dir='ltr'><strong>erat</strong></span> 
     </span>
    </p>
   </div>
   <div class='ocr_carea' id='block_1_29' title="bbox 512 3060 2113 3141">
    <p class='ocr_par' dir='ltr' id='par_1_29' title="bbox 512 3060 2113 3141">
     <span class='ocr_line' id='line_1_29' title="bbox 512 3060 2113 3141; baseline -0.005 -19"><span class='ocrx_word' id='word_1_200' title='bbox 512 3068 775 3141; x_wconf 83' lang='lat' dir='ltr'><strong>virginum</strong></span> <span class='ocrx_word' id='word_1_201' title='bbox 812 3065 1208 3136; x_wconf 78' lang='lat' dir='ltr'><strong>constUpratio,</strong></span> <span class='ocrx_word' id='word_1_202' title='bbox 1253 3061 1645 3117; x_wconf 81' lang='lat' dir='ltr'><strong>confessionem</strong></span> <span class='ocrx_word' id='word_1_203' title='bbox 1674 3076 1740 3117; x_wconf 81' lang='lat' dir='ltr'><strong>ex</strong></span> <span class='ocrx_word' id='word_1_204' title='bbox 1778 3076 1872 3115; x_wconf 89' lang='lat' dir='ltr'><strong>ore</strong></span> <span class='ocrx_word' id='word_1_205' title='bbox 1906 3060 2113 3115; x_wconf 85' lang='lat' dir='ltr'><strong>Electa-</strong></span> 
     </span>
    </p>
   </div>
   <div class='ocr_carea' id='block_1_30' title="bbox 395 3151 2111 3231">
    <p class='ocr_par' dir='ltr' id='par_1_30' title="bbox 395 3151 2111 3231">
     <span class='ocr_line' id='line_1_30' title="bbox 395 3151 2111 3231; baseline -0.009 -10"><span class='ocrx_word' id='word_1_206' title='bbox 395 3167 405 3179; x_wconf 83' lang='lat'><strong><em>°</em></strong></span> <span class='ocrx_word' id='word_1_207' title='bbox 510 3178 634 3219; x_wconf 85' lang='lat' dir='ltr'><strong>rum</strong></span> <span class='ocrx_word' id='word_1_208' title='bbox 660 3159 943 3231; x_wconf 78' lang='lat' dir='ltr'><strong>expressit.</strong></span> <span class='ocrx_word' id='word_1_209' title='bbox 975 3155 1255 3228; x_wconf 84' lang='lat' dir='ltr'><strong>Margarita</strong></span> <span class='ocrx_word' id='word_1_210' title='bbox 1286 3152 1641 3225; x_wconf 88' lang='lat' dir='ltr'><strong>turpitudines</strong></span> <span class='ocrx_word' id='word_1_211' title='bbox 1662 3153 1778 3207; x_wconf 81' lang='lat' dir='ltr'><strong>illas</strong></span> <span class='ocrx_word' id='word_1_212' title='bbox 1797 3151 1962 3225; x_wconf 84' lang='lat' dir='ltr'><strong>prima</strong></span> <span class='ocrx_word' id='word_1_213' title='bbox 1983 3166 2111 3207; x_wconf 85' lang='lat' dir='ltr'><strong>cou-</strong></span> 
     </span>
    </p>
   </div>
   <div class='ocr_carea' id='block_1_31' title="bbox 511 3242 2111 3321">
    <p class='ocr_par' dir='ltr' id='par_1_31' title="bbox 511 3242 2111 3321">
     <span class='ocr_line' id='line_1_31' title="bbox 511 3242 2111 3321; baseline -0.006 -12"><span class='ocrx_word' id='word_1_214' title='bbox 511 3252 657 3310; x_wconf 81' lang='lat' dir='ltr'><strong>fessa</strong></span> <span class='ocrx_word' id='word_1_215' title='bbox 682 3260 786 3318; x_wconf 90' lang='lat' dir='ltr'><strong>est,</strong></span> <span class='ocrx_word' id='word_1_216' title='bbox 814 3266 842 3303; x_wconf 91' lang='lat' dir='ltr'><strong>a</strong></span> <span class='ocrx_word' id='word_1_217' title='bbox 869 3264 970 3321; x_wconf 89' lang='lat' dir='ltr'><strong>qua</strong></span> <span class='ocrx_word' id='word_1_218' title='bbox 999 3245 1336 3318; x_wconf 86' lang='lat' dir='ltr'><strong>postmodum</strong></span> <span class='ocrx_word' id='word_1_219' title='bbox 1360 3242 1607 3309; x_wconf 83' lang='lat' dir='ltr'><strong>Eusebia,</strong></span> <span class='ocrx_word' id='word_1_220' title='bbox 1631 3258 1749 3314; x_wconf 82' lang='lat' dir='ltr'><strong>quae</strong></span> <span class='ocrx_word' id='word_1_221' title='bbox 1771 3257 1830 3299; x_wconf 91' lang='lat' dir='ltr'><strong>se</strong></span> <span class='ocrx_word' id='word_1_222' title='bbox 1850 3242 2111 3313; x_wconf 76' lang='lat' dir='ltr'><strong>virginem</strong></span> 
     </span>
    </p>
   </div>
   <div class='ocr_carea' id='block_1_32' title="bbox 512 3324 2108 3414">
    <p class='ocr_par' dir='ltr' id='par_1_32' title="bbox 512 3324 2108 3414">
     <span class='ocr_line' id='line_1_32' title="bbox 512 3324 2108 3414; baseline -0.006 -14"><span class='ocrx_word' id='word_1_223' title='bbox 512 3359 638 3402; x_wconf 89' lang='lat' dir='ltr'><strong>esse</strong></span> <span class='ocrx_word' id='word_1_224' title='bbox 668 3341 1068 3414; x_wconf 57' lang='lat' dir='ltr'><strong>praedicarent,</strong></span> <span class='ocrx_word' id='word_1_225' title='bbox 1094 3324 1324 3393; x_wconf 79' lang='lat' dir='ltr'><strong>dedecus</strong></span> <span class='ocrx_word' id='word_1_226' title='bbox 1346 3352 1409 3392; x_wconf 88' lang='lat' dir='ltr'><strong>ac</strong></span> <span class='ocrx_word' id='word_1_227' title='bbox 1433 3334 1749 3411; x_wconf 85' lang='lat' dir='ltr'><strong>propudium</strong></span> <span class='ocrx_word' id='word_1_228' title='bbox 1777 3350 1930 3391; x_wconf 91' lang='lat' dir='ltr'><strong>suum</strong></span> <span class='ocrx_word' id='word_1_229' title='bbox 1959 3334 2108 3391; x_wconf 88' lang='lat' dir='ltr'><strong>fateri</strong></span> 
     </span>
    </p>
   </div>
   <div class='ocr_carea' id='block_1_33' title="bbox 513 3426 2108 3504">
    <p class='ocr_par' dir='ltr' id='par_1_33' title="bbox 513 3426 2108 3504">
     <span class='ocr_line' id='line_1_33' title="bbox 513 3426 2108 3504; baseline -0.006 -11"><span class='ocrx_word' id='word_1_230' title='bbox 513 3445 728 3504; x_wconf 88' lang='lat' dir='ltr'><strong>coacta,</strong></span> <span class='ocrx_word' id='word_1_231' title='bbox 773 3433 874 3489; x_wconf 87' lang='lat' dir='ltr'><strong>alia</strong></span> <span class='ocrx_word' id='word_1_232' title='bbox 918 3432 1077 3488; x_wconf 89' lang='lat' dir='ltr'><strong>etiam</strong></span> <span class='ocrx_word' id='word_1_233' title='bbox 1122 3439 1282 3486; x_wconf 73' lang='lat' dir='ltr'><strong>sectae</strong></span> <span class='ocrx_word' id='word_1_234' title='bbox 1324 3445 1438 3486; x_wconf 83' lang='lat' dir='ltr'><strong>suae</strong></span> <span class='ocrx_word' id='word_1_235' title='bbox 1480 3427 1834 3485; x_wconf 85' lang='lat' dir='ltr'><strong>abominanda</strong></span> <span class='ocrx_word' id='word_1_236' title='bbox 1875 3426 2108 3483; x_wconf 76' lang='lat' dir='ltr'><strong>facinora</strong></span> 
     </span>
    </p>
   </div>
   <div class='ocr_carea' id='block_1_34' title="bbox 512 3518 2111 3598">
    <p class='ocr_par' dir='ltr' id='par_1_34' title="bbox 512 3518 2111 3598">
     <span class='ocr_line' id='line_1_34' title="bbox 512 3518 2111 3598; baseline -0.003 -16"><span class='ocrx_word' id='word_1_237' title='bbox 512 3526 741 3598; x_wconf 81' lang='lat' dir='ltr'><strong>aperuit.</strong></span> <span class='ocrx_word' id='word_1_238' title='bbox 771 3523 874 3580; x_wconf 83' lang='lat' dir='ltr'><strong>Per</strong></span> <span class='ocrx_word' id='word_1_239' title='bbox 898 3537 1112 3579; x_wconf 90' lang='lat' dir='ltr'><strong>omnem</strong></span> <span class='ocrx_word' id='word_1_240' title='bbox 1138 3521 1280 3576; x_wconf 83' lang='lat' dir='ltr'><strong>illam</strong></span> <span class='ocrx_word' id='word_1_241' title='bbox 1306 3519 1701 3591; x_wconf 86' lang='lat' dir='ltr'><strong>inquisitionem</strong></span> <span class='ocrx_word' id='word_1_242' title='bbox 1724 3527 1911 3575; x_wconf 88' lang='lat' dir='ltr'><strong>cuncta</strong></span> <span class='ocrx_word' id='word_1_243' title='bbox 1939 3518 2111 3577; x_wconf 88' lang='lat' dir='ltr'><strong>eccle-</strong></span> 
     </span>
    </p>
   </div>
   <div class='ocr_carea' id='block_1_35' title="bbox 512 3614 2107 3697">
    <p class='ocr_par' dir='ltr' id='par_1_35' title="bbox 512 3614 2107 3697">
     <span class='ocr_line' id='line_1_35' title="bbox 512 3614 2107 3697; baseline -0.004 -20"><span class='ocrx_word' id='word_1_244' title='bbox 512 3619 743 3677; x_wconf 88' lang='lat' dir='ltr'><strong>siasticis</strong></span> <span class='ocrx_word' id='word_1_245' title='bbox 777 3617 943 3697; x_wconf 81' lang='lat' dir='ltr'><strong>gestis</strong></span> <span class='ocrx_word' id='word_1_246' title='bbox 972 3615 1392 3680; x_wconf 88' lang='lat' dir='ltr'><strong>mandabantur;</strong></span> <span class='ocrx_word' id='word_1_247' title='bbox 1433 3624 1486 3671; x_wconf 88' lang='lat' dir='ltr'><strong>et</strong></span> <span class='ocrx_word' id='word_1_248' title='bbox 1525 3614 1660 3671; x_wconf 84' lang='lat' dir='ltr'><strong>forte</strong></span> <span class='ocrx_word' id='word_1_249' title='bbox 1685 3615 1810 3671; x_wconf 89' lang='lat' dir='ltr'><strong>hinc</strong></span> <span class='ocrx_word' id='word_1_250' title='bbox 1836 3623 1936 3683; x_wconf 90' lang='lat' dir='ltr'><strong>est,</strong></span> <span class='ocrx_word' id='word_1_251' title='bbox 1966 3615 2107 3693; x_wconf 89' lang='lat' dir='ltr'><strong>quod</strong></span> 
     </span>
    </p>
   </div>
   <div class='ocr_carea' id='block_1_36' title="bbox 516 3704 2102 3773">
    <p class='ocr_par' dir='ltr' id='par_1_36' title="bbox 516 3704 2102 3773">
     <span class='ocr_line' id='line_1_36' title="bbox 516 3704 2102 3773; baseline -0.004 -5"><span class='ocrx_word' id='word_1_252' title='bbox 516 3710 795 3773; x_wconf 87' lang='lat' dir='ltr'><strong>Possidius</strong></span> <span class='ocrx_word' id='word_1_253' title='bbox 834 3711 904 3764; x_wconf 83' lang='lat' dir='ltr'><strong>ad</strong></span> <span class='ocrx_word' id='word_1_254' title='bbox 941 3708 1140 3764; x_wconf 85' lang='lat' dir='ltr'><strong>tabulas</strong></span> <span class='ocrx_word' id='word_1_255' title='bbox 1184 3705 1393 3762; x_wconf 84' lang='lat' dir='ltr'><strong>auditos</strong></span> <span class='ocrx_word' id='word_1_256' title='bbox 1426 3720 1546 3762; x_wconf 89' lang='lat' dir='ltr'><strong>esse</strong></span> <span class='ocrx_word' id='word_1_257' title='bbox 1585 3704 1898 3761; x_wconf 63' lang='lat' dir='ltr'><strong>Manichacus</strong></span> <span class='ocrx_word' id='word_1_258' title='bbox 1926 3706 2102 3762; x_wconf 86' lang='lat' dir='ltr'><strong>tradit.</strong></span> 
     </span>
    </p>
   </div>
   <div class='ocr_carea' id='block_1_37' title="bbox 508 3794 2104 3871">
    <p class='ocr_par' dir='ltr' id='par_1_37' title="bbox 508 3794 2104 3871">
     <span class='ocr_line' id='line_1_37' title="bbox 508 3794 2104 3871; baseline -0.004 -14"><span class='ocrx_word' id='word_1_259' title='bbox 508 3799 657 3861; x_wconf 76' lang='lat' dir='ltr'><strong>Idem</strong></span> <span class='ocrx_word' id='word_1_260' title='bbox 687 3801 848 3858; x_wconf 87' lang='lat' dir='ltr'><strong>etiam</strong></span> <span class='ocrx_word' id='word_1_261' title='bbox 881 3798 1181 3871; x_wconf 85' lang='lat' dir='ltr'><strong>subjungit,</strong></span> <span class='ocrx_word' id='word_1_262' title='bbox 1223 3811 1351 3852; x_wconf 88' lang='lat' dir='ltr'><strong>cura</strong></span> <span class='ocrx_word' id='word_1_263' title='bbox 1384 3794 1737 3868; x_wconf 77' lang='lat' dir='ltr'><strong>aediligentia</strong></span> <span class='ocrx_word' id='word_1_264' title='bbox 1758 3838 1773 3864; x_wconf 92' lang='lat'><strong>,</strong></span> <span class='ocrx_word' id='word_1_265' title='bbox 1802 3810 1957 3867; x_wconf 90' lang='lat' dir='ltr'><strong>quam</strong></span> <span class='ocrx_word' id='word_1_266' title='bbox 1989 3796 2104 3868; x_wconf 88' lang='lat' dir='ltr'><strong>epi-</strong></span> 
     </span>
    </p>
   </div>
   <div class='ocr_carea' id='block_1_38' title="bbox 509 3886 2105 3967">
    <p class='ocr_par' dir='ltr' id='par_1_38' title="bbox 509 3886 2105 3967">
     <span class='ocr_line' id='line_1_38' title="bbox 509 3886 2105 3967; baseline -0.004 -16"><span class='ocrx_word' id='word_1_267' title='bbox 509 3892 664 3965; x_wconf 85' lang='lat' dir='ltr'><strong>scopi</strong></span> <span class='ocrx_word' id='word_1_268' title='bbox 686 3892 999 3948; x_wconf 80' lang='lat' dir='ltr'><strong>&#39;adbibucre</strong></span> <span class='ocrx_word' id='word_1_269' title='bbox 1040 3891 1093 3945; x_wconf 92' lang='lat' dir='ltr'><strong>in</strong></span> <span class='ocrx_word' id='word_1_270' title='bbox 1137 3889 1240 3945; x_wconf 89' lang='lat' dir='ltr'><strong>hoc</strong></span> <span class='ocrx_word' id='word_1_271' title='bbox 1287 3888 1531 3967; x_wconf 80' lang='lat' dir='ltr'><strong>negotio,</strong></span> <span class='ocrx_word' id='word_1_272' title='bbox 1570 3886 1865 3943; x_wconf 76' lang='lat' dir='ltr'><strong>Ecclesium</strong></span> <span class='ocrx_word' id='word_1_273' title='bbox 1897 3888 2105 3944; x_wconf 80' lang='lat' dir='ltr'><strong>Domini</strong></span> 
     </span>
    </p>
   </div>
   <div class='ocr_carea' id='block_1_39' title="bbox 505 3981 2101 4054">
    <p class='ocr_par' dir='ltr' id='par_1_39' title="bbox 505 3981 2101 4054">
     <span class='ocr_line' id='line_1_39' title="bbox 505 3981 2101 4054; baseline -0.006 -10"><span class='ocrx_word' id='word_1_274' title='bbox 505 4003 649 4045; x_wconf 79' lang='lat' dir='ltr'><strong>nova</strong></span> <span class='ocrx_word' id='word_1_275' title='bbox 689 3985 994 4043; x_wconf 87' lang='lat' dir='ltr'><strong>accessione</strong></span> <span class='ocrx_word' id='word_1_276' title='bbox 1040 3983 1413 4054; x_wconf 87' lang='lat' dir='ltr'><strong>locupletatam</strong></span> <span class='ocrx_word' id='word_1_277' title='bbox 1437 4022 1451 4047; x_wconf 90' lang='lat'><strong>,</strong></span> <span class='ocrx_word' id='word_1_278' title='bbox 1483 3994 1693 4035; x_wconf 87' lang='lat' dir='ltr'><strong>necnon</strong></span> <span class='ocrx_word' id='word_1_279' title='bbox 1729 3981 1891 4035; x_wconf 88' lang='lat' dir='ltr'><strong>armis</strong></span> <span class='ocrx_word' id='word_1_280' title='bbox 1922 3982 2101 4047; x_wconf 85' lang='lat' dir='ltr'><strong>novis,</strong></span> 
     </span>
    </p>
   </div>
   <div class='ocr_carea' id='block_1_40' title="bbox 502 4061 2107 4154">
    <p class='ocr_par' dir='ltr' id='par_1_40' title="bbox 502 4061 2107 4154">
     <span class='ocr_line' id='line_1_40' title="bbox 502 4061 2107 4154; baseline -0.004 -17"><span class='ocrx_word' id='word_1_281' title='bbox 502 4081 705 4154; x_wconf 78' lang='lat' dir='ltr'><strong>quibus</strong></span> <span class='ocrx_word' id='word_1_282' title='bbox 733 4079 991 4135; x_wconf 86' lang='lat' dir='ltr'><strong>adversus</strong></span> <span class='ocrx_word' id='word_1_283' title='bbox 1013 4076 1156 4133; x_wconf 89' lang='lat' dir='ltr'><strong>fures</strong></span> <span class='ocrx_word' id='word_1_284' title='bbox 1177 4084 1335 4147; x_wconf 89' lang='lat' dir='ltr'><strong>atque</strong></span> <span class='ocrx_word' id='word_1_285' title='bbox 1355 4075 1591 4130; x_wconf 87' lang='lat' dir='ltr'><strong>latrones</strong></span> <span class='ocrx_word' id='word_1_286' title='bbox 1614 4061 2007 4141; x_wconf 76' lang='lat' dir='ltr'><strong>defenderetur,</strong></span> <span class='ocrx_word' id='word_1_287' title='bbox 2035 4075 2107 4131; x_wconf 86' lang='lat' dir='ltr'><strong>in-</strong></span> 
     </span>
    </p>
   </div>
   <div class='ocr_carea' id='block_1_41' title="bbox 514 4166 2104 4238">
    <p class='ocr_par' dir='ltr' id='par_1_41' title="bbox 514 4166 2104 4238">
     <span class='ocr_line' id='line_1_41' title="bbox 514 4166 2104 4238; baseline -0.004 -10"><span class='ocrx_word' id='word_1_288' title='bbox 514 4179 792 4229; x_wconf 89' lang='lat' dir='ltr'><strong>structam.</strong></span> <span class='ocrx_word' id='word_1_289' title='bbox 821 4170 966 4226; x_wconf 87' lang='lat' dir='ltr'><strong>ldcm</strong></span> <span class='ocrx_word' id='word_1_290' title='bbox 992 4168 1165 4226; x_wconf 88' lang='lat' dir='ltr'><strong>adhuc</strong></span> <span class='ocrx_word' id='word_1_291' title='bbox 1200 4176 1386 4238; x_wconf 87' lang='lat' dir='ltr'><strong>postea</strong></span> <span class='ocrx_word' id='word_1_292' title='bbox 1416 4166 1625 4221; x_wconf 90' lang='lat' dir='ltr'><strong>illorum</strong></span> <span class='ocrx_word' id='word_1_293' title='bbox 1663 4181 1770 4221; x_wconf 89' lang='lat' dir='ltr'><strong>non</strong></span> <span class='ocrx_word' id='word_1_294' title='bbox 1800 4179 2104 4223; x_wconf 90' lang='lat' dir='ltr'><strong>sacramen-</strong></span> 
     </span>
    </p>
   </div>
   <div class='ocr_carea' id='block_1_42' title="bbox 516 4259 2102 4337">
    <p class='ocr_par' dir='ltr' id='par_1_42' title="bbox 516 4259 2102 4337">
     <span class='ocr_line' id='line_1_42' title="bbox 516 4259 2102 4337; baseline -0.004 -18"><span class='ocrx_word' id='word_1_295' title='bbox 516 4272 651 4337; x_wconf 80' lang='lat' dir='ltr'><strong>tum,</strong></span> <span class='ocrx_word' id='word_1_296' title='bbox 684 4262 797 4330; x_wconf 88' lang='lat' dir='ltr'><strong>sed,</strong></span> <span class='ocrx_word' id='word_1_297' title='bbox 830 4270 885 4316; x_wconf 91' lang='lat' dir='ltr'><strong>ut</strong></span> <span class='ocrx_word' id='word_1_298' title='bbox 913 4277 1033 4317; x_wconf 90' lang='lat' dir='ltr'><strong>cum</strong></span> <span class='ocrx_word' id='word_1_299' title='bbox 1062 4259 1357 4333; x_wconf 72' lang='lat' dir='ltr'><strong>Augustino</strong></span> <span class='ocrx_word' id='word_1_300' title='bbox 1383 4259 1685 4330; x_wconf 89' lang='lat' dir='ltr'><strong>loquamur,</strong></span> <span class='ocrx_word' id='word_1_301' title='bbox 1728 4272 2102 4314; x_wconf 83' lang='lat' dir='ltr'><strong>exsecramen-</strong></span> 
     </span>
    </p>
   </div>
   <div class='ocr_carea' id='block_1_43' title="bbox 510 4350 2102 4433">
    <p class='ocr_par' dir='ltr' id='par_1_43' title="bbox 510 4350 2102 4433">
     <span class='ocr_line' id='line_1_43' title="bbox 510 4350 2102 4433; baseline -0.003 -21"><span class='ocrx_word' id='word_1_302' title='bbox 510 4366 624 4412; x_wconf 90' lang='lat' dir='ltr'><strong>tum</strong></span> <span class='ocrx_word' id='word_1_303' title='bbox 646 4354 883 4433; x_wconf 87' lang='lat' dir='ltr'><strong>episcopi</strong></span> <span class='ocrx_word' id='word_1_304' title='bbox 903 4351 1152 4408; x_wconf 82' lang='lat' dir='ltr'><strong>detexere</strong></span> <span class='ocrx_word' id='word_1_305' title='bbox 1172 4351 1504 4406; x_wconf 88' lang='lat' dir='ltr'><strong>confessione</strong></span> <span class='ocrx_word' id='word_1_306' title='bbox 1520 4350 1794 4420; x_wconf 88' lang='lat' dir='ltr'><strong>cujusdam</strong></span> <span class='ocrx_word' id='word_1_307' title='bbox 1811 4350 1949 4406; x_wconf 90' lang='lat' dir='ltr'><strong>inter</strong></span> <span class='ocrx_word' id='word_1_308' title='bbox 1970 4350 2102 4407; x_wconf 88' lang='lat' dir='ltr'><strong>alios</strong></span> 
     </span>
    </p>
   </div>
   <div class='ocr_carea' id='block_1_44' title="bbox 508 4442 2099 4513">
    <p class='ocr_par' dir='ltr' id='par_1_44' title="bbox 508 4442 2099 4513">
     <span class='ocr_line' id='line_1_44' title="bbox 508 4442 2099 4513; baseline -0.004 -6"><span class='ocrx_word' id='word_1_309' title='bbox 508 4448 787 4513; x_wconf 68' lang='lat' dir='ltr'><strong>Manicbmi</strong></span> <span class='ocrx_word' id='word_1_310' title='bbox 814 4446 1029 4502; x_wconf 86' lang='lat' dir='ltr'><strong>nomine</strong></span> <span class='ocrx_word' id='word_1_311' title='bbox 1058 4442 1318 4511; x_wconf 75' lang='lat' dir='ltr'><strong>Viatoris;</strong></span> <span class='ocrx_word' id='word_1_312' title='bbox 1352 4443 1501 4513; x_wconf 87' lang='lat' dir='ltr'><strong>cujus</strong></span> <span class='ocrx_word' id='word_1_313' title='bbox 1528 4443 1605 4498; x_wconf 88' lang='lat' dir='ltr'><strong>rei</strong></span> <span class='ocrx_word' id='word_1_314' title='bbox 1631 4450 1747 4498; x_wconf 90' lang='lat' dir='ltr'><strong>acta</strong></span> <span class='ocrx_word' id='word_1_315' title='bbox 1775 4452 1959 4500; x_wconf 91' lang='lat' dir='ltr'><strong>sancto</strong></span> <span class='ocrx_word' id='word_1_316' title='bbox 1991 4445 2099 4500; x_wconf 80' lang='lat' dir='ltr'><strong>Au-</strong></span> 
     </span>
    </p>
   </div>
   <div class='ocr_carea' id='block_1_45' title="bbox 507 4537 2102 4619">
    <p class='ocr_par' dir='ltr' id='par_1_45' title="bbox 507 4537 2102 4619">
     <span class='ocr_line' id='line_1_45' title="bbox 507 4537 2102 4619; baseline -0.003 -17"><span class='ocrx_word' id='word_1_317' title='bbox 507 4546 720 4619; x_wconf 83' lang='lat' dir='ltr'><strong>gustino</strong></span> <span class='ocrx_word' id='word_1_318' title='bbox 747 4540 1145 4619; x_wconf 81' lang='lat' dir='ltr'><strong>Quodvultdeus</strong></span> <span class='ocrx_word' id='word_1_319' title='bbox 1186 4538 1612 4611; x_wconf 83' lang='lat' dir='ltr'><strong>Carlbagiucnsis</strong></span> <span class='ocrx_word' id='word_1_320' title='bbox 1651 4537 1905 4595; x_wconf 84' lang='lat' dir='ltr'><strong>diaconus</strong></span> <span class='ocrx_word' id='word_1_321' title='bbox 1957 4539 2102 4597; x_wconf 85' lang='lat' dir='ltr'><strong>misit</strong></span> 
     </span>
    </p>
   </div>
   <div class='ocr_carea' id='block_1_46' title="bbox 509 4628 2101 4711">
    <p class='ocr_par' dir='ltr' id='par_1_46' title="bbox 509 4628 2101 4711">
     <span class='ocr_line' id='line_1_46' title="bbox 509 4628 2101 4711; baseline -0.002 -22"><span class='ocrx_word' id='word_1_322' title='bbox 509 4634 800 4711; x_wconf 74' lang='lat' dir='ltr'><strong>(Possidius</strong></span> <span class='ocrx_word' id='word_1_323' title='bbox 824 4676 840 4707; x_wconf 86' lang='lat'><strong>,</strong></span> <span class='ocrx_word' id='word_1_324' title='bbox 880 4635 933 4689; x_wconf 82' lang='lat' dir='ltr'><strong>in</strong></span> <span class='ocrx_word' id='word_1_325' title='bbox 971 4632 1086 4688; x_wconf 83' lang='lat' dir='ltr'><strong>Vita</strong></span> <span class='ocrx_word' id='word_1_326' title='bbox 1112 4632 1419 4707; x_wconf 79' lang='lat' dir='ltr'><strong>Augustini,</strong></span> <span class='ocrx_word' id='word_1_327' title='bbox 1452 4649 1497 4685; x_wconf 89' lang='lat' dir='ltr'><strong>c.</strong></span> <span class='ocrx_word' id='word_1_328' title='bbox 1530 4631 1632 4699; x_wconf 80' lang='lat'><strong>16;</strong></span> <span class='ocrx_word' id='word_1_329' title='bbox 1662 4630 1989 4705; x_wconf 82' lang='lat' dir='ltr'><strong>Augustinus,</strong></span> <span class='ocrx_word' id='word_1_330' title='bbox 2020 4628 2101 4686; x_wconf 84' lang='lat' dir='ltr'><strong>De</strong></span> 
     </span>
    </p>
   </div>
   <div class='ocr_carea' id='block_1_47' title="bbox 508 4720 2096 4799">
    <p class='ocr_par' dir='ltr' id='par_1_47' title="bbox 508 4720 2096 4799">
     <span class='ocr_line' id='line_1_47' title="bbox 508 4720 2096 4799; baseline -0.004 -15"><span class='ocrx_word' id='word_1_331' title='bbox 508 4726 804 4785; x_wconf 74' lang='lat' dir='ltr'><strong>Hteresibus</strong></span> <span class='ocrx_word' id='word_1_332' title='bbox 825 4768 838 4793; x_wconf 91' lang='lat'><strong>,</strong></span> <span class='ocrx_word' id='word_1_333' title='bbox 881 4726 1007 4780; x_wconf 79' lang='lat' dir='ltr'><strong>IttBt&#39;.</strong></span> <span class='ocrx_word' id='word_1_334' title='bbox 1034 4724 1148 4799; x_wconf 72' lang='grc'><strong>46).</strong></span> <span class='ocrx_word' id='word_1_335' title='bbox 1179 4722 1289 4781; x_wconf 84' lang='lat' dir='ltr'><strong>Hoc</strong></span> <span class='ocrx_word' id='word_1_336' title='bbox 1314 4723 1485 4795; x_wconf 74' lang='lat' dir='ltr'><strong>ipsum</strong></span> <span class='ocrx_word' id='word_1_337' title='bbox 1520 4720 1809 4785; x_wconf 79' lang='lat' dir='ltr'><strong>verisimile</strong></span> <span class='ocrx_word' id='word_1_338' title='bbox 1835 4732 1918 4779; x_wconf 91' lang='lat' dir='ltr'><strong>est</strong></span> <span class='ocrx_word' id='word_1_339' title='bbox 1954 4722 2096 4778; x_wconf 87' lang='lat' dir='ltr'><strong>desi-</strong></span> 
     </span>
    </p>
   </div>
   <div class='ocr_carea' id='block_1_48' title="bbox 509 4817 2095 4893">
    <p class='ocr_par' dir='ltr' id='par_1_48' title="bbox 509 4817 2095 4893">
     <span class='ocr_line' id='line_1_48' title="bbox 509 4817 2095 4893; baseline -0.001 -16"><span class='ocrx_word' id='word_1_340' title='bbox 509 4821 663 4892; x_wconf 86' lang='lat' dir='ltr'><strong>gnari</strong></span> <span class='ocrx_word' id='word_1_341' title='bbox 692 4821 760 4877; x_wconf 89' lang='lat' dir='ltr'><strong>ab</strong></span> <span class='ocrx_word' id='word_1_342' title='bbox 788 4819 1102 4891; x_wconf 79' lang='lat' dir='ltr'><strong>Augustino,</strong></span> <span class='ocrx_word' id='word_1_343' title='bbox 1131 4833 1250 4873; x_wconf 91' lang='lat' dir='ltr'><strong>cum</strong></span> <span class='ocrx_word' id='word_1_344' title='bbox 1276 4834 1417 4873; x_wconf 89' lang='lat' dir='ltr'><strong>anno</strong></span> <span class='ocrx_word' id='word_1_345' title='bbox 1442 4819 1653 4875; x_wconf 86' lang='lat' dir='ltr'><strong>circiter</strong></span> <span class='ocrx_word' id='word_1_346' title='bbox 1681 4817 2095 4893; x_wconf 84' lang='lat' dir='ltr'><strong>quadringente-</strong></span> 
     </span>
    </p>
   </div>
   <div class='ocr_carea' id='block_1_49' title="bbox 508 4908 2098 4985">
    <p class='ocr_par' dir='ltr' id='par_1_49' title="bbox 508 4908 2098 4985">
     <span class='ocr_line' id='line_1_49' title="bbox 508 4908 2098 4985; baseline 0.002 -19"><span class='ocrx_word' id='word_1_347' title='bbox 508 4911 648 4967; x_wconf 89' lang='lat' dir='ltr'><strong>simo</strong></span> <span class='ocrx_word' id='word_1_348' title='bbox 680 4910 938 4982; x_wconf 87' lang='lat' dir='ltr'><strong>vigesimo</strong></span> <span class='ocrx_word' id='word_1_349' title='bbox 972 4909 1199 4985; x_wconf 83' lang='lat' dir='ltr'><strong>septimo</strong></span> <span class='ocrx_word' id='word_1_350' title='bbox 1225 4908 1468 4967; x_wconf 86' lang='lat' dir='ltr'><strong>eumdem</strong></span> <span class='ocrx_word' id='word_1_351' title='bbox 1499 4908 1779 4964; x_wconf 82' lang='lat' dir='ltr'><strong>diaconum</strong></span> <span class='ocrx_word' id='word_1_352' title='bbox 1810 4919 1995 4982; x_wconf 87' lang='lat' dir='ltr'><strong>rogat,</strong></span> <span class='ocrx_word' id='word_1_353' title='bbox 2040 4926 2098 4969; x_wconf 87' lang='lat' dir='ltr'><strong>se</strong></span> 
     </span>
    </p>
   </div>
   <div class='ocr_carea' id='block_1_50' title="bbox 508 4999 2093 5077">
    <p class='ocr_par' dir='ltr' id='par_1_50' title="bbox 508 4999 2093 5077">
     <span class='ocr_line' id='line_1_50' title="bbox 508 4999 2093 5077; baseline 0.001 -20"><span class='ocrx_word' id='word_1_354' title='bbox 508 5001 577 5057; x_wconf 91' lang='lat' dir='ltr'><strong>de</strong></span> <span class='ocrx_word' id='word_1_355' title='bbox 625 5000 962 5067; x_wconf 85' lang='lat' dir='ltr'><strong>Theodosio,</strong></span> <span class='ocrx_word' id='word_1_356' title='bbox 1010 5000 1100 5077; x_wconf 88' lang='lat' dir='ltr'><strong>qui</strong></span> <span class='ocrx_word' id='word_1_357' title='bbox 1144 4999 1460 5059; x_wconf 82' lang='lat' dir='ltr'><strong>Manicbacos</strong></span> <span class='ocrx_word' id='word_1_358' title='bbox 1507 5001 1708 5077; x_wconf 85' lang='lat' dir='ltr'><strong>aliquot</strong></span> <span class='ocrx_word' id='word_1_359' title='bbox 1755 5001 2093 5073; x_wconf 88' lang='lat' dir='ltr'><strong>prodiderat,</strong></span> 
     </span>
    </p>
   </div>
   <div class='ocr_carea' id='block_1_51' title="bbox 509 5092 2095 5175">
    <p class='ocr_par' dir='ltr' id='par_1_51' title="bbox 509 5092 2095 5175">
     <span class='ocr_line' id='line_1_51' title="bbox 509 5092 2095 5175; baseline 0.002 -26"><span class='ocrx_word' id='word_1_360' title='bbox 509 5094 793 5155; x_wconf 87' lang='lat' dir='ltr'><strong>certiorem</strong></span> <span class='ocrx_word' id='word_1_361' title='bbox 823 5092 1041 5160; x_wconf 89' lang='lat' dir='ltr'><strong>faceret,</strong></span> <span class='ocrx_word' id='word_1_362' title='bbox 1076 5110 1197 5153; x_wconf 85' lang='lat' dir='ltr'><strong>num</strong></span> <span class='ocrx_word' id='word_1_363' title='bbox 1227 5102 1282 5149; x_wconf 89' lang='lat' dir='ltr'><strong>et</strong></span> <span class='ocrx_word' id='word_1_364' title='bbox 1321 5094 1434 5175; x_wconf 79' lang='lat' dir='ltr'><strong>ipse</strong></span> <span class='ocrx_word' id='word_1_365' title='bbox 1464 5103 1518 5150; x_wconf 91' lang='lat' dir='ltr'><strong>et</strong></span> <span class='ocrx_word' id='word_1_366' title='bbox 1541 5095 1630 5166; x_wconf 88' lang='lat' dir='ltr'><strong>qui</strong></span> <span class='ocrx_word' id='word_1_367' title='bbox 1665 5094 1857 5151; x_wconf 90' lang='lat' dir='ltr'><strong>detecti</strong></span> <span class='ocrx_word' id='word_1_368' title='bbox 1884 5095 1950 5153; x_wconf 91' lang='lat' dir='ltr'><strong>ab</strong></span> <span class='ocrx_word' id='word_1_369' title='bbox 1981 5095 2095 5168; x_wconf 90' lang='lat' dir='ltr'><strong>ipso</strong></span> 
     </span>
    </p>
   </div>
   <div class='ocr_carea' id='block_1_52' title="bbox 505 5185 2095 5259">
    <p class='ocr_par' dir='ltr' id='par_1_52' title="bbox 505 5185 2095 5259">
     <span class='ocr_line' id='line_1_52' title="bbox 505 5185 2095 5259; baseline 0 -13"><span class='ocrx_word' id='word_1_370' title='bbox 505 5185 740 5255; x_wconf 81' lang='lat' dir='ltr'><strong>fuerant,</strong></span> <span class='ocrx_word' id='word_1_371' title='bbox 764 5202 897 5259; x_wconf 88' lang='lat' dir='ltr'><strong>quos</strong></span> <span class='ocrx_word' id='word_1_372' title='bbox 925 5186 1133 5243; x_wconf 83' lang='lat' dir='ltr'><strong>dicebat</strong></span> <span class='ocrx_word' id='word_1_373' title='bbox 1155 5204 1365 5245; x_wconf 85' lang='lat' dir='ltr'><strong>errores</strong></span> <span class='ocrx_word' id='word_1_374' title='bbox 1393 5186 1727 5257; x_wconf 87' lang='lat' dir='ltr'><strong>emendasse,</strong></span> <span class='ocrx_word' id='word_1_375' title='bbox 1758 5189 1807 5249; x_wconf 90' lang='lat' dir='ltr'><strong>in</strong></span> <span class='ocrx_word' id='word_1_376' title='bbox 1834 5189 2095 5246; x_wconf 88' lang='lat' dir='ltr'><strong>catholica</strong></span> 
     </span>
    </p>
   </div>
   <div class='ocr_carea' id='block_1_53' title="bbox 504 5280 2095 5357">
    <p class='ocr_par' dir='ltr' id='par_1_53' title="bbox 504 5280 2095 5357">
     <span class='ocr_line' id='line_1_53' title="bbox 504 5280 2095 5357; baseline 0.001 -20"><span class='ocrx_word' id='word_1_377' title='bbox 504 5280 612 5337; x_wconf 71' lang='lat' dir='ltr'><strong>fide</strong></span> <span class='ocrx_word' id='word_1_378' title='bbox 637 5291 1042 5353; x_wconf 77' lang='lat' dir='ltr'><strong>perseverarent</strong></span> <span class='ocrx_word' id='word_1_379' title='bbox 1068 5280 1259 5353; x_wconf 77' lang='lat' dir='ltr'><strong>(Epist.</strong></span> <span class='ocrx_word' id='word_1_380' title='bbox 1281 5280 1406 5349; x_wconf 70' lang='lat'><strong>222,</strong></span> <span class='ocrx_word' id='word_1_381' title='bbox 1436 5299 1487 5333; x_wconf 85' lang='grc' dir='ltr'><strong>η.</strong></span> <span class='ocrx_word' id='word_1_382' title='bbox 1514 5280 1593 5352; x_wconf 71' lang='lat' dir='ltr'><strong>Et).</strong></span> <span class='ocrx_word' id='word_1_383' title='bbox 1620 5281 1805 5335; x_wconf 76' lang='lat' dir='ltr'><strong>Exstat</strong></span> <span class='ocrx_word' id='word_1_384' title='bbox 1830 5280 2095 5357; x_wconf 81' lang='lat' dir='ltr'><strong>fragmen-</strong></span> 
     </span>
    </p>
   </div>
   <div class='ocr_carea' id='block_1_54' title="bbox 451 5362 2091 5451">
    <p class='ocr_par' dir='ltr' id='par_1_54' title="bbox 451 5362 2091 5451">
     <span class='ocr_line' id='line_1_54' title="bbox 451 5362 2091 5451; baseline -0.001 -22"><span class='ocrx_word' id='word_1_385' title='bbox 451 5362 470 5413; x_wconf 62' lang='grc' dir='ltr'><strong><em>Ι</em></strong></span> <span class='ocrx_word' id='word_1_386' title='bbox 506 5382 618 5431; x_wconf 89' lang='lat' dir='ltr'><strong>tum</strong></span> <span class='ocrx_word' id='word_1_387' title='bbox 644 5383 881 5433; x_wconf 85' lang='lat' dir='ltr'><strong>actorum</strong></span> <span class='ocrx_word' id='word_1_388' title='bbox 912 5373 1263 5451; x_wconf 84' lang='lat' dir='ltr'><strong>quorumdam</strong></span> <span class='ocrx_word' id='word_1_389' title='bbox 1294 5369 1579 5443; x_wconf 81' lang='lat' dir='ltr'><strong>ejusmodi,</strong></span> <span class='ocrx_word' id='word_1_390' title='bbox 1607 5370 1658 5424; x_wconf 88' lang='lat' dir='ltr'><strong>in</strong></span> <span class='ocrx_word' id='word_1_391' title='bbox 1685 5368 1877 5441; x_wconf 86' lang='lat' dir='ltr'><strong>quibus</strong></span> <span class='ocrx_word' id='word_1_392' title='bbox 1900 5370 1966 5435; x_wconf 86' lang='lat' dir='ltr'><strong>de</strong></span> <span class='ocrx_word' id='word_1_393' title='bbox 1986 5373 2091 5428; x_wconf 56' lang='lat' dir='ltr'><strong>Ma.</strong></span> 
     </span>
    </p>
   </div>
   <div class='ocr_carea' id='block_1_55' title="bbox 504 5460 2087 5538">
    <p class='ocr_par' dir='ltr' id='par_1_55' title="bbox 504 5460 2087 5538">
     <span class='ocr_line' id='line_1_55' title="bbox 504 5460 2087 5538; baseline 0 -17"><span class='ocrx_word' id='word_1_394' title='bbox 504 5464 729 5529; x_wconf 67' lang='lat' dir='ltr'><strong>nichreis</strong></span> <span class='ocrx_word' id='word_1_395' title='bbox 756 5463 1069 5538; x_wconf 80' lang='lat' dir='ltr'><strong>indagaudis</strong></span> <span class='ocrx_word' id='word_1_396' title='bbox 1098 5461 1541 5533; x_wconf 77' lang='lat' dir='ltr'><strong>explorandisque</strong></span> <span class='ocrx_word' id='word_1_397' title='bbox 1570 5460 1824 5531; x_wconf 87' lang='lat' dir='ltr'><strong>agebatur</strong></span> <span class='ocrx_word' id='word_1_398' title='bbox 1848 5460 2087 5537; x_wconf 78' lang='grc' dir='ltr'><strong>(Αάηιοη.</strong></span> 
     </span>
    </p>
   </div>
   <div class='ocr_carea' id='block_1_56' title="bbox 502 5550 2090 5630">
    <p class='ocr_par' dir='ltr' id='par_1_56' title="bbox 502 5550 2090 5630">
     <span class='ocr_line' id='line_1_56' title="bbox 502 5550 2090 5630; baseline 0.004 -19"><span class='ocrx_word' id='word_1_399' title='bbox 502 5557 556 5612; x_wconf 85' lang='lat' dir='ltr'><strong>in</strong></span> <span class='ocrx_word' id='word_1_400' title='bbox 578 5557 665 5617; x_wconf 72' lang='lat' dir='ltr'><strong>tib.</strong></span> <span class='ocrx_word' id='word_1_401' title='bbox 687 5557 750 5613; x_wconf 85' lang='lat' dir='ltr'><strong>de</strong></span> <span class='ocrx_word' id='word_1_402' title='bbox 766 5556 903 5610; x_wconf 80' lang='lat' dir='ltr'><strong>Actis</strong></span> <span class='ocrx_word' id='word_1_403' title='bbox 924 5570 1038 5611; x_wconf 76' lang='lat' dir='ltr'><strong>cum</strong></span> <span class='ocrx_word' id='word_1_404' title='bbox 1058 5550 1243 5619; x_wconf 78' lang='lat' dir='ltr'><strong>Felice,</strong></span> <span class='ocrx_word' id='word_1_405' title='bbox 1270 5561 1389 5607; x_wconf 86' lang='lat' dir='ltr'><strong>tom.</strong></span> <span class='ocrx_word' id='word_1_406' title='bbox 1414 5550 1470 5629; x_wconf 78' lang='grc'><strong>8)</strong></span> <span class='ocrx_word' id='word_1_407' title='bbox 1488 5567 1506 5616; x_wconf 86' lang='lat'><strong>;</strong></span> <span class='ocrx_word' id='word_1_408' title='bbox 1527 5551 1791 5622; x_wconf 87' lang='lat' dir='ltr'><strong>siquidem</strong></span> <span class='ocrx_word' id='word_1_409' title='bbox 1808 5553 1983 5626; x_wconf 80' lang='lat' dir='ltr'><strong>Felix,</strong></span> <span class='ocrx_word' id='word_1_410' title='bbox 2000 5560 2090 5630; x_wconf 84' lang='lat' dir='ltr'><strong>qui</strong></span> 
     </span>
    </p>
   </div>
   <div class='ocr_carea' id='block_1_57' title="bbox 500 5640 2088 5725">
    <p class='ocr_par' dir='ltr' id='par_1_57' title="bbox 500 5640 2088 5725">
     <span class='ocr_line' id='line_1_57' title="bbox 500 5640 2088 5725; baseline 0.002 -23"><span class='ocrx_word' id='word_1_411' title='bbox 500 5640 724 5709; x_wconf 25' lang='lat' dir='ltr'><strong>sectam.</strong></span> <span class='ocrx_word' id='word_1_412' title='bbox 745 5648 887 5705; x_wconf 84' lang='lat' dir='ltr'><strong>illam</strong></span> <span class='ocrx_word' id='word_1_413' title='bbox 919 5645 1248 5723; x_wconf 80' lang='lat' dir='ltr'><strong>ejuraverat,</strong></span> <span class='ocrx_word' id='word_1_414' title='bbox 1280 5657 1399 5707; x_wconf 84' lang='lat' dir='ltr'><strong>sese</strong></span> <span class='ocrx_word' id='word_1_415' title='bbox 1425 5642 1771 5716; x_wconf 81' lang='lat' dir='ltr'><strong>jurejurando</strong></span> <span class='ocrx_word' id='word_1_416' title='bbox 1801 5647 1995 5725; x_wconf 70' lang='lat' dir='ltr'><strong>obligat</strong></span> <span class='ocrx_word' id='word_1_417' title='bbox 2020 5651 2088 5711; x_wconf 86' lang='lat' dir='ltr'><strong>ad</strong></span> 
     </span>
    </p>
   </div>
   <div class='ocr_carea' id='block_1_58' title="bbox 501 5736 2083 5813">
    <p class='ocr_par' dir='ltr' id='par_1_58' title="bbox 501 5736 2083 5813">
     <span class='ocr_line' id='line_1_58' title="bbox 501 5736 2083 5813; baseline 0.004 -18"><span class='ocrx_word' id='word_1_418' title='bbox 501 5754 595 5797; x_wconf 87' lang='lat' dir='ltr'><strong>eos</strong></span> <span class='ocrx_word' id='word_1_419' title='bbox 621 5754 831 5807; x_wconf 85' lang='lat' dir='ltr'><strong>omnes,</strong></span> <span class='ocrx_word' id='word_1_420' title='bbox 864 5752 996 5811; x_wconf 89' lang='lat' dir='ltr'><strong>quos</strong></span> <span class='ocrx_word' id='word_1_421' title='bbox 1024 5736 1197 5792; x_wconf 89' lang='lat' dir='ltr'><strong>eidem</strong></span> <span class='ocrx_word' id='word_1_422' title='bbox 1225 5736 1589 5807; x_wconf 87' lang='lat' dir='ltr'><strong>superstitioni</strong></span> <span class='ocrx_word' id='word_1_423' title='bbox 1612 5739 1848 5805; x_wconf 84' lang='lat' dir='ltr'><strong>addictos</strong></span> <span class='ocrx_word' id='word_1_424' title='bbox 1873 5755 2083 5813; x_wconf 87' lang='lat' dir='ltr'><strong>nosset,</strong></span> 
     </span>
    </p>
   </div>
   <div class='ocr_carea' id='block_1_59' title="bbox 502 5827 2083 5902">
    <p class='ocr_par' dir='ltr' id='par_1_59' title="bbox 502 5827 2083 5902">
     <span class='ocr_line' id='line_1_59' title="bbox 502 5827 2083 5902; baseline 0.007 -20"><span class='ocrx_word' id='word_1_425' title='bbox 502 5827 852 5898; x_wconf 81' lang='lat' dir='ltr'><strong>deferendos;</strong></span> <span class='ocrx_word' id='word_1_426' title='bbox 895 5844 1055 5902; x_wconf 83' lang='lat' dir='ltr'><strong>quam</strong></span> <span class='ocrx_word' id='word_1_427' title='bbox 1092 5830 1143 5886; x_wconf 91' lang='lat' dir='ltr'><strong>in</strong></span> <span class='ocrx_word' id='word_1_428' title='bbox 1184 5844 1297 5884; x_wconf 89' lang='lat' dir='ltr'><strong>rem</strong></span> <span class='ocrx_word' id='word_1_429' title='bbox 1339 5830 1579 5887; x_wconf 88' lang='lat' dir='ltr'><strong>homines</strong></span> <span class='ocrx_word' id='word_1_430' title='bbox 1618 5830 1748 5888; x_wconf 87' lang='lat' dir='ltr'><strong>duos</strong></span> <span class='ocrx_word' id='word_1_431' title='bbox 1775 5850 1834 5890; x_wconf 88' lang='lat' dir='ltr'><strong>ac</strong></span> <span class='ocrx_word' id='word_1_432' title='bbox 1867 5836 2083 5893; x_wconf 71' lang='lat' dir='ltr'><strong>feminas</strong></span> 
     </span>
    </p>
   </div>
   <div class='ocr_carea' id='block_1_60' title="bbox 1699 341 3783 438">
    <p class='ocr_par' dir='ltr' id='par_1_60' title="bbox 1699 341 3783 438">
     <span class='ocr_line' id='line_1_60' title="bbox 1699 341 3783 438; baseline 0.008 -27"><span class='ocrx_word' id='word_1_433' title='bbox 1699 354 1855 414; x_wconf 87' lang='lat' dir='ltr'><strong>VlTA</strong></span> <span class='ocrx_word' id='word_1_434' title='bbox 1896 357 1954 413; x_wconf 92' lang='lat' dir='ltr'><strong>s.</strong></span> <span class='ocrx_word' id='word_1_435' title='bbox 1988 350 2350 415; x_wconf 63' lang='lat' dir='ltr'><strong>annosum</strong></span> <span class='ocrx_word' id='word_1_436' title='bbox 2388 341 2703 415; x_wconf 73' lang='lat' dir='ltr'><strong>urtscor&#39;t</strong></span> <span class='ocrx_word' id='word_1_437' title='bbox 3700 360 3783 438; x_wconf 69' lang='lat' dir='ltr'><strong>su</strong></span> 
     </span>
    </p>
   </div>
   <div class='ocr_carea' id='block_1_61' title="bbox 2230 475 3783 564">
    <p class='ocr_par' dir='ltr' id='par_1_61' title="bbox 2230 475 3783 564">
     <span class='ocr_line' id='line_1_61' title="bbox 2230 475 3783 564; baseline 0.011 -36"><span class='ocrx_word' id='word_1_438' title='bbox 2230 475 2451 544; x_wconf 83' lang='lat' dir='ltr'><strong>aliquot,</strong></span> <span class='ocrx_word' id='word_1_439' title='bbox 2483 477 2575 546; x_wconf 87' lang='lat' dir='ltr'><strong>qui</strong></span> <span class='ocrx_word' id='word_1_440' title='bbox 2602 477 2798 547; x_wconf 80' lang='lat' dir='ltr'><strong>partim</strong></span> <span class='ocrx_word' id='word_1_441' title='bbox 2826 479 3078 535; x_wconf 67' lang='lat' dir='ltr'><strong>intractu</strong></span> <span class='ocrx_word' id='word_1_442' title='bbox 3107 481 3445 552; x_wconf 60' lang='lat' dir='ltr'><strong>eam,</strong></span> <span class='ocrx_word' id='word_1_443' title='bbox 3475 488 3668 557; x_wconf 72' lang='lat' dir='ltr'><strong>partim</strong></span> <span class='ocrx_word' id='word_1_444' title='bbox 3681 491 3783 564; x_wconf 79' lang='lat' dir='ltr'><strong>Ilip-</strong></span> 
     </span>
    </p>
   </div>
   <div class='ocr_carea' id='block_1_62' title="bbox 2231 566 3781 645">
    <p class='ocr_par' dir='ltr' id='par_1_62' title="bbox 2231 566 3781 645">
     <span class='ocr_line' id='line_1_62' title="bbox 2231 566 3781 645; baseline 0.012 -27"><span class='ocrx_word' id='word_1_445' title='bbox 2231 566 2566 636; x_wconf 66' lang='lat' dir='ltr'><strong>ponooliegin</strong></span> <span class='ocrx_word' id='word_1_446' title='bbox 2587 566 2917 637; x_wconf 75' lang='lat' dir='ltr'><strong>habitabant,</strong></span> <span class='ocrx_word' id='word_1_447' title='bbox 2933 572 3193 629; x_wconf 75' lang='lat' dir='ltr'><strong>nominat.</strong></span> <span class='ocrx_word' id='word_1_448' title='bbox 3206 573 3353 635; x_wconf 78' lang='lat' dir='ltr'><strong>Illius</strong></span> <span class='ocrx_word' id='word_1_449' title='bbox 3365 575 3781 645; x_wconf 72' lang='lat' dir='ltr'><strong>denunth</strong></span> 
     </span>
    </p>
   </div>
   <div class='ocr_carea' id='block_1_63' title="bbox 2229 657 3782 743">
    <p class='ocr_par' dir='ltr' id='par_1_63' title="bbox 2229 657 3782 743">
     <span class='ocr_line' id='line_1_63' title="bbox 2229 657 3782 743; baseline 0.015 -33"><span class='ocrx_word' id='word_1_450' title='bbox 2229 657 2470 728; x_wconf 85' lang='lat' dir='ltr'><strong>sequitur</strong></span> <span class='ocrx_word' id='word_1_451' title='bbox 2494 657 2977 719; x_wconf 72' lang='lat' dir='ltr'><strong>Commonitorium</strong></span> <span class='ocrx_word' id='word_1_452' title='bbox 3002 663 3283 736; x_wconf 72' lang='lat' dir='ltr'><strong>Augustini</strong></span> <span class='ocrx_word' id='word_1_453' title='bbox 3304 680 3499 725; x_wconf 73' lang='lat' dir='ltr'><strong>nomen</strong></span> <span class='ocrx_word' id='word_1_454' title='bbox 3530 686 3638 743; x_wconf 65' lang='lat' dir='ltr'><strong>pra</strong></span> <span class='ocrx_word' id='word_1_455' title='bbox 3660 677 3782 734; x_wconf 75' lang='lat' dir='ltr'><strong>sele-</strong></span> 
     </span>
    </p>
   </div>
   <div class='ocr_carea' id='block_1_64' title="bbox 2228 752 3781 833">
    <p class='ocr_par' dir='ltr' id='par_1_64' title="bbox 2228 752 3781 833">
     <span class='ocr_line' id='line_1_64' title="bbox 2228 752 3781 833; baseline 0.01 -27"><span class='ocrx_word' id='word_1_456' title='bbox 2228 764 2385 819; x_wconf 80' lang='lat' dir='ltr'><strong>rons,</strong></span> <span class='ocrx_word' id='word_1_457' title='bbox 2423 765 2527 807; x_wconf 79' lang='lat' dir='ltr'><strong>nec</strong></span> <span class='ocrx_word' id='word_1_458' title='bbox 2566 752 2685 824; x_wconf 77' lang='lat' dir='ltr'><strong>ipso</strong></span> <span class='ocrx_word' id='word_1_459' title='bbox 2723 760 2944 816; x_wconf 64' lang='lat' dir='ltr'><strong>enuere</strong></span> <span class='ocrx_word' id='word_1_460' title='bbox 2976 755 3285 829; x_wconf 75' lang='lat' dir='ltr'><strong>indignum,</strong></span> <span class='ocrx_word' id='word_1_461' title='bbox 3313 759 3370 815; x_wconf 91' lang='lat' dir='ltr'><strong>in</strong></span> <span class='ocrx_word' id='word_1_462' title='bbox 3394 775 3502 832; x_wconf 84' lang='lat' dir='ltr'><strong>quo</strong></span> <span class='ocrx_word' id='word_1_463' title='bbox 3528 762 3649 833; x_wconf 80' lang='lat' dir='ltr'><strong>quid</strong></span> <span class='ocrx_word' id='word_1_464' title='bbox 3671 767 3781 827; x_wconf 69' lang='lat' dir='ltr'><strong>circa</strong></span> 
     </span>
    </p>
   </div>
   <div class='ocr_carea' id='block_1_65' title="bbox 2230 842 3781 915">
    <p class='ocr_par' dir='ltr' id='par_1_65' title="bbox 2230 842 3781 915">
     <span class='ocr_line' id='line_1_65' title="bbox 2230 842 3781 915; baseline 0.01 -15"><span class='ocrx_word' id='word_1_465' title='bbox 2230 842 2519 901; x_wconf 78' lang='lat' dir='ltr'><strong>redeuntes</strong></span> <span class='ocrx_word' id='word_1_466' title='bbox 2543 844 2614 902; x_wconf 78' lang='lat' dir='ltr'><strong>od</strong></span> <span class='ocrx_word' id='word_1_467' title='bbox 2648 842 2945 904; x_wconf 71' lang='lat' dir='ltr'><strong>Ecclesium</strong></span> <span class='ocrx_word' id='word_1_468' title='bbox 2974 849 3298 908; x_wconf 65' lang='lat' dir='ltr'><strong>Haniobaaos</strong></span> <span class='ocrx_word' id='word_1_469' title='bbox 3321 851 3699 913; x_wconf 71' lang='lat' dir='ltr'><strong>observandum</strong></span> <span class='ocrx_word' id='word_1_470' title='bbox 3718 875 3781 915; x_wconf 77' lang='lat' dir='ltr'><strong>es—</strong></span> 
     </span>
    </p>
   </div>
   <div class='ocr_carea' id='block_1_66' title="bbox 2225 935 3792 1029">
    <p class='ocr_par' dir='ltr' id='par_1_66' title="bbox 2225 935 3792 1029">
     <span class='ocr_line' id='line_1_66' title="bbox 2225 935 3792 1029; baseline 0.012 -40"><span class='ocrx_word' id='word_1_471' title='bbox 2225 941 2338 1001; x_wconf 85' lang='lat' dir='ltr'><strong>set,</strong></span> <span class='ocrx_word' id='word_1_472' title='bbox 2366 935 2783 1012; x_wconf 65' lang='lat' dir='ltr'><strong>mpii-run</strong></span> <span class='ocrx_word' id='word_1_473' title='bbox 2808 937 3349 1015; x_wconf 51' lang='lat' dir='ltr'><strong>Apoculamus).</strong></span> <span class='ocrx_word' id='word_1_474' title='bbox 3395 942 3508 1002; x_wconf 83' lang='lat' dir='ltr'><strong>Illic</strong></span> <span class='ocrx_word' id='word_1_475' title='bbox 3552 958 3647 1003; x_wconf 87' lang='lat' dir='ltr'><strong>eos</strong></span> <span class='ocrx_word' id='word_1_476' title='bbox 3685 962 3792 1029; x_wconf 76' lang='lat' dir='ltr'><strong>antel</strong></span> 
     </span>
    </p>
   </div>
   <div class='ocr_carea' id='block_1_67' title="bbox 2225 1029 3779 1114">
    <p class='ocr_par' dir='ltr' id='par_1_67' title="bbox 2225 1029 3779 1114">
     <span class='ocr_line' id='line_1_67' title="bbox 2225 1029 3779 1114; baseline 0.01 -30"><span class='ocrx_word' id='word_1_477' title='bbox 2225 1029 2407 1087; x_wconf 81' lang='lat' dir='ltr'><strong>omnia</strong></span> <span class='ocrx_word' id='word_1_478' title='bbox 2453 1029 2689 1088; x_wconf 74' lang='lat' dir='ltr'><strong>libellum</strong></span> <span class='ocrx_word' id='word_1_479' title='bbox 2735 1033 2947 1091; x_wconf 75' lang='lat' dir='ltr'><strong>tradere</strong></span> <span class='ocrx_word' id='word_1_480' title='bbox 2981 1034 3134 1105; x_wconf 86' lang='lat' dir='ltr'><strong>jubet</strong></span> <span class='ocrx_word' id='word_1_481' title='bbox 3155 1078 3171 1104; x_wconf 96' lang='lat'><strong>,</strong></span> <span class='ocrx_word' id='word_1_482' title='bbox 3207 1052 3423 1093; x_wconf 77' lang='lat' dir='ltr'><strong>errones</strong></span> <span class='ocrx_word' id='word_1_483' title='bbox 3459 1053 3587 1095; x_wconf 87' lang='lat' dir='ltr'><strong>suos</strong></span> <span class='ocrx_word' id='word_1_484' title='bbox 3628 1044 3779 1114; x_wconf 80' lang='lat' dir='ltr'><strong>pristi-</strong></span> 
     </span>
    </p>
   </div>
   <div class='ocr_carea' id='block_1_68' title="bbox 2225 1124 3779 1207">
    <p class='ocr_par' dir='ltr' id='par_1_68' title="bbox 2225 1124 3779 1207">
     <span class='ocr_line' id='line_1_68' title="bbox 2225 1124 3779 1207; baseline 0.009 -31"><span class='ocrx_word' id='word_1_485' title='bbox 2225 1135 2324 1177; x_wconf 88' lang='lat' dir='ltr'><strong>nos</strong></span> <span class='ocrx_word' id='word_1_486' title='bbox 2360 1124 2834 1196; x_wconf 75' lang='lat' dir='ltr'><strong>complectentem,</strong></span> <span class='ocrx_word' id='word_1_487' title='bbox 2858 1138 3086 1198; x_wconf 79' lang='lat' dir='ltr'><strong>quomm</strong></span> <span class='ocrx_word' id='word_1_488' title='bbox 3111 1130 3424 1200; x_wconf 87' lang='lat' dir='ltr'><strong>suppliciter</strong></span> <span class='ocrx_word' id='word_1_489' title='bbox 3460 1133 3663 1189; x_wconf 81' lang='lat' dir='ltr'><strong>veniam</strong></span> <span class='ocrx_word' id='word_1_490' title='bbox 3698 1150 3779 1207; x_wconf 55' lang='lat' dir='ltr'><strong>pe.</strong></span> 
     </span>
    </p>
   </div>
   <div class='ocr_carea' id='block_1_69' title="bbox 2227 1213 3775 1293">
    <p class='ocr_par' dir='ltr' id='par_1_69' title="bbox 2227 1213 3775 1293">
     <span class='ocr_line' id='line_1_69' title="bbox 2227 1213 3775 1293; baseline 0.009 -24"><span class='ocrx_word' id='word_1_491' title='bbox 2227 1222 2358 1282; x_wconf 87' lang='lat' dir='ltr'><strong>teut,</strong></span> <span class='ocrx_word' id='word_1_492' title='bbox 2381 1222 2436 1271; x_wconf 87' lang='lat' dir='ltr'><strong>et</strong></span> <span class='ocrx_word' id='word_1_493' title='bbox 2470 1213 2820 1272; x_wconf 58' lang='lat' dir='ltr'><strong>Manicheum</strong></span> <span class='ocrx_word' id='word_1_494' title='bbox 2854 1231 2973 1273; x_wconf 88' lang='lat' dir='ltr'><strong>eum</strong></span> <span class='ocrx_word' id='word_1_495' title='bbox 3004 1218 3282 1291; x_wconf 77' lang='lat' dir='ltr'><strong>ﬂagitiosis</strong></span> <span class='ocrx_word' id='word_1_496' title='bbox 3302 1222 3470 1293; x_wconf 85' lang='lat' dir='ltr'><strong>ipsius</strong></span> <span class='ocrx_word' id='word_1_497' title='bbox 3496 1222 3775 1285; x_wconf 73' lang='lat' dir='ltr'><strong>dem-amen-</strong></span> 
     </span>
    </p>
   </div>
   <div class='ocr_carea' id='block_1_70' title="bbox 2230 1306 3779 1386">
    <p class='ocr_par' dir='ltr' id='par_1_70' title="bbox 2230 1306 3779 1386">
     <span class='ocr_line' id='line_1_70' title="bbox 2230 1306 3779 1386; baseline 0.009 -25"><span class='ocrx_word' id='word_1_498' title='bbox 2230 1307 2298 1361; x_wconf 86' lang='lat' dir='ltr'><strong>tis</strong></span> <span class='ocrx_word' id='word_1_499' title='bbox 2321 1321 2385 1362; x_wconf 86' lang='lat' dir='ltr'><strong>ea</strong></span> <span class='ocrx_word' id='word_1_500' title='bbox 2410 1307 2697 1363; x_wconf 76' lang='lat' dir='ltr'><strong>verborum</strong></span> <span class='ocrx_word' id='word_1_501' title='bbox 2717 1306 2885 1365; x_wconf 82' lang='lat' dir='ltr'><strong>fbrma</strong></span> <span class='ocrx_word' id='word_1_502' title='bbox 2913 1308 3341 1381; x_wconf 75' lang='lat' dir='ltr'><strong>detestabantur,</strong></span> <span class='ocrx_word' id='word_1_503' title='bbox 3376 1326 3500 1385; x_wconf 64' lang='lat' dir='ltr'><strong>quae</strong></span> <span class='ocrx_word' id='word_1_504' title='bbox 3521 1318 3779 1386; x_wconf 72' lang='lat' dir='ltr'><strong>pressi-ibi-</strong></span> 
     </span>
    </p>
   </div>
   <div class='ocr_carea' id='block_1_71' title="bbox 2223 1396 3781 1481">
    <p class='ocr_par' dir='ltr' id='par_1_71' title="bbox 2223 1396 3781 1481">
     <span class='ocr_line' id='line_1_71' title="bbox 2223 1396 3781 1481; baseline 0.01 -29"><span class='ocrx_word' id='word_1_505' title='bbox 2223 1406 2312 1453; x_wconf 89' lang='lat' dir='ltr'><strong>tur</strong></span> <span class='ocrx_word' id='word_1_506' title='bbox 2352 1399 2404 1453; x_wconf 90' lang='lat' dir='ltr'><strong>in</strong></span> <span class='ocrx_word' id='word_1_507' title='bbox 2441 1400 2885 1456; x_wconf 83' lang='lat' dir='ltr'><strong>Gommoultorio.</strong></span> <span class='ocrx_word' id='word_1_508' title='bbox 2914 1396 2971 1458; x_wconf 85' lang='lat' dir='ltr'><strong>Si</strong></span> <span class='ocrx_word' id='word_1_509' title='bbox 3005 1402 3246 1459; x_wconf 88' lang='lat' dir='ltr'><strong>libellum</strong></span> <span class='ocrx_word' id='word_1_510' title='bbox 3277 1418 3467 1461; x_wconf 90' lang='lat' dir='ltr'><strong>eorum</strong></span> <span class='ocrx_word' id='word_1_511' title='bbox 3500 1408 3667 1478; x_wconf 85' lang='lat' dir='ltr'><strong>probet</strong></span> <span class='ocrx_word' id='word_1_512' title='bbox 3687 1412 3781 1481; x_wconf 84' lang='lat' dir='ltr'><strong>epi-</strong></span> 
     </span>
    </p>
   </div>
   <div class='ocr_carea' id='block_1_72' title="bbox 2224 1490 3782 1566">
    <p class='ocr_par' dir='ltr' id='par_1_72' title="bbox 2224 1490 3782 1566">
     <span class='ocr_line' id='line_1_72' title="bbox 2224 1490 3782 1566; baseline 0.008 -21"><span class='ocrx_word' id='word_1_513' title='bbox 2224 1504 2437 1561; x_wconf 84' lang='lat' dir='ltr'><strong>scopus,</strong></span> <span class='ocrx_word' id='word_1_514' title='bbox 2465 1491 2530 1546; x_wconf 88' lang='lat' dir='ltr'><strong>iis</strong></span> <span class='ocrx_word' id='word_1_515' title='bbox 2560 1493 2651 1563; x_wconf 86' lang='lat' dir='ltr'><strong>qui</strong></span> <span class='ocrx_word' id='word_1_516' title='bbox 2680 1490 2852 1547; x_wconf 85' lang='lat' dir='ltr'><strong>solum</strong></span> <span class='ocrx_word' id='word_1_517' title='bbox 2874 1492 3160 1550; x_wconf 84' lang='lat' dir='ltr'><strong>Auditores</strong></span> <span class='ocrx_word' id='word_1_518' title='bbox 3185 1497 3327 1553; x_wconf 90' lang='lat' dir='ltr'><strong>inter</strong></span> <span class='ocrx_word' id='word_1_519' title='bbox 3346 1497 3471 1554; x_wconf 88' lang='lat' dir='ltr'><strong>illos</strong></span> <span class='ocrx_word' id='word_1_520' title='bbox 3498 1496 3691 1566; x_wconf 68' lang='lat' dir='ltr'><strong>dicunt,</strong></span> <span class='ocrx_word' id='word_1_521' title='bbox 3708 1501 3782 1557; x_wconf 83' lang='lat' dir='ltr'><strong>lit-</strong></span> 
     </span>
    </p>
   </div>
   <div class='ocr_carea' id='block_1_73' title="bbox 2225 1583 3780 1666">
    <p class='ocr_par' dir='ltr' id='par_1_73' title="bbox 2225 1583 3780 1666">
     <span class='ocr_line' id='line_1_73' title="bbox 2225 1583 3780 1666; baseline 0.007 -27"><span class='ocrx_word' id='word_1_522' title='bbox 2225 1592 2365 1639; x_wconf 87' lang='lat' dir='ltr'><strong>teras</strong></span> <span class='ocrx_word' id='word_1_523' title='bbox 2382 1583 2527 1639; x_wconf 81' lang='lat' dir='ltr'><strong>dabit</strong></span> <span class='ocrx_word' id='word_1_524' title='bbox 2544 1584 2632 1641; x_wconf 82' lang='lat' dir='ltr'><strong>die</strong></span> <span class='ocrx_word' id='word_1_525' title='bbox 2647 1592 2701 1641; x_wconf 88' lang='lat' dir='ltr'><strong>et</strong></span> <span class='ocrx_word' id='word_1_526' title='bbox 2715 1586 2993 1642; x_wconf 75' lang='lat' dir='ltr'><strong>consulatu</strong></span> <span class='ocrx_word' id='word_1_527' title='bbox 3010 1588 3261 1658; x_wconf 71' lang='lat' dir='ltr'><strong>pmenti</strong></span> <span class='ocrx_word' id='word_1_528' title='bbox 3273 1590 3613 1659; x_wconf 84' lang='lat' dir='ltr'><strong>subnotatas,</strong></span> <span class='ocrx_word' id='word_1_529' title='bbox 3628 1591 3780 1666; x_wconf 78' lang='lat' dir='ltr'><strong>quibus</strong></span> 
     </span>
    </p>
   </div>
   <div class='ocr_carea' id='block_1_74' title="bbox 2222 1675 3781 1754">
    <p class='ocr_par' dir='ltr' id='par_1_74' title="bbox 2222 1675 3781 1754">
     <span class='ocr_line' id='line_1_74' title="bbox 2222 1675 3781 1754; baseline 0.006 -23"><span class='ocrx_word' id='word_1_530' title='bbox 2222 1675 2439 1731; x_wconf 86' lang='lat' dir='ltr'><strong>eosdem</strong></span> <span class='ocrx_word' id='word_1_531' title='bbox 2462 1675 2527 1732; x_wconf 85' lang='lat' dir='ltr'><strong>ad</strong></span> <span class='ocrx_word' id='word_1_532' title='bbox 2548 1675 2804 1733; x_wconf 66' lang='lat' dir='ltr'><strong>Ecclesia:</strong></span> <span class='ocrx_word' id='word_1_533' title='bbox 2823 1678 3249 1736; x_wconf 86' lang='lat' dir='ltr'><strong>misericordiam</strong></span> <span class='ocrx_word' id='word_1_534' title='bbox 3272 1681 3581 1754; x_wconf 81' lang='lat' dir='ltr'><strong>confugisse</strong></span> <span class='ocrx_word' id='word_1_535' title='bbox 3606 1687 3781 1743; x_wconf 72' lang='lat' dir='ltr'><strong>testabi-</strong></span> 
     </span>
    </p>
   </div>
   <div class='ocr_carea' id='block_1_75' title="bbox 2166 1760 3779 1843">
    <p class='ocr_par' dir='ltr' id='par_1_75' title="bbox 2166 1760 3779 1843">
     <span class='ocr_line' id='line_1_75' title="bbox 2166 1760 3779 1843; baseline 0.007 -22"><span class='ocrx_word' id='word_1_536' title='bbox 2166 1760 2181 1769; x_wconf 86' lang='grc'><em>’</em></span> <span class='ocrx_word' id='word_1_537' title='bbox 2196 1774 2205 1783; x_wconf 85' lang='lat'><strong><em>‘</em></strong></span> <span class='ocrx_word' id='word_1_538' title='bbox 2222 1776 2310 1821; x_wconf 85' lang='lat' dir='ltr'><strong>tur</strong></span> <span class='ocrx_word' id='word_1_539' title='bbox 2333 1784 2346 1820; x_wconf 89' lang='lat'><strong>:</strong></span> <span class='ocrx_word' id='word_1_540' title='bbox 2373 1780 2441 1822; x_wconf 90' lang='lat' dir='ltr'><strong>ne</strong></span> <span class='ocrx_word' id='word_1_541' title='bbox 2455 1765 2703 1823; x_wconf 82' lang='lat' dir='ltr'><strong>videlicet</strong></span> <span class='ocrx_word' id='word_1_542' title='bbox 2731 1774 2823 1823; x_wconf 70' lang='lat' dir='ltr'><strong>rut</strong></span> <span class='ocrx_word' id='word_1_543' title='bbox 2842 1768 2911 1824; x_wconf 84' lang='lat' dir='ltr'><strong>ad</strong></span> <span class='ocrx_word' id='word_1_544' title='bbox 2933 1770 3295 1827; x_wconf 82' lang='lat' dir='ltr'><strong>ecclesiastica</strong></span> <span class='ocrx_word' id='word_1_545' title='bbox 3317 1772 3620 1843; x_wconf 82' lang='lat' dir='ltr'><strong>tribunalia,</strong></span> <span class='ocrx_word' id='word_1_546' title='bbox 3645 1777 3779 1833; x_wconf 74' lang='lat' dir='ltr'><strong>aetati</strong></span> 
     </span>
    </p>
   </div>
   <div class='ocr_carea' id='block_1_76' title="bbox 2222 1856 3777 1935">
    <p class='ocr_par' dir='ltr' id='par_1_76' title="bbox 2222 1856 3777 1935">
     <span class='ocr_line' id='line_1_76' title="bbox 2222 1856 3777 1935; baseline 0.008 -24"><span class='ocrx_word' id='word_1_547' title='bbox 2222 1856 2387 1912; x_wconf 78' lang='lat' dir='ltr'><strong>laicus</strong></span> <span class='ocrx_word' id='word_1_548' title='bbox 2424 1858 2768 1929; x_wconf 84' lang='lat' dir='ltr'><strong>magistratus</strong></span> <span class='ocrx_word' id='word_1_549' title='bbox 2808 1860 2961 1915; x_wconf 82' lang='lat' dir='ltr'><strong>citari</strong></span> <span class='ocrx_word' id='word_1_550' title='bbox 2999 1868 3254 1932; x_wconf 83' lang='lat' dir='ltr'><strong>possent;</strong></span> <span class='ocrx_word' id='word_1_551' title='bbox 3284 1864 3427 1935; x_wconf 87' lang='lat' dir='ltr'><strong>quod</strong></span> <span class='ocrx_word' id='word_1_552' title='bbox 3455 1864 3583 1920; x_wconf 86' lang='lat' dir='ltr'><strong>huic</strong></span> <span class='ocrx_word' id='word_1_553' title='bbox 3607 1865 3777 1935; x_wconf 63' lang='lat' dir='ltr'><strong>heresi,</strong></span> 
     </span>
    </p>
   </div>
   <div class='ocr_carea' id='block_1_77' title="bbox 2220 1952 3780 2029">
    <p class='ocr_par' dir='ltr' id='par_1_77' title="bbox 2220 1952 3780 2029">
     <span class='ocr_line' id='line_1_77' title="bbox 2220 1952 3780 2029; baseline 0.009 -25"><span class='ocrx_word' id='word_1_554' title='bbox 2220 1964 2380 2022; x_wconf 81' lang='lat' dir='ltr'><strong>quam</strong></span> <span class='ocrx_word' id='word_1_555' title='bbox 2401 1952 2743 2009; x_wconf 75' lang='lat' dir='ltr'><strong>severissime</strong></span> <span class='ocrx_word' id='word_1_556' title='bbox 2760 1952 2943 2011; x_wconf 81' lang='lat' dir='ltr'><strong>civiles</strong></span> <span class='ocrx_word' id='word_1_557' title='bbox 2961 1956 3111 2028; x_wconf 84' lang='lat' dir='ltr'><strong>leges</strong></span> <span class='ocrx_word' id='word_1_558' title='bbox 3134 1956 3201 2013; x_wconf 88' lang='lat' dir='ltr'><strong>ab</strong></span> <span class='ocrx_word' id='word_1_559' title='bbox 3223 1960 3342 2029; x_wconf 85' lang='lat' dir='ltr'><strong>ipso</strong></span> <span class='ocrx_word' id='word_1_560' title='bbox 3362 1959 3531 2015; x_wconf 88' lang='lat' dir='ltr'><strong>etiam</strong></span> <span class='ocrx_word' id='word_1_561' title='bbox 3553 1959 3780 2018; x_wconf 78' lang='lat' dir='ltr'><strong>Diocletia-</strong></span> 
     </span>
    </p>
   </div>
   <div class='ocr_carea' id='block_1_78' title="bbox 2224 2041 3779 2123">
    <p class='ocr_par' dir='ltr' id='par_1_78' title="bbox 2224 2041 3779 2123">
     <span class='ocr_line' id='line_1_78' title="bbox 2224 2041 3779 2123; baseline 0.011 -29"><span class='ocrx_word' id='word_1_562' title='bbox 2224 2054 2294 2095; x_wconf 91' lang='lat' dir='ltr'><strong>no</strong></span> <span class='ocrx_word' id='word_1_563' title='bbox 2319 2041 2439 2097; x_wconf 79' lang='lat' dir='ltr'><strong>latae</strong></span> <span class='ocrx_word' id='word_1_564' title='bbox 2468 2042 2779 2114; x_wconf 75' lang='lat' dir='ltr'><strong>ptmiebaut,</strong></span> <span class='ocrx_word' id='word_1_565' title='bbox 2804 2043 2872 2100; x_wconf 85' lang='lat' dir='ltr'><strong>ad</strong></span> <span class='ocrx_word' id='word_1_566' title='bbox 2898 2042 2951 2100; x_wconf 90' lang='lat' dir='ltr'><strong>id</strong></span> <span class='ocrx_word' id='word_1_567' title='bbox 2976 2048 3235 2118; x_wconf 78' lang='lat' dir='ltr'><strong>temporis</strong></span> <span class='ocrx_word' id='word_1_568' title='bbox 3255 2047 3627 2109; x_wconf 65' lang='lat' dir='ltr'><strong>adllazsissent.</strong></span> <span class='ocrx_word' id='word_1_569' title='bbox 3651 2053 3779 2123; x_wconf 73' lang='lat' dir='ltr'><strong>Quid</strong></span> 
     </span>
    </p>
   </div>
   <div class='ocr_carea' id='block_1_79' title="bbox 2222 2130 3778 2219">
    <p class='ocr_par' dir='ltr' id='par_1_79' title="bbox 2222 2130 3778 2219">
     <span class='ocr_line' id='line_1_79' title="bbox 2222 2130 3778 2219; baseline 0.009 -33"><span class='ocrx_word' id='word_1_570' title='bbox 2222 2130 2399 2186; x_wconf 86' lang='lat' dir='ltr'><strong>denuo</strong></span> <span class='ocrx_word' id='word_1_571' title='bbox 2432 2133 2671 2190; x_wconf 87' lang='lat' dir='ltr'><strong>redirent</strong></span> <span class='ocrx_word' id='word_1_572' title='bbox 2705 2135 2773 2190; x_wconf 79' lang='lat' dir='ltr'><strong>ad</strong></span> <span class='ocrx_word' id='word_1_573' title='bbox 2811 2136 3107 2203; x_wconf 80' lang='lat' dir='ltr'><strong>vomitum;</strong></span> <span class='ocrx_word' id='word_1_574' title='bbox 3152 2140 3263 2209; x_wconf 87' lang='lat' dir='ltr'><strong>jam</strong></span> <span class='ocrx_word' id='word_1_575' title='bbox 3294 2138 3347 2195; x_wconf 87' lang='lat' dir='ltr'><strong>in</strong></span> <span class='ocrx_word' id='word_1_576' title='bbox 3376 2154 3475 2197; x_wconf 83' lang='lat' dir='ltr'><strong>eos</strong></span> <span class='ocrx_word' id='word_1_577' title='bbox 3495 2185 3512 2210; x_wconf 95' lang='lat'><strong>,</strong></span> <span class='ocrx_word' id='word_1_578' title='bbox 3550 2159 3648 2216; x_wconf 83' lang='lat' dir='ltr'><strong>qua</strong></span> <span class='ocrx_word' id='word_1_579' title='bbox 3670 2145 3778 2219; x_wconf 71' lang='lat' dir='ltr'><strong>digni</strong></span> 
     </span>
    </p>
   </div>
   <div class='ocr_carea' id='block_1_80' title="bbox 2222 2220 3779 2308">
    <p class='ocr_par' dir='ltr' id='par_1_80' title="bbox 2222 2220 3779 2308">
     <span class='ocr_line' id='line_1_80' title="bbox 2222 2220 3779 2308; baseline 0.01 -32"><span class='ocrx_word' id='word_1_580' title='bbox 2222 2230 2364 2288; x_wconf 87' lang='lat' dir='ltr'><strong>sunt,</strong></span> <span class='ocrx_word' id='word_1_581' title='bbox 2391 2220 2527 2292; x_wconf 83' lang='lat' dir='ltr'><strong>juris</strong></span> <span class='ocrx_word' id='word_1_582' title='bbox 2552 2226 2838 2282; x_wconf 78' lang='lat' dir='ltr'><strong>severitate</strong></span> <span class='ocrx_word' id='word_1_583' title='bbox 2859 2227 3211 2284; x_wconf 75' lang='lat' dir='ltr'><strong>animadverti</strong></span> <span class='ocrx_word' id='word_1_584' title='bbox 3237 2228 3706 2291; x_wconf 85' lang='lat' dir='ltr'><strong>Commonitorium</strong></span> <span class='ocrx_word' id='word_1_585' title='bbox 3717 2237 3779 2308; x_wconf 82' lang='lat' dir='ltr'><strong>jn-</strong></span> 
     </span>
    </p>
   </div>
   <div class='ocr_carea' id='block_1_81' title="bbox 2222 2312 3774 2396">
    <p class='ocr_par' dir='ltr' id='par_1_81' title="bbox 2222 2312 3774 2396">
     <span class='ocr_line' id='line_1_81' title="bbox 2222 2312 3774 2396; baseline 0.01 -28"><span class='ocrx_word' id='word_1_586' title='bbox 2222 2313 2330 2381; x_wconf 85' lang='lat' dir='ltr'><strong>bet,</strong></span> <span class='ocrx_word' id='word_1_587' title='bbox 2358 2312 2463 2370; x_wconf 87' lang='lat' dir='ltr'><strong>hoc</strong></span> <span class='ocrx_word' id='word_1_588' title='bbox 2487 2324 2588 2381; x_wconf 90' lang='lat' dir='ltr'><strong>est,</strong></span> <span class='ocrx_word' id='word_1_589' title='bbox 2618 2315 2803 2374; x_wconf 86' lang='lat' dir='ltr'><strong>tideles</strong></span> <span class='ocrx_word' id='word_1_590' title='bbox 2828 2318 2896 2375; x_wconf 87' lang='lat' dir='ltr'><strong>ab</strong></span> <span class='ocrx_word' id='word_1_591' title='bbox 2919 2333 3104 2375; x_wconf 88' lang='lat' dir='ltr'><strong>eorum</strong></span> <span class='ocrx_word' id='word_1_592' title='bbox 3133 2324 3429 2393; x_wconf 87' lang='lat' dir='ltr'><strong>consortio,</strong></span> <span class='ocrx_word' id='word_1_593' title='bbox 3460 2327 3550 2382; x_wconf 80' lang='lat' dir='ltr'><strong>vel</strong></span> <span class='ocrx_word' id='word_1_594' title='bbox 3569 2328 3774 2396; x_wconf 77' lang='lat' dir='ltr'><strong>amicitia,</strong></span> 
     </span>
    </p>
   </div>
   <div class='ocr_carea' id='block_1_82' title="bbox 2220 2406 3778 2490">
    <p class='ocr_par' dir='ltr' id='par_1_82' title="bbox 2220 2406 3778 2490">
     <span class='ocr_line' id='line_1_82' title="bbox 2220 2406 3778 2490; baseline 0.01 -28"><span class='ocrx_word' id='word_1_595' title='bbox 2220 2406 2307 2463; x_wconf 80' lang='lat' dir='ltr'><strong>vel</strong></span> <span class='ocrx_word' id='word_1_596' title='bbox 2328 2420 2659 2481; x_wconf 84' lang='lat' dir='ltr'><strong>quacumque</strong></span> <span class='ocrx_word' id='word_1_597' title='bbox 2676 2412 2932 2469; x_wconf 84' lang='lat' dir='ltr'><strong>societate</strong></span> <span class='ocrx_word' id='word_1_598' title='bbox 2957 2413 3245 2470; x_wconf 77' lang='lat' dir='ltr'><strong>citriStiana</strong></span> <span class='ocrx_word' id='word_1_599' title='bbox 3269 2430 3327 2473; x_wconf 90' lang='lat' dir='ltr'><strong>se</strong></span> <span class='ocrx_word' id='word_1_600' title='bbox 3347 2417 3639 2476; x_wconf 80' lang='lat' dir='ltr'><strong>abstinere.</strong></span> <span class='ocrx_word' id='word_1_601' title='bbox 3660 2420 3778 2490; x_wconf 76' lang='lat' dir='ltr'><strong>Quod</strong></span> 
     </span>
    </p>
   </div>
   <div class='ocr_carea' id='block_1_83' title="bbox 2221 2500 3779 2579">
    <p class='ocr_par' dir='ltr' id='par_1_83' title="bbox 2221 2500 3779 2579">
     <span class='ocr_line' id='line_1_83' title="bbox 2221 2500 3779 2579; baseline 0.01 -25"><span class='ocrx_word' id='word_1_602' title='bbox 2221 2512 2349 2555; x_wconf 75' lang='lat' dir='ltr'><strong>vero</strong></span> <span class='ocrx_word' id='word_1_603' title='bbox 2366 2500 2437 2555; x_wconf 83' lang='lat' dir='ltr'><strong>ad</strong></span> <span class='ocrx_word' id='word_1_604' title='bbox 2454 2500 2589 2557; x_wconf 86' lang='lat' dir='ltr'><strong>alios</strong></span> <span class='ocrx_word' id='word_1_605' title='bbox 2607 2508 2833 2573; x_wconf 84' lang='lat' dir='ltr'><strong>spectat,</strong></span> <span class='ocrx_word' id='word_1_606' title='bbox 2856 2507 3088 2576; x_wconf 85' lang='lat' dir='ltr'><strong>acceptis</strong></span> <span class='ocrx_word' id='word_1_607' title='bbox 3106 2507 3343 2579; x_wconf 84' lang='lat' dir='ltr'><strong>episcopi</strong></span> <span class='ocrx_word' id='word_1_608' title='bbox 3374 2512 3779 2569; x_wconf 77' lang='lat' dir='ltr'><strong>testimonialibus</strong></span> 
     </span>
    </p>
   </div>
   <div class='ocr_carea' id='block_1_84' title="bbox 2219 2590 3777 2673">
    <p class='ocr_par' dir='ltr' id='par_1_84' title="bbox 2219 2590 3777 2673">
     <span class='ocr_line' id='line_1_84' title="bbox 2219 2590 3777 2673; baseline 0.011 -28"><span class='ocrx_word' id='word_1_609' title='bbox 2219 2590 2433 2659; x_wconf 87' lang='lat' dir='ltr'><strong>litteris,</strong></span> <span class='ocrx_word' id='word_1_610' title='bbox 2466 2593 2723 2650; x_wconf 86' lang='lat' dir='ltr'><strong>statuitur</strong></span> <span class='ocrx_word' id='word_1_611' title='bbox 2746 2606 2840 2653; x_wconf 87' lang='lat' dir='ltr'><strong>eos</strong></span> <span class='ocrx_word' id='word_1_612' title='bbox 2869 2595 2968 2667; x_wconf 90' lang='lat' dir='ltr'><strong>piis</strong></span> <span class='ocrx_word' id='word_1_613' title='bbox 2990 2597 3250 2669; x_wconf 86' lang='lat' dir='ltr'><strong>aliquibus</strong></span> <span class='ocrx_word' id='word_1_614' title='bbox 3276 2601 3429 2669; x_wconf 85' lang='lat' dir='ltr'><strong>viris,</strong></span> <span class='ocrx_word' id='word_1_615' title='bbox 3454 2604 3574 2659; x_wconf 77' lang='lat' dir='ltr'><strong>sive</strong></span> <span class='ocrx_word' id='word_1_616' title='bbox 3591 2605 3777 2673; x_wconf 80' lang='lat' dir='ltr'><strong>clericis,</strong></span> 
     </span>
    </p>
   </div>
   <div class='ocr_carea' id='block_1_85' title="bbox 2219 2684 3778 2768">
    <p class='ocr_par' dir='ltr' id='par_1_85' title="bbox 2219 2684 3778 2768">
     <span class='ocr_line' id='line_1_85' title="bbox 2219 2684 3778 2768; baseline 0.008 -30"><span class='ocrx_word' id='word_1_617' title='bbox 2219 2684 2332 2739; x_wconf 77' lang='lat' dir='ltr'><strong>sive</strong></span> <span class='ocrx_word' id='word_1_618' title='bbox 2375 2684 2525 2741; x_wconf 86' lang='lat' dir='ltr'><strong>Iaicis</strong></span> <span class='ocrx_word' id='word_1_619' title='bbox 2548 2729 2563 2753; x_wconf 95' lang='lat'><strong>,</strong></span> <span class='ocrx_word' id='word_1_620' title='bbox 2609 2688 2973 2744; x_wconf 86' lang='lat' dir='ltr'><strong>commendari</strong></span> <span class='ocrx_word' id='word_1_621' title='bbox 3001 2698 3275 2760; x_wconf 83' lang='lat' dir='ltr'><strong>oportere,</strong></span> <span class='ocrx_word' id='word_1_622' title='bbox 3306 2692 3400 2764; x_wconf 86' lang='lat' dir='ltr'><strong>qui</strong></span> <span class='ocrx_word' id='word_1_623' title='bbox 3428 2710 3535 2749; x_wconf 89' lang='lat' dir='ltr'><strong>una</strong></span> <span class='ocrx_word' id='word_1_624' title='bbox 3568 2696 3778 2768; x_wconf 77' lang='lat' dir='ltr'><strong>reljurta</strong></span> 
     </span>
    </p>
   </div>
   <div class='ocr_carea' id='block_1_86' title="bbox 2218 2775 3775 2859">
    <p class='ocr_par' dir='ltr' id='par_1_86' title="bbox 2218 2775 3775 2859">
     <span class='ocr_line' id='line_1_86' title="bbox 2218 2775 3775 2859; baseline 0.01 -29"><span class='ocrx_word' id='word_1_625' title='bbox 2218 2775 2539 2846; x_wconf 85' lang='lat' dir='ltr'><strong>habitantes,</strong></span> <span class='ocrx_word' id='word_1_626' title='bbox 2569 2778 2714 2850; x_wconf 91' lang='lat' dir='ltr'><strong>ipsos</strong></span> <span class='ocrx_word' id='word_1_627' title='bbox 2740 2779 2807 2836; x_wconf 90' lang='lat' dir='ltr'><strong>ad</strong></span> <span class='ocrx_word' id='word_1_628' title='bbox 2835 2780 3057 2837; x_wconf 82' lang='lat' dir='ltr'><strong>verbum</strong></span> <span class='ocrx_word' id='word_1_629' title='bbox 3085 2782 3322 2839; x_wconf 82' lang='lat' dir='ltr'><strong>divinum</strong></span> <span class='ocrx_word' id='word_1_630' title='bbox 3352 2783 3678 2859; x_wconf 88' lang='lat' dir='ltr'><strong>frequentius</strong></span> <span class='ocrx_word' id='word_1_631' title='bbox 3698 2804 3775 2844; x_wconf 80' lang='lat' dir='ltr'><strong>au-</strong></span> 
     </span>
    </p>
   </div>
   <div class='ocr_carea' id='block_1_87' title="bbox 2216 2864 3778 2948">
    <p class='ocr_par' dir='ltr' id='par_1_87' title="bbox 2216 2864 3778 2948">
     <span class='ocr_line' id='line_1_87' title="bbox 2216 2864 3778 2948; baseline 0.008 -26"><span class='ocrx_word' id='word_1_632' title='bbox 2216 2864 2469 2924; x_wconf 78' lang='lat' dir='ltr'><strong>diendum</strong></span> <span class='ocrx_word' id='word_1_633' title='bbox 2496 2871 2869 2943; x_wconf 87' lang='lat' dir='ltr'><strong>impellerent,</strong></span> <span class='ocrx_word' id='word_1_634' title='bbox 2914 2874 3387 2948; x_wconf 84' lang='lat' dir='ltr'><strong>testimoniumque</strong></span> <span class='ocrx_word' id='word_1_635' title='bbox 3409 2879 3685 2937; x_wconf 85' lang='lat' dir='ltr'><strong>redderent</strong></span> <span class='ocrx_word' id='word_1_636' title='bbox 3707 2898 3778 2938; x_wconf 85' lang='lat' dir='ltr'><strong>eo-</strong></span> 
     </span>
    </p>
   </div>
   <div class='ocr_carea' id='block_1_88' title="bbox 2215 2961 3775 3045">
    <p class='ocr_par' dir='ltr' id='par_1_88' title="bbox 2215 2961 3775 3045">
     <span class='ocr_line' id='line_1_88' title="bbox 2215 2961 3775 3045; baseline 0.01 -30"><span class='ocrx_word' id='word_1_637' title='bbox 2215 2972 2335 3015; x_wconf 85' lang='lat' dir='ltr'><strong>rum</strong></span> <span class='ocrx_word' id='word_1_638' title='bbox 2357 2961 2578 3026; x_wconf 54' lang='lat' dir='ltr'><strong>vitat,‘ut</strong></span> <span class='ocrx_word' id='word_1_639' title='bbox 2600 2962 2988 3035; x_wconf 78' lang='lat' dir='ltr'><strong>intelligeretur</strong></span> <span class='ocrx_word' id='word_1_640' title='bbox 3005 2966 3343 3037; x_wconf 83' lang='lat' dir='ltr'><strong>quandonam</strong></span> <span class='ocrx_word' id='word_1_641' title='bbox 3373 2971 3440 3026; x_wconf 86' lang='lat' dir='ltr'><strong>ad</strong></span> <span class='ocrx_word' id='word_1_642' title='bbox 3468 2972 3775 3045; x_wconf 82' lang='lat' dir='ltr'><strong>Baptismum,</strong></span> 
     </span>
    </p>
   </div>
   <div class='ocr_carea' id='block_1_89' title="bbox 2216 3053 3778 3149">
    <p class='ocr_par' dir='ltr' id='par_1_89' title="bbox 2216 3053 3778 3149">
     <span class='ocr_line' id='line_1_89' title="bbox 2216 3053 3778 3149; baseline 0.008 -41"><span class='ocrx_word' id='word_1_643' title='bbox 2216 3053 2265 3108; x_wconf 85' lang='lat' dir='ltr'><strong>si</strong></span> <span class='ocrx_word' id='word_1_644' title='bbox 2284 3053 2511 3110; x_wconf 83' lang='lat' dir='ltr'><strong>necdum</strong></span> <span class='ocrx_word' id='word_1_645' title='bbox 2536 3070 2601 3110; x_wconf 91' lang='lat' dir='ltr'><strong>co</strong></span> <span class='ocrx_word' id='word_1_646' title='bbox 2621 3066 2800 3113; x_wconf 90' lang='lat' dir='ltr'><strong>essent</strong></span> <span class='ocrx_word' id='word_1_647' title='bbox 2821 3056 3011 3113; x_wconf 86' lang='lat' dir='ltr'><strong>initiati</strong></span> <span class='ocrx_word' id='word_1_648' title='bbox 3034 3060 3177 3129; x_wconf 86' lang='lat' dir='ltr'><strong>(nam</strong></span> <span class='ocrx_word' id='word_1_649' title='bbox 3204 3060 3501 3149; x_wconf 58' lang='lat' dir='ltr'><strong>videbam;</strong></span> <span class='ocrx_word' id='word_1_650' title='bbox 3514 3062 3778 3121; x_wconf 58' lang='lat' dir='ltr'><strong>[sulcaris</strong></span> 
     </span>
    </p>
   </div>
   <div class='ocr_carea' id='block_1_90' title="bbox 2216 3142 3774 3226">
    <p class='ocr_par' dir='ltr' id='par_1_90' title="bbox 2216 3142 3774 3226">
     <span class='ocr_line' id='line_1_90' title="bbox 2216 3142 3774 3226; baseline 0.012 -28"><span class='ocrx_word' id='word_1_651' title='bbox 2216 3142 2624 3203; x_wconf 82' lang='lat' dir='ltr'><strong>Sacramentum</strong></span> <span class='ocrx_word' id='word_1_652' title='bbox 2651 3146 2749 3204; x_wconf 85' lang='lat' dir='ltr'><strong>hoc</strong></span> <span class='ocrx_word' id='word_1_653' title='bbox 2775 3155 3274 3226; x_wconf 81' lang='lat' dir='ltr'><strong>supervacaneum),</strong></span> <span class='ocrx_word' id='word_1_654' title='bbox 3295 3142 3511 3212; x_wconf 69' lang='lat' dir='ltr'><strong>admitti</strong></span> <span class='ocrx_word' id='word_1_655' title='bbox 3536 3152 3774 3224; x_wconf 73' lang='lat' dir='ltr'><strong>deberent,</strong></span> 
     </span>
    </p>
   </div>
   <div class='ocr_carea' id='block_1_91' title="bbox 2217 3236 3777 3323">
    <p class='ocr_par' dir='ltr' id='par_1_91' title="bbox 2217 3236 3777 3323">
     <span class='ocr_line' id='line_1_91' title="bbox 2217 3236 3777 3323; baseline 0.008 -31"><span class='ocrx_word' id='word_1_656' title='bbox 2217 3246 2308 3293; x_wconf 84' lang='lat' dir='ltr'><strong>aut</strong></span> <span class='ocrx_word' id='word_1_657' title='bbox 2334 3238 2405 3293; x_wconf 83' lang='lat' dir='ltr'><strong>ad</strong></span> <span class='ocrx_word' id='word_1_658' title='bbox 2429 3236 2936 3311; x_wconf 83' lang='lat' dir='ltr'><strong>reconciliationem,</strong></span> <span class='ocrx_word' id='word_1_659' title='bbox 2956 3242 3015 3299; x_wconf 81' lang='lat' dir='ltr'><strong>&#39;sl</strong></span> <span class='ocrx_word' id='word_1_660' title='bbox 3044 3245 3248 3302; x_wconf 82' lang='lat' dir='ltr'><strong>redacti</strong></span> <span class='ocrx_word' id='word_1_661' title='bbox 3277 3246 3331 3302; x_wconf 84' lang='lat' dir='ltr'><strong>in</strong></span> <span class='ocrx_word' id='word_1_662' title='bbox 3364 3247 3605 3307; x_wconf 86' lang='lat' dir='ltr'><strong>ordinem</strong></span> <span class='ocrx_word' id='word_1_663' title='bbox 3633 3252 3777 3323; x_wconf 54' lang='lat' dir='ltr'><strong>pleni.</strong></span> 
     </span>
    </p>
   </div>
   <div class='ocr_carea' id='block_1_92' title="bbox 2216 3332 3778 3410">
    <p class='ocr_par' dir='ltr' id='par_1_92' title="bbox 2216 3332 3778 3410">
     <span class='ocr_line' id='line_1_92' title="bbox 2216 3332 3778 3410; baseline 0.008 -21"><span class='ocrx_word' id='word_1_664' title='bbox 2216 3332 2440 3389; x_wconf 78' lang='lat' dir='ltr'><strong>tentiam</strong></span> <span class='ocrx_word' id='word_1_665' title='bbox 2488 3332 2712 3392; x_wconf 88' lang='lat' dir='ltr'><strong>fuissent</strong></span> <span class='ocrx_word' id='word_1_666' title='bbox 2753 3353 2766 3391; x_wconf 88' lang='lat'><strong>:</strong></span> <span class='ocrx_word' id='word_1_667' title='bbox 2802 3345 2857 3393; x_wconf 87' lang='lat' dir='ltr'><strong>at</strong></span> <span class='ocrx_word' id='word_1_668' title='bbox 2895 3339 3218 3410; x_wconf 86' lang='lat' dir='ltr'><strong>generaliter</strong></span> <span class='ocrx_word' id='word_1_669' title='bbox 3261 3350 3511 3399; x_wconf 87' lang='lat' dir='ltr'><strong>neutrum</strong></span> <span class='ocrx_word' id='word_1_670' title='bbox 3551 3345 3624 3402; x_wconf 87' lang='lat' dir='ltr'><strong>eis</strong></span> <span class='ocrx_word' id='word_1_671' title='bbox 3658 3340 3778 3402; x_wconf 70' lang='lat' dir='ltr'><strong>facile</strong></span> 
     </span>
    </p>
   </div>
   <div class='ocr_carea' id='block_1_93' title="bbox 2213 3422 3775 3508">
    <p class='ocr_par' dir='ltr' id='par_1_93' title="bbox 2213 3422 3775 3508">
     <span class='ocr_line' id='line_1_93' title="bbox 2213 3422 3775 3508; baseline 0.01 -29"><span class='ocrx_word' id='word_1_672' title='bbox 2213 3422 2632 3493; x_wconf 84' lang='lat' dir='ltr'><strong>concedendum,</strong></span> <span class='ocrx_word' id='word_1_673' title='bbox 2668 3426 2771 3483; x_wconf 89' lang='lat' dir='ltr'><strong>nisi</strong></span> <span class='ocrx_word' id='word_1_674' title='bbox 2798 3424 3053 3491; x_wconf 72' lang='lat' dir='ltr'><strong>sl‘mortis</strong></span> <span class='ocrx_word' id='word_1_675' title='bbox 3078 3432 3372 3502; x_wconf 84' lang='lat' dir='ltr'><strong>periculum</strong></span> <span class='ocrx_word' id='word_1_676' title='bbox 3418 3436 3563 3492; x_wconf 87' lang='lat' dir='ltr'><strong>aliud</strong></span> <span class='ocrx_word' id='word_1_677' title='bbox 3593 3448 3775 3508; x_wconf 73' lang='lat' dir='ltr'><strong>perstu-</strong></span> 
     </span>
    </p>
   </div>
   <div class='ocr_carea' id='block_1_94' title="bbox 2214 3510 3773 3594">
    <p class='ocr_par' dir='ltr' id='par_1_94' title="bbox 2214 3510 3773 3594">
     <span class='ocr_line' id='line_1_94' title="bbox 2214 3510 3773 3594; baseline 0.009 -23"><span class='ocrx_word' id='word_1_678' title='bbox 2214 3514 2357 3573; x_wconf 88' lang='lat' dir='ltr'><strong>deat.</strong></span> <span class='ocrx_word' id='word_1_679' title='bbox 2392 3514 2473 3572; x_wconf 86' lang='lat' dir='ltr'><strong>Ad</strong></span> <span class='ocrx_word' id='word_1_680' title='bbox 2501 3510 2716 3575; x_wconf 77' lang='lat' dir='ltr'><strong>Eiectos</strong></span> <span class='ocrx_word' id='word_1_681' title='bbox 2743 3522 3064 3593; x_wconf 79' lang='lat' dir='ltr'><strong>porro‘quod</strong></span> <span class='ocrx_word' id='word_1_682' title='bbox 3092 3530 3317 3594; x_wconf 87' lang='lat' dir='ltr'><strong>spectat,</strong></span> <span class='ocrx_word' id='word_1_683' title='bbox 3352 3536 3541 3584; x_wconf 84' lang='lat' dir='ltr'><strong>mouet</strong></span> <span class='ocrx_word' id='word_1_684' title='bbox 3571 3528 3773 3584; x_wconf 63' lang='lat' dir='ltr'><strong>teetimo-</strong></span> 
     </span>
    </p>
   </div>
   <div class='ocr_carea' id='block_1_95' title="bbox 2213 3606 3776 3683">
    <p class='ocr_par' dir='ltr' id='par_1_95' title="bbox 2213 3606 3776 3683">
     <span class='ocr_line' id='line_1_95' title="bbox 2213 3606 3776 3683; baseline 0.008 -17"><span class='ocrx_word' id='word_1_685' title='bbox 2213 3606 2359 3667; x_wconf 82' lang='lat' dir='ltr'><strong>nlum</strong></span> <span class='ocrx_word' id='word_1_686' title='bbox 2389 3608 2773 3683; x_wconf 72' lang='lat' dir='ltr'><strong>resipisceutite</strong></span> <span class='ocrx_word' id='word_1_687' title='bbox 2800 3614 3013 3668; x_wconf 86' lang='lat' dir='ltr'><strong>nonnisi</strong></span> <span class='ocrx_word' id='word_1_688' title='bbox 3052 3612 3338 3671; x_wconf 78' lang='lat' dir='ltr'><strong>difﬁculter</strong></span> <span class='ocrx_word' id='word_1_689' title='bbox 3372 3616 3702 3676; x_wconf 77' lang='lat' dir='ltr'><strong>eisdandttnt</strong></span> <span class='ocrx_word' id='word_1_690' title='bbox 3723 3620 3776 3677; x_wconf 76' lang='lat' dir='ltr'><strong>Ili</strong></span> 
     </span>
    </p>
   </div>
   <div class='ocr_carea' id='block_1_96' title="bbox 2213 3688 3776 3781">
    <p class='ocr_par' dir='ltr' id='par_1_96' title="bbox 2213 3688 3776 3781">
     <span class='ocr_line' id='line_1_96' title="bbox 2213 3688 3776 3781; baseline 0.006 -23"><span class='ocrx_word' id='word_1_691' title='bbox 2213 3703 2467 3781; x_wconf 86' lang='lat' dir='ltr'><strong>episcopo</strong></span> <span class='ocrx_word' id='word_1_692' title='bbox 2488 3688 2509 3771; x_wconf 19' lang='lat' dir='ltr'><strong>,A</strong></span> <span class='ocrx_word' id='word_1_693' title='bbox 2550 3710 2607 3758; x_wconf 91' lang='lat' dir='ltr'><strong>ut</strong></span> <span class='ocrx_word' id='word_1_694' title='bbox 2646 3716 2715 3758; x_wconf 88' lang='lat' dir='ltr'><strong>ne</strong></span> <span class='ocrx_word' id='word_1_695' title='bbox 2753 3703 2867 3758; x_wconf 85' lang='lat' dir='ltr'><strong>loca</strong></span> <span class='ocrx_word' id='word_1_696' title='bbox 2892 3700 2985 3760; x_wconf 85' lang='lat' dir='ltr'><strong>ubi</strong></span> <span class='ocrx_word' id='word_1_697' title='bbox 3019 3706 3346 3777; x_wconf 88' lang='lat' dir='ltr'><strong>probationis</strong></span> <span class='ocrx_word' id='word_1_698' title='bbox 3380 3724 3540 3765; x_wconf 87' lang='lat' dir='ltr'><strong>causa</strong></span> <span class='ocrx_word' id='word_1_699' title='bbox 3567 3708 3776 3767; x_wconf 69' lang='lat' dir='ltr'><strong>coliculi</strong></span> 
     </span>
    </p>
   </div>
   <div class='ocr_carea' id='block_1_97' title="bbox 2212 3794 3774 3875">
    <p class='ocr_par' dir='ltr' id='par_1_97' title="bbox 2212 3794 3774 3875">
     <span class='ocr_line' id='line_1_97' title="bbox 2212 3794 3774 3875; baseline 0.006 -25"><span class='ocrx_word' id='word_1_700' title='bbox 2212 3794 2426 3864; x_wconf 87' lang='lat' dir='ltr'><strong>fuerint,</strong></span> <span class='ocrx_word' id='word_1_701' title='bbox 2461 3810 2652 3869; x_wconf 87' lang='lat' dir='ltr'><strong>nempe</strong></span> <span class='ocrx_word' id='word_1_702' title='bbox 2679 3798 3000 3853; x_wconf 85' lang='lat' dir='ltr'><strong>monasteria</strong></span> <span class='ocrx_word' id='word_1_703' title='bbox 3030 3798 3116 3854; x_wconf 88' lang='lat' dir='ltr'><strong>vel</strong></span> <span class='ocrx_word' id='word_1_704' title='bbox 3142 3798 3475 3857; x_wconf 78' lang='lat' dir='ltr'><strong>xenodocma</strong></span> <span class='ocrx_word' id='word_1_705' title='bbox 3496 3846 3513 3871; x_wconf 94' lang='lat'><strong>,</strong></span> <span class='ocrx_word' id='word_1_706' title='bbox 3542 3804 3593 3859; x_wconf 90' lang='lat' dir='ltr'><strong>in</strong></span> <span class='ocrx_word' id='word_1_707' title='bbox 3616 3800 3774 3875; x_wconf 76' lang='lat' dir='ltr'><strong>quibus</strong></span> 
     </span>
    </p>
   </div>
   <div class='ocr_carea' id='block_1_98' title="bbox 2211 3885 3772 3965">
    <p class='ocr_par' dir='ltr' id='par_1_98' title="bbox 2211 3885 3772 3965">
     <span class='ocr_line' id='line_1_98' title="bbox 2211 3885 3772 3965; baseline 0.009 -25"><span class='ocrx_word' id='word_1_708' title='bbox 2211 3895 2318 3941; x_wconf 85' lang='lat' dir='ltr'><strong>tam</strong></span> <span class='ocrx_word' id='word_1_709' title='bbox 2348 3885 2437 3943; x_wconf 88' lang='lat' dir='ltr'><strong>diu</strong></span> <span class='ocrx_word' id='word_1_710' title='bbox 2464 3902 2679 3944; x_wconf 87' lang='lat' dir='ltr'><strong>manere</strong></span> <span class='ocrx_word' id='word_1_711' title='bbox 2707 3888 2923 3954; x_wconf 83' lang='lat' dir='ltr'><strong>debent,</strong></span> <span class='ocrx_word' id='word_1_712' title='bbox 2957 3890 3135 3961; x_wconf 90' lang='lat' dir='ltr'><strong>quoad</strong></span> <span class='ocrx_word' id='word_1_713' title='bbox 3156 3889 3489 3965; x_wconf 83' lang='lat' dir='ltr'><strong>Baptismum</strong></span> <span class='ocrx_word' id='word_1_714' title='bbox 3509 3898 3598 3951; x_wconf 83' lang='lat' dir='ltr'><strong>aut</strong></span> <span class='ocrx_word' id='word_1_715' title='bbox 3618 3910 3772 3953; x_wconf 82' lang='lat' dir='ltr'><strong>recou-</strong></span> 
     </span>
    </p>
   </div>
   <div class='ocr_carea' id='block_1_99' title="bbox 2210 3979 3771 4061">
    <p class='ocr_par' dir='ltr' id='par_1_99' title="bbox 2210 3979 3771 4061">
     <span class='ocr_line' id='line_1_99' title="bbox 2210 3979 3771 4061; baseline 0.01 -28"><span class='ocrx_word' id='word_1_716' title='bbox 2210 3979 2531 4036; x_wconf 86' lang='lat' dir='ltr'><strong>cifiatloncm</strong></span> <span class='ocrx_word' id='word_1_717' title='bbox 2559 3980 2661 4036; x_wconf 88' lang='lat' dir='ltr'><strong>illis</strong></span> <span class='ocrx_word' id='word_1_718' title='bbox 2676 3982 2786 4061; x_wconf 76' lang='lat' dir='ltr'><strong>jam</strong></span> <span class='ocrx_word' id='word_1_719' title='bbox 2814 3984 3108 4055; x_wconf 81' lang='lat' dir='ltr'><strong>negandatu</strong></span> <span class='ocrx_word' id='word_1_720' title='bbox 3132 3998 3237 4041; x_wconf 91' lang='lat' dir='ltr'><strong>non</strong></span> <span class='ocrx_word' id='word_1_721' title='bbox 3260 3999 3382 4045; x_wconf 90' lang='lat' dir='ltr'><strong>esse</strong></span> <span class='ocrx_word' id='word_1_722' title='bbox 3401 3999 3625 4056; x_wconf 86' lang='lat' dir='ltr'><strong>constet,</strong></span> <span class='ocrx_word' id='word_1_723' title='bbox 3646 3984 3771 4047; x_wconf 77' lang='lat' dir='ltr'><strong>facile</strong></span> 
     </span>
    </p>
   </div>
   <div class='ocr_carea' id='block_1_100' title="bbox 2210 4069 3149 4127">
    <p class='ocr_par' dir='ltr' id='par_1_100' title="bbox 2210 4069 3149 4127">
     <span class='ocr_line' id='line_1_100' title="bbox 2210 4069 3149 4127; baseline 0.002 -2"><span class='ocrx_word' id='word_1_724' title='bbox 2210 4069 2479 4127; x_wconf 84' lang='lat' dir='ltr'><strong>deserant.</strong></span> <span class='ocrx_word' id='word_1_725' title='bbox 3110 4078 3113 4089; x_wconf 85' lang='lat'><strong><em>‘</em></strong></span> <span class='ocrx_word' id='word_1_726' title='bbox 3146 4104 3149 4107; x_wconf 97' lang='lat'><strong><em>-</em></strong></span> 
     </span>
    </p>
   </div>
   <div class='ocr_carea' id='block_1_101' title="bbox 2278 4166 3769 4242">
    <p class='ocr_par' dir='ltr' id='par_1_101' title="bbox 2278 4166 3769 4242">
     <span class='ocr_line' id='line_1_101' title="bbox 2278 4166 3769 4242; baseline 0.008 -23"><span class='ocrx_word' id='word_1_727' title='bbox 2278 4167 2333 4220; x_wconf 78' lang='lat'><strong>‘2.</strong></span> <span class='ocrx_word' id='word_1_728' title='bbox 2377 4166 2503 4221; x_wconf 85' lang='lat' dir='ltr'><strong>Erat</strong></span> <span class='ocrx_word' id='word_1_729' title='bbox 2550 4167 2854 4223; x_wconf 85' lang='lat' dir='ltr'><strong>Victorinus</strong></span> <span class='ocrx_word' id='word_1_730' title='bbox 2894 4170 3075 4226; x_wconf 87' lang='lat' dir='ltr'><strong>nescio</strong></span> <span class='ocrx_word' id='word_1_731' title='bbox 3109 4172 3227 4242; x_wconf 85' lang='lat' dir='ltr'><strong>quis</strong></span> <span class='ocrx_word' id='word_1_732' title='bbox 3257 4189 3287 4228; x_wconf 89' lang='lat' dir='ltr'><strong>e</strong></span> <span class='ocrx_word' id='word_1_733' title='bbox 3319 4179 3466 4235; x_wconf 86' lang='lat' dir='ltr'><strong>secta</strong></span> <span class='ocrx_word' id='word_1_734' title='bbox 3490 4166 3769 4237; x_wconf 64' lang='lat' dir='ltr'><strong>Hanichm</strong></span> 
     </span>
    </p>
   </div>
   <div class='ocr_carea' id='block_1_102' title="bbox 2208 4260 3768 4338">
    <p class='ocr_par' dir='ltr' id='par_1_102' title="bbox 2208 4260 3768 4338">
     <span class='ocr_line' id='line_1_102' title="bbox 2208 4260 3768 4338; baseline 0.004 -25"><span class='ocrx_word' id='word_1_735' title='bbox 2208 4274 2325 4313; x_wconf 90' lang='lat' dir='ltr'><strong>rum</strong></span> <span class='ocrx_word' id='word_1_736' title='bbox 2344 4301 2358 4319; x_wconf 87' lang='lat'><strong>.</strong></span> <span class='ocrx_word' id='word_1_737' title='bbox 2386 4261 2474 4335; x_wconf 89' lang='lat' dir='ltr'><strong>qui</strong></span> <span class='ocrx_word' id='word_1_738' title='bbox 2502 4260 2747 4315; x_wconf 89' lang='lat' dir='ltr'><strong>simulata</strong></span> <span class='ocrx_word' id='word_1_739' title='bbox 2776 4260 2879 4317; x_wconf 83' lang='lat' dir='ltr'><strong>fide</strong></span> <span class='ocrx_word' id='word_1_740' title='bbox 2905 4261 3164 4318; x_wconf 82' lang='lat' dir='ltr'><strong>catholica</strong></span> <span class='ocrx_word' id='word_1_741' title='bbox 3192 4265 3585 4338; x_wconf 81' lang='lat' dir='ltr'><strong>hypodiaconus</strong></span> <span class='ocrx_word' id='word_1_742' title='bbox 3611 4262 3768 4323; x_wconf 77' lang='lat' dir='ltr'><strong>Eccle-</strong></span> 
     </span>
    </p>
   </div>
   <div class='ocr_carea' id='block_1_103' title="bbox 2208 4350 3769 4415">
    <p class='ocr_par' dir='ltr' id='par_1_103' title="bbox 2208 4350 3769 4415">
     <span class='ocr_line' id='line_1_103' title="bbox 2208 4350 3769 4415; baseline 0.004 -9"><span class='ocrx_word' id='word_1_743' title='bbox 2208 4350 2300 4406; x_wconf 67' lang='lat' dir='ltr'><strong>sia:</strong></span> <span class='ocrx_word' id='word_1_744' title='bbox 2324 4350 2684 4409; x_wconf 81' lang='lat' dir='ltr'><strong>Mallianensis</strong></span> <span class='ocrx_word' id='word_1_745' title='bbox 2708 4353 2761 4405; x_wconf 90' lang='lat' dir='ltr'><strong>in</strong></span> <span class='ocrx_word' id='word_1_746' title='bbox 2789 4350 3102 4409; x_wconf 85' lang='lat' dir='ltr'><strong>Mauritania</strong></span> <span class='ocrx_word' id='word_1_747' title='bbox 3130 4353 3464 4415; x_wconf 63' lang='lat' dir='ltr'><strong>Caesareensi</strong></span> <span class='ocrx_word' id='word_1_748' title='bbox 3489 4356 3648 4414; x_wconf 73' lang='lat' dir='ltr'><strong>fuerat</strong></span> <span class='ocrx_word' id='word_1_749' title='bbox 3664 4372 3769 4413; x_wconf 84' lang='lat' dir='ltr'><strong>cou-</strong></span> 
     </span>
    </p>
   </div>
   <div class='ocr_carea' id='block_1_104' title="bbox 2208 4441 3766 4527">
    <p class='ocr_par' dir='ltr' id='par_1_104' title="bbox 2208 4441 3766 4527">
     <span class='ocr_line' id='line_1_104' title="bbox 2208 4441 3766 4527; baseline 0.006 -29"><span class='ocrx_word' id='word_1_750' title='bbox 2208 4444 2422 4499; x_wconf 87' lang='lat' dir='ltr'><strong>stitutus</strong></span> <span class='ocrx_word' id='word_1_751' title='bbox 2454 4441 2642 4519; x_wconf 78' lang='lat' dir='ltr'><strong>(Epist.</strong></span> <span class='ocrx_word' id='word_1_752' title='bbox 2670 4442 2798 4513; x_wconf 73' lang='lat'><strong>256,</strong></span> <span class='ocrx_word' id='word_1_753' title='bbox 2830 4462 2882 4500; x_wconf 83' lang='grc' dir='ltr'><strong>η.</strong></span> <span class='ocrx_word' id='word_1_754' title='bbox 2908 4444 2984 4521; x_wconf 81' lang='lat' dir='ltr'><strong>i).</strong></span> <span class='ocrx_word' id='word_1_755' title='bbox 3009 4444 3103 4519; x_wconf 79' lang='lat' dir='ltr'><strong>ilic</strong></span> <span class='ocrx_word' id='word_1_756' title='bbox 3130 4447 3430 4520; x_wconf 82' lang='lat' dir='ltr'><strong>Hipponem</strong></span> <span class='ocrx_word' id='word_1_757' title='bbox 3448 4454 3660 4527; x_wconf 66' lang='lat' dir='ltr'><strong>venerat,</strong></span> <span class='ocrx_word' id='word_1_758' title='bbox 3681 4449 3766 4507; x_wconf 84' lang='lat' dir='ltr'><strong>ubi</strong></span> 
     </span>
    </p>
   </div>
   <div class='ocr_carea' id='block_1_105' title="bbox 2205 4533 3769 4621">
    <p class='ocr_par' dir='ltr' id='par_1_105' title="bbox 2205 4533 3769 4621">
     <span class='ocr_line' id='line_1_105' title="bbox 2205 4533 3769 4621; baseline 0.006 -31"><span class='ocrx_word' id='word_1_759' title='bbox 2205 4550 2417 4590; x_wconf 88' lang='lat' dir='ltr'><strong>errores</strong></span> <span class='ocrx_word' id='word_1_760' title='bbox 2446 4551 2571 4591; x_wconf 91' lang='lat' dir='ltr'><strong>suos</strong></span> <span class='ocrx_word' id='word_1_761' title='bbox 2598 4533 2854 4593; x_wconf 88' lang='lat' dir='ltr'><strong>docuerat</strong></span> <span class='ocrx_word' id='word_1_762' title='bbox 2890 4534 3037 4595; x_wconf 82' lang='lat' dir='ltr'><strong>haud</strong></span> <span class='ocrx_word' id='word_1_763' title='bbox 3061 4555 3259 4621; x_wconf 85' lang='lat' dir='ltr'><strong>paucos</strong></span> <span class='ocrx_word' id='word_1_764' title='bbox 3290 4540 3562 4621; x_wconf 72' lang='lat' dir='ltr'><strong>homines,</strong></span> <span class='ocrx_word' id='word_1_765' title='bbox 3592 4540 3769 4616; x_wconf 79' lang='lat' dir='ltr'><strong>quibus</strong></span> 
     </span>
    </p>
   </div>
   <div class='ocr_carea' id='block_1_106' title="bbox 2206 4626 3766 4715">
    <p class='ocr_par' dir='ltr' id='par_1_106' title="bbox 2206 4626 3766 4715">
     <span class='ocr_line' id='line_1_106' title="bbox 2206 4626 3766 4715; baseline 0.006 -31"><span class='ocrx_word' id='word_1_766' title='bbox 2206 4636 2439 4684; x_wconf 88' lang='lat' dir='ltr'><strong>mentem</strong></span> <span class='ocrx_word' id='word_1_767' title='bbox 2469 4645 2620 4685; x_wconf 89' lang='lat' dir='ltr'><strong>suam</strong></span> <span class='ocrx_word' id='word_1_768' title='bbox 2665 4628 2788 4687; x_wconf 88' lang='lat' dir='ltr'><strong>ideo</strong></span> <span class='ocrx_word' id='word_1_769' title='bbox 2830 4631 3135 4715; x_wconf 84' lang='lat' dir='ltr'><strong>aperiebat,</strong></span> <span class='ocrx_word' id='word_1_770' title='bbox 3177 4633 3319 4706; x_wconf 91' lang='lat' dir='ltr'><strong>quod</strong></span> <span class='ocrx_word' id='word_1_771' title='bbox 3358 4632 3431 4691; x_wconf 87' lang='lat' dir='ltr'><strong>ad</strong></span> <span class='ocrx_word' id='word_1_772' title='bbox 3464 4651 3521 4693; x_wconf 88' lang='lat' dir='ltr'><strong>se</strong></span> <span class='ocrx_word' id='word_1_773' title='bbox 3552 4626 3766 4693; x_wconf 70' lang='lat' dir='ltr'><strong>discendi</strong></span> 
     </span>
    </p>
   </div>
   <div class='ocr_carea' id='block_1_107' title="bbox 2205 4723 3766 4807">
    <p class='ocr_par' dir='ltr' id='par_1_107' title="bbox 2205 4723 3766 4807">
     <span class='ocr_line' id='line_1_107' title="bbox 2205 4723 3766 4807; baseline 0.005 -31"><span class='ocrx_word' id='word_1_774' title='bbox 2205 4723 2371 4793; x_wconf 86' lang='lat' dir='ltr'><strong>gratia</strong></span> <span class='ocrx_word' id='word_1_775' title='bbox 2417 4737 2510 4777; x_wconf 87' lang='lat' dir='ltr'><strong>eos</strong></span> <span class='ocrx_word' id='word_1_776' title='bbox 2548 4723 2810 4781; x_wconf 86' lang='lat' dir='ltr'><strong>ventitare</strong></span> <span class='ocrx_word' id='word_1_777' title='bbox 2853 4723 3219 4781; x_wconf 90' lang='lat' dir='ltr'><strong>arbitraretur.</strong></span> <span class='ocrx_word' id='word_1_778' title='bbox 3259 4725 3766 4807; x_wconf 82' lang='lat' dir='ltr'><strong>Quapropterreco-</strong></span> 
     </span>
    </p>
   </div>
   <div class='ocr_carea' id='block_1_108' title="bbox 2205 4810 3759 4888">
    <p class='ocr_par' dir='ltr' id='par_1_108' title="bbox 2205 4810 3759 4888">
     <span class='ocr_line' id='line_1_108' title="bbox 2205 4810 3759 4888; baseline 0.006 -21"><span class='ocrx_word' id='word_1_779' title='bbox 2205 4815 2349 4887; x_wconf 84' lang='lat' dir='ltr'><strong>gnita</strong></span> <span class='ocrx_word' id='word_1_780' title='bbox 2385 4815 2713 4888; x_wconf 80' lang='lat' dir='ltr'><strong>Augustinus</strong></span> <span class='ocrx_word' id='word_1_781' title='bbox 2751 4817 2806 4870; x_wconf 90' lang='lat' dir='ltr'><strong>in</strong></span> <span class='ocrx_word' id='word_1_782' title='bbox 2842 4832 2907 4883; x_wconf 82' lang='lat' dir='ltr'><strong>eo</strong></span> <span class='ocrx_word' id='word_1_783' title='bbox 2951 4818 3319 4885; x_wconf 75' lang='lat' dir='ltr'><strong>convincenda</strong></span> <span class='ocrx_word' id='word_1_784' title='bbox 3363 4838 3469 4887; x_wconf 90' lang='lat' dir='ltr'><strong>non</strong></span> <span class='ocrx_word' id='word_1_785' title='bbox 3512 4810 3759 4887; x_wconf 72' lang='lat' dir='ltr'><strong>laboravit.</strong></span> 
     </span>
    </p>
   </div>
   <div class='ocr_carea' id='block_1_109' title="bbox 2203 4893 3764 4997">
    <p class='ocr_par' dir='ltr' id='par_1_109' title="bbox 2203 4893 3764 4997">
     <span class='ocr_line' id='line_1_109' title="bbox 2203 4893 3764 4997; baseline 0.004 -33"><span class='ocrx_word' id='word_1_786' title='bbox 2203 4893 2336 4967; x_wconf 86' lang='lat' dir='ltr'><strong>Cum</strong></span> <span class='ocrx_word' id='word_1_787' title='bbox 2358 4911 2499 4965; x_wconf 89' lang='lat' dir='ltr'><strong>enim</strong></span> <span class='ocrx_word' id='word_1_788' title='bbox 2521 4908 2587 4964; x_wconf 90' lang='lat' dir='ltr'><strong>de</strong></span> <span class='ocrx_word' id='word_1_789' title='bbox 2608 4907 2850 4966; x_wconf 88' lang='lat' dir='ltr'><strong>doctrina</strong></span> <span class='ocrx_word' id='word_1_790' title='bbox 2872 4909 3141 4971; x_wconf 87' lang='lat' dir='ltr'><strong>hominem</strong></span> <span class='ocrx_word' id='word_1_791' title='bbox 3169 4896 3563 4995; x_wconf 80' lang='lat' dir='ltr'><strong>interrogasset,</strong></span> <span class='ocrx_word' id='word_1_792' title='bbox 3588 4904 3764 4997; x_wconf 68' lang='lat' dir='ltr'><strong>illoqui</strong></span> 
     </span>
    </p>
   </div>
   <div class='ocr_carea' id='block_1_110' title="bbox 2204 4996 3763 5079">
    <p class='ocr_par' dir='ltr' id='par_1_110' title="bbox 2204 4996 3763 5079">
     <span class='ocr_line' id='line_1_110' title="bbox 2204 4996 3763 5079; baseline 0.007 -22"><span class='ocrx_word' id='word_1_793' title='bbox 2204 5017 2392 5058; x_wconf 88' lang='lat' dir='ltr'><strong>sensus</strong></span> <span class='ocrx_word' id='word_1_794' title='bbox 2425 5017 2547 5058; x_wconf 88' lang='lat' dir='ltr'><strong>suos</strong></span> <span class='ocrx_word' id='word_1_795' title='bbox 2572 4998 2731 5057; x_wconf 85' lang='lat' dir='ltr'><strong>nimis</strong></span> <span class='ocrx_word' id='word_1_796' title='bbox 2760 5000 2941 5068; x_wconf 83' lang='lat' dir='ltr'><strong>multis</strong></span> <span class='ocrx_word' id='word_1_797' title='bbox 2969 5000 3294 5075; x_wconf 76' lang='lat' dir='ltr'><strong>patefecerat</strong></span> <span class='ocrx_word' id='word_1_798' title='bbox 3309 5049 3327 5077; x_wconf 82' lang='lat'><strong>,</strong></span> <span class='ocrx_word' id='word_1_799' title='bbox 3368 4996 3523 5078; x_wconf 67' lang='lat' dir='ltr'><strong>quam</strong></span> <span class='ocrx_word' id='word_1_800' title='bbox 3548 4996 3763 5079; x_wconf 63' lang='grc' dir='ltr'><strong>υἱ</strong></span> 
     </span>
    </p>
   </div>
   <div class='ocr_carea' id='block_1_111' title="bbox 2205 5086 3762 5177">
    <p class='ocr_par' dir='ltr' id='par_1_111' title="bbox 2205 5086 3762 5177">
     <span class='ocr_line' id='line_1_111' title="bbox 2205 5086 3762 5177; baseline 0.004 -28"><span class='ocrx_word' id='word_1_801' title='bbox 2205 5092 2400 5149; x_wconf 88' lang='lat' dir='ltr'><strong>tionem</strong></span> <span class='ocrx_word' id='word_1_802' title='bbox 2445 5101 2690 5165; x_wconf 86' lang='lat' dir='ltr'><strong>speraret</strong></span> <span class='ocrx_word' id='word_1_803' title='bbox 2731 5088 2834 5148; x_wconf 87' lang='lat' dir='ltr'><strong>sibi</strong></span> <span class='ocrx_word' id='word_1_804' title='bbox 2866 5088 3230 5177; x_wconf 84' lang='lat' dir='ltr'><strong>profuturam,</strong></span> <span class='ocrx_word' id='word_1_805' title='bbox 3277 5092 3481 5175; x_wconf 75' lang='lat' dir='ltr'><strong>sponte</strong></span> <span class='ocrx_word' id='word_1_806' title='bbox 3503 5086 3762 5161; x_wconf 58' lang='lat' dir='ltr'><strong>sua&#39;ilani-</strong></span> 
     </span>
    </p>
   </div>
   <div class='ocr_carea' id='block_1_112' title="bbox 2202 5185 3757 5273">
    <p class='ocr_par' dir='ltr' id='par_1_112' title="bbox 2202 5185 3757 5273">
     <span class='ocr_line' id='line_1_112' title="bbox 2202 5185 3757 5273; baseline 0.015 -32"><span class='ocrx_word' id='word_1_807' title='bbox 2202 5186 2407 5242; x_wconf 68' lang='lat' dir='ltr'><strong>charum</strong></span> <span class='ocrx_word' id='word_1_808' title='bbox 2447 5201 2506 5242; x_wconf 91' lang='lat' dir='ltr'><strong>se</strong></span> <span class='ocrx_word' id='word_1_809' title='bbox 2544 5201 2664 5251; x_wconf 85' lang='lat' dir='ltr'><strong>esse</strong></span> <span class='ocrx_word' id='word_1_810' title='bbox 2704 5185 2982 5243; x_wconf 87' lang='lat' dir='ltr'><strong>confessus</strong></span> <span class='ocrx_word' id='word_1_811' title='bbox 3009 5198 3092 5261; x_wconf 84' lang='lat' dir='ltr'><strong>est</strong></span> <span class='ocrx_word' id='word_1_812' title='bbox 3116 5207 3128 5243; x_wconf 90' lang='lat'><strong>:</strong></span> <span class='ocrx_word' id='word_1_813' title='bbox 3155 5197 3411 5247; x_wconf 62' lang='lat' dir='ltr'><strong>caeterum</strong></span> <span class='ocrx_word' id='word_1_814' title='bbox 3437 5188 3757 5273; x_wconf 53' lang='lat' dir='ltr'><strong>conm</strong></span> 
     </span>
    </p>
   </div>
   <div class='ocr_carea' id='block_1_113' title="bbox 2200 5264 3758 5373">
    <p class='ocr_par' dir='ltr' id='par_1_113' title="bbox 2200 5264 3758 5373">
     <span class='ocr_line' id='line_1_113' title="bbox 2200 5264 3758 5373; baseline 0.012 -37"><span class='ocrx_word' id='word_1_815' title='bbox 2200 5280 2295 5336; x_wconf 90' lang='lat' dir='ltr'><strong>sed</strong></span> <span class='ocrx_word' id='word_1_816' title='bbox 2313 5290 2515 5339; x_wconf 88' lang='lat' dir='ltr'><strong>tantum</strong></span> <span class='ocrx_word' id='word_1_817' title='bbox 2533 5276 2874 5369; x_wconf 80' lang='lat' dir='ltr'><strong>Auditoribus</strong></span> <span class='ocrx_word' id='word_1_818' title='bbox 2890 5274 3219 5355; x_wconf 76' lang='lat' dir='ltr'><strong>adscriptum</strong></span> <span class='ocrx_word' id='word_1_819' title='bbox 3244 5300 3303 5351; x_wconf 81' lang='lat' dir='ltr'><strong>se</strong></span> 
     </span>
    </p>
   </div>
   <div class='ocr_carea' id='block_1_114' title="bbox 2200 5362 3757 5467">
    <p class='ocr_par' dir='ltr' id='par_1_114' title="bbox 2200 5362 3757 5467">
     <span class='ocr_line' id='line_1_114' title="bbox 2200 5362 3757 5467; baseline 0.046 -36"><span class='ocrx_word' id='word_1_820' title='bbox 2200 5375 2359 5439; x_wconf 85' lang='lat' dir='ltr'><strong>etiam</strong></span> <span class='ocrx_word' id='word_1_821' title='bbox 2388 5376 2561 5431; x_wconf 85' lang='lat' dir='ltr'><strong>oravit</strong></span> <span class='ocrx_word' id='word_1_822' title='bbox 2581 5362 2820 5435; x_wconf 64' lang='lat' dir='ltr'><strong>sanctum</strong></span> <span class='ocrx_word' id='word_1_823' title='bbox 2846 5372 3176 5467; x_wconf 49' lang='lat' dir='ltr'><strong>Animum“!</strong></span> <span class='ocrx_word' id='word_1_824' title='bbox 3376 5362 3429 5441; x_wconf 47' lang='lat' dir='ltr'><strong>in</strong></span> 
     </span>
    </p>
   </div>
   <div class='ocr_carea' id='block_1_115' title="bbox 2200 5460 3756 5561">
    <p class='ocr_par' dir='ltr' id='par_1_115' title="bbox 2200 5460 3756 5561">
     <span class='ocr_line' id='line_1_115' title="bbox 2200 5460 3756 5561; baseline 0.024 -40"><span class='ocrx_word' id='word_1_825' title='bbox 2200 5465 2457 5524; x_wconf 65' lang='lat' dir='ltr'><strong>doctrina:</strong></span> <span class='ocrx_word' id='word_1_826' title='bbox 2476 5466 2753 5529; x_wconf 69' lang='lat' dir='ltr'><strong>Catholica:</strong></span> <span class='ocrx_word' id='word_1_827' title='bbox 2773 5467 2913 5527; x_wconf 79' lang='lat' dir='ltr'><strong>viam</strong></span> <span class='ocrx_word' id='word_1_828' title='bbox 2936 5460 3234 5553; x_wconf 50' lang='lat' dir='ltr'><strong>reducetéi}</strong></span> <span class='ocrx_word' id='word_1_829' title='bbox 3256 5460 3329 5539; x_wconf 55' lang='lat' dir='ltr'><strong>Ai.</strong></span> <span class='ocrx_word' id='word_1_830' title='bbox 3348 5487 3472 5557; x_wconf 60' lang='lat' dir='ltr'><strong>vel&quot;?</strong></span> 
     </span>
    </p>
   </div>
   <div class='ocr_carea' id='block_1_116' title="bbox 2199 5557 3752 5651">
    <p class='ocr_par' dir='ltr' id='par_1_116' title="bbox 2199 5557 3752 5651">
     <span class='ocr_line' id='line_1_116' title="bbox 2199 5557 3752 5651; baseline 0.018 -36"><span class='ocrx_word' id='word_1_831' title='bbox 2199 5557 2584 5619; x_wconf 79' lang='lat' dir='ltr'><strong>dissimulatum</strong></span> <span class='ocrx_word' id='word_1_832' title='bbox 2628 5560 2727 5617; x_wconf 88' lang='lat' dir='ltr'><strong>sub</strong></span> <span class='ocrx_word' id='word_1_833' title='bbox 2772 5575 2925 5627; x_wconf 85' lang='lat' dir='ltr'><strong>sacro</strong></span> <span class='ocrx_word' id='word_1_834' title='bbox 2971 5563 3173 5623; x_wconf 84' lang='lat' dir='ltr'><strong>honore</strong></span> <span class='ocrx_word' id='word_1_835' title='bbox 3215 5557 3752 5651; x_wconf 64' lang='lat' dir='ltr'><strong>clericatus</strong></span> 
     </span>
    </p>
   </div>
   <div class='ocr_carea' id='block_1_117' title="bbox 2198 5651 3747 5743">
    <p class='ocr_par' dir='ltr' id='par_1_117' title="bbox 2198 5651 3747 5743">
     <span class='ocr_line' id='line_1_117' title="bbox 2198 5651 3747 5743; baseline -0.005 -34"><span class='ocrx_word' id='word_1_836' title='bbox 2198 5651 2472 5715; x_wconf 79' lang='lat' dir='ltr'><strong>exhorruit</strong></span> <span class='ocrx_word' id='word_1_837' title='bbox 2497 5670 2509 5707; x_wconf 91' lang='lat'><strong>:</strong></span> <span class='ocrx_word' id='word_1_838' title='bbox 2538 5652 2685 5708; x_wconf 86' lang='lat' dir='ltr'><strong>illum</strong></span> <span class='ocrx_word' id='word_1_839' title='bbox 2712 5652 2952 5708; x_wconf 87' lang='lat' dir='ltr'><strong>coerceri</strong></span> <span class='ocrx_word' id='word_1_840' title='bbox 2972 5652 3163 5727; x_wconf 77' lang='lat' dir='ltr'><strong>jussit,</strong></span> <span class='ocrx_word' id='word_1_841' title='bbox 3193 5662 3351 5728; x_wconf 67' lang='lat' dir='ltr'><strong>atque</strong></span> <span class='ocrx_word' id='word_1_842' title='bbox 3379 5672 3445 5743; x_wconf 52' lang='lat' dir='ltr'><strong>eg</strong></span> 
     </span>
    </p>
   </div>
   <div class='ocr_carea' id='block_1_118' title="bbox 2198 5734 3653 5927">
    <p class='ocr_par' dir='ltr' id='par_1_118' title="bbox 2198 5734 3653 5927">
     <span class='ocr_line' id='line_1_118' title="bbox 2198 5734 3653 5927; baseline 0 -128"><span class='ocrx_word' id='word_1_843' title='bbox 2198 5741 2266 5799; x_wconf 87' lang='lat' dir='ltr'><strong>Et</strong></span> <span class='ocrx_word' id='word_1_844' title='bbox 2294 5760 2360 5800; x_wconf 90' lang='lat' dir='ltr'><strong>ne</strong></span> <span class='ocrx_word' id='word_1_845' title='bbox 2391 5742 2714 5815; x_wconf 80' lang='lat' dir='ltr'><strong>provinciam</strong></span> <span class='ocrx_word' id='word_1_846' title='bbox 2745 5741 3070 5805; x_wconf 64' lang='lat' dir='ltr'><strong>Mauritaniae</strong></span> 
     </span>
     <span class='ocr_line' id='line_1_119' title="bbox 2199 5836 3653 5913; baseline -0.001 -18"><span class='ocrx_word' id='word_1_847' title='bbox 2199 5837 2435 5895; x_wconf 85' lang='lat' dir='ltr'><strong>sareensi</strong></span> <span class='ocrx_word' id='word_1_848' title='bbox 2462 5837 2714 5909; x_wconf 87' lang='lat' dir='ltr'><strong>episcopo</strong></span> <span class='ocrx_word' id='word_1_849' title='bbox 2733 5836 3141 5913; x_wconf 72' lang='lat' dir='ltr'><strong>metropolitano</strong></span> <span class='ocrx_word' id='word_1_850' title='bbox 3160 5854 3275 5905; x_wconf 83' lang='lat' dir='ltr'><strong>rem</strong></span> <span class='ocrx_word' id='word_1_851' title='bbox 3422 5840 3437 5853; x_wconf 82' lang='lat'><strong>&#39;</strong></span> <span class='ocrx_word' id='word_1_852' title='bbox 3534 5845 3626 5911; x_wconf 74' lang='lat' dir='ltr'><strong>ut,</strong></span> <span class='ocrx_word' id='word_1_853' title='bbox 3646 5855 3653 5887; x_wconf 69' lang='grc' dir='ltr'><strong>ε</strong></span> 
     </span>
    </p>
   </div>
   <div class='ocr_carea' id='block_1_119' title="bbox 2199 5836 3745 5913">
    <p class='ocr_par' dir='ltr' id='par_1_119' title="bbox 2199 5836 3745 5913">
     <span class='ocr_line' id='line_1_120' title="bbox 2199 5836 3745 5913; baseline -0.001 -18"><span class='ocrx_word' id='word_1_854' title='bbox 2199 5837 2435 5895; x_wconf 85' lang='lat' dir='ltr'><strong>sareensi</strong></span> <span class='ocrx_word' id='word_1_855' title='bbox 2462 5837 2714 5909; x_wconf 87' lang='lat' dir='ltr'><strong>episcopo</strong></span> <span class='ocrx_word' id='word_1_856' title='bbox 2733 5836 3141 5913; x_wconf 72' lang='lat' dir='ltr'><strong>metropolitano</strong></span> <span class='ocrx_word' id='word_1_857' title='bbox 3160 5854 3275 5905; x_wconf 82' lang='lat' dir='ltr'><strong>rem</strong></span> <span class='ocrx_word' id='word_1_858' title='bbox 3302 5836 3626 5913; x_wconf 55' lang='lat' dir='ltr'><strong>signiﬁcavit,</strong></span> <span class='ocrx_word' id='word_1_859' title='bbox 3646 5844 3745 5910; x_wconf 66' lang='grc' dir='ltr'><strong><em>φο</em></strong></span> 
     </span>
    </p>
   </div>
  </div>
