  <div class='ocr_page' id='page_1' title='image "/cluster/home/n/w/nwhite01/storage/ocr_20150623/32/uva.x000669813/272.png"; bbox 0 0 1929 3195; ppageno 0'>
   <div class='ocr_carea' id='block_1_1' title="bbox 101 171 860 202">
    <p class='ocr_par' dir='ltr' id='par_1_1' title="bbox 101 172 843 202">
     <span class='ocr_line' id='line_1_1' title="bbox 101 172 843 202; baseline -0.003 0"><span class='ocrx_word' id='word_1_1' title='bbox 101 172 139 202; x_wconf 67' lang='grc' dir='ltr'><strong>ις</strong></span> <span class='ocrx_word' id='word_1_2' title='bbox 743 172 843 200; x_wconf 82' lang='lat' dir='ltr'><strong>LIBER</strong></span> 
     </span>
    </p>
   </div>
   <div class='ocr_carea' id='block_1_2' title="bbox 914 171 1027 202">
    <p class='ocr_par' dir='ltr' id='par_1_2' title="bbox 914 171 1027 201">
     <span class='ocr_line' id='line_1_2' title="bbox 914 171 1027 201; baseline 0 -1"><span class='ocrx_word' id='word_1_3' title='bbox 914 171 1027 201; x_wconf 75' lang='grc' dir='ltr'><strong>ιἈνυε.</strong></span> 
     </span>
    </p>
   </div>
   <div class='ocr_carea' id='block_1_3' title="bbox 99 229 866 265">
    <p class='ocr_par' dir='ltr' id='par_1_3' title="bbox 99 229 866 265">
     <span class='ocr_line' id='line_1_3' title="bbox 99 229 866 265; baseline -0.001 -7"><span class='ocrx_word' id='word_1_4' title='bbox 99 229 198 258; x_wconf 73' lang='lat' dir='ltr'><strong>videlicet</strong></span> <span class='ocrx_word' id='word_1_5' title='bbox 218 229 392 265; x_wconf 73' lang='lat' dir='ltr'><strong>pmmonitus</strong></span> <span class='ocrx_word' id='word_1_6' title='bbox 415 229 486 257; x_wconf 80' lang='lat' dir='ltr'><strong>male</strong></span> <span class='ocrx_word' id='word_1_7' title='bbox 505 233 675 262; x_wconf 77' lang='lat' dir='ltr'><strong>occurreret;</strong></span> <span class='ocrx_word' id='word_1_8' title='bbox 703 235 809 258; x_wconf 75' lang='lat' dir='ltr'><strong>caveret</strong></span> <span class='ocrx_word' id='word_1_9' title='bbox 833 238 866 258; x_wconf 91' lang='lat' dir='ltr'><strong>ne</strong></span> 
     </span>
    </p>
   </div>
   <div class='ocr_carea' id='block_1_4' title="bbox 100 275 867 312">
    <p class='ocr_par' dir='ltr' id='par_1_4' title="bbox 100 275 867 312">
     <span class='ocr_line' id='line_1_4' title="bbox 100 275 867 312; baseline 0.001 -9"><span class='ocrx_word' id='word_1_10' title='bbox 100 276 227 312; x_wconf 71' lang='lat' dir='ltr'><strong>pmoiteatia</strong></span> <span class='ocrx_word' id='word_1_11' title='bbox 240 275 287 309; x_wconf 88' lang='lat' dir='ltr'><strong>illi,</strong></span> <span class='ocrx_word' id='word_1_12' title='bbox 301 275 353 303; x_wconf 88' lang='lat' dir='ltr'><strong>nisi</strong></span> <span class='ocrx_word' id='word_1_13' title='bbox 371 275 444 311; x_wconf 85' lang='lat' dir='ltr'><strong>prius</strong></span> <span class='ocrx_word' id='word_1_14' title='bbox 457 276 570 303; x_wconf 85' lang='lat' dir='ltr'><strong>detectis</strong></span> <span class='ocrx_word' id='word_1_15' title='bbox 583 276 716 308; x_wconf 88' lang='lat' dir='ltr'><strong>omnibus,</strong></span> <span class='ocrx_word' id='word_1_16' title='bbox 728 284 794 311; x_wconf 87' lang='lat' dir='ltr'><strong>quos</strong></span> <span class='ocrx_word' id='word_1_17' title='bbox 806 284 867 304; x_wconf 83' lang='lat' dir='ltr'><strong>nos-</strong></span> 
     </span>
    </p>
   </div>
   <div class='ocr_carea' id='block_1_5' title="bbox 102 321 865 357">
    <p class='ocr_par' dir='ltr' id='par_1_5' title="bbox 102 321 865 357">
     <span class='ocr_line' id='line_1_5' title="bbox 102 321 865 357; baseline 0.001 -9"><span class='ocrx_word' id='word_1_18' title='bbox 102 327 139 355; x_wconf 65' lang='lat' dir='ltr'><strong>set,</strong></span> <span class='ocrx_word' id='word_1_19' title='bbox 149 321 264 349; x_wconf 68' lang='lat' dir='ltr'><strong>llallianau</strong></span> <span class='ocrx_word' id='word_1_20' title='bbox 276 325 358 356; x_wconf 87' lang='lat' dir='ltr'><strong>atque</strong></span> <span class='ocrx_word' id='word_1_21' title='bbox 371 321 440 349; x_wconf 83' lang='lat' dir='ltr'><strong>adeo</strong></span> <span class='ocrx_word' id='word_1_22' title='bbox 453 321 533 349; x_wconf 79' lang='lat' dir='ltr'><strong>totius</strong></span> <span class='ocrx_word' id='word_1_23' title='bbox 544 321 691 357; x_wconf 82' lang='lat' dir='ltr'><strong>provinciat</strong></span> <span class='ocrx_word' id='word_1_24' title='bbox 703 321 865 355; x_wconf 71' lang='lat' dir='ltr'><strong>lianiehaais,</strong></span> 
     </span>
    </p>
   </div>
   <div class='ocr_carea' id='block_1_6' title="bbox 103 366 866 402">
    <p class='ocr_par' dir='ltr' id='par_1_6' title="bbox 103 366 866 402">
     <span class='ocr_line' id='line_1_6' title="bbox 103 366 866 402; baseline 0.001 -8"><span class='ocrx_word' id='word_1_25' title='bbox 103 367 276 400; x_wconf 77' lang='lat' dir='ltr'><strong>ourteederotul&#39;;</strong></span> <span class='ocrx_word' id='word_1_26' title='bbox 291 366 367 394; x_wconf 91' lang='lat' dir='ltr'><strong>illum</strong></span> <span class='ocrx_word' id='word_1_27' title='bbox 383 367 498 402; x_wconf 71' lang='lat' dir='ltr'><strong>doluique</strong></span> <span class='ocrx_word' id='word_1_28' title='bbox 509 367 597 401; x_wconf 85' lang='lat' dir='ltr'><strong>vitari,</strong></span> <span class='ocrx_word' id='word_1_29' title='bbox 609 375 641 396; x_wconf 83' lang='lat' dir='ltr'><strong>ac</strong></span> <span class='ocrx_word' id='word_1_30' title='bbox 654 367 781 402; x_wconf 74' lang='lat' dir='ltr'><strong>dignitate</strong></span> <span class='ocrx_word' id='word_1_31' title='bbox 791 367 866 395; x_wconf 84' lang='lat' dir='ltr'><strong>abdi-</strong></span> 
     </span>
    </p>
   </div>
   <div class='ocr_carea' id='block_1_7' title="bbox 103 413 866 449">
    <p class='ocr_par' dir='ltr' id='par_1_7' title="bbox 103 413 866 449">
     <span class='ocr_line' id='line_1_7' title="bbox 103 413 866 449; baseline 0 -8"><span class='ocrx_word' id='word_1_32' title='bbox 103 414 148 445; x_wconf 72' lang='lat' dir='ltr'><strong>cari.</strong></span> <span class='ocrx_word' id='word_1_33' title='bbox 159 422 200 441; x_wconf 87' lang='lat' dir='ltr'><strong>seu</strong></span> <span class='ocrx_word' id='word_1_34' title='bbox 211 413 360 440; x_wconf 85' lang='lat' dir='ltr'><strong>denuntiari</strong></span> <span class='ocrx_word' id='word_1_35' title='bbox 379 413 499 449; x_wconf 90' lang='lat' dir='ltr'><strong>liippone</strong></span> <span class='ocrx_word' id='word_1_36' title='bbox 516 413 682 446; x_wconf 84' lang='lat' dir='ltr'><strong>abdicatum,</strong></span> <span class='ocrx_word' id='word_1_37' title='bbox 694 414 800 449; x_wconf 81' lang='lat' dir='ltr'><strong>jnberet</strong></span> <span class='ocrx_word' id='word_1_38' title='bbox 815 414 866 449; x_wconf 74' lang='lat' dir='ltr'><strong>(De</strong></span> 
     </span>
    </p>
   </div>
   <div class='ocr_carea' id='block_1_8' title="bbox 105 458 866 495">
    <p class='ocr_par' dir='ltr' id='par_1_8' title="bbox 105 458 866 495">
     <span class='ocr_line' id='line_1_8' title="bbox 105 458 866 495; baseline 0.003 -10"><span class='ocrx_word' id='word_1_39' title='bbox 105 460 161 486; x_wconf 70' lang='grc' dir='ltr'><strong><em>(ἐεςιίδ</em></strong></span> <span class='ocrx_word' id='word_1_40' title='bbox 171 467 221 485; x_wconf 79' lang='lat' dir='ltr'><strong>ram</strong></span> <span class='ocrx_word' id='word_1_41' title='bbox 234 458 355 491; x_wconf 78' lang='lat' dir='ltr'><strong>Emerita,</strong></span> <span class='ocrx_word' id='word_1_42' title='bbox 369 467 395 485; x_wconf 76' lang='grc' dir='ltr'><strong>π.</strong></span> <span class='ocrx_word' id='word_1_43' title='bbox 408 458 447 493; x_wconf 81' lang='grc' dir='ltr'><strong>Ι).</strong></span> <span class='ocrx_word' id='word_1_44' title='bbox 462 458 546 486; x_wconf 82' lang='lat' dir='ltr'><strong>Simul</strong></span> <span class='ocrx_word' id='word_1_45' title='bbox 556 459 642 486; x_wconf 88' lang='lat' dir='ltr'><strong>eidem</strong></span> <span class='ocrx_word' id='word_1_46' title='bbox 653 459 777 487; x_wconf 88' lang='lat' dir='ltr'><strong>Deuterio</strong></span> <span class='ocrx_word' id='word_1_47' title='bbox 788 468 866 495; x_wconf 84' lang='lat' dir='ltr'><strong>expo-</strong></span> 
     </span>
    </p>
   </div>
   <div class='ocr_carea' id='block_1_9' title="bbox 106 504 864 540">
    <p class='ocr_par' dir='ltr' id='par_1_9' title="bbox 106 504 864 540">
     <span class='ocr_line' id='line_1_9' title="bbox 106 504 864 540; baseline 0 -8"><span class='ocrx_word' id='word_1_48' title='bbox 106 507 139 538; x_wconf 83' lang='lat' dir='ltr'><strong>uit,</strong></span> <span class='ocrx_word' id='word_1_49' title='bbox 149 512 202 540; x_wconf 75' lang='lat' dir='ltr'><strong>quas</strong></span> <span class='ocrx_word' id='word_1_50' title='bbox 214 504 393 539; x_wconf 68' lang='lat' dir='ltr'><strong>blasphemia</strong></span> <span class='ocrx_word' id='word_1_51' title='bbox 404 504 555 537; x_wconf 80' lang='lat' dir='ltr'><strong>crederent,</strong></span> <span class='ocrx_word' id='word_1_52' title='bbox 568 512 683 540; x_wconf 83' lang='lat' dir='ltr'><strong>quamve</strong></span> <span class='ocrx_word' id='word_1_53' title='bbox 696 505 864 540; x_wconf 84' lang='lat' dir='ltr'><strong>disciplinam</strong></span> 
     </span>
    </p>
   </div>
   <div class='ocr_carea' id='block_1_10' title="bbox 105 549 624 579">
    <p class='ocr_par' dir='ltr' id='par_1_10' title="bbox 105 549 624 579">
     <span class='ocr_line' id='line_1_10' title="bbox 105 549 624 579; baseline 0 -2"><span class='ocrx_word' id='word_1_54' title='bbox 105 552 241 579; x_wconf 67' lang='lat' dir='ltr'><strong>alienarunt</strong></span> <span class='ocrx_word' id='word_1_55' title='bbox 253 549 458 578; x_wconf 73' lang='lat' dir='ltr'><strong>Ianichzuorum</strong></span> <span class='ocrx_word' id='word_1_56' title='bbox 474 550 624 579; x_wconf 77' lang='lat' dir='ltr'><strong>Auditores.</strong></span> 
     </span>
    </p>
   </div>
   <div class='ocr_carea' id='block_1_11' title="bbox 130 596 863 627">
    <p class='ocr_par' dir='ltr' id='par_1_11' title="bbox 130 596 863 627">
     <span class='ocr_line' id='line_1_11' title="bbox 130 596 863 627; baseline -0.003 -2"><span class='ocrx_word' id='word_1_57' title='bbox 130 597 149 625; x_wconf 73' lang='lat'><strong>5.</strong></span> <span class='ocrx_word' id='word_1_58' title='bbox 163 596 324 624; x_wconf 77' lang='lat' dir='ltr'><strong>Enchiridien</strong></span> <span class='ocrx_word' id='word_1_59' title='bbox 346 604 424 624; x_wconf 79' lang='lat' dir='ltr'><strong>suum</strong></span> <span class='ocrx_word' id='word_1_60' title='bbox 443 604 490 624; x_wconf 85' lang='lat' dir='ltr'><strong>seu</strong></span> <span class='ocrx_word' id='word_1_61' title='bbox 512 596 634 624; x_wconf 77' lang='lat' dir='ltr'><strong>Hatruaie</strong></span> <span class='ocrx_word' id='word_1_62' title='bbox 649 604 701 627; x_wconf 86' lang='lat' dir='ltr'><strong>non</strong></span> <span class='ocrx_word' id='word_1_63' title='bbox 716 600 778 624; x_wconf 83' lang='lat' dir='ltr'><strong>ante</strong></span> <span class='ocrx_word' id='word_1_64' title='bbox 792 596 863 624; x_wconf 92' lang='lat' dir='ltr'><strong>hunc</strong></span> 
     </span>
    </p>
   </div>
   <div class='ocr_carea' id='block_1_12' title="bbox 107 642 863 678">
    <p class='ocr_par' dir='ltr' id='par_1_12' title="bbox 107 642 863 678">
     <span class='ocr_line' id='line_1_12' title="bbox 107 642 863 678; baseline -0.001 -8"><span class='ocrx_word' id='word_1_65' title='bbox 107 651 179 671; x_wconf 71' lang='lat' dir='ltr'><strong>nimum</strong></span> <span class='ocrx_word' id='word_1_66' title='bbox 198 642 292 670; x_wconf 81' lang='lat' dir='ltr'><strong>Christi</strong></span> <span class='ocrx_word' id='word_1_67' title='bbox 319 642 609 678; x_wconf 70' lang='lat' dir='ltr'><strong>quadringentesimum</strong></span> <span class='ocrx_word' id='word_1_68' title='bbox 630 643 786 678; x_wconf 74' lang='lat' dir='ltr'><strong>vigesimum</strong></span> <span class='ocrx_word' id='word_1_69' title='bbox 810 643 863 678; x_wconf 91' lang='lat' dir='ltr'><strong>pri-</strong></span> 
     </span>
    </p>
   </div>
   <div class='ocr_carea' id='block_1_13' title="bbox 106 688 862 724">
    <p class='ocr_par' dir='ltr' id='par_1_13' title="bbox 106 688 862 724">
     <span class='ocr_line' id='line_1_13' title="bbox 106 688 862 724; baseline -0.001 -8"><span class='ocrx_word' id='word_1_70' title='bbox 106 697 157 717; x_wconf 79' lang='lat' dir='ltr'><strong>mum</strong></span> <span class='ocrx_word' id='word_1_71' title='bbox 168 688 304 724; x_wconf 78' lang='lat' dir='ltr'><strong>composuit</strong></span> <span class='ocrx_word' id='word_1_72' title='bbox 318 697 325 714; x_wconf 87' lang='lat'>:</span> <span class='ocrx_word' id='word_1_73' title='bbox 341 688 557 724; x_wconf 80' lang='lat' dir='ltr'><strong>quandoquidem</strong></span> <span class='ocrx_word' id='word_1_74' title='bbox 578 689 605 716; x_wconf 92' lang='lat' dir='ltr'><strong>in</strong></span> <span class='ocrx_word' id='word_1_75' title='bbox 630 696 663 716; x_wconf 87' lang='lat' dir='ltr'><strong>eo</strong></span> <span class='ocrx_word' id='word_1_76' title='bbox 685 688 862 724; x_wconf 85' lang='lat' dir='ltr'><strong>Hieronymus</strong></span> 
     </span>
    </p>
   </div>
   <div class='ocr_carea' id='block_1_14' title="bbox 104 733 859 770">
    <p class='ocr_par' dir='ltr' id='par_1_14' title="bbox 104 733 859 770">
     <span class='ocr_line' id='line_1_14' title="bbox 104 733 859 770; baseline -0.003 -9"><span class='ocrx_word' id='word_1_77' title='bbox 104 739 233 761; x_wconf 64' lang='lat' dir='ltr'><strong>mammona</strong></span> <span class='ocrx_word' id='word_1_78' title='bbox 240 734 376 762; x_wconf 68' lang='lat' dir='ltr'><strong>memoria:</strong></span> <span class='ocrx_word' id='word_1_79' title='bbox 383 734 505 761; x_wconf 78' lang='lat' dir='ltr'><strong>laudatur</strong></span> <span class='ocrx_word' id='word_1_80' title='bbox 511 734 597 769; x_wconf 75' lang='lat' dir='ltr'><strong>elogio</strong></span> <span class='ocrx_word' id='word_1_81' title='bbox 605 733 760 770; x_wconf 82' lang='lat' dir='ltr'><strong>(Enchirid.,</strong></span> <span class='ocrx_word' id='word_1_82' title='bbox 768 742 795 760; x_wconf 85' lang='grc' dir='ltr'><strong>η.</strong></span> <span class='ocrx_word' id='word_1_83' title='bbox 802 733 859 768; x_wconf 71' lang='grc'><strong>25).</strong></span> 
     </span>
    </p>
   </div>
   <div class='ocr_carea' id='block_1_15' title="bbox 104 779 860 814">
    <p class='ocr_par' dir='ltr' id='par_1_15' title="bbox 104 779 860 814">
     <span class='ocr_line' id='line_1_15' title="bbox 104 779 860 814; baseline 0 -8"><span class='ocrx_word' id='word_1_84' title='bbox 104 780 225 808; x_wconf 75' lang='lat' dir='ltr'><strong>inscribitur</strong></span> <span class='ocrx_word' id='word_1_85' title='bbox 238 780 288 807; x_wconf 86' lang='lat' dir='ltr'><strong>hoe</strong></span> <span class='ocrx_word' id='word_1_86' title='bbox 299 787 368 814; x_wconf 88' lang='lat' dir='ltr'><strong>opus</strong></span> <span class='ocrx_word' id='word_1_87' title='bbox 388 779 422 806; x_wconf 84' lang='lat' dir='ltr'><strong>ad</strong></span> <span class='ocrx_word' id='word_1_88' title='bbox 440 780 609 807; x_wconf 87' lang='lat' dir='ltr'><strong>Laurentium</strong></span> <span class='ocrx_word' id='word_1_89' title='bbox 625 779 731 807; x_wconf 87' lang='lat' dir='ltr'><strong>Dulcitii</strong></span> <span class='ocrx_word' id='word_1_90' title='bbox 752 779 860 807; x_wconf 78' lang='lat' dir='ltr'><strong>fratrem</strong></span> 
     </span>
    </p>
   </div>
   <div class='ocr_carea' id='block_1_16' title="bbox 102 824 860 861">
    <p class='ocr_par' dir='ltr' id='par_1_16' title="bbox 102 824 860 861">
     <span class='ocr_line' id='line_1_16' title="bbox 102 824 860 861; baseline 0 -9"><span class='ocrx_word' id='word_1_91' title='bbox 102 826 138 856; x_wconf 66' lang='lat' dir='ltr'><strong>il):</strong></span> <span class='ocrx_word' id='word_1_92' title='bbox 152 831 199 852; x_wconf 71' lang='lat' dir='ltr'><strong>acto</strong></span> <span class='ocrx_word' id='word_1_93' title='bbox 214 825 317 853; x_wconf 76' lang='lat' dir='ltr'><strong>Dulcitii</strong></span> <span class='ocrx_word' id='word_1_94' title='bbox 339 825 536 858; x_wconf 69' lang='lat' dir='ltr'><strong>thionibua,</strong></span> <span class='ocrx_word' id='word_1_95' title='bbox 555 830 643 861; x_wconf 65' lang='lat' dir='ltr'><strong>quasi.</strong></span> <span class='ocrx_word' id='word_1_96' title='bbox 660 826 685 858; x_wconf 86' lang='lat' dir='ltr'><strong>l,</strong></span> <span class='ocrx_word' id='word_1_97' title='bbox 702 834 729 852; x_wconf 83' lang='grc' dir='ltr'><strong>η.</strong></span> <span class='ocrx_word' id='word_1_98' title='bbox 744 824 800 860; x_wconf 80' lang='grc'><strong>10),</strong></span> <span class='ocrx_word' id='word_1_99' title='bbox 816 825 860 860; x_wconf 85' lang='lat' dir='ltr'><strong>qui</strong></span> 
     </span>
    </p>
   </div>
   <div class='ocr_carea' id='block_1_17' title="bbox 100 871 861 908">
    <p class='ocr_par' dir='ltr' id='par_1_17' title="bbox 100 871 861 908">
     <span class='ocr_line' id='line_1_17' title="bbox 100 871 861 908; baseline -0.001 -9"><span class='ocrx_word' id='word_1_100' title='bbox 100 873 245 908; x_wconf 70' lang='lat' dir='ltr'><strong>Augustinum</strong></span> <span class='ocrx_word' id='word_1_101' title='bbox 258 880 305 907; x_wconf 89' lang='lat' dir='ltr'><strong>per</strong></span> <span class='ocrx_word' id='word_1_102' title='bbox 320 872 423 899; x_wconf 83' lang='lat' dir='ltr'><strong>litteras</strong></span> <span class='ocrx_word' id='word_1_103' title='bbox 436 872 562 907; x_wconf 88' lang='lat' dir='ltr'><strong>petierat,</strong></span> <span class='ocrx_word' id='word_1_104' title='bbox 577 877 605 899; x_wconf 90' lang='lat' dir='ltr'><strong>ut</strong></span> <span class='ocrx_word' id='word_1_105' title='bbox 618 871 667 899; x_wconf 86' lang='lat' dir='ltr'><strong>sibi</strong></span> <span class='ocrx_word' id='word_1_106' title='bbox 689 871 784 899; x_wconf 86' lang='lat' dir='ltr'><strong>librum</strong></span> <span class='ocrx_word' id='word_1_107' title='bbox 797 879 861 899; x_wconf 89' lang='lat' dir='ltr'><strong>con-</strong></span> 
     </span>
    </p>
   </div>
   <div class='ocr_carea' id='block_1_18' title="bbox 97 917 859 954">
    <p class='ocr_par' dir='ltr' id='par_1_18' title="bbox 97 917 859 954">
     <span class='ocr_line' id='line_1_18' title="bbox 97 917 859 954; baseline -0.004 -7"><span class='ocrx_word' id='word_1_108' title='bbox 97 920 201 947; x_wconf 75' lang='lat' dir='ltr'><strong>scriberet</strong></span> <span class='ocrx_word' id='word_1_109' title='bbox 212 918 349 947; x_wconf 88' lang='lat' dir='ltr'><strong>enchiridii</strong></span> <span class='ocrx_word' id='word_1_110' title='bbox 364 919 450 946; x_wconf 80' lang='lat' dir='ltr'><strong>forma</strong></span> <span class='ocrx_word' id='word_1_111' title='bbox 464 940 471 951; x_wconf 87' lang='lat'><strong>,</strong></span> <span class='ocrx_word' id='word_1_112' title='bbox 493 926 572 954; x_wconf 85' lang='lat' dir='ltr'><strong>quem</strong></span> <span class='ocrx_word' id='word_1_113' title='bbox 591 925 697 953; x_wconf 83' lang='lat' dir='ltr'><strong>semper</strong></span> <span class='ocrx_word' id='word_1_114' title='bbox 711 918 820 945; x_wconf 83' lang='lat' dir='ltr'><strong>haberet</strong></span> <span class='ocrx_word' id='word_1_115' title='bbox 832 917 859 944; x_wconf 91' lang='lat' dir='ltr'><strong>in</strong></span> 
     </span>
    </p>
   </div>
   <div class='ocr_carea' id='block_1_19' title="bbox 98 964 860 1001">
    <p class='ocr_par' dir='ltr' id='par_1_19' title="bbox 98 964 860 1001">
     <span class='ocr_line' id='line_1_19' title="bbox 98 964 860 1001; baseline -0.003 -8"><span class='ocrx_word' id='word_1_116' title='bbox 98 966 213 994; x_wconf 81' lang='lat' dir='ltr'><strong>manibus:</strong></span> <span class='ocrx_word' id='word_1_117' title='bbox 226 966 251 993; x_wconf 90' lang='lat' dir='ltr'><strong>in</strong></span> <span class='ocrx_word' id='word_1_118' title='bbox 265 973 319 1001; x_wconf 89' lang='lat' dir='ltr'><strong>quo</strong></span> <span class='ocrx_word' id='word_1_119' title='bbox 338 966 455 993; x_wconf 85' lang='lat' dir='ltr'><strong>disceret</strong></span> <span class='ocrx_word' id='word_1_120' title='bbox 469 966 532 1000; x_wconf 88' lang='lat' dir='ltr'><strong>quid</strong></span> <span class='ocrx_word' id='word_1_121' title='bbox 547 966 662 993; x_wconf 82' lang='lat' dir='ltr'><strong>maxime</strong></span> <span class='ocrx_word' id='word_1_122' title='bbox 676 972 725 992; x_wconf 89' lang='lat' dir='ltr'><strong>nos</strong></span> <span class='ocrx_word' id='word_1_123' title='bbox 737 964 860 1000; x_wconf 80' lang='lat' dir='ltr'><strong>amplecti</strong></span> 
     </span>
    </p>
   </div>
   <div class='ocr_carea' id='block_1_20' title="bbox 97 1012 857 1049">
    <p class='ocr_par' dir='ltr' id='par_1_20' title="bbox 97 1012 857 1049">
     <span class='ocr_line' id='line_1_20' title="bbox 97 1012 857 1049; baseline -0.001 -10"><span class='ocrx_word' id='word_1_124' title='bbox 97 1017 204 1048; x_wconf 82' lang='lat' dir='ltr'><strong>oporteat,</strong></span> <span class='ocrx_word' id='word_1_125' title='bbox 214 1013 302 1049; x_wconf 82' lang='lat' dir='ltr'><strong>quidve</strong></span> <span class='ocrx_word' id='word_1_126' title='bbox 312 1013 348 1041; x_wconf 86' lang='lat' dir='ltr'><strong>ob</strong></span> <span class='ocrx_word' id='word_1_127' title='bbox 357 1013 445 1040; x_wconf 85' lang='lat' dir='ltr'><strong>varias</strong></span> <span class='ocrx_word' id='word_1_128' title='bbox 458 1013 574 1040; x_wconf 67' lang='lat' dir='ltr'><strong>hmrescs</strong></span> <span class='ocrx_word' id='word_1_129' title='bbox 583 1020 638 1047; x_wconf 74' lang='lat' dir='ltr'><strong>pra:</strong></span> <span class='ocrx_word' id='word_1_130' title='bbox 646 1012 749 1039; x_wconf 70' lang='lat' dir='ltr'><strong>caeteris</strong></span> <span class='ocrx_word' id='word_1_131' title='bbox 758 1012 857 1046; x_wconf 80' lang='lat' dir='ltr'><strong>fugere;</strong></span> 
     </span>
    </p>
   </div>
   <div class='ocr_carea' id='block_1_21' title="bbox 94 1057 861 1094">
    <p class='ocr_par' dir='ltr' id='par_1_21' title="bbox 94 1057 861 1094">
     <span class='ocr_line' id='line_1_21' title="bbox 94 1057 861 1094; baseline -0.001 -9"><span class='ocrx_word' id='word_1_132' title='bbox 94 1060 173 1094; x_wconf 78' lang='lat' dir='ltr'><strong>quibus</strong></span> <span class='ocrx_word' id='word_1_133' title='bbox 183 1060 206 1087; x_wconf 89' lang='lat' dir='ltr'><strong>in</strong></span> <span class='ocrx_word' id='word_1_134' title='bbox 214 1059 290 1087; x_wconf 80' lang='lat' dir='ltr'><strong>rebus</strong></span> <span class='ocrx_word' id='word_1_135' title='bbox 305 1059 384 1087; x_wconf 87' lang='lat' dir='ltr'><strong>fidem</strong></span> <span class='ocrx_word' id='word_1_136' title='bbox 399 1059 467 1086; x_wconf 87' lang='lat' dir='ltr'><strong>ratio</strong></span> <span class='ocrx_word' id='word_1_137' title='bbox 480 1061 605 1094; x_wconf 81' lang='lat' dir='ltr'><strong>sequatur</strong></span> <span class='ocrx_word' id='word_1_138' title='bbox 617 1065 647 1085; x_wconf 88' lang='lat' dir='ltr'><strong>ac</strong></span> <span class='ocrx_word' id='word_1_139' title='bbox 660 1058 785 1089; x_wconf 85' lang='lat' dir='ltr'><strong>stabiliat,</strong></span> <span class='ocrx_word' id='word_1_140' title='bbox 802 1057 861 1092; x_wconf 89' lang='lat' dir='ltr'><strong>qui-</strong></span> 
     </span>
    </p>
   </div>
   <div class='ocr_carea' id='block_1_22' title="bbox 93 1103 860 1140">
    <p class='ocr_par' dir='ltr' id='par_1_22' title="bbox 93 1103 860 1140">
     <span class='ocr_line' id='line_1_22' title="bbox 93 1103 860 1140; baseline -0.004 -8"><span class='ocrx_word' id='word_1_141' title='bbox 93 1105 129 1132; x_wconf 82' lang='lat' dir='ltr'><strong>bus</strong></span> <span class='ocrx_word' id='word_1_142' title='bbox 141 1111 221 1133; x_wconf 75' lang='lat' dir='ltr'><strong>contra</strong></span> <span class='ocrx_word' id='word_1_143' title='bbox 234 1105 270 1133; x_wconf 88' lang='lat' dir='ltr'><strong>illi</strong></span> <span class='ocrx_word' id='word_1_144' title='bbox 283 1105 433 1140; x_wconf 78' lang='lat' dir='ltr'><strong>refragetur</strong></span> <span class='ocrx_word' id='word_1_145' title='bbox 443 1126 450 1138; x_wconf 93' lang='lat'><strong>,</strong></span> <span class='ocrx_word' id='word_1_146' title='bbox 465 1109 492 1132; x_wconf 92' lang='lat' dir='ltr'><strong>et</strong></span> <span class='ocrx_word' id='word_1_147' title='bbox 511 1104 595 1131; x_wconf 80' lang='lat' dir='ltr'><strong>solum</strong></span> <span class='ocrx_word' id='word_1_148' title='bbox 607 1125 615 1137; x_wconf 92' lang='lat'><strong>,</strong></span> <span class='ocrx_word' id='word_1_149' title='bbox 638 1108 729 1140; x_wconf 86' lang='lat' dir='ltr'><strong>utpote</strong></span> <span class='ocrx_word' id='word_1_150' title='bbox 748 1103 860 1138; x_wconf 59' lang='lat' dir='ltr'><strong>ad,ejus</strong></span> 
     </span>
    </p>
   </div>
   <div class='ocr_carea' id='block_1_23' title="bbox 91 1149 860 1187">
    <p class='ocr_par' dir='ltr' id='par_1_23' title="bbox 91 1149 860 1187">
     <span class='ocr_line' id='line_1_23' title="bbox 91 1149 860 1187; baseline -0.005 -8"><span class='ocrx_word' id='word_1_151' title='bbox 91 1151 210 1186; x_wconf 76' lang='lat' dir='ltr'><strong>premenda</strong></span> <span class='ocrx_word' id='word_1_152' title='bbox 217 1152 326 1187; x_wconf 76' lang='lat' dir='ltr'><strong>vestigia</strong></span> <span class='ocrx_word' id='word_1_153' title='bbox 335 1151 430 1186; x_wconf 81' lang='lat' dir='ltr'><strong>impar,</strong></span> <span class='ocrx_word' id='word_1_154' title='bbox 444 1151 566 1182; x_wconf 86' lang='lat' dir='ltr'><strong>deserat;</strong></span> <span class='ocrx_word' id='word_1_155' title='bbox 579 1150 675 1185; x_wconf 85' lang='lat' dir='ltr'><strong>quibus</strong></span> <span class='ocrx_word' id='word_1_156' title='bbox 689 1149 785 1176; x_wconf 77' lang='lat' dir='ltr'><strong>finibus</strong></span> <span class='ocrx_word' id='word_1_157' title='bbox 798 1156 860 1183; x_wconf 83' lang='lat' dir='ltr'><strong>spes</strong></span> 
     </span>
    </p>
   </div>
   <div class='ocr_carea' id='block_1_24' title="bbox 88 1195 859 1233">
    <p class='ocr_par' dir='ltr' id='par_1_24' title="bbox 88 1195 859 1233">
     <span class='ocr_line' id='line_1_24' title="bbox 88 1195 859 1233; baseline -0.006 -7"><span class='ocrx_word' id='word_1_158' title='bbox 88 1203 162 1226; x_wconf 83' lang='lat' dir='ltr'><strong>nostra</strong></span> <span class='ocrx_word' id='word_1_159' title='bbox 190 1198 373 1230; x_wconf 83' lang='lat' dir='ltr'><strong>contineatur;</strong></span> <span class='ocrx_word' id='word_1_160' title='bbox 403 1205 462 1233; x_wconf 69' lang='lat' dir='ltr'><strong>quae</strong></span> <span class='ocrx_word' id='word_1_161' title='bbox 491 1197 525 1224; x_wconf 87' lang='lat' dir='ltr'><strong>sit</strong></span> <span class='ocrx_word' id='word_1_162' title='bbox 552 1196 703 1224; x_wconf 65' lang='lat' dir='ltr'><strong>christiana:</strong></span> <span class='ocrx_word' id='word_1_163' title='bbox 731 1195 859 1222; x_wconf 74' lang='lat' dir='ltr'><strong>doctrinm</strong></span> 
     </span>
    </p>
   </div>
   <div class='ocr_carea' id='block_1_25' title="bbox 86 1241 859 1280">
    <p class='ocr_par' dir='ltr' id='par_1_25' title="bbox 86 1241 859 1280">
     <span class='ocr_line' id='line_1_25' title="bbox 86 1241 859 1280; baseline -0.005 -8"><span class='ocrx_word' id='word_1_164' title='bbox 86 1252 170 1272; x_wconf 72' lang='lat' dir='ltr'><strong>innima</strong></span> <span class='ocrx_word' id='word_1_165' title='bbox 180 1266 186 1278; x_wconf 86' lang='lat'><strong>,</strong></span> <span class='ocrx_word' id='word_1_166' title='bbox 209 1245 315 1280; x_wconf 84' lang='lat' dir='ltr'><strong>quodve</strong></span> <span class='ocrx_word' id='word_1_167' title='bbox 333 1248 435 1272; x_wconf 88' lang='lat' dir='ltr'><strong>certum</strong></span> <span class='ocrx_word' id='word_1_168' title='bbox 449 1251 480 1271; x_wconf 85' lang='lat' dir='ltr'><strong>ac</strong></span> <span class='ocrx_word' id='word_1_169' title='bbox 495 1244 630 1279; x_wconf 86' lang='lat' dir='ltr'><strong>proprium</strong></span> <span class='ocrx_word' id='word_1_170' title='bbox 648 1243 709 1270; x_wconf 85' lang='lat' dir='ltr'><strong>fidei</strong></span> <span class='ocrx_word' id='word_1_171' title='bbox 722 1241 859 1269; x_wconf 66' lang='lat' dir='ltr'><strong>catholicae</strong></span> 
     </span>
    </p>
   </div>
   <div class='ocr_carea' id='block_1_26' title="bbox 84 1288 860 1326">
    <p class='ocr_par' dir='ltr' id='par_1_26' title="bbox 84 1288 860 1326">
     <span class='ocr_line' id='line_1_26' title="bbox 84 1288 860 1326; baseline -0.003 -10"><span class='ocrx_word' id='word_1_172' title='bbox 84 1291 276 1319; x_wconf 84' lang='lat' dir='ltr'><strong>fundamentum.</strong></span> <span class='ocrx_word' id='word_1_173' title='bbox 289 1290 370 1326; x_wconf 78' lang='lat' dir='ltr'><strong>Atqui</strong></span> <span class='ocrx_word' id='word_1_174' title='bbox 384 1291 440 1318; x_wconf 61' lang='lat' dir='ltr'><strong>haec</strong></span> <span class='ocrx_word' id='word_1_175' title='bbox 450 1294 523 1318; x_wconf 84' lang='lat' dir='ltr'><strong>tanta</strong></span> <span class='ocrx_word' id='word_1_176' title='bbox 535 1294 640 1324; x_wconf 86' lang='lat' dir='ltr'><strong>tamque</strong></span> <span class='ocrx_word' id='word_1_177' title='bbox 651 1289 731 1316; x_wconf 88' lang='lat' dir='ltr'><strong>ardua</strong></span> <span class='ocrx_word' id='word_1_178' title='bbox 739 1288 788 1316; x_wconf 84' lang='lat' dir='ltr'><strong>sibi</strong></span> <span class='ocrx_word' id='word_1_179' title='bbox 799 1295 860 1323; x_wconf 82' lang='lat' dir='ltr'><strong>pau-</strong></span> 
     </span>
    </p>
   </div>
   <div class='ocr_carea' id='block_1_27' title="bbox 82 1334 860 1372">
    <p class='ocr_par' dir='ltr' id='par_1_27' title="bbox 82 1334 860 1372">
     <span class='ocr_line' id='line_1_27' title="bbox 82 1334 860 1372; baseline -0.005 -8"><span class='ocrx_word' id='word_1_180' title='bbox 82 1337 110 1364; x_wconf 79' lang='lat' dir='ltr'><strong>cis</strong></span> <span class='ocrx_word' id='word_1_181' title='bbox 118 1336 201 1364; x_wconf 79' lang='lat' dir='ltr'><strong>omnia</strong></span> <span class='ocrx_word' id='word_1_182' title='bbox 213 1335 316 1364; x_wconf 86' lang='lat' dir='ltr'><strong>definiri</strong></span> <span class='ocrx_word' id='word_1_183' title='bbox 330 1336 484 1372; x_wconf 84' lang='lat' dir='ltr'><strong>peroptabat</strong></span> <span class='ocrx_word' id='word_1_184' title='bbox 494 1335 651 1372; x_wconf 79' lang='lat' dir='ltr'><strong>(Enchirid.,</strong></span> <span class='ocrx_word' id='word_1_185' title='bbox 662 1343 688 1361; x_wconf 79' lang='grc' dir='ltr'><strong>η.</strong></span> <span class='ocrx_word' id='word_1_186' title='bbox 698 1334 736 1370; x_wconf 80' lang='lat' dir='ltr'><strong>l).</strong></span> <span class='ocrx_word' id='word_1_187' title='bbox 746 1334 860 1361; x_wconf 81' lang='lat' dir='ltr'><strong>Sanctus</strong></span> 
     </span>
    </p>
   </div>
   <div class='ocr_carea' id='block_1_28' title="bbox 79 1379 860 1418">
    <p class='ocr_par' dir='ltr' id='par_1_28' title="bbox 79 1379 860 1418">
     <span class='ocr_line' id='line_1_28' title="bbox 79 1379 860 1418; baseline -0.005 -8"><span class='ocrx_word' id='word_1_188' title='bbox 79 1383 236 1418; x_wconf 76' lang='lat' dir='ltr'><strong>Augustinus,</strong></span> <span class='ocrx_word' id='word_1_189' title='bbox 252 1383 297 1418; x_wconf 90' lang='lat' dir='ltr'><strong>qui</strong></span> <span class='ocrx_word' id='word_1_190' title='bbox 319 1390 379 1410; x_wconf 89' lang='lat' dir='ltr'><strong>cum</strong></span> <span class='ocrx_word' id='word_1_191' title='bbox 396 1383 454 1417; x_wconf 91' lang='lat' dir='ltr'><strong>ejtts</strong></span> <span class='ocrx_word' id='word_1_192' title='bbox 468 1382 617 1409; x_wconf 85' lang='lat' dir='ltr'><strong>eruditione</strong></span> <span class='ocrx_word' id='word_1_193' title='bbox 629 1381 772 1416; x_wconf 88' lang='lat' dir='ltr'><strong>plurimum</strong></span> <span class='ocrx_word' id='word_1_194' title='bbox 787 1379 860 1407; x_wconf 86' lang='lat' dir='ltr'><strong>deie-</strong></span> 
     </span>
    </p>
   </div>
   <div class='ocr_carea' id='block_1_29' title="bbox 78 1426 860 1462">
    <p class='ocr_par' dir='ltr' id='par_1_29' title="bbox 78 1426 860 1462">
     <span class='ocr_line' id='line_1_29' title="bbox 78 1426 860 1462; baseline -0.005 -6"><span class='ocrx_word' id='word_1_195' title='bbox 78 1429 200 1460; x_wconf 79' lang='lat' dir='ltr'><strong>ctabatur,</strong></span> <span class='ocrx_word' id='word_1_196' title='bbox 216 1433 271 1457; x_wconf 90' lang='lat' dir='ltr'><strong>tum</strong></span> <span class='ocrx_word' id='word_1_197' title='bbox 290 1429 373 1456; x_wconf 90' lang='lat' dir='ltr'><strong>multo</strong></span> <span class='ocrx_word' id='word_1_198' title='bbox 390 1428 573 1456; x_wconf 74' lang='lat' dir='ltr'><strong>vehementius</strong></span> <span class='ocrx_word' id='word_1_199' title='bbox 589 1435 649 1455; x_wconf 86' lang='lat' dir='ltr'><strong>eum</strong></span> <span class='ocrx_word' id='word_1_200' title='bbox 670 1426 776 1462; x_wconf 77' lang='lat' dir='ltr'><strong>adjuugi</strong></span> <span class='ocrx_word' id='word_1_201' title='bbox 790 1426 860 1453; x_wconf 84' lang='lat' dir='ltr'><strong>veris</strong></span> 
     </span>
    </p>
   </div>
   <div class='ocr_carea' id='block_1_30' title="bbox 77 1471 859 1510">
    <p class='ocr_par' dir='ltr' id='par_1_30' title="bbox 77 1471 859 1510">
     <span class='ocr_line' id='line_1_30' title="bbox 77 1471 859 1510; baseline -0.003 -9"><span class='ocrx_word' id='word_1_202' title='bbox 77 1476 230 1510; x_wconf 58' lang='lat' dir='ltr'><strong>sapientibus</strong></span> <span class='ocrx_word' id='word_1_203' title='bbox 250 1475 389 1510; x_wconf 90' lang='lat' dir='ltr'><strong>cupiebat,</strong></span> <span class='ocrx_word' id='word_1_204' title='bbox 414 1474 573 1510; x_wconf 85' lang='lat' dir='ltr'><strong>postulatam</strong></span> <span class='ocrx_word' id='word_1_205' title='bbox 595 1473 785 1501; x_wconf 87' lang='lat' dir='ltr'><strong>institutionem</strong></span> <span class='ocrx_word' id='word_1_206' title='bbox 809 1471 859 1506; x_wconf 83' lang='lat' dir='ltr'><strong>ipsi</strong></span> 
     </span>
    </p>
   </div>
   <div class='ocr_carea' id='block_1_31' title="bbox 76 1519 861 1556">
    <p class='ocr_par' dir='ltr' id='par_1_31' title="bbox 76 1519 861 1556">
     <span class='ocr_line' id='line_1_31' title="bbox 76 1519 861 1556; baseline -0.001 -10"><span class='ocrx_word' id='word_1_207' title='bbox 76 1528 163 1555; x_wconf 78' lang='lat' dir='ltr'><strong>negare</strong></span> <span class='ocrx_word' id='word_1_208' title='bbox 182 1522 276 1549; x_wconf 88' lang='lat' dir='ltr'><strong>noluit.</strong></span> <span class='ocrx_word' id='word_1_209' title='bbox 299 1521 421 1556; x_wconf 88' lang='lat' dir='ltr'><strong>Cumque</strong></span> <span class='ocrx_word' id='word_1_210' title='bbox 445 1527 538 1548; x_wconf 85' lang='lat' dir='ltr'><strong>omnes</strong></span> <span class='ocrx_word' id='word_1_211' title='bbox 559 1519 630 1546; x_wconf 91' lang='lat' dir='ltr'><strong>illius</strong></span> <span class='ocrx_word' id='word_1_212' title='bbox 652 1519 814 1554; x_wconf 70' lang='lat' dir='ltr'><strong>qutcstiones</strong></span> <span class='ocrx_word' id='word_1_213' title='bbox 828 1524 861 1545; x_wconf 87' lang='lat' dir='ltr'><strong>eo</strong></span> 
     </span>
    </p>
   </div>
   <div class='ocr_carea' id='block_1_32' title="bbox 74 1564 858 1603">
    <p class='ocr_par' dir='ltr' id='par_1_32' title="bbox 74 1564 858 1603">
     <span class='ocr_line' id='line_1_32' title="bbox 74 1564 858 1603; baseline -0.006 -8"><span class='ocrx_word' id='word_1_214' title='bbox 74 1566 238 1601; x_wconf 75' lang='lat' dir='ltr'><strong>pertinerent,</strong></span> <span class='ocrx_word' id='word_1_215' title='bbox 254 1573 283 1594; x_wconf 92' lang='lat' dir='ltr'><strong>ut</strong></span> <span class='ocrx_word' id='word_1_216' title='bbox 295 1567 357 1603; x_wconf 89' lang='lat' dir='ltr'><strong>quid</strong></span> <span class='ocrx_word' id='word_1_217' title='bbox 371 1566 531 1594; x_wconf 85' lang='lat' dir='ltr'><strong>credendum</strong></span> <span class='ocrx_word' id='word_1_218' title='bbox 543 1566 590 1598; x_wconf 90' lang='lat' dir='ltr'><strong>sit,</strong></span> <span class='ocrx_word' id='word_1_219' title='bbox 604 1565 666 1600; x_wconf 90' lang='lat' dir='ltr'><strong>quid</strong></span> <span class='ocrx_word' id='word_1_220' title='bbox 682 1564 840 1601; x_wconf 85' lang='lat' dir='ltr'><strong>sperandum</strong></span> <span class='ocrx_word' id='word_1_221' title='bbox 851 1585 858 1597; x_wconf 93' lang='lat'><strong>,</strong></span> 
     </span>
    </p>
   </div>
   <div class='ocr_carea' id='block_1_33' title="bbox 73 1610 858 1649">
    <p class='ocr_par' dir='ltr' id='par_1_33' title="bbox 73 1610 858 1649">
     <span class='ocr_line' id='line_1_33' title="bbox 73 1610 858 1649; baseline -0.008 -7"><span class='ocrx_word' id='word_1_222' title='bbox 73 1614 127 1648; x_wconf 82' lang='lat' dir='ltr'><strong>quid</strong></span> <span class='ocrx_word' id='word_1_223' title='bbox 139 1615 283 1642; x_wconf 82' lang='lat' dir='ltr'><strong>amandum</strong></span> <span class='ocrx_word' id='word_1_224' title='bbox 294 1614 409 1649; x_wconf 87' lang='lat' dir='ltr'><strong>denique</strong></span> <span class='ocrx_word' id='word_1_225' title='bbox 421 1617 611 1649; x_wconf 80' lang='lat' dir='ltr'><strong>cognosceret;</strong></span> <span class='ocrx_word' id='word_1_226' title='bbox 626 1615 732 1639; x_wconf 87' lang='lat' dir='ltr'><strong>sanctus</strong></span> <span class='ocrx_word' id='word_1_227' title='bbox 747 1610 858 1643; x_wconf 58' lang='lat' dir='ltr'><strong>Praasul,</strong></span> 
     </span>
    </p>
   </div>
   <div class='ocr_carea' id='block_1_34' title="bbox 71 1656 860 1696">
    <p class='ocr_par' dir='ltr' id='par_1_34' title="bbox 71 1656 860 1696">
     <span class='ocr_line' id='line_1_34' title="bbox 71 1656 860 1696; baseline -0.003 -11"><span class='ocrx_word' id='word_1_228' title='bbox 71 1658 105 1686; x_wconf 75' lang='lat' dir='ltr'><strong>De</strong></span> <span class='ocrx_word' id='word_1_229' title='bbox 113 1659 186 1695; x_wconf 80' lang='lat' dir='ltr'><strong>Fide,</strong></span> <span class='ocrx_word' id='word_1_230' title='bbox 200 1661 253 1696; x_wconf 86' lang='lat' dir='ltr'><strong>Spe</strong></span> <span class='ocrx_word' id='word_1_231' title='bbox 263 1665 287 1687; x_wconf 82' lang='lat' dir='ltr'><strong>et</strong></span> <span class='ocrx_word' id='word_1_232' title='bbox 298 1660 425 1687; x_wconf 79' lang='lat' dir='ltr'><strong>Charilute</strong></span> <span class='ocrx_word' id='word_1_233' title='bbox 443 1660 468 1686; x_wconf 91' lang='lat' dir='ltr'><strong>in</strong></span> <span class='ocrx_word' id='word_1_234' title='bbox 481 1658 705 1686; x_wconf 85' lang='lat' dir='ltr'><strong>commentatione</strong></span> <span class='ocrx_word' id='word_1_235' title='bbox 718 1664 765 1684; x_wconf 88' lang='lat' dir='ltr'><strong>sua</strong></span> <span class='ocrx_word' id='word_1_236' title='bbox 776 1656 860 1684; x_wconf 88' lang='lat' dir='ltr'><strong>disse-</strong></span> 
     </span>
    </p>
   </div>
   <div class='ocr_carea' id='block_1_35' title="bbox 70 1702 860 1745">
    <p class='ocr_par' dir='ltr' id='par_1_35' title="bbox 70 1702 860 1745">
     <span class='ocr_line' id='line_1_35' title="bbox 70 1702 860 1745; baseline -0.006 -11"><span class='ocrx_word' id='word_1_237' title='bbox 70 1707 136 1740; x_wconf 89' lang='lat' dir='ltr'><strong>ruit;</strong></span> <span class='ocrx_word' id='word_1_238' title='bbox 152 1708 194 1735; x_wconf 92' lang='lat' dir='ltr'><strong>cui</strong></span> <span class='ocrx_word' id='word_1_239' title='bbox 209 1708 291 1735; x_wconf 82' lang='lat' dir='ltr'><strong>etiam</strong></span> <span class='ocrx_word' id='word_1_240' title='bbox 306 1707 375 1734; x_wconf 88' lang='lat' dir='ltr'><strong>hunc</strong></span> <span class='ocrx_word' id='word_1_241' title='bbox 397 1707 482 1745; x_wconf 89' lang='lat' dir='ltr'><strong>ipsum</strong></span> <span class='ocrx_word' id='word_1_242' title='bbox 507 1705 610 1733; x_wconf 88' lang='lat' dir='ltr'><strong>titulum</strong></span> <span class='ocrx_word' id='word_1_243' title='bbox 631 1704 726 1732; x_wconf 90' lang='lat' dir='ltr'><strong>indidit</strong></span> <span class='ocrx_word' id='word_1_244' title='bbox 741 1705 766 1730; x_wconf 92' lang='lat' dir='ltr'><strong>in</strong></span> <span class='ocrx_word' id='word_1_245' title='bbox 780 1702 860 1730; x_wconf 82' lang='lat' dir='ltr'><strong>variis</strong></span> 
     </span>
    </p>
   </div>
   <div class='ocr_carea' id='block_1_36' title="bbox 70 1749 858 1788">
    <p class='ocr_par' dir='ltr' id='par_1_36' title="bbox 70 1749 858 1788">
     <span class='ocr_line' id='line_1_36' title="bbox 70 1749 858 1788; baseline -0.004 -9"><span class='ocrx_word' id='word_1_246' title='bbox 70 1753 133 1780; x_wconf 79' lang='lat' dir='ltr'><strong>locis</strong></span> <span class='ocrx_word' id='word_1_247' title='bbox 145 1763 151 1780; x_wconf 92' lang='lat'><strong>:</strong></span> <span class='ocrx_word' id='word_1_248' title='bbox 169 1754 272 1783; x_wconf 82' lang='lat' dir='ltr'><strong>tametsi</strong></span> <span class='ocrx_word' id='word_1_249' title='bbox 283 1753 419 1781; x_wconf 80' lang='lat' dir='ltr'><strong>Laurentii</strong></span> <span class='ocrx_word' id='word_1_250' title='bbox 433 1752 579 1788; x_wconf 63' lang='lat' dir='ltr'><strong>prudentia)</strong></span> <span class='ocrx_word' id='word_1_251' title='bbox 592 1751 735 1787; x_wconf 83' lang='lat' dir='ltr'><strong>permittat,</strong></span> <span class='ocrx_word' id='word_1_252' title='bbox 747 1756 776 1777; x_wconf 91' lang='lat' dir='ltr'><strong>ut</strong></span> <span class='ocrx_word' id='word_1_253' title='bbox 786 1749 858 1782; x_wconf 89' lang='lat' dir='ltr'><strong>illud,</strong></span> 
     </span>
    </p>
   </div>
   <div class='ocr_carea' id='block_1_37' title="bbox 69 1795 858 1834">
    <p class='ocr_par' dir='ltr' id='par_1_37' title="bbox 69 1795 858 1834">
     <span class='ocr_line' id='line_1_37' title="bbox 69 1795 858 1834; baseline -0.003 -9"><span class='ocrx_word' id='word_1_254' title='bbox 69 1798 86 1825; x_wconf 76' lang='lat' dir='ltr'><strong>si</strong></span> <span class='ocrx_word' id='word_1_255' title='bbox 94 1799 227 1831; x_wconf 66' lang='lat' dir='ltr'><strong>&quot;ualuerit,</strong></span> <span class='ocrx_word' id='word_1_256' title='bbox 235 1798 401 1826; x_wconf 80' lang='lat' dir='ltr'><strong>Enchirt&#39;diou</strong></span> <span class='ocrx_word' id='word_1_257' title='bbox 410 1799 523 1834; x_wconf 76' lang='lat' dir='ltr'><strong>appellet</strong></span> <span class='ocrx_word' id='word_1_258' title='bbox 534 1798 655 1834; x_wconf 66' lang='lat' dir='ltr'><strong>(Retracl.</strong></span> <span class='ocrx_word' id='word_1_259' title='bbox 664 1798 706 1824; x_wconf 85' lang='lat' dir='ltr'><strong>lib.</strong></span> <span class='ocrx_word' id='word_1_260' title='bbox 713 1797 795 1831; x_wconf 69' lang='lat' dir='ltr'><strong>2,1&#39;ap</strong></span> <span class='ocrx_word' id='word_1_261' title='bbox 813 1795 858 1829; x_wconf 77' lang='lat'><strong>63;</strong></span> 
     </span>
    </p>
   </div>
   <div class='ocr_carea' id='block_1_38' title="bbox 68 1841 858 1879">
    <p class='ocr_par' dir='ltr' id='par_1_38' title="bbox 68 1841 858 1879">
     <span class='ocr_line' id='line_1_38' title="bbox 68 1841 858 1879; baseline -0.003 -9"><span class='ocrx_word' id='word_1_262' title='bbox 68 1842 152 1879; x_wconf 77' lang='lat' dir='ltr'><strong>Epist.</strong></span> <span class='ocrx_word' id='word_1_263' title='bbox 176 1844 247 1878; x_wconf 70' lang='lat' dir='ltr'><strong>25l;</strong></span> <span class='ocrx_word' id='word_1_264' title='bbox 276 1844 317 1872; x_wconf 88' lang='lat' dir='ltr'><strong>De</strong></span> <span class='ocrx_word' id='word_1_265' title='bbox 338 1849 393 1871; x_wconf 85' lang='lat' dir='ltr'><strong>octo</strong></span> <span class='ocrx_word' id='word_1_266' title='bbox 413 1843 519 1871; x_wconf 74' lang='grc' dir='ltr'><strong>ΒυιεὶΙῆ</strong></span> <span class='ocrx_word' id='word_1_267' title='bbox 537 1843 685 1877; x_wconf 81' lang='lat' dir='ltr'><strong>Quwstiou.,</strong></span> <span class='ocrx_word' id='word_1_268' title='bbox 708 1847 796 1878; x_wconf 66' lang='lat' dir='ltr'><strong>quaest.</strong></span> <span class='ocrx_word' id='word_1_269' title='bbox 820 1841 858 1877; x_wconf 80' lang='lat' dir='ltr'><strong>l).</strong></span> 
     </span>
    </p>
   </div>
   <div class='ocr_carea' id='block_1_39' title="bbox 69 1887 861 1925">
    <p class='ocr_par' dir='ltr' id='par_1_39' title="bbox 69 1887 861 1925">
     <span class='ocr_line' id='line_1_39' title="bbox 69 1887 861 1925; baseline -0.001 -10"><span class='ocrx_word' id='word_1_270' title='bbox 69 1888 193 1918; x_wconf 79' lang='lat' dir='ltr'><strong>Testatur</strong></span> <span class='ocrx_word' id='word_1_271' title='bbox 214 1895 302 1918; x_wconf 86' lang='lat' dir='ltr'><strong>autem</strong></span> <span class='ocrx_word' id='word_1_272' title='bbox 327 1890 370 1918; x_wconf 89' lang='lat' dir='ltr'><strong>hic</strong></span> <span class='ocrx_word' id='word_1_273' title='bbox 392 1897 420 1917; x_wconf 83' lang='lat' dir='ltr'><strong>se</strong></span> <span class='ocrx_word' id='word_1_274' title='bbox 440 1890 580 1925; x_wconf 80' lang='lat' dir='ltr'><strong>diligenter</strong></span> <span class='ocrx_word' id='word_1_275' title='bbox 593 1888 626 1917; x_wconf 88' lang='lat' dir='ltr'><strong>de</strong></span> <span class='ocrx_word' id='word_1_276' title='bbox 641 1889 741 1916; x_wconf 88' lang='lat' dir='ltr'><strong>ratione</strong></span> <span class='ocrx_word' id='word_1_277' title='bbox 756 1887 861 1915; x_wconf 88' lang='lat' dir='ltr'><strong>colendi</strong></span> 
     </span>
    </p>
   </div>
   <div class='ocr_carea' id='block_1_40' title="bbox 67 1932 860 1971">
    <p class='ocr_par' dir='ltr' id='par_1_40' title="bbox 67 1932 860 1971">
     <span class='ocr_line' id='line_1_40' title="bbox 67 1932 860 1971; baseline -0.005 -8"><span class='ocrx_word' id='word_1_278' title='bbox 67 1932 124 1966; x_wconf 68' lang='lat' dir='ltr'><strong>Dei,</strong></span> <span class='ocrx_word' id='word_1_279' title='bbox 142 1943 201 1971; x_wconf 67' lang='lat' dir='ltr'><strong>qua:</strong></span> <span class='ocrx_word' id='word_1_280' title='bbox 214 1943 274 1963; x_wconf 83' lang='lat' dir='ltr'><strong>vera</strong></span> <span class='ocrx_word' id='word_1_281' title='bbox 291 1935 407 1963; x_wconf 82' lang='lat' dir='ltr'><strong>hominis</strong></span> <span class='ocrx_word' id='word_1_282' title='bbox 420 1935 548 1970; x_wconf 87' lang='lat' dir='ltr'><strong>sapientia</strong></span> <span class='ocrx_word' id='word_1_283' title='bbox 571 1938 628 1966; x_wconf 85' lang='lat' dir='ltr'><strong>est,</strong></span> <span class='ocrx_word' id='word_1_284' title='bbox 653 1934 811 1968; x_wconf 87' lang='lat' dir='ltr'><strong>disputasse.</strong></span> <span class='ocrx_word' id='word_1_285' title='bbox 832 1932 860 1959; x_wconf 95' lang='lat' dir='ltr'><strong>In</strong></span> 
     </span>
    </p>
   </div>
   <div class='ocr_carea' id='block_1_41' title="bbox 64 1979 860 2019">
    <p class='ocr_par' dir='ltr' id='par_1_41' title="bbox 64 1979 860 2019">
     <span class='ocr_line' id='line_1_41' title="bbox 64 1979 860 2019; baseline 0 -12"><span class='ocrx_word' id='word_1_286' title='bbox 64 1982 213 2015; x_wconf 77' lang='lat' dir='ltr'><strong>quaestione</strong></span> <span class='ocrx_word' id='word_1_287' title='bbox 226 1991 308 2019; x_wconf 84' lang='lat' dir='ltr'><strong>super</strong></span> <span class='ocrx_word' id='word_1_288' title='bbox 323 1983 365 2009; x_wconf 86' lang='lat' dir='ltr'><strong>his</strong></span> <span class='ocrx_word' id='word_1_289' title='bbox 378 1990 438 2018; x_wconf 74' lang='lat' dir='ltr'><strong>qua:</strong></span> <span class='ocrx_word' id='word_1_290' title='bbox 451 1989 500 2017; x_wconf 86' lang='lat' dir='ltr'><strong>pro</strong></span> <span class='ocrx_word' id='word_1_291' title='bbox 513 1982 624 2009; x_wconf 87' lang='lat' dir='ltr'><strong>mortuis</strong></span> <span class='ocrx_word' id='word_1_292' title='bbox 639 1980 788 2016; x_wconf 85' lang='lat' dir='ltr'><strong>frequentat</strong></span> <span class='ocrx_word' id='word_1_293' title='bbox 808 1979 860 2007; x_wconf 87' lang='lat' dir='ltr'><strong>Ec-</strong></span> 
     </span>
    </p>
   </div>
   <div class='ocr_carea' id='block_1_42' title="bbox 65 2026 859 2062">
    <p class='ocr_par' dir='ltr' id='par_1_42' title="bbox 65 2026 859 2062">
     <span class='ocr_line' id='line_1_42' title="bbox 65 2026 859 2062; baseline -0.001 -8"><span class='ocrx_word' id='word_1_294' title='bbox 65 2026 166 2060; x_wconf 81' lang='lat' dir='ltr'><strong>clesia,</strong></span> <span class='ocrx_word' id='word_1_295' title='bbox 180 2036 240 2055; x_wconf 92' lang='lat' dir='ltr'><strong>num</strong></span> <span class='ocrx_word' id='word_1_296' title='bbox 254 2028 356 2055; x_wconf 89' lang='lat' dir='ltr'><strong>scilicet</strong></span> <span class='ocrx_word' id='word_1_297' title='bbox 369 2035 399 2056; x_wconf 89' lang='lat' dir='ltr'><strong>ea</strong></span> <span class='ocrx_word' id='word_1_298' title='bbox 414 2035 466 2055; x_wconf 94' lang='lat' dir='ltr'><strong>non</strong></span> <span class='ocrx_word' id='word_1_299' title='bbox 481 2032 571 2055; x_wconf 89' lang='lat' dir='ltr'><strong>essent</strong></span> <span class='ocrx_word' id='word_1_300' title='bbox 584 2027 735 2062; x_wconf 78' lang='lat' dir='ltr'><strong>apostolicae</strong></span> <span class='ocrx_word' id='word_1_301' title='bbox 749 2026 859 2054; x_wconf 82' lang='lat' dir='ltr'><strong>adversa</strong></span> 
     </span>
    </p>
   </div>
   <div class='ocr_carea' id='block_1_43' title="bbox 63 2071 860 2110">
    <p class='ocr_par' dir='ltr' id='par_1_43' title="bbox 63 2071 860 2110">
     <span class='ocr_line' id='line_1_43' title="bbox 63 2071 860 2110; baseline -0.001 -11"><span class='ocrx_word' id='word_1_302' title='bbox 63 2074 207 2106; x_wconf 65' lang='lat' dir='ltr'><strong>sententia:</strong></span> <span class='ocrx_word' id='word_1_303' title='bbox 219 2074 299 2110; x_wconf 88' lang='lat' dir='ltr'><strong>(quod</strong></span> <span class='ocrx_word' id='word_1_304' title='bbox 314 2078 377 2101; x_wconf 91' lang='lat' dir='ltr'><strong>tunc</strong></span> <span class='ocrx_word' id='word_1_305' title='bbox 391 2073 519 2108; x_wconf 88' lang='lat' dir='ltr'><strong>temporis</strong></span> <span class='ocrx_word' id='word_1_306' title='bbox 530 2072 564 2100; x_wconf 90' lang='lat' dir='ltr'><strong>ab</strong></span> <span class='ocrx_word' id='word_1_307' title='bbox 578 2080 610 2100; x_wconf 92' lang='lat' dir='ltr'><strong>eo</strong></span> <span class='ocrx_word' id='word_1_308' title='bbox 623 2071 747 2099; x_wconf 85' lang='lat' dir='ltr'><strong>Paulinus</strong></span> <span class='ocrx_word' id='word_1_309' title='bbox 758 2079 860 2107; x_wconf 76' lang='lat' dir='ltr'><strong>quccre-</strong></span> 
     </span>
    </p>
   </div>
   <div class='ocr_carea' id='block_1_44' title="bbox 62 2111 859 2154">
    <p class='ocr_par' dir='ltr' id='par_1_44' title="bbox 62 2111 859 2154">
     <span class='ocr_line' id='line_1_44' title="bbox 62 2111 859 2154; baseline 0 -10"><span class='ocrx_word' id='word_1_310' title='bbox 62 2111 139 2154; x_wconf 75' lang='lat' dir='ltr'><strong>bat),</strong></span> <span class='ocrx_word' id='word_1_311' title='bbox 152 2120 259 2147; x_wconf 83' lang='lat' dir='ltr'><strong>aflirmat</strong></span> <span class='ocrx_word' id='word_1_312' title='bbox 270 2124 379 2147; x_wconf 87' lang='lat' dir='ltr'><strong>sanctus</strong></span> <span class='ocrx_word' id='word_1_313' title='bbox 391 2119 497 2151; x_wconf 84' lang='lat' dir='ltr'><strong>Doctor,</strong></span> <span class='ocrx_word' id='word_1_314' title='bbox 512 2119 553 2146; x_wconf 88' lang='lat' dir='ltr'><strong>ilia</strong></span> <span class='ocrx_word' id='word_1_315' title='bbox 565 2118 659 2153; x_wconf 89' lang='lat' dir='ltr'><strong>quibus</strong></span> <span class='ocrx_word' id='word_1_316' title='bbox 671 2117 859 2153; x_wconf 86' lang='lat' dir='ltr'><strong>prosunt,quia</strong></span> 
     </span>
    </p>
   </div>
   <div class='ocr_carea' id='block_1_45' title="bbox 63 2157 858 2200">
    <p class='ocr_par' dir='ltr' id='par_1_45' title="bbox 63 2157 858 2200">
     <span class='ocr_line' id='line_1_45' title="bbox 63 2157 858 2200; baseline 0 -10"><span class='ocrx_word' id='word_1_317' title='bbox 63 2157 134 2191; x_wconf 69' lang='lat' dir='ltr'><strong>cum</strong></span> <span class='ocrx_word' id='word_1_318' title='bbox 157 2166 284 2200; x_wconf 70' lang='lat' dir='ltr'><strong>viverent,</strong></span> <span class='ocrx_word' id='word_1_319' title='bbox 308 2170 338 2194; x_wconf 90' lang='lat' dir='ltr'><strong>ut</strong></span> <span class='ocrx_word' id='word_1_320' title='bbox 358 2166 407 2193; x_wconf 86' lang='lat' dir='ltr'><strong>sibi</strong></span> <span class='ocrx_word' id='word_1_321' title='bbox 432 2169 539 2200; x_wconf 85' lang='lat' dir='ltr'><strong>possent</strong></span> <span class='ocrx_word' id='word_1_322' title='bbox 553 2165 679 2200; x_wconf 85' lang='lat' dir='ltr'><strong>prodesse</strong></span> <span class='ocrx_word' id='word_1_323' title='bbox 695 2168 858 2197; x_wconf 81' lang='lat' dir='ltr'><strong>meruerunt,</strong></span> 
     </span>
    </p>
   </div>
   <div class='ocr_carea' id='block_1_46' title="bbox 60 2211 860 2249">
    <p class='ocr_par' dir='ltr' id='par_1_46' title="bbox 60 2211 860 2249">
     <span class='ocr_line' id='line_1_46' title="bbox 60 2211 860 2249; baseline 0 -12"><span class='ocrx_word' id='word_1_324' title='bbox 60 2215 115 2238; x_wconf 83' lang='lat' dir='ltr'><strong>aut</strong></span> <span class='ocrx_word' id='word_1_325' title='bbox 131 2212 166 2239; x_wconf 82' lang='lat' dir='ltr'><strong>ad</strong></span> <span class='ocrx_word' id='word_1_326' title='bbox 175 2211 221 2240; x_wconf 84' lang='lat' dir='ltr'><strong>hoc</strong></span> <span class='ocrx_word' id='word_1_327' title='bbox 233 2214 362 2249; x_wconf 85' lang='lat' dir='ltr'><strong>prodesse</strong></span> <span class='ocrx_word' id='word_1_328' title='bbox 375 2216 403 2239; x_wconf 93' lang='lat' dir='ltr'><strong>ut</strong></span> <span class='ocrx_word' id='word_1_329' title='bbox 414 2212 447 2239; x_wconf 86' lang='lat' dir='ltr'><strong>sit</strong></span> <span class='ocrx_word' id='word_1_330' title='bbox 462 2211 538 2247; x_wconf 80' lang='lat' dir='ltr'><strong>plena</strong></span> <span class='ocrx_word' id='word_1_331' title='bbox 551 2211 684 2244; x_wconf 87' lang='lat' dir='ltr'><strong>remissio,</strong></span> <span class='ocrx_word' id='word_1_332' title='bbox 697 2215 742 2238; x_wconf 91' lang='lat' dir='ltr'><strong>aut</strong></span> <span class='ocrx_word' id='word_1_333' title='bbox 752 2214 823 2239; x_wconf 84' lang='lat' dir='ltr'><strong>certe</strong></span> <span class='ocrx_word' id='word_1_334' title='bbox 832 2214 860 2238; x_wconf 90' lang='lat' dir='ltr'><strong>ut</strong></span> 
     </span>
    </p>
   </div>
   <div class='ocr_carea' id='block_1_47' title="bbox 60 2256 521 2293">
    <p class='ocr_par' dir='ltr' id='par_1_47' title="bbox 60 2256 521 2293">
     <span class='ocr_line' id='line_1_47' title="bbox 60 2256 521 2293; baseline -0.007 -7"><span class='ocrx_word' id='word_1_335' title='bbox 60 2256 231 2289; x_wconf 61' lang='lat' dir='ltr'><strong>tolerabilior</strong></span> <span class='ocrx_word' id='word_1_336' title='bbox 245 2258 291 2286; x_wconf 87' lang='lat' dir='ltr'><strong>fiat</strong></span> <span class='ocrx_word' id='word_1_337' title='bbox 305 2258 362 2293; x_wconf 84' lang='lat' dir='ltr'><strong>ipsa</strong></span> <span class='ocrx_word' id='word_1_338' title='bbox 378 2257 521 2284; x_wconf 87' lang='lat' dir='ltr'><strong>damnatio.</strong></span> 
     </span>
    </p>
   </div>
   <div class='ocr_carea' id='block_1_48' title="bbox 101 2302 860 2340">
    <p class='ocr_par' dir='ltr' id='par_1_48' title="bbox 101 2302 860 2340">
     <span class='ocr_line' id='line_1_48' title="bbox 101 2302 860 2340; baseline -0.001 -9"><span class='ocrx_word' id='word_1_339' title='bbox 101 2302 131 2340; x_wconf 66' lang='grc' dir='ltr'><strong>ζ.</strong></span> <span class='ocrx_word' id='word_1_340' title='bbox 151 2304 302 2332; x_wconf 84' lang='lat' dir='ltr'><strong>Enchiridio</strong></span> <span class='ocrx_word' id='word_1_341' title='bbox 317 2304 481 2340; x_wconf 83' lang='lat' dir='ltr'><strong>Augustinus</strong></span> <span class='ocrx_word' id='word_1_342' title='bbox 494 2303 591 2330; x_wconf 89' lang='lat' dir='ltr'><strong>librum</strong></span> <span class='ocrx_word' id='word_1_343' title='bbox 603 2302 677 2330; x_wconf 90' lang='lat' dir='ltr'><strong>illum</strong></span> <span class='ocrx_word' id='word_1_344' title='bbox 686 2303 800 2338; x_wconf 87' lang='lat' dir='ltr'><strong>subjicit,</strong></span> <span class='ocrx_word' id='word_1_345' title='bbox 815 2310 860 2330; x_wconf 83' lang='lat' dir='ltr'><strong>cu-</strong></span> 
     </span>
    </p>
   </div>
   <div class='ocr_carea' id='block_1_49' title="bbox 61 2346 858 2387">
    <p class='ocr_par' dir='ltr' id='par_1_49' title="bbox 61 2346 858 2387">
     <span class='ocr_line' id='line_1_49' title="bbox 61 2346 858 2387; baseline -0.003 -11"><span class='ocrx_word' id='word_1_346' title='bbox 61 2346 109 2382; x_wconf 71' lang='lat' dir='ltr'><strong>ius</strong></span> <span class='ocrx_word' id='word_1_347' title='bbox 124 2349 258 2387; x_wconf 79' lang='lat' dir='ltr'><strong>inscriptio</strong></span> <span class='ocrx_word' id='word_1_348' title='bbox 273 2356 313 2379; x_wconf 71' lang='lat' dir='ltr'><strong>est</strong></span> <span class='ocrx_word' id='word_1_349' title='bbox 328 2360 333 2376; x_wconf 92' lang='lat'>:</span> <span class='ocrx_word' id='word_1_350' title='bbox 352 2349 390 2376; x_wconf 74' lang='lat' dir='ltr'><strong>Di:</strong></span> <span class='ocrx_word' id='word_1_351' title='bbox 403 2350 469 2377; x_wconf 82' lang='lat' dir='ltr'><strong>Cura</strong></span> <span class='ocrx_word' id='word_1_352' title='bbox 486 2359 530 2384; x_wconf 86' lang='lat' dir='ltr'><strong>pro</strong></span> <span class='ocrx_word' id='word_1_353' title='bbox 546 2349 649 2375; x_wconf 80' lang='lat' dir='ltr'><strong>mortuis</strong></span> <span class='ocrx_word' id='word_1_354' title='bbox 665 2348 774 2384; x_wconf 64' lang='lat' dir='ltr'><strong>gerenda</strong></span> <span class='ocrx_word' id='word_1_355' title='bbox 797 2348 858 2383; x_wconf 74' lang='lat' dir='ltr'><strong>(ﬂc—</strong></span> 
     </span>
    </p>
   </div>
   <div class='ocr_carea' id='block_1_50' title="bbox 65 2396 858 2432">
    <p class='ocr_par' dir='ltr' id='par_1_50' title="bbox 65 2396 858 2432">
     <span class='ocr_line' id='line_1_50' title="bbox 65 2396 858 2432; baseline -0.001 -10"><span class='ocrx_word' id='word_1_356' title='bbox 65 2397 243 2426; x_wconf 74' lang='lat' dir='ltr'><strong>tractott&#39;onum</strong></span> <span class='ocrx_word' id='word_1_357' title='bbox 261 2398 305 2424; x_wconf 83' lang='lat' dir='ltr'><strong>lib.</strong></span> <span class='ocrx_word' id='word_1_358' title='bbox 326 2397 360 2429; x_wconf 72' lang='lat'><strong>2,</strong></span> <span class='ocrx_word' id='word_1_359' title='bbox 378 2406 433 2432; x_wconf 81' lang='lat' dir='ltr'><strong>cup.</strong></span> <span class='ocrx_word' id='word_1_360' title='bbox 450 2396 505 2431; x_wconf 77' lang='lat' dir='ltr'><strong>(ii).</strong></span> <span class='ocrx_word' id='word_1_361' title='bbox 524 2396 584 2430; x_wconf 71' lang='lat' dir='ltr'><strong>Ejus</strong></span> <span class='ocrx_word' id='word_1_362' title='bbox 599 2400 780 2430; x_wconf 72' lang='lat' dir='ltr'><strong>argumentum</strong></span> <span class='ocrx_word' id='word_1_363' title='bbox 798 2404 858 2430; x_wconf 63' lang='lat' dir='ltr'><strong>sug«</strong></span> 
     </span>
    </p>
   </div>
   <div class='ocr_carea' id='block_1_51' title="bbox 65 2442 858 2480">
    <p class='ocr_par' dir='ltr' id='par_1_51' title="bbox 65 2442 858 2480">
     <span class='ocr_line' id='line_1_51' title="bbox 65 2442 858 2480; baseline -0.003 -10"><span class='ocrx_word' id='word_1_364' title='bbox 65 2442 149 2480; x_wconf 65' lang='lat' dir='ltr'><strong>gessit</strong></span> <span class='ocrx_word' id='word_1_365' title='bbox 161 2442 293 2477; x_wconf 79' lang='lat' dir='ltr'><strong>Paulinus,</strong></span> <span class='ocrx_word' id='word_1_366' title='bbox 307 2444 350 2480; x_wconf 88' lang='lat' dir='ltr'><strong>qui</strong></span> <span class='ocrx_word' id='word_1_367' title='bbox 363 2443 444 2471; x_wconf 82' lang='lat' dir='ltr'><strong>dubio</strong></span> <span class='ocrx_word' id='word_1_368' title='bbox 459 2444 548 2478; x_wconf 62' lang='lat' dir='ltr'><strong>procul</strong></span> <span class='ocrx_word' id='word_1_369' title='bbox 565 2444 707 2470; x_wconf 72' lang='lat' dir='ltr'><strong>amicitiam</strong></span> <span class='ocrx_word' id='word_1_370' title='bbox 723 2443 858 2478; x_wconf 58' lang='lat' dir='ltr'><strong>Augustini</strong></span> 
     </span>
    </p>
   </div>
   <div class='ocr_carea' id='block_1_52' title="bbox 69 2491 860 2530">
    <p class='ocr_par' dir='ltr' id='par_1_52' title="bbox 69 2491 860 2530">
     <span class='ocr_line' id='line_1_52' title="bbox 69 2491 860 2530; baseline 0.003 -16"><span class='ocrx_word' id='word_1_371' title='bbox 69 2495 202 2530; x_wconf 68' lang='lat' dir='ltr'><strong>nunquam</strong></span> <span class='ocrx_word' id='word_1_372' title='bbox 217 2499 267 2518; x_wconf 90' lang='lat' dir='ltr'><strong>non</strong></span> <span class='ocrx_word' id='word_1_373' title='bbox 283 2491 402 2518; x_wconf 79' lang='lat' dir='ltr'><strong>coluerat</strong></span> <span class='ocrx_word' id='word_1_374' title='bbox 415 2499 421 2523; x_wconf 85' lang='lat'>;</span> <span class='ocrx_word' id='word_1_375' title='bbox 436 2498 586 2525; x_wconf 73' lang='lat' dir='ltr'><strong>quanquam</strong></span> <span class='ocrx_word' id='word_1_376' title='bbox 602 2498 615 2516; x_wconf 70' lang='lat' dir='ltr'><strong>1t</strong></span> <span class='ocrx_word' id='word_1_377' title='bbox 629 2491 716 2517; x_wconf 69' lang='lat' dir='ltr'><strong>multis</strong></span> <span class='ocrx_word' id='word_1_378' title='bbox 733 2496 803 2517; x_wconf 75' lang='lat' dir='ltr'><strong>retro</strong></span> <span class='ocrx_word' id='word_1_379' title='bbox 814 2499 860 2516; x_wconf 76' lang='lat' dir='ltr'><strong>att-</strong></span> 
     </span>
    </p>
   </div>
   <div class='ocr_carea' id='block_1_53' title="bbox 72 2532 860 2572">
    <p class='ocr_par' dir='ltr' id='par_1_53' title="bbox 72 2532 860 2572">
     <span class='ocr_line' id='line_1_53' title="bbox 72 2532 860 2572; baseline 0.001 -12"><span class='ocrx_word' id='word_1_380' title='bbox 72 2532 112 2565; x_wconf 69' lang='lat' dir='ltr'><strong>nis</strong></span> <span class='ocrx_word' id='word_1_381' title='bbox 128 2535 227 2567; x_wconf 81' lang='lat' dir='ltr'><strong>nullum</strong></span> <span class='ocrx_word' id='word_1_382' title='bbox 241 2537 298 2572; x_wconf 84' lang='lat' dir='ltr'><strong>ejus</strong></span> <span class='ocrx_word' id='word_1_383' title='bbox 314 2536 351 2563; x_wconf 83' lang='lat' dir='ltr'><strong>rei</strong></span> <span class='ocrx_word' id='word_1_384' title='bbox 369 2537 504 2571; x_wconf 83' lang='lat' dir='ltr'><strong>specimen</strong></span> <span class='ocrx_word' id='word_1_385' title='bbox 520 2536 691 2563; x_wconf 69' lang='lat' dir='ltr'><strong>advertimus.</strong></span> <span class='ocrx_word' id='word_1_386' title='bbox 709 2536 860 2570; x_wconf 69' lang='lat' dir='ltr'><strong>Contigerat</strong></span> 
     </span>
    </p>
   </div>
   <div class='ocr_carea' id='block_1_54' title="bbox 75 2573 859 2618">
    <p class='ocr_par' dir='ltr' id='par_1_54' title="bbox 75 2573 859 2618">
     <span class='ocr_line' id='line_1_54' title="bbox 75 2573 859 2618; baseline -0.004 -8"><span class='ocrx_word' id='word_1_387' title='bbox 75 2583 157 2612; x_wconf 55' lang='lat' dir='ltr'><strong>autem</strong></span> <span class='ocrx_word' id='word_1_388' title='bbox 167 2586 196 2609; x_wconf 90' lang='lat' dir='ltr'><strong>ut</strong></span> <span class='ocrx_word' id='word_1_389' title='bbox 205 2573 322 2609; x_wconf 79' lang='lat' dir='ltr'><strong>matrona</strong></span> <span class='ocrx_word' id='word_1_390' title='bbox 331 2581 451 2618; x_wconf 73' lang='lat' dir='ltr'><strong>qua-dam</strong></span> <span class='ocrx_word' id='word_1_391' title='bbox 464 2581 541 2607; x_wconf 77' lang='lat' dir='ltr'><strong>Flora</strong></span> <span class='ocrx_word' id='word_1_392' title='bbox 554 2582 669 2613; x_wconf 72' lang='lat' dir='ltr'><strong>nomine,</strong></span> <span class='ocrx_word' id='word_1_393' title='bbox 681 2581 767 2613; x_wconf 77' lang='lat' dir='ltr'><strong>vidua,</strong></span> <span class='ocrx_word' id='word_1_394' title='bbox 780 2587 859 2615; x_wconf 76' lang='lat' dir='ltr'><strong>atque</strong></span> 
     </span>
    </p>
   </div>
   <div class='ocr_carea' id='block_1_55' title="bbox 78 2622 859 2663">
    <p class='ocr_par' dir='ltr' id='par_1_55' title="bbox 78 2622 859 2663">
     <span class='ocr_line' id='line_1_55' title="bbox 78 2622 859 2663; baseline -0.004 -8"><span class='ocrx_word' id='word_1_395' title='bbox 78 2622 103 2655; x_wconf 77' lang='lat' dir='ltr'><strong>in</strong></span> <span class='ocrx_word' id='word_1_396' title='bbox 115 2624 199 2659; x_wconf 63' lang='lat' dir='ltr'><strong>Africa</strong></span> <span class='ocrx_word' id='word_1_397' title='bbox 211 2627 319 2663; x_wconf 75' lang='lat' dir='ltr'><strong>degens,</strong></span> <span class='ocrx_word' id='word_1_398' title='bbox 336 2627 471 2654; x_wconf 78' lang='lat' dir='ltr'><strong>hutnando</strong></span> <span class='ocrx_word' id='word_1_399' title='bbox 492 2627 560 2659; x_wconf 82' lang='lat' dir='ltr'><strong>ﬁlio,</strong></span> <span class='ocrx_word' id='word_1_400' title='bbox 575 2635 653 2662; x_wconf 69' lang='lat' dir='ltr'><strong>quem</strong></span> <span class='ocrx_word' id='word_1_401' title='bbox 673 2632 712 2653; x_wconf 70' lang='lat' dir='ltr'><strong>sat</strong></span> <span class='ocrx_word' id='word_1_402' title='bbox 733 2627 859 2653; x_wconf 65' lang='lat' dir='ltr'><strong>credibile</strong></span> 
     </span>
    </p>
   </div>
   <div class='ocr_carea' id='block_1_56' title="bbox 81 2668 859 2710">
    <p class='ocr_par' dir='ltr' id='par_1_56' title="bbox 81 2668 859 2710">
     <span class='ocr_line' id='line_1_56' title="bbox 81 2668 859 2710; baseline 0.001 -12"><span class='ocrx_word' id='word_1_403' title='bbox 81 2668 118 2708; x_wconf 57' lang='lat' dir='ltr'><strong>est</strong></span> <span class='ocrx_word' id='word_1_404' title='bbox 135 2669 201 2706; x_wconf 74' lang='lat' dir='ltr'><strong>haud</strong></span> <span class='ocrx_word' id='word_1_405' title='bbox 221 2674 311 2710; x_wconf 80' lang='lat' dir='ltr'><strong>procul</strong></span> <span class='ocrx_word' id='word_1_406' title='bbox 332 2673 397 2701; x_wconf 86' lang='lat' dir='ltr'><strong>Nola</strong></span> <span class='ocrx_word' id='word_1_407' title='bbox 418 2673 487 2700; x_wconf 89' lang='lat' dir='ltr'><strong>diem</strong></span> <span class='ocrx_word' id='word_1_408' title='bbox 504 2673 617 2704; x_wconf 72' lang='lat' dir='ltr'><strong>obiisse,</strong></span> <span class='ocrx_word' id='word_1_409' title='bbox 634 2674 720 2700; x_wconf 72' lang='lat' dir='ltr'><strong>locum</strong></span> <span class='ocrx_word' id='word_1_410' title='bbox 737 2674 760 2699; x_wconf 93' lang='lat' dir='ltr'><strong>in</strong></span> <span class='ocrx_word' id='word_1_411' title='bbox 776 2673 859 2699; x_wconf 69' lang='lat' dir='ltr'><strong>sancti</strong></span> 
     </span>
    </p>
   </div>
   <div class='ocr_carea' id='block_1_57' title="bbox 84 2714 858 2758">
    <p class='ocr_par' dir='ltr' id='par_1_57' title="bbox 84 2714 858 2758">
     <span class='ocr_line' id='line_1_57' title="bbox 84 2714 858 2758; baseline -0.006 -8"><span class='ocrx_word' id='word_1_412' title='bbox 84 2714 213 2758; x_wconf 63' lang='lat' dir='ltr'><strong>Wlliﬁpialn</strong></span> <span class='ocrx_word' id='word_1_413' title='bbox 226 2719 283 2749; x_wconf 74' lang='lat' dir='ltr'><strong>aede</strong></span> <span class='ocrx_word' id='word_1_414' title='bbox 297 2728 311 2746; x_wconf 81' lang='lat' dir='ltr'><strong>a</strong></span> <span class='ocrx_word' id='word_1_415' title='bbox 328 2718 437 2746; x_wconf 81' lang='lat' dir='ltr'><strong>Paulino</strong></span> <span class='ocrx_word' id='word_1_416' title='bbox 449 2724 556 2757; x_wconf 80' lang='lat' dir='ltr'><strong>peteret.</strong></span> <span class='ocrx_word' id='word_1_417' title='bbox 573 2720 644 2745; x_wconf 76' lang='lat' dir='ltr'><strong>lianc</strong></span> <span class='ocrx_word' id='word_1_418' title='bbox 657 2719 698 2745; x_wconf 82' lang='lat' dir='ltr'><strong>ille</strong></span> <span class='ocrx_word' id='word_1_419' title='bbox 712 2719 791 2745; x_wconf 51' lang='lat' dir='ltr'><strong>missa</strong></span> <span class='ocrx_word' id='word_1_420' title='bbox 803 2719 858 2753; x_wconf 75' lang='lat' dir='ltr'><strong>rpi-</strong></span> 
     </span>
    </p>
   </div>
   <div class='ocr_carea' id='block_1_58' title="bbox 88 2764 860 2806">
    <p class='ocr_par' dir='ltr' id='par_1_58' title="bbox 88 2764 860 2806">
     <span class='ocr_line' id='line_1_58' title="bbox 88 2764 860 2806; baseline 0 -14"><span class='ocrx_word' id='word_1_421' title='bbox 88 2764 142 2806; x_wconf 53' lang='lat' dir='ltr'><strong>Slttla</strong></span> <span class='ocrx_word' id='word_1_422' title='bbox 152 2766 246 2798; x_wconf 75' lang='lat' dir='ltr'><strong>solatus</strong></span> <span class='ocrx_word' id='word_1_423' title='bbox 260 2771 312 2799; x_wconf 85' lang='lat' dir='ltr'><strong>est,</strong></span> <span class='ocrx_word' id='word_1_424' title='bbox 328 2765 353 2793; x_wconf 85' lang='lat' dir='ltr'><strong>id</strong></span> <span class='ocrx_word' id='word_1_425' title='bbox 368 2765 443 2793; x_wconf 82' lang='lat' dir='ltr'><strong>simul</strong></span> <span class='ocrx_word' id='word_1_426' title='bbox 457 2767 589 2799; x_wconf 80' lang='lat' dir='ltr'><strong>nuntians,</strong></span> <span class='ocrx_word' id='word_1_427' title='bbox 606 2766 638 2793; x_wconf 76' lang='lat' dir='ltr'><strong>de</strong></span> <span class='ocrx_word' id='word_1_428' title='bbox 653 2766 779 2792; x_wconf 73' lang='lat' dir='ltr'><strong>cadavere</strong></span> <span class='ocrx_word' id='word_1_429' title='bbox 797 2766 860 2793; x_wconf 82' lang='lat' dir='ltr'><strong>lide-</strong></span> 
     </span>
    </p>
   </div>
   <div class='ocr_carea' id='block_1_59' title="bbox 91 2809 857 2849">
    <p class='ocr_par' dir='ltr' id='par_1_59' title="bbox 91 2809 857 2849">
     <span class='ocr_line' id='line_1_59' title="bbox 91 2809 857 2849; baseline 0 -9"><span class='ocrx_word' id='word_1_430' title='bbox 91 2809 219 2846; x_wconf 66' lang='lat' dir='ltr'><strong>lliiuvenis</strong></span> <span class='ocrx_word' id='word_1_431' title='bbox 231 2813 353 2849; x_wconf 78' lang='lat' dir='ltr'><strong>Cynegii,</strong></span> <span class='ocrx_word' id='word_1_432' title='bbox 369 2813 437 2848; x_wconf 88' lang='lat' dir='ltr'><strong>quod</strong></span> <span class='ocrx_word' id='word_1_433' title='bbox 452 2818 570 2840; x_wconf 77' lang='lat' dir='ltr'><strong>materno</strong></span> <span class='ocrx_word' id='word_1_434' title='bbox 584 2818 610 2839; x_wconf 70' lang='lat' dir='ltr'><strong>ct</strong></span> <span class='ocrx_word' id='word_1_435' title='bbox 623 2814 664 2847; x_wconf 78' lang='lat' dir='ltr'><strong>pio</strong></span> <span class='ocrx_word' id='word_1_436' title='bbox 680 2814 775 2841; x_wconf 66' lang='grc' dir='ltr'>ιιιὶρυιιι</span> <span class='ocrx_word' id='word_1_437' title='bbox 789 2813 857 2840; x_wconf 72' lang='lat' dir='ltr'><strong>desi—</strong></span> 
     </span>
    </p>
   </div>
   <div class='ocr_carea' id='block_1_60' title="bbox 93 2855 858 2899">
    <p class='ocr_par' dir='ltr' id='par_1_60' title="bbox 93 2855 858 2899">
     <span class='ocr_line' id='line_1_60' title="bbox 93 2855 858 2899; baseline -0.003 -10"><span class='ocrx_word' id='word_1_438' title='bbox 93 2855 185 2899; x_wconf 55' lang='grc' dir='ltr'><strong>ὼᾳνίι.</strong></span> <span class='ocrx_word' id='word_1_439' title='bbox 207 2867 267 2888; x_wconf 82' lang='lat' dir='ltr'><strong>esse</strong></span> <span class='ocrx_word' id='word_1_440' title='bbox 290 2858 468 2894; x_wconf 81' lang='lat' dir='ltr'><strong>completum,</strong></span> <span class='ocrx_word' id='word_1_441' title='bbox 494 2864 521 2886; x_wconf 91' lang='lat' dir='ltr'><strong>ut</strong></span> <span class='ocrx_word' id='word_1_442' title='bbox 543 2859 643 2886; x_wconf 79' lang='lat' dir='ltr'><strong>scilicet</strong></span> <span class='ocrx_word' id='word_1_443' title='bbox 669 2860 694 2885; x_wconf 89' lang='lat' dir='ltr'><strong>iu</strong></span> <span class='ocrx_word' id='word_1_444' title='bbox 715 2859 858 2887; x_wconf 59' lang='lat' dir='ltr'><strong>litfftllssill’li</strong></span> 
     </span>
    </p>
   </div>
   <div class='ocr_carea' id='block_1_61' title="bbox 96 2902 857 2936">
    <p class='ocr_par' dir='ltr' id='par_1_61' title="bbox 96 2902 857 2936">
     <span class='ocr_line' id='line_1_61' title="bbox 96 2902 857 2936; baseline -0.001 0"><span class='ocrx_word' id='word_1_445' title='bbox 96 2902 168 2936; x_wconf 67' lang='lat' dir='ltr'><strong>Felicis</strong></span> <span class='ocrx_word' id='word_1_446' title='bbox 180 2908 344 2936; x_wconf 74' lang='lat' dir='ltr'><strong>coniessoris</strong></span> <span class='ocrx_word' id='word_1_447' title='bbox 359 2907 463 2935; x_wconf 78' lang='lat' dir='ltr'><strong>basilica</strong></span> <span class='ocrx_word' id='word_1_448' title='bbox 479 2913 630 2936; x_wconf 76' lang='lat' dir='ltr'><strong>poneretur.</strong></span> <span class='ocrx_word' id='word_1_449' title='bbox 658 2908 685 2934; x_wconf 92' lang='lat' dir='ltr'><strong>in</strong></span> <span class='ocrx_word' id='word_1_450' title='bbox 710 2908 756 2935; x_wconf 77' lang='lat' dir='ltr'><strong>hac</strong></span> <span class='ocrx_word' id='word_1_451' title='bbox 777 2910 857 2936; x_wconf 74' lang='lat' dir='ltr'><strong>sancti</strong></span> 
     </span>
    </p>
   </div>
   <div class='ocr_carea' id='block_1_62' title="bbox 921 230 1714 274">
    <p class='ocr_par' dir='ltr' id='par_1_62' title="bbox 921 230 1714 274">
     <span class='ocr_line' id='line_1_62' title="bbox 921 230 1714 274; baseline 0.02 -17"><span class='ocrx_word' id='word_1_452' title='bbox 921 231 1018 259; x_wconf 84' lang='lat' dir='ltr'><strong>Felicis</strong></span> <span class='ocrx_word' id='word_1_453' title='bbox 1035 230 1142 260; x_wconf 81' lang='lat' dir='ltr'><strong>basilica</strong></span> <span class='ocrx_word' id='word_1_454' title='bbox 1152 253 1159 266; x_wconf 85' lang='lat'><strong>,</strong></span> <span class='ocrx_word' id='word_1_455' title='bbox 1175 240 1255 268; x_wconf 78' lang='lat' dir='ltr'><strong>quam</strong></span> <span class='ocrx_word' id='word_1_456' title='bbox 1269 234 1396 264; x_wconf 77' lang='lat' dir='ltr'><strong>Paulinus</strong></span> <span class='ocrx_word' id='word_1_457' title='bbox 1413 242 1597 269; x_wconf 65' lang='lat' dir='ltr'><strong>contraxerat</strong></span> <span class='ocrx_word' id='word_1_458' title='bbox 1607 262 1614 274; x_wconf 95' lang='lat'><strong>,</strong></span> <span class='ocrx_word' id='word_1_459' title='bbox 1637 250 1714 273; x_wconf 86' lang='lat' dir='ltr'><strong>erant</strong></span> 
     </span>
    </p>
   </div>
   <div class='ocr_carea' id='block_1_63' title="bbox 921 278 1713 320">
    <p class='ocr_par' dir='ltr' id='par_1_63' title="bbox 921 278 1713 320">
     <span class='ocr_line' id='line_1_63' title="bbox 921 278 1713 320; baseline 0.018 -15"><span class='ocrx_word' id='word_1_460' title='bbox 921 284 1004 305; x_wconf 64' lang='lat' dir='ltr'><strong>sacra:</strong></span> <span class='ocrx_word' id='word_1_461' title='bbox 1018 278 1092 306; x_wconf 68' lang='lat' dir='ltr'><strong>colla:</strong></span> <span class='ocrx_word' id='word_1_462' title='bbox 1102 299 1109 311; x_wconf 91' lang='lat'><strong>,</strong></span> <span class='ocrx_word' id='word_1_463' title='bbox 1132 278 1189 307; x_wconf 71' lang='lat' dir='ltr'><strong>sive</strong></span> <span class='ocrx_word' id='word_1_464' title='bbox 1204 281 1302 309; x_wconf 80' lang='lat' dir='ltr'><strong>sacella</strong></span> <span class='ocrx_word' id='word_1_465' title='bbox 1319 283 1432 311; x_wconf 82' lang='lat' dir='ltr'><strong>orationi</strong></span> <span class='ocrx_word' id='word_1_466' title='bbox 1448 290 1475 313; x_wconf 89' lang='lat' dir='ltr'><strong>et</strong></span> <span class='ocrx_word' id='word_1_467' title='bbox 1489 292 1653 318; x_wconf 86' lang='lat' dir='ltr'><strong>mortuorum</strong></span> <span class='ocrx_word' id='word_1_468' title='bbox 1667 299 1713 320; x_wconf 77' lang='lat' dir='ltr'><strong>se-</strong></span> 
     </span>
    </p>
   </div>
   <div class='ocr_carea' id='block_1_64' title="bbox 920 323 1713 364">
    <p class='ocr_par' dir='ltr' id='par_1_64' title="bbox 920 323 1713 364">
     <span class='ocr_line' id='line_1_64' title="bbox 920 323 1713 364; baseline 0.02 -15"><span class='ocrx_word' id='word_1_469' title='bbox 920 323 1032 357; x_wconf 75' lang='lat' dir='ltr'><strong>pulturae</strong></span> <span class='ocrx_word' id='word_1_470' title='bbox 1044 324 1186 352; x_wconf 84' lang='lat' dir='ltr'><strong>destinata.</strong></span> <span class='ocrx_word' id='word_1_471' title='bbox 1202 326 1269 354; x_wconf 89' lang='lat' dir='ltr'><strong>Cum</strong></span> <span class='ocrx_word' id='word_1_472' title='bbox 1284 335 1363 362; x_wconf 86' lang='lat' dir='ltr'><strong>porro</strong></span> <span class='ocrx_word' id='word_1_473' title='bbox 1377 329 1463 358; x_wconf 69' lang='lat' dir='ltr'><strong>Floras</strong></span> <span class='ocrx_word' id='word_1_474' title='bbox 1474 331 1600 362; x_wconf 81' lang='lat' dir='ltr'><strong>Paulinus</strong></span> <span class='ocrx_word' id='word_1_475' title='bbox 1613 337 1713 364; x_wconf 85' lang='lat' dir='ltr'><strong>rescri-</strong></span> 
     </span>
    </p>
   </div>
   <div class='ocr_carea' id='block_1_65' title="bbox 919 367 1713 411">
    <p class='ocr_par' dir='ltr' id='par_1_65' title="bbox 919 367 1713 411">
     <span class='ocr_line' id='line_1_65' title="bbox 919 367 1713 411; baseline 0.02 -16"><span class='ocrx_word' id='word_1_476' title='bbox 919 367 1010 402; x_wconf 81' lang='lat' dir='ltr'><strong>beret,</strong></span> <span class='ocrx_word' id='word_1_477' title='bbox 1025 369 1119 397; x_wconf 82' lang='lat' dir='ltr'><strong>eadem</strong></span> <span class='ocrx_word' id='word_1_478' title='bbox 1133 379 1198 398; x_wconf 86' lang='lat' dir='ltr'><strong>usus</strong></span> <span class='ocrx_word' id='word_1_479' title='bbox 1216 376 1258 400; x_wconf 87' lang='lat' dir='ltr'><strong>est</strong></span> <span class='ocrx_word' id='word_1_480' title='bbox 1276 376 1473 408; x_wconf 86' lang='lat' dir='ltr'><strong>opportunitate</strong></span> <span class='ocrx_word' id='word_1_481' title='bbox 1484 398 1492 411; x_wconf 91' lang='lat'><strong>,</strong></span> <span class='ocrx_word' id='word_1_482' title='bbox 1510 383 1537 406; x_wconf 91' lang='lat' dir='ltr'><strong>ut</strong></span> <span class='ocrx_word' id='word_1_483' title='bbox 1557 380 1657 409; x_wconf 83' lang='lat' dir='ltr'><strong>litteras</strong></span> <span class='ocrx_word' id='word_1_484' title='bbox 1678 383 1713 411; x_wconf 84' lang='lat' dir='ltr'><strong>ad</strong></span> 
     </span>
    </p>
   </div>
   <div class='ocr_carea' id='block_1_66' title="bbox 918 414 1735 459">
    <p class='ocr_par' dir='ltr' id='par_1_66' title="bbox 918 414 1735 459">
     <span class='ocr_line' id='line_1_66' title="bbox 918 414 1735 459; baseline 0.022 -19"><span class='ocrx_word' id='word_1_485' title='bbox 918 414 1093 449; x_wconf 74' lang='lat' dir='ltr'><strong>Augustinum</strong></span> <span class='ocrx_word' id='word_1_486' title='bbox 1115 417 1200 446; x_wconf 84' lang='lat' dir='ltr'><strong>daret.</strong></span> <span class='ocrx_word' id='word_1_487' title='bbox 1224 418 1253 446; x_wconf 88' lang='lat' dir='ltr'><strong>in</strong></span> <span class='ocrx_word' id='word_1_488' title='bbox 1274 419 1315 446; x_wconf 87' lang='lat' dir='ltr'><strong>his</strong></span> <span class='ocrx_word' id='word_1_489' title='bbox 1334 420 1367 447; x_wconf 87' lang='lat' dir='ltr'><strong>ab</strong></span> <span class='ocrx_word' id='word_1_490' title='bbox 1387 428 1421 448; x_wconf 91' lang='lat' dir='ltr'><strong>eo</strong></span> <span class='ocrx_word' id='word_1_491' title='bbox 1438 423 1631 459; x_wconf 82' lang='lat' dir='ltr'><strong>sciscitabatur,</strong></span> <span class='ocrx_word' id='word_1_492' title='bbox 1648 437 1712 457; x_wconf 92' lang='lat' dir='ltr'><strong>num</strong></span> <span class='ocrx_word' id='word_1_493' title='bbox 1727 417 1735 458; x_wconf 41' lang='grc' dir='ltr'><strong>ί.</strong></span> 
     </span>
    </p>
   </div>
   <div class='ocr_carea' id='block_1_67' title="bbox 917 460 1712 509">
    <p class='ocr_par' dir='ltr' id='par_1_67' title="bbox 917 460 1712 509">
     <span class='ocr_line' id='line_1_67' title="bbox 917 460 1712 509; baseline 0.02 -23"><span class='ocrx_word' id='word_1_494' title='bbox 917 460 1007 509; x_wconf 73' lang='lat' dir='ltr'><strong>credat</strong></span> <span class='ocrx_word' id='word_1_495' title='bbox 1028 461 1157 509; x_wconf 81' lang='lat' dir='ltr'><strong>prodesse</strong></span> <span class='ocrx_word' id='word_1_496' title='bbox 1175 464 1271 499; x_wconf 84' lang='lat' dir='ltr'><strong>cuique</strong></span> <span class='ocrx_word' id='word_1_497' title='bbox 1293 470 1353 499; x_wconf 89' lang='lat' dir='ltr'><strong>post</strong></span> <span class='ocrx_word' id='word_1_498' title='bbox 1371 472 1502 501; x_wconf 82' lang='lat' dir='ltr'><strong>mortem,</strong></span> <span class='ocrx_word' id='word_1_499' title='bbox 1525 472 1595 505; x_wconf 92' lang='lat' dir='ltr'><strong>quod</strong></span> <span class='ocrx_word' id='word_1_500' title='bbox 1614 481 1712 509; x_wconf 87' lang='lat' dir='ltr'><strong>corpus</strong></span> 
     </span>
    </p>
   </div>
   <div class='ocr_carea' id='block_1_68' title="bbox 917 506 1711 550">
    <p class='ocr_par' dir='ltr' id='par_1_68' title="bbox 917 506 1711 550">
     <span class='ocr_line' id='line_1_68' title="bbox 917 506 1711 550; baseline 0.019 -17"><span class='ocrx_word' id='word_1_501' title='bbox 917 506 975 541; x_wconf 80' lang='lat' dir='ltr'><strong>ejus</strong></span> <span class='ocrx_word' id='word_1_502' title='bbox 987 508 1056 542; x_wconf 78' lang='lat' dir='ltr'><strong>apud</strong></span> <span class='ocrx_word' id='word_1_503' title='bbox 1071 509 1156 536; x_wconf 85' lang='lat' dir='ltr'><strong>sancti</strong></span> <span class='ocrx_word' id='word_1_504' title='bbox 1168 510 1279 545; x_wconf 78' lang='lat' dir='ltr'><strong>alicujus</strong></span> <span class='ocrx_word' id='word_1_505' title='bbox 1289 513 1446 541; x_wconf 81' lang='lat' dir='ltr'><strong>memoriam</strong></span> <span class='ocrx_word' id='word_1_506' title='bbox 1460 516 1604 550; x_wconf 84' lang='lat' dir='ltr'><strong>sepelitur:</strong></span> <span class='ocrx_word' id='word_1_507' title='bbox 1619 527 1649 547; x_wconf 88' lang='lat' dir='ltr'><strong>ac</strong></span> <span class='ocrx_word' id='word_1_508' title='bbox 1659 506 1711 548; x_wconf 76' lang='lat' dir='ltr'><strong>sibi</strong></span> 
     </span>
    </p>
   </div>
   <div class='ocr_carea' id='block_1_69' title="bbox 916 552 1711 593">
    <p class='ocr_par' dir='ltr' id='par_1_69' title="bbox 916 552 1711 593">
     <span class='ocr_line' id='line_1_69' title="bbox 916 552 1711 593; baseline 0.015 -12"><span class='ocrx_word' id='word_1_509' title='bbox 916 552 1025 586; x_wconf 86' lang='lat' dir='ltr'><strong>quidem</strong></span> <span class='ocrx_word' id='word_1_510' title='bbox 1040 554 1125 582; x_wconf 87' lang='lat' dir='ltr'><strong>videri</strong></span> <span class='ocrx_word' id='word_1_511' title='bbox 1140 555 1254 589; x_wconf 85' lang='lat' dir='ltr'><strong>dicebat,</strong></span> <span class='ocrx_word' id='word_1_512' title='bbox 1271 564 1324 585; x_wconf 90' lang='lat' dir='ltr'><strong>non</strong></span> <span class='ocrx_word' id='word_1_513' title='bbox 1337 566 1396 587; x_wconf 83' lang='lat' dir='ltr'><strong>esse</strong></span> <span class='ocrx_word' id='word_1_514' title='bbox 1410 559 1504 588; x_wconf 85' lang='lat' dir='ltr'><strong>inanes</strong></span> <span class='ocrx_word' id='word_1_515' title='bbox 1514 567 1602 591; x_wconf 86' lang='lat' dir='ltr'><strong>motus</strong></span> <span class='ocrx_word' id='word_1_516' title='bbox 1613 565 1711 593; x_wconf 80' lang='lat' dir='ltr'><strong>aninm-</strong></span> 
     </span>
    </p>
   </div>
   <div class='ocr_carea' id='block_1_70' title="bbox 917 599 1710 639">
    <p class='ocr_par' dir='ltr' id='par_1_70' title="bbox 917 599 1710 639">
     <span class='ocr_line' id='line_1_70' title="bbox 917 599 1710 639; baseline 0.019 -15"><span class='ocrx_word' id='word_1_517' title='bbox 917 605 975 624; x_wconf 86' lang='lat' dir='ltr'><strong>rum</strong></span> <span class='ocrx_word' id='word_1_518' title='bbox 991 599 1175 634; x_wconf 74' lang='lat' dir='ltr'><strong>religiosorum</strong></span> <span class='ocrx_word' id='word_1_519' title='bbox 1189 606 1269 636; x_wconf 89' lang='lat' dir='ltr'><strong>atque</strong></span> <span class='ocrx_word' id='word_1_520' title='bbox 1283 602 1400 633; x_wconf 82' lang='lat' dir='ltr'><strong>ﬁdelium</strong></span> <span class='ocrx_word' id='word_1_521' title='bbox 1414 612 1462 639; x_wconf 88' lang='lat' dir='ltr'><strong>pro</strong></span> <span class='ocrx_word' id='word_1_522' title='bbox 1478 607 1533 634; x_wconf 85' lang='lat' dir='ltr'><strong>suis</strong></span> <span class='ocrx_word' id='word_1_523' title='bbox 1549 608 1598 635; x_wconf 84' lang='lat' dir='ltr'><strong>ista</strong></span> <span class='ocrx_word' id='word_1_524' title='bbox 1612 617 1710 638; x_wconf 87' lang='lat' dir='ltr'><strong>curan-</strong></span> 
     </span>
    </p>
   </div>
   <div class='ocr_carea' id='block_1_71' title="bbox 917 643 1710 688">
    <p class='ocr_par' dir='ltr' id='par_1_71' title="bbox 917 643 1710 688">
     <span class='ocr_line' id='line_1_71' title="bbox 917 643 1710 688; baseline 0.02 -19"><span class='ocrx_word' id='word_1_525' title='bbox 917 643 981 671; x_wconf 92' lang='lat' dir='ltr'><strong>tium</strong></span> <span class='ocrx_word' id='word_1_526' title='bbox 994 652 1001 669; x_wconf 89' lang='lat'><strong><em>:</em></strong></span> <span class='ocrx_word' id='word_1_527' title='bbox 1016 649 1042 671; x_wconf 88' lang='lat' dir='ltr'><strong>ct</strong></span> <span class='ocrx_word' id='word_1_528' title='bbox 1052 644 1213 681; x_wconf 73' lang='lat' dir='ltr'><strong>adjungebat</strong></span> <span class='ocrx_word' id='word_1_529' title='bbox 1226 654 1321 676; x_wconf 85' lang='lat' dir='ltr'><strong>vacare</strong></span> <span class='ocrx_word' id='word_1_530' title='bbox 1334 657 1387 676; x_wconf 90' lang='lat' dir='ltr'><strong>non</strong></span> <span class='ocrx_word' id='word_1_531' title='bbox 1398 657 1485 685; x_wconf 89' lang='lat' dir='ltr'><strong>posse,</strong></span> <span class='ocrx_word' id='word_1_532' title='bbox 1502 654 1571 688; x_wconf 84' lang='lat' dir='ltr'><strong>quod</strong></span> <span class='ocrx_word' id='word_1_533' title='bbox 1586 656 1710 685; x_wconf 86' lang='lat' dir='ltr'><strong>universa</strong></span> 
     </span>
    </p>
   </div>
   <div class='ocr_carea' id='block_1_72' title="bbox 915 689 1710 733">
    <p class='ocr_par' dir='ltr' id='par_1_72' title="bbox 915 689 1710 733">
     <span class='ocr_line' id='line_1_72' title="bbox 915 689 1710 733; baseline 0.02 -18"><span class='ocrx_word' id='word_1_534' title='bbox 915 696 963 723; x_wconf 90' lang='lat' dir='ltr'><strong>pro</strong></span> <span class='ocrx_word' id='word_1_535' title='bbox 978 689 1108 719; x_wconf 76' lang='lat' dir='ltr'><strong>defunctis</strong></span> <span class='ocrx_word' id='word_1_536' title='bbox 1122 692 1240 720; x_wconf 84' lang='lat' dir='ltr'><strong>Ecclesia</strong></span> <span class='ocrx_word' id='word_1_537' title='bbox 1259 695 1409 729; x_wconf 79' lang='lat' dir='ltr'><strong>supplicare</strong></span> <span class='ocrx_word' id='word_1_538' title='bbox 1423 700 1575 733; x_wconf 75' lang='lat' dir='ltr'><strong>consuerit;</strong></span> <span class='ocrx_word' id='word_1_539' title='bbox 1600 706 1628 729; x_wconf 90' lang='lat' dir='ltr'><strong>ut</strong></span> <span class='ocrx_word' id='word_1_540' title='bbox 1648 702 1710 731; x_wconf 86' lang='lat' dir='ltr'><strong>hinc</strong></span> 
     </span>
    </p>
   </div>
   <div class='ocr_carea' id='block_1_73' title="bbox 915 736 1707 783">
    <p class='ocr_par' dir='ltr' id='par_1_73' title="bbox 915 736 1707 783">
     <span class='ocr_line' id='line_1_73' title="bbox 915 736 1707 783; baseline 0.019 -21"><span class='ocrx_word' id='word_1_541' title='bbox 915 739 942 783; x_wconf 80' lang='lat' dir='ltr'><strong>et</strong></span> <span class='ocrx_word' id='word_1_542' title='bbox 956 736 1020 783; x_wconf 75' lang='lat' dir='ltr'><strong>illud</strong></span> <span class='ocrx_word' id='word_1_543' title='bbox 1035 738 1132 772; x_wconf 87' lang='lat' dir='ltr'><strong>conjici</strong></span> <span class='ocrx_word' id='word_1_544' title='bbox 1148 740 1239 773; x_wconf 84' lang='lat' dir='ltr'><strong>possit,</strong></span> <span class='ocrx_word' id='word_1_545' title='bbox 1257 741 1359 769; x_wconf 90' lang='lat' dir='ltr'><strong>homini</strong></span> <span class='ocrx_word' id='word_1_546' title='bbox 1375 743 1502 777; x_wconf 84' lang='lat' dir='ltr'><strong>prodesse</strong></span> <span class='ocrx_word' id='word_1_547' title='bbox 1513 751 1572 780; x_wconf 87' lang='lat' dir='ltr'><strong>post</strong></span> <span class='ocrx_word' id='word_1_548' title='bbox 1584 753 1707 783; x_wconf 84' lang='lat' dir='ltr'><strong>mortem,</strong></span> 
     </span>
    </p>
   </div>
   <div class='ocr_carea' id='block_1_74' title="bbox 914 781 1708 828">
    <p class='ocr_par' dir='ltr' id='par_1_74' title="bbox 914 781 1708 828">
     <span class='ocr_line' id='line_1_74' title="bbox 914 781 1708 828; baseline 0.019 -21"><span class='ocrx_word' id='word_1_549' title='bbox 914 781 936 808; x_wconf 89' lang='lat' dir='ltr'><strong>si</strong></span> <span class='ocrx_word' id='word_1_550' title='bbox 951 781 1002 810; x_wconf 86' lang='lat' dir='ltr'><strong>fide</strong></span> <span class='ocrx_word' id='word_1_551' title='bbox 1015 790 1123 811; x_wconf 88' lang='lat' dir='ltr'><strong>suorum</strong></span> <span class='ocrx_word' id='word_1_552' title='bbox 1139 786 1293 821; x_wconf 86' lang='lat' dir='ltr'><strong>sepeliendo</strong></span> <span class='ocrx_word' id='word_1_553' title='bbox 1303 788 1361 822; x_wconf 87' lang='lat' dir='ltr'><strong>ejus</strong></span> <span class='ocrx_word' id='word_1_554' title='bbox 1374 791 1480 824; x_wconf 86' lang='lat' dir='ltr'><strong>corpori</strong></span> <span class='ocrx_word' id='word_1_555' title='bbox 1494 792 1554 819; x_wconf 86' lang='lat' dir='ltr'><strong>talis</strong></span> <span class='ocrx_word' id='word_1_556' title='bbox 1567 781 1708 828; x_wconf 46' lang='lat' dir='ltr'><strong>provideo;</strong></span> 
     </span>
    </p>
   </div>
   <div class='ocr_carea' id='block_1_75' title="bbox 915 828 1709 869">
    <p class='ocr_par' dir='ltr' id='par_1_75' title="bbox 915 828 1709 869">
     <span class='ocr_line' id='line_1_75' title="bbox 915 828 1709 869; baseline 0.02 -15"><span class='ocrx_word' id='word_1_557' title='bbox 915 832 958 855; x_wconf 88' lang='lat' dir='ltr'><strong>tur</strong></span> <span class='ocrx_word' id='word_1_558' title='bbox 972 828 1056 864; x_wconf 89' lang='lat' dir='ltr'><strong>locus,</strong></span> <span class='ocrx_word' id='word_1_559' title='bbox 1074 831 1100 857; x_wconf 92' lang='lat' dir='ltr'><strong>in</strong></span> <span class='ocrx_word' id='word_1_560' title='bbox 1115 839 1168 866; x_wconf 88' lang='lat' dir='ltr'><strong>quo</strong></span> <span class='ocrx_word' id='word_1_561' title='bbox 1181 839 1306 867; x_wconf 86' lang='lat' dir='ltr'><strong>appareat</strong></span> <span class='ocrx_word' id='word_1_562' title='bbox 1320 835 1460 869; x_wconf 86' lang='lat' dir='ltr'><strong>opitulatio</strong></span> <span class='ocrx_word' id='word_1_563' title='bbox 1472 839 1552 865; x_wconf 85' lang='lat' dir='ltr'><strong>etiam</strong></span> <span class='ocrx_word' id='word_1_564' title='bbox 1566 840 1616 867; x_wconf 91' lang='lat' dir='ltr'><strong>isto</strong></span> <span class='ocrx_word' id='word_1_565' title='bbox 1628 842 1709 869; x_wconf 90' lang='lat' dir='ltr'><strong>modo</strong></span> 
     </span>
    </p>
   </div>
   <div class='ocr_carea' id='block_1_76' title="bbox 913 875 1707 923">
    <p class='ocr_par' dir='ltr' id='par_1_76' title="bbox 913 875 1707 923">
     <span class='ocr_line' id='line_1_76' title="bbox 913 875 1707 923; baseline 0.019 -23"><span class='ocrx_word' id='word_1_566' title='bbox 913 875 1024 923; x_wconf 60' lang='lat' dir='ltr'><strong>qumsita</strong></span> <span class='ocrx_word' id='word_1_567' title='bbox 1035 881 1186 904; x_wconf 86' lang='lat' dir='ltr'><strong>sanctorum</strong></span> <span class='ocrx_word' id='word_1_568' title='bbox 1196 878 1318 914; x_wconf 84' lang='lat' dir='ltr'><strong>(DeCura</strong></span> <span class='ocrx_word' id='word_1_569' title='bbox 1326 889 1373 916; x_wconf 88' lang='lat' dir='ltr'><strong>pro</strong></span> <span class='ocrx_word' id='word_1_570' title='bbox 1385 883 1488 910; x_wconf 79' lang='lat' dir='ltr'><strong>mortuis</strong></span> <span class='ocrx_word' id='word_1_571' title='bbox 1498 886 1617 919; x_wconf 76' lang='lat' dir='ltr'><strong>gerenda,</strong></span> <span class='ocrx_word' id='word_1_572' title='bbox 1629 895 1655 913; x_wconf 82' lang='grc' dir='ltr'><strong>η.</strong></span> <span class='ocrx_word' id='word_1_573' title='bbox 1668 887 1707 923; x_wconf 82' lang='grc'><strong>1).</strong></span> 
     </span>
    </p>
   </div>
   <div class='ocr_carea' id='block_1_77' title="bbox 913 919 1707 966">
    <p class='ocr_par' dir='ltr' id='par_1_77' title="bbox 913 919 1707 966">
     <span class='ocr_line' id='line_1_77' title="bbox 913 919 1707 966; baseline 0.02 -21"><span class='ocrx_word' id='word_1_574' title='bbox 913 919 1027 947; x_wconf 82' lang='lat' dir='ltr'><strong>Aliunde</strong></span> <span class='ocrx_word' id='word_1_575' title='bbox 1051 929 1116 949; x_wconf 87' lang='lat' dir='ltr'><strong>vero</strong></span> <span class='ocrx_word' id='word_1_576' title='bbox 1138 923 1188 950; x_wconf 88' lang='lat' dir='ltr'><strong>sibi</strong></span> <span class='ocrx_word' id='word_1_577' title='bbox 1210 924 1401 955; x_wconf 83' lang='lat' dir='ltr'><strong>dubitationem</strong></span> <span class='ocrx_word' id='word_1_578' title='bbox 1422 928 1447 954; x_wconf 90' lang='lat' dir='ltr'><strong>id</strong></span> <span class='ocrx_word' id='word_1_579' title='bbox 1468 928 1578 963; x_wconf 82' lang='lat' dir='ltr'><strong>injicere</strong></span> <span class='ocrx_word' id='word_1_580' title='bbox 1601 919 1707 966; x_wconf 74' lang='lat' dir='ltr'><strong>aiebat,</strong></span> 
     </span>
    </p>
   </div>
   <div class='ocr_carea' id='block_1_78' title="bbox 913 966 1708 1007">
    <p class='ocr_par' dir='ltr' id='par_1_78' title="bbox 913 966 1708 1007">
     <span class='ocr_line' id='line_1_78' title="bbox 913 966 1708 1007; baseline 0.018 -15"><span class='ocrx_word' id='word_1_581' title='bbox 913 966 1048 999; x_wconf 89' lang='lat' dir='ltr'><strong>quodnon</strong></span> <span class='ocrx_word' id='word_1_582' title='bbox 1064 968 1129 995; x_wconf 86' lang='lat' dir='ltr'><strong>satis</strong></span> <span class='ocrx_word' id='word_1_583' title='bbox 1143 969 1261 1003; x_wconf 87' lang='lat' dir='ltr'><strong>videret,</strong></span> <span class='ocrx_word' id='word_1_584' title='bbox 1285 979 1399 1006; x_wconf 84' lang='lat' dir='ltr'><strong>quonam</strong></span> <span class='ocrx_word' id='word_1_585' title='bbox 1416 978 1494 1007; x_wconf 88' lang='lat' dir='ltr'><strong>pacto</strong></span> <span class='ocrx_word' id='word_1_586' title='bbox 1509 975 1551 1002; x_wconf 86' lang='lat' dir='ltr'><strong>illa</strong></span> <span class='ocrx_word' id='word_1_587' title='bbox 1572 978 1708 1006; x_wconf 85' lang='lat' dir='ltr'><strong>conciliari</strong></span> 
     </span>
    </p>
   </div>
   <div class='ocr_carea' id='block_1_79' title="bbox 912 1013 1708 1054">
    <p class='ocr_par' dir='ltr' id='par_1_79' title="bbox 912 1013 1708 1054">
     <span class='ocr_line' id='line_1_79' title="bbox 912 1013 1708 1054; baseline 0.019 -17"><span class='ocrx_word' id='word_1_588' title='bbox 912 1016 991 1046; x_wconf 82' lang='lat' dir='ltr'><strong>queat</strong></span> <span class='ocrx_word' id='word_1_589' title='bbox 1011 1013 1101 1047; x_wconf 90' lang='lat' dir='ltr'><strong>opinio</strong></span> <span class='ocrx_word' id='word_1_590' title='bbox 1120 1021 1180 1041; x_wconf 82' lang='lat' dir='ltr'><strong>cum</strong></span> <span class='ocrx_word' id='word_1_591' title='bbox 1202 1015 1252 1043; x_wconf 86' lang='lat' dir='ltr'><strong>hoc</strong></span> <span class='ocrx_word' id='word_1_592' title='bbox 1273 1017 1393 1052; x_wconf 85' lang='lat' dir='ltr'><strong>Apostoli</strong></span> <span class='ocrx_word' id='word_1_593' title='bbox 1416 1021 1603 1054; x_wconf 86' lang='lat' dir='ltr'><strong>pronuntiato:</strong></span> <span class='ocrx_word' id='word_1_594' title='bbox 1621 1023 1708 1052; x_wconf 80' lang='lat' dir='ltr'><strong>Unus-</strong></span> 
     </span>
    </p>
   </div>
   <div class='ocr_carea' id='block_1_80' title="bbox 913 1058 1704 1105">
    <p class='ocr_par' dir='ltr' id='par_1_80' title="bbox 913 1058 1704 1105">
     <span class='ocr_line' id='line_1_80' title="bbox 913 1058 1704 1105; baseline 0.018 -22"><span class='ocrx_word' id='word_1_595' title='bbox 913 1058 1019 1105; x_wconf 68' lang='lat' dir='ltr'><strong>quisque</strong></span> <span class='ocrx_word' id='word_1_596' title='bbox 1033 1060 1135 1094; x_wconf 73' lang='lat' dir='ltr'><strong>recipiet</strong></span> <span class='ocrx_word' id='word_1_597' title='bbox 1149 1066 1222 1094; x_wconf 82' lang='lat' dir='ltr'><strong>prout</strong></span> <span class='ocrx_word' id='word_1_598' title='bbox 1237 1062 1312 1096; x_wconf 77' lang='lat' dir='ltr'><strong>gessit</strong></span> <span class='ocrx_word' id='word_1_599' title='bbox 1326 1063 1352 1089; x_wconf 80' lang='lat' dir='ltr'><strong>in</strong></span> <span class='ocrx_word' id='word_1_600' title='bbox 1367 1072 1471 1099; x_wconf 79' lang='lat' dir='ltr'><strong>corpore</strong></span> <span class='ocrx_word' id='word_1_601' title='bbox 1486 1066 1518 1102; x_wconf 92' lang='lat' dir='ltr'><strong>(ll</strong></span> <span class='ocrx_word' id='word_1_602' title='bbox 1534 1066 1592 1095; x_wconf 88' lang='lat' dir='ltr'><strong>Cor.</strong></span> <span class='ocrx_word' id='word_1_603' title='bbox 1607 1077 1633 1101; x_wconf 80' lang='grc' dir='ltr'><strong>ν,</strong></span> <span class='ocrx_word' id='word_1_604' title='bbox 1648 1070 1704 1105; x_wconf 85' lang='lat' dir='ltr'><strong>l0).</strong></span> 
     </span>
    </p>
   </div>
   <div class='ocr_carea' id='block_1_81' title="bbox 916 1102 1708 1150">
    <p class='ocr_par' dir='ltr' id='par_1_81' title="bbox 916 1102 1708 1150">
     <span class='ocr_line' id='line_1_81' title="bbox 916 1102 1708 1150; baseline 0.019 -22"><span class='ocrx_word' id='word_1_605' title='bbox 916 1102 1034 1150; x_wconf 67' lang='lat' dir='ltr'><strong>Modesta</strong></span> <span class='ocrx_word' id='word_1_606' title='bbox 1048 1105 1090 1131; x_wconf 90' lang='lat' dir='ltr'><strong>illa</strong></span> <span class='ocrx_word' id='word_1_607' title='bbox 1105 1105 1240 1141; x_wconf 86' lang='lat' dir='ltr'><strong>inquisitio</strong></span> <span class='ocrx_word' id='word_1_608' title='bbox 1256 1111 1308 1134; x_wconf 86' lang='lat' dir='ltr'><strong>tam</strong></span> <span class='ocrx_word' id='word_1_609' title='bbox 1326 1108 1436 1137; x_wconf 63' lang='lat' dir='ltr'><strong>illustris</strong></span> <span class='ocrx_word' id='word_1_610' title='bbox 1449 1111 1584 1146; x_wconf 91' lang='lat' dir='ltr'><strong>episcopi,</strong></span> <span class='ocrx_word' id='word_1_611' title='bbox 1601 1102 1708 1150; x_wconf 81' lang='lat' dir='ltr'><strong>tamque</strong></span> 
     </span>
    </p>
   </div>
   <div class='ocr_carea' id='block_1_82' title="bbox 912 1148 1707 1191">
    <p class='ocr_par' dir='ltr' id='par_1_82' title="bbox 912 1148 1707 1191">
     <span class='ocr_line' id='line_1_82' title="bbox 912 1148 1707 1191; baseline 0.016 -16"><span class='ocrx_word' id='word_1_612' title='bbox 912 1148 938 1175; x_wconf 90' lang='lat' dir='ltr'><strong>in</strong></span> <span class='ocrx_word' id='word_1_613' title='bbox 954 1151 1036 1177; x_wconf 84' lang='lat' dir='ltr'><strong>sacris</strong></span> <span class='ocrx_word' id='word_1_614' title='bbox 1050 1151 1157 1179; x_wconf 83' lang='lat' dir='ltr'><strong>Litteris</strong></span> <span class='ocrx_word' id='word_1_615' title='bbox 1171 1153 1282 1186; x_wconf 87' lang='lat' dir='ltr'><strong>eruditi,</strong></span> <span class='ocrx_word' id='word_1_616' title='bbox 1307 1154 1402 1182; x_wconf 89' lang='lat' dir='ltr'><strong>mirum</strong></span> <span class='ocrx_word' id='word_1_617' title='bbox 1423 1161 1549 1191; x_wconf 85' lang='lat' dir='ltr'><strong>quantum</strong></span> <span class='ocrx_word' id='word_1_618' title='bbox 1571 1159 1651 1187; x_wconf 86' lang='lat' dir='ltr'><strong>distat</strong></span> <span class='ocrx_word' id='word_1_619' title='bbox 1663 1148 1707 1188; x_wconf 52' lang='lat' dir='ltr'><strong>_ab</strong></span> 
     </span>
    </p>
   </div>
   <div class='ocr_carea' id='block_1_83' title="bbox 912 1196 1706 1234">
    <p class='ocr_par' dir='ltr' id='par_1_83' title="bbox 912 1196 1706 1234">
     <span class='ocr_line' id='line_1_83' title="bbox 912 1196 1706 1234; baseline 0.016 -14"><span class='ocrx_word' id='word_1_620' title='bbox 912 1201 1004 1221; x_wconf 88' lang='lat' dir='ltr'><strong>eorum</strong></span> <span class='ocrx_word' id='word_1_621' title='bbox 1018 1196 1187 1230; x_wconf 88' lang='lat' dir='ltr'><strong>contideutia,</strong></span> <span class='ocrx_word' id='word_1_622' title='bbox 1201 1198 1245 1233; x_wconf 88' lang='lat' dir='ltr'><strong>qui</strong></span> <span class='ocrx_word' id='word_1_623' title='bbox 1259 1199 1294 1226; x_wconf 90' lang='lat' dir='ltr'><strong>ob</strong></span> <span class='ocrx_word' id='word_1_624' title='bbox 1308 1201 1428 1228; x_wconf 81' lang='lat' dir='ltr'><strong>eamdem</strong></span> <span class='ocrx_word' id='word_1_625' title='bbox 1444 1201 1626 1232; x_wconf 87' lang='lat' dir='ltr'><strong>difficultatem</strong></span> <span class='ocrx_word' id='word_1_626' title='bbox 1643 1214 1706 1234; x_wconf 84' lang='lat' dir='ltr'><strong>ora-</strong></span> 
     </span>
    </p>
   </div>
   <div class='ocr_carea' id='block_1_84' title="bbox 914 1240 1709 1286">
    <p class='ocr_par' dir='ltr' id='par_1_84' title="bbox 914 1240 1709 1286">
     <span class='ocr_line' id='line_1_84' title="bbox 914 1240 1709 1286; baseline 0.018 -20"><span class='ocrx_word' id='word_1_627' title='bbox 914 1240 998 1268; x_wconf 88' lang='lat' dir='ltr'><strong>tiones</strong></span> <span class='ocrx_word' id='word_1_628' title='bbox 1012 1249 1060 1286; x_wconf 79' lang='lat' dir='ltr'><strong>pro</strong></span> <span class='ocrx_word' id='word_1_629' title='bbox 1071 1243 1206 1286; x_wconf 79' lang='lat' dir='ltr'><strong>spiritibus</strong></span> <span class='ocrx_word' id='word_1_630' title='bbox 1219 1244 1406 1274; x_wconf 90' lang='lat' dir='ltr'><strong>dormientium</strong></span> <span class='ocrx_word' id='word_1_631' title='bbox 1421 1247 1478 1275; x_wconf 83' lang='lat' dir='ltr'><strong>ﬁeri</strong></span> <span class='ocrx_word' id='word_1_632' title='bbox 1489 1250 1580 1277; x_wconf 84' lang='lat' dir='ltr'><strong>solitas</strong></span> <span class='ocrx_word' id='word_1_633' title='bbox 1592 1254 1709 1286; x_wconf 88' lang='lat' dir='ltr'><strong>proscri-</strong></span> 
     </span>
    </p>
   </div>
   <div class='ocr_carea' id='block_1_85' title="bbox 913 1285 1708 1327">
    <p class='ocr_par' dir='ltr' id='par_1_85' title="bbox 913 1285 1708 1327">
     <span class='ocr_line' id='line_1_85' title="bbox 913 1285 1708 1327; baseline 0.015 -17"><span class='ocrx_word' id='word_1_634' title='bbox 913 1290 999 1318; x_wconf 83' lang='lat' dir='ltr'><strong>pscre.</strong></span> <span class='ocrx_word' id='word_1_635' title='bbox 1016 1285 1073 1312; x_wconf 83' lang='lat' dir='ltr'><strong>Vim</strong></span> <span class='ocrx_word' id='word_1_636' title='bbox 1087 1285 1250 1314; x_wconf 76' lang='lat' dir='ltr'><strong>difficultatis</strong></span> <span class='ocrx_word' id='word_1_637' title='bbox 1264 1288 1309 1315; x_wconf 87' lang='lat' dir='ltr'><strong>ille</strong></span> <span class='ocrx_word' id='word_1_638' title='bbox 1319 1297 1394 1324; x_wconf 72' lang='lat' dir='ltr'><strong>irque</strong></span> <span class='ocrx_word' id='word_1_639' title='bbox 1409 1290 1484 1324; x_wconf 88' lang='lat' dir='ltr'><strong>vidit,</strong></span> <span class='ocrx_word' id='word_1_640' title='bbox 1498 1296 1578 1327; x_wconf 83' lang='lat' dir='ltr'><strong>atque</strong></span> <span class='ocrx_word' id='word_1_641' title='bbox 1588 1285 1630 1320; x_wconf 79' lang='lat' dir='ltr'><strong>isti</strong></span> <span class='ocrx_word' id='word_1_642' title='bbox 1641 1303 1648 1327; x_wconf 93' lang='lat'><strong>;</strong></span> <span class='ocrx_word' id='word_1_643' title='bbox 1660 1295 1708 1322; x_wconf 85' lang='lat' dir='ltr'><strong>sed</strong></span> 
     </span>
    </p>
   </div>
   <div class='ocr_carea' id='block_1_86' title="bbox 913 1330 1708 1375">
    <p class='ocr_par' dir='ltr' id='par_1_86' title="bbox 913 1330 1708 1375">
     <span class='ocr_line' id='line_1_86' title="bbox 913 1330 1708 1375; baseline 0.015 -19"><span class='ocrx_word' id='word_1_644' title='bbox 913 1336 967 1364; x_wconf 63' lang='lat' dir='ltr'><strong>prie</strong></span> <span class='ocrx_word' id='word_1_645' title='bbox 988 1330 1046 1357; x_wconf 85' lang='lat' dir='ltr'><strong>istis</strong></span> <span class='ocrx_word' id='word_1_646' title='bbox 1066 1331 1169 1366; x_wconf 83' lang='lat' dir='ltr'><strong>abjecte</strong></span> <span class='ocrx_word' id='word_1_647' title='bbox 1183 1332 1218 1360; x_wconf 90' lang='lat' dir='ltr'><strong>de</strong></span> <span class='ocrx_word' id='word_1_648' title='bbox 1230 1340 1259 1360; x_wconf 85' lang='lat' dir='ltr'><strong>se</strong></span> <span class='ocrx_word' id='word_1_649' title='bbox 1274 1334 1405 1362; x_wconf 84' lang='lat' dir='ltr'><strong>sentiebat</strong></span> <span class='ocrx_word' id='word_1_650' title='bbox 1421 1336 1466 1363; x_wconf 88' lang='lat' dir='ltr'><strong>Vir</strong></span> <span class='ocrx_word' id='word_1_651' title='bbox 1481 1343 1589 1366; x_wconf 84' lang='lat' dir='ltr'><strong>sanctus</strong></span> <span class='ocrx_word' id='word_1_652' title='bbox 1603 1348 1609 1365; x_wconf 96' lang='lat'><strong>:</strong></span> <span class='ocrx_word' id='word_1_653' title='bbox 1623 1340 1708 1375; x_wconf 80' lang='lat' dir='ltr'><strong>siqui-</strong></span> 
     </span>
    </p>
   </div>
   <div class='ocr_carea' id='block_1_87' title="bbox 913 1375 1710 1416">
    <p class='ocr_par' dir='ltr' id='par_1_87' title="bbox 913 1375 1710 1416">
     <span class='ocr_line' id='line_1_87' title="bbox 913 1375 1710 1416; baseline 0.016 -14"><span class='ocrx_word' id='word_1_654' title='bbox 913 1375 973 1403; x_wconf 91' lang='lat' dir='ltr'><strong>dem</strong></span> <span class='ocrx_word' id='word_1_655' title='bbox 994 1384 1079 1412; x_wconf 84' lang='lat' dir='ltr'><strong>neque</strong></span> <span class='ocrx_word' id='word_1_656' title='bbox 1099 1377 1229 1412; x_wconf 88' lang='lat' dir='ltr'><strong>Paulum,</strong></span> <span class='ocrx_word' id='word_1_657' title='bbox 1254 1387 1341 1416; x_wconf 85' lang='lat' dir='ltr'><strong>neque</strong></span> <span class='ocrx_word' id='word_1_658' title='bbox 1363 1382 1509 1410; x_wconf 81' lang='lat' dir='ltr'><strong>Eeolesiam</strong></span> <span class='ocrx_word' id='word_1_659' title='bbox 1529 1384 1710 1416; x_wconf 81' lang='lat' dir='ltr'><strong>condemnare</strong></span> 
     </span>
    </p>
   </div>
   <div class='ocr_carea' id='block_1_88' title="bbox 913 1424 1709 1466">
    <p class='ocr_par' dir='ltr' id='par_1_88' title="bbox 913 1424 1709 1466">
     <span class='ocr_line' id='line_1_88' title="bbox 913 1424 1709 1466; baseline 0.014 -17"><span class='ocrx_word' id='word_1_660' title='bbox 913 1429 1002 1455; x_wconf 86' lang='lat' dir='ltr'><strong>ausus,</strong></span> <span class='ocrx_word' id='word_1_661' title='bbox 1019 1424 1109 1451; x_wconf 88' lang='lat' dir='ltr'><strong>animo</strong></span> <span class='ocrx_word' id='word_1_662' title='bbox 1121 1426 1271 1460; x_wconf 78' lang='lat' dir='ltr'><strong>tranquillo,</strong></span> <span class='ocrx_word' id='word_1_663' title='bbox 1283 1427 1369 1461; x_wconf 86' lang='lat' dir='ltr'><strong>quoad</strong></span> <span class='ocrx_word' id='word_1_664' title='bbox 1380 1428 1430 1455; x_wconf 87' lang='lat' dir='ltr'><strong>sibi</strong></span> <span class='ocrx_word' id='word_1_665' title='bbox 1440 1435 1501 1456; x_wconf 88' lang='lat' dir='ltr'><strong>cum</strong></span> <span class='ocrx_word' id='word_1_666' title='bbox 1512 1429 1563 1457; x_wconf 82' lang='lat' dir='ltr'><strong>fide</strong></span> <span class='ocrx_word' id='word_1_667' title='bbox 1578 1433 1709 1466; x_wconf 62' lang='lat' dir='ltr'><strong>quaerenti</strong></span> 
     </span>
    </p>
   </div>
   <div class='ocr_carea' id='block_1_89' title="bbox 912 1469 1709 1507">
    <p class='ocr_par' dir='ltr' id='par_1_89' title="bbox 912 1469 1709 1507">
     <span class='ocr_line' id='line_1_89' title="bbox 912 1469 1709 1507; baseline 0.011 -11"><span class='ocrx_word' id='word_1_668' title='bbox 912 1475 969 1496; x_wconf 88' lang='lat' dir='ltr'><strong>rem</strong></span> <span class='ocrx_word' id='word_1_669' title='bbox 984 1469 1053 1497; x_wconf 87' lang='lat' dir='ltr'><strong>Deus</strong></span> <span class='ocrx_word' id='word_1_670' title='bbox 1066 1471 1201 1498; x_wconf 85' lang='lat' dir='ltr'><strong>revelaret</strong></span> <span class='ocrx_word' id='word_1_671' title='bbox 1212 1492 1218 1504; x_wconf 95' lang='lat'><strong>,</strong></span> <span class='ocrx_word' id='word_1_672' title='bbox 1239 1473 1418 1507; x_wconf 79' lang='lat' dir='ltr'><strong>exspectavit;</strong></span> <span class='ocrx_word' id='word_1_673' title='bbox 1439 1481 1470 1501; x_wconf 85' lang='lat' dir='ltr'><strong>ac</strong></span> <span class='ocrx_word' id='word_1_674' title='bbox 1486 1476 1591 1503; x_wconf 88' lang='lat' dir='ltr'><strong>tandem</strong></span> <span class='ocrx_word' id='word_1_675' title='bbox 1608 1477 1640 1505; x_wconf 82' lang='lat' dir='ltr'><strong>ad</strong></span> <span class='ocrx_word' id='word_1_676' title='bbox 1653 1478 1709 1505; x_wconf 84' lang='lat' dir='ltr'><strong>voti</strong></span> 
     </span>
    </p>
   </div>
   <div class='ocr_carea' id='block_1_90' title="bbox 914 1515 1708 1553">
    <p class='ocr_par' dir='ltr' id='par_1_90' title="bbox 914 1515 1708 1553">
     <span class='ocr_line' id='line_1_90' title="bbox 914 1515 1708 1553; baseline 0.011 -11"><span class='ocrx_word' id='word_1_677' title='bbox 914 1515 995 1543; x_wconf 88' lang='lat' dir='ltr'><strong>linem</strong></span> <span class='ocrx_word' id='word_1_678' title='bbox 1014 1517 1154 1551; x_wconf 78' lang='lat' dir='ltr'><strong>Augustini</strong></span> <span class='ocrx_word' id='word_1_679' title='bbox 1175 1517 1305 1545; x_wconf 88' lang='lat' dir='ltr'><strong>beneficio</strong></span> <span class='ocrx_word' id='word_1_680' title='bbox 1328 1520 1457 1553; x_wconf 83' lang='lat' dir='ltr'><strong>pervenit.</strong></span> <span class='ocrx_word' id='word_1_681' title='bbox 1474 1520 1521 1548; x_wconf 83' lang='lat' dir='ltr'><strong>Hie</strong></span> <span class='ocrx_word' id='word_1_682' title='bbox 1535 1521 1648 1551; x_wconf 81' lang='lat' dir='ltr'><strong>Paulino</strong></span> <span class='ocrx_word' id='word_1_683' title='bbox 1663 1532 1708 1551; x_wconf 90' lang='lat' dir='ltr'><strong>re-</strong></span> 
     </span>
    </p>
   </div>
   <div class='ocr_carea' id='block_1_91' title="bbox 913 1561 1706 1601">
    <p class='ocr_par' dir='ltr' id='par_1_91' title="bbox 913 1561 1706 1601">
     <span class='ocr_line' id='line_1_91' title="bbox 913 1561 1706 1601; baseline 0.013 -14"><span class='ocrx_word' id='word_1_684' title='bbox 913 1561 1045 1596; x_wconf 82' lang='lat' dir='ltr'><strong>spondere</strong></span> <span class='ocrx_word' id='word_1_685' title='bbox 1057 1561 1102 1589; x_wconf 79' lang='lat' dir='ltr'><strong>diu</strong></span> <span class='ocrx_word' id='word_1_686' title='bbox 1117 1562 1236 1595; x_wconf 83' lang='lat' dir='ltr'><strong>distulit;</strong></span> <span class='ocrx_word' id='word_1_687' title='bbox 1250 1568 1276 1591; x_wconf 90' lang='lat' dir='ltr'><strong>et</strong></span> <span class='ocrx_word' id='word_1_688' title='bbox 1289 1563 1357 1592; x_wconf 87' lang='lat' dir='ltr'><strong>forte</strong></span> <span class='ocrx_word' id='word_1_689' title='bbox 1369 1566 1449 1594; x_wconf 85' lang='lat' dir='ltr'><strong>etiam</strong></span> <span class='ocrx_word' id='word_1_690' title='bbox 1462 1566 1540 1601; x_wconf 86' lang='lat' dir='ltr'><strong>hujus</strong></span> <span class='ocrx_word' id='word_1_691' title='bbox 1553 1568 1634 1596; x_wconf 83' lang='lat' dir='ltr'><strong>ofﬁcii</strong></span> <span class='ocrx_word' id='word_1_692' title='bbox 1647 1577 1706 1597; x_wconf 81' lang='lat' dir='ltr'><strong>om-</strong></span> 
     </span>
    </p>
   </div>
   <div class='ocr_carea' id='block_1_92' title="bbox 913 1607 1708 1645">
    <p class='ocr_par' dir='ltr' id='par_1_92' title="bbox 913 1607 1708 1645">
     <span class='ocr_line' id='line_1_92' title="bbox 913 1607 1708 1645; baseline 0.013 -12"><span class='ocrx_word' id='word_1_693' title='bbox 913 1607 976 1634; x_wconf 88' lang='lat' dir='ltr'><strong>nino</strong></span> <span class='ocrx_word' id='word_1_694' title='bbox 997 1607 1093 1635; x_wconf 87' lang='lat' dir='ltr'><strong>fuisset</strong></span> <span class='ocrx_word' id='word_1_695' title='bbox 1112 1608 1227 1640; x_wconf 84' lang='lat' dir='ltr'><strong>oblitus,</strong></span> <span class='ocrx_word' id='word_1_696' title='bbox 1247 1609 1315 1636; x_wconf 90' lang='lat' dir='ltr'><strong>adeo</strong></span> <span class='ocrx_word' id='word_1_697' title='bbox 1328 1612 1493 1645; x_wconf 77' lang='lat' dir='ltr'><strong>negotiorum</strong></span> <span class='ocrx_word' id='word_1_698' title='bbox 1507 1613 1619 1641; x_wconf 87' lang='lat' dir='ltr'><strong>aliorum</strong></span> <span class='ocrx_word' id='word_1_699' title='bbox 1636 1615 1708 1644; x_wconf 86' lang='lat' dir='ltr'><strong>mole</strong></span> 
     </span>
    </p>
   </div>
   <div class='ocr_carea' id='block_1_93' title="bbox 913 1655 1709 1697">
    <p class='ocr_par' dir='ltr' id='par_1_93' title="bbox 913 1655 1709 1697">
     <span class='ocr_line' id='line_1_93' title="bbox 913 1655 1709 1697; baseline 0.011 -16"><span class='ocrx_word' id='word_1_700' title='bbox 913 1655 1086 1690; x_wconf 86' lang='lat' dir='ltr'><strong>premebatur</strong></span> <span class='ocrx_word' id='word_1_701' title='bbox 1096 1676 1102 1688; x_wconf 91' lang='lat'><strong>,</strong></span> <span class='ocrx_word' id='word_1_702' title='bbox 1127 1655 1178 1682; x_wconf 88' lang='lat' dir='ltr'><strong>nisi</strong></span> <span class='ocrx_word' id='word_1_703' title='bbox 1198 1656 1286 1690; x_wconf 89' lang='lat' dir='ltr'><strong>ipsum</strong></span> <span class='ocrx_word' id='word_1_704' title='bbox 1300 1656 1333 1684; x_wconf 82' lang='lat' dir='ltr'><strong>ad</strong></span> <span class='ocrx_word' id='word_1_705' title='bbox 1346 1657 1371 1684; x_wconf 93' lang='lat' dir='ltr'><strong>id</strong></span> <span class='ocrx_word' id='word_1_706' title='bbox 1381 1657 1559 1687; x_wconf 83' lang='lat' dir='ltr'><strong>Candidianus</strong></span> <span class='ocrx_word' id='word_1_707' title='bbox 1570 1662 1709 1697; x_wconf 80' lang='lat' dir='ltr'><strong>presbyter</strong></span> 
     </span>
    </p>
   </div>
   <div class='ocr_carea' id='block_1_94' title="bbox 914 1700 1709 1741">
    <p class='ocr_par' dir='ltr' id='par_1_94' title="bbox 914 1700 1709 1741">
     <span class='ocr_line' id='line_1_94' title="bbox 914 1700 1709 1741; baseline 0.011 -15"><span class='ocrx_word' id='word_1_708' title='bbox 914 1700 992 1727; x_wconf 89' lang='lat' dir='ltr'><strong>nullis</strong></span> <span class='ocrx_word' id='word_1_709' title='bbox 1005 1700 1073 1728; x_wconf 89' lang='lat' dir='ltr'><strong>datis</strong></span> <span class='ocrx_word' id='word_1_710' title='bbox 1088 1701 1199 1729; x_wconf 84' lang='lat' dir='ltr'><strong>induciis</strong></span> <span class='ocrx_word' id='word_1_711' title='bbox 1211 1703 1384 1737; x_wconf 85' lang='lat' dir='ltr'><strong>compulisset</strong></span> <span class='ocrx_word' id='word_1_712' title='bbox 1400 1703 1449 1740; x_wconf 85' lang='lat' dir='ltr'><strong>(De</strong></span> <span class='ocrx_word' id='word_1_713' title='bbox 1464 1704 1532 1732; x_wconf 82' lang='lat' dir='ltr'><strong>Cum</strong></span> <span class='ocrx_word' id='word_1_714' title='bbox 1545 1714 1591 1741; x_wconf 83' lang='lat' dir='ltr'><strong>pro</strong></span> <span class='ocrx_word' id='word_1_715' title='bbox 1604 1709 1709 1735; x_wconf 65' lang='lat' dir='ltr'><strong>mortem</strong></span> 
     </span>
    </p>
   </div>
   <div class='ocr_carea' id='block_1_95' title="bbox 913 1746 1710 1784">
    <p class='ocr_par' dir='ltr' id='par_1_95' title="bbox 913 1746 1710 1784">
     <span class='ocr_line' id='line_1_95' title="bbox 913 1746 1710 1784; baseline 0.011 -13"><span class='ocrx_word' id='word_1_716' title='bbox 913 1746 1040 1780; x_wconf 79' lang='lat' dir='ltr'><strong>gerenda,</strong></span> <span class='ocrx_word' id='word_1_717' title='bbox 1063 1755 1106 1774; x_wconf 84' lang='lat' dir='ltr'><strong>nn.</strong></span> <span class='ocrx_word' id='word_1_718' title='bbox 1124 1747 1157 1780; x_wconf 79' lang='grc' dir='ltr'>ί,</span> <span class='ocrx_word' id='word_1_719' title='bbox 1171 1747 1230 1782; x_wconf 69' lang='grc'><strong>95).</strong></span> <span class='ocrx_word' id='word_1_720' title='bbox 1246 1748 1303 1776; x_wconf 91' lang='lat' dir='ltr'><strong>illic</strong></span> <span class='ocrx_word' id='word_1_721' title='bbox 1324 1750 1489 1784; x_wconf 86' lang='lat' dir='ltr'><strong>propositum</strong></span> <span class='ocrx_word' id='word_1_722' title='bbox 1511 1751 1560 1778; x_wconf 87' lang='lat' dir='ltr'><strong>sibi</strong></span> <span class='ocrx_word' id='word_1_723' title='bbox 1581 1760 1612 1779; x_wconf 84' lang='lat' dir='ltr'><strong>ex</strong></span> <span class='ocrx_word' id='word_1_724' title='bbox 1635 1753 1710 1781; x_wconf 76' lang='lat' dir='ltr'><strong>Pauli</strong></span> 
     </span>
    </p>
   </div>
   <div class='ocr_carea' id='block_1_96' title="bbox 913 1792 1710 1831">
    <p class='ocr_par' dir='ltr' id='par_1_96' title="bbox 913 1792 1710 1831">
     <span class='ocr_line' id='line_1_96' title="bbox 913 1792 1710 1831; baseline 0.009 -13"><span class='ocrx_word' id='word_1_725' title='bbox 913 1792 1045 1820; x_wconf 88' lang='lat' dir='ltr'><strong>sententia</strong></span> <span class='ocrx_word' id='word_1_726' title='bbox 1060 1792 1168 1820; x_wconf 88' lang='lat' dir='ltr'><strong>dubium</strong></span> <span class='ocrx_word' id='word_1_727' title='bbox 1192 1794 1263 1822; x_wconf 86' lang='lat' dir='ltr'><strong>circa</strong></span> <span class='ocrx_word' id='word_1_728' title='bbox 1278 1795 1413 1823; x_wconf 86' lang='lat' dir='ltr'><strong>orationes</strong></span> <span class='ocrx_word' id='word_1_729' title='bbox 1435 1804 1484 1831; x_wconf 78' lang='lat' dir='ltr'><strong>pro</strong></span> <span class='ocrx_word' id='word_1_730' title='bbox 1504 1797 1616 1825; x_wconf 83' lang='lat' dir='ltr'><strong>mortuis</strong></span> <span class='ocrx_word' id='word_1_731' title='bbox 1630 1798 1710 1825; x_wconf 86' lang='lat' dir='ltr'><strong>solvit</strong></span> 
     </span>
    </p>
   </div>
   <div class='ocr_carea' id='block_1_97' title="bbox 917 1837 1709 1877">
    <p class='ocr_par' dir='ltr' id='par_1_97' title="bbox 917 1837 1709 1877">
     <span class='ocr_line' id='line_1_97' title="bbox 917 1837 1709 1877; baseline 0.009 -12"><span class='ocrx_word' id='word_1_732' title='bbox 917 1837 1008 1874; x_wconf 64' lang='lat' dir='ltr'><strong>(Ibid,</strong></span> <span class='ocrx_word' id='word_1_733' title='bbox 1020 1847 1047 1866; x_wconf 81' lang='grc' dir='ltr'><em>η.</em></span> <span class='ocrx_word' id='word_1_734' title='bbox 1057 1839 1096 1875; x_wconf 55' lang='lat' dir='ltr'><strong>ﬁ).</strong></span> <span class='ocrx_word' id='word_1_735' title='bbox 1109 1839 1184 1873; x_wconf 84' lang='lat' dir='ltr'><strong>Quod</strong></span> <span class='ocrx_word' id='word_1_736' title='bbox 1195 1848 1259 1868; x_wconf 85' lang='lat' dir='ltr'><strong>vero</strong></span> <span class='ocrx_word' id='word_1_737' title='bbox 1272 1841 1304 1869; x_wconf 91' lang='lat' dir='ltr'><strong>ad</strong></span> <span class='ocrx_word' id='word_1_738' title='bbox 1315 1842 1476 1877; x_wconf 84' lang='lat' dir='ltr'><strong>sepulturam</strong></span> <span class='ocrx_word' id='word_1_739' title='bbox 1487 1843 1556 1877; x_wconf 81' lang='lat' dir='ltr'><strong>apud</strong></span> <span class='ocrx_word' id='word_1_740' title='bbox 1567 1845 1709 1873; x_wconf 81' lang='lat' dir='ltr'><strong>memorias</strong></span> 
     </span>
    </p>
   </div>
   <div class='ocr_carea' id='block_1_98' title="bbox 914 1886 1710 1925">
    <p class='ocr_par' dir='ltr' id='par_1_98' title="bbox 914 1886 1710 1925">
     <span class='ocr_line' id='line_1_98' title="bbox 914 1886 1710 1925; baseline 0.009 -14"><span class='ocrx_word' id='word_1_741' title='bbox 914 1890 1060 1921; x_wconf 90' lang='lat' dir='ltr'><strong>martyrum</strong></span> <span class='ocrx_word' id='word_1_742' title='bbox 1072 1886 1177 1920; x_wconf 84' lang='lat' dir='ltr'><strong>attinet,</strong></span> <span class='ocrx_word' id='word_1_743' title='bbox 1193 1895 1251 1914; x_wconf 87' lang='lat' dir='ltr'><strong>eam</strong></span> <span class='ocrx_word' id='word_1_744' title='bbox 1264 1892 1382 1915; x_wconf 86' lang='lat' dir='ltr'><strong>autumat</strong></span> <span class='ocrx_word' id='word_1_745' title='bbox 1394 1896 1445 1915; x_wconf 92' lang='lat' dir='ltr'><strong>non</strong></span> <span class='ocrx_word' id='word_1_746' title='bbox 1459 1889 1490 1916; x_wconf 89' lang='lat' dir='ltr'><strong>ad</strong></span> <span class='ocrx_word' id='word_1_747' title='bbox 1502 1890 1571 1918; x_wconf 88' lang='lat' dir='ltr'><strong>aliud</strong></span> <span class='ocrx_word' id='word_1_748' title='bbox 1582 1890 1710 1925; x_wconf 85' lang='lat' dir='ltr'><strong>prodesse</strong></span> 
     </span>
    </p>
   </div>
   <div class='ocr_carea' id='block_1_99' title="bbox 913 1930 1709 1969">
    <p class='ocr_par' dir='ltr' id='par_1_99' title="bbox 913 1930 1709 1969">
     <span class='ocr_line' id='line_1_99' title="bbox 913 1930 1709 1969; baseline 0.008 -12"><span class='ocrx_word' id='word_1_749' title='bbox 913 1930 1055 1964; x_wconf 81' lang='lat' dir='ltr'><strong>defuncto,</strong></span> <span class='ocrx_word' id='word_1_750' title='bbox 1073 1932 1123 1959; x_wconf 87' lang='lat' dir='ltr'><strong>nisi</strong></span> <span class='ocrx_word' id='word_1_751' title='bbox 1138 1936 1166 1959; x_wconf 93' lang='lat' dir='ltr'><strong>ut</strong></span> <span class='ocrx_word' id='word_1_752' title='bbox 1178 1932 1288 1960; x_wconf 66' lang='lat' dir='ltr'><strong>affectus</strong></span> <span class='ocrx_word' id='word_1_753' title='bbox 1303 1941 1352 1968; x_wconf 90' lang='lat' dir='ltr'><strong>pro</strong></span> <span class='ocrx_word' id='word_1_754' title='bbox 1366 1933 1411 1960; x_wconf 83' lang='lat' dir='ltr'><strong>illo</strong></span> <span class='ocrx_word' id='word_1_755' title='bbox 1424 1934 1632 1969; x_wconf 87' lang='lat' dir='ltr'><strong>supplicationis,</strong></span> <span class='ocrx_word' id='word_1_756' title='bbox 1646 1943 1709 1965; x_wconf 82' lang='lat' dir='ltr'><strong>eum</strong></span> 
     </span>
    </p>
   </div>
   <div class='ocr_carea' id='block_1_100' title="bbox 913 1978 1709 2016">
    <p class='ocr_par' dir='ltr' id='par_1_100' title="bbox 913 1978 1709 2016">
     <span class='ocr_line' id='line_1_100' title="bbox 913 1978 1709 2016; baseline 0.005 -12"><span class='ocrx_word' id='word_1_757' title='bbox 913 1978 993 2005; x_wconf 84' lang='lat' dir='ltr'><strong>etiam</strong></span> <span class='ocrx_word' id='word_1_758' title='bbox 1013 1983 1157 2013; x_wconf 86' lang='lat' dir='ltr'><strong>martyrum</strong></span> <span class='ocrx_word' id='word_1_759' title='bbox 1176 1980 1323 2014; x_wconf 85' lang='lat' dir='ltr'><strong>patrocinio</strong></span> <span class='ocrx_word' id='word_1_760' title='bbox 1347 1980 1554 2013; x_wconf 86' lang='lat' dir='ltr'><strong>commendans,</strong></span> <span class='ocrx_word' id='word_1_761' title='bbox 1582 1986 1709 2016; x_wconf 70' lang='lat' dir='ltr'><strong>augeatur</strong></span> 
     </span>
    </p>
   </div>
   <div class='ocr_carea' id='block_1_101' title="bbox 916 2023 1710 2060">
    <p class='ocr_par' dir='ltr' id='par_1_101' title="bbox 916 2023 1710 2060">
     <span class='ocr_line' id='line_1_101' title="bbox 916 2023 1710 2060; baseline 0.004 -10"><span class='ocrx_word' id='word_1_762' title='bbox 916 2023 1008 2059; x_wconf 60' lang='lat' dir='ltr'><strong>(Ibid,</strong></span> <span class='ocrx_word' id='word_1_763' title='bbox 1024 2032 1050 2050; x_wconf 81' lang='grc' dir='ltr'><strong>η.</strong></span> <span class='ocrx_word' id='word_1_764' title='bbox 1067 2024 1124 2059; x_wconf 73' lang='grc'>22).</span> <span class='ocrx_word' id='word_1_765' title='bbox 1141 2024 1203 2051; x_wconf 80' lang='lat' dir='ltr'><strong>Cum</strong></span> <span class='ocrx_word' id='word_1_766' title='bbox 1218 2033 1276 2060; x_wconf 81' lang='lat' dir='ltr'><strong>ergo</strong></span> <span class='ocrx_word' id='word_1_767' title='bbox 1286 2046 1293 2057; x_wconf 88' lang='lat'><strong>,</strong></span> <span class='ocrx_word' id='word_1_768' title='bbox 1306 2025 1357 2057; x_wconf 80' lang='lat' dir='ltr'><strong>ait,</strong></span> <span class='ocrx_word' id='word_1_769' title='bbox 1374 2025 1457 2059; x_wconf 78' lang='lat' dir='ltr'><strong>ﬁdelia</strong></span> <span class='ocrx_word' id='word_1_770' title='bbox 1467 2029 1546 2051; x_wconf 80' lang='lat' dir='ltr'><strong>mater</strong></span> <span class='ocrx_word' id='word_1_771' title='bbox 1561 2026 1642 2060; x_wconf 73' lang='lat' dir='ltr'><strong>ﬁdelia</strong></span> <span class='ocrx_word' id='word_1_772' title='bbox 1659 2026 1710 2060; x_wconf 79' lang='lat' dir='ltr'><strong>ﬁlii</strong></span> 
     </span>
    </p>
   </div>
   <div class='ocr_carea' id='block_1_102' title="bbox 914 2070 1707 2107">
    <p class='ocr_par' dir='ltr' id='par_1_102' title="bbox 914 2070 1707 2107">
     <span class='ocr_line' id='line_1_102' title="bbox 914 2070 1707 2107; baseline 0.004 -10"><span class='ocrx_word' id='word_1_773' title='bbox 914 2071 1028 2106; x_wconf 79' lang='lat' dir='ltr'><strong>defuncti</strong></span> <span class='ocrx_word' id='word_1_774' title='bbox 1040 2079 1131 2105; x_wconf 81' lang='lat' dir='ltr'><strong>corpus</strong></span> <span class='ocrx_word' id='word_1_775' title='bbox 1145 2071 1294 2098; x_wconf 78' lang='lat' dir='ltr'><strong>desiderarit</strong></span> <span class='ocrx_word' id='word_1_776' title='bbox 1305 2071 1330 2097; x_wconf 83' lang='lat' dir='ltr'><strong>iu</strong></span> <span class='ocrx_word' id='word_1_777' title='bbox 1342 2070 1445 2098; x_wconf 73' lang='lat' dir='ltr'><strong>basilica</strong></span> <span class='ocrx_word' id='word_1_778' title='bbox 1456 2072 1573 2107; x_wconf 74' lang='lat' dir='ltr'><strong>martyris</strong></span> <span class='ocrx_word' id='word_1_779' title='bbox 1588 2073 1656 2107; x_wconf 83' lang='lat' dir='ltr'><strong>poni,</strong></span> <span class='ocrx_word' id='word_1_780' title='bbox 1670 2074 1707 2100; x_wconf 79' lang='lat' dir='ltr'><strong>si-</strong></span> 
     </span>
    </p>
   </div>
   <div class='ocr_carea' id='block_1_103' title="bbox 913 2117 1708 2155">
    <p class='ocr_par' dir='ltr' id='par_1_103' title="bbox 913 2117 1708 2155">
     <span class='ocr_line' id='line_1_103' title="bbox 913 2117 1708 2155; baseline 0.004 -12"><span class='ocrx_word' id='word_1_781' title='bbox 913 2117 1013 2152; x_wconf 77' lang='lat' dir='ltr'><strong>quidem</strong></span> <span class='ocrx_word' id='word_1_782' title='bbox 1029 2118 1135 2145; x_wconf 73' lang='lat' dir='ltr'><strong>credidit</strong></span> <span class='ocrx_word' id='word_1_783' title='bbox 1147 2118 1201 2153; x_wconf 78' lang='lat' dir='ltr'><strong>ejus</strong></span> <span class='ocrx_word' id='word_1_784' title='bbox 1214 2118 1325 2144; x_wconf 81' lang='lat' dir='ltr'><strong>animum</strong></span> <span class='ocrx_word' id='word_1_785' title='bbox 1340 2118 1433 2145; x_wconf 73' lang='lat' dir='ltr'><strong>meritis</strong></span> <span class='ocrx_word' id='word_1_786' title='bbox 1447 2119 1565 2153; x_wconf 75' lang='lat' dir='ltr'><strong>martyris</strong></span> <span class='ocrx_word' id='word_1_787' title='bbox 1579 2120 1708 2155; x_wconf 72' lang='lat' dir='ltr'><strong>adjuvari;</strong></span> 
     </span>
    </p>
   </div>
   <div class='ocr_carea' id='block_1_104' title="bbox 914 2164 1707 2200">
    <p class='ocr_par' dir='ltr' id='par_1_104' title="bbox 914 2164 1707 2200">
     <span class='ocr_line' id='line_1_104' title="bbox 914 2164 1707 2200; baseline 0.001 -9"><span class='ocrx_word' id='word_1_788' title='bbox 914 2165 961 2191; x_wconf 77' lang='lat' dir='ltr'><strong>hoc</strong></span> <span class='ocrx_word' id='word_1_789' title='bbox 974 2165 1042 2200; x_wconf 84' lang='lat' dir='ltr'><strong>quod</strong></span> <span class='ocrx_word' id='word_1_790' title='bbox 1058 2165 1093 2191; x_wconf 80' lang='lat' dir='ltr'><strong>ita</strong></span> <span class='ocrx_word' id='word_1_791' title='bbox 1107 2164 1213 2192; x_wconf 80' lang='lat' dir='ltr'><strong>credidit</strong></span> <span class='ocrx_word' id='word_1_792' title='bbox 1225 2185 1232 2197; x_wconf 91' lang='lat'><strong>,</strong></span> <span class='ocrx_word' id='word_1_793' title='bbox 1246 2164 1398 2200; x_wconf 65' lang='lat' dir='ltr'><strong>supplicatio</strong></span> <span class='ocrx_word' id='word_1_794' title='bbox 1409 2165 1523 2200; x_wconf 71' lang='lat' dir='ltr'><strong>qttwdam</strong></span> <span class='ocrx_word' id='word_1_795' title='bbox 1537 2166 1603 2200; x_wconf 75' lang='lat' dir='ltr'><strong>fuit;</strong></span> <span class='ocrx_word' id='word_1_796' title='bbox 1618 2169 1639 2191; x_wconf 82' lang='lat' dir='ltr'><strong>et</strong></span> <span class='ocrx_word' id='word_1_797' title='bbox 1653 2166 1707 2192; x_wconf 73' lang='lat' dir='ltr'><strong>hch</strong></span> 
     </span>
    </p>
   </div>
   <div class='ocr_carea' id='block_1_105' title="bbox 914 2210 1704 2247">
    <p class='ocr_par' dir='ltr' id='par_1_105' title="bbox 914 2210 1704 2247">
     <span class='ocr_line' id='line_1_105' title="bbox 914 2210 1704 2247; baseline 0.001 -10"><span class='ocrx_word' id='word_1_798' title='bbox 914 2211 1019 2247; x_wconf 73' lang='lat' dir='ltr'><strong>profuit,</strong></span> <span class='ocrx_word' id='word_1_799' title='bbox 1034 2211 1056 2237; x_wconf 58' lang='lat' dir='ltr'><strong>si</strong></span> <span class='ocrx_word' id='word_1_800' title='bbox 1068 2211 1128 2246; x_wconf 81' lang='lat' dir='ltr'><strong>quid</strong></span> <span class='ocrx_word' id='word_1_801' title='bbox 1138 2211 1243 2247; x_wconf 78' lang='lat' dir='ltr'><strong>profuit.</strong></span> <span class='ocrx_word' id='word_1_802' title='bbox 1264 2210 1296 2237; x_wconf 82' lang='lat' dir='ltr'><strong>Et</strong></span> <span class='ocrx_word' id='word_1_803' title='bbox 1306 2211 1373 2246; x_wconf 82' lang='lat' dir='ltr'><strong>quod</strong></span> <span class='ocrx_word' id='word_1_804' title='bbox 1387 2212 1421 2245; x_wconf 74' lang='lat' dir='ltr'><strong>od</strong></span> <span class='ocrx_word' id='word_1_805' title='bbox 1435 2211 1501 2237; x_wconf 81' lang='lat' dir='ltr'><strong>idem</strong></span> <span class='ocrx_word' id='word_1_806' title='bbox 1511 2211 1653 2243; x_wconf 68' lang='lat' dir='ltr'><strong>septdcrum</strong></span> <span class='ocrx_word' id='word_1_807' title='bbox 1663 2220 1704 2238; x_wconf 82' lang='lat' dir='ltr'><strong>re—</strong></span> 
     </span>
    </p>
   </div>
   <div class='ocr_carea' id='block_1_106' title="bbox 913 2257 1706 2292">
    <p class='ocr_par' dir='ltr' id='par_1_106' title="bbox 913 2257 1706 2292">
     <span class='ocr_line' id='line_1_106' title="bbox 913 2257 1706 2292; baseline 0.001 -9"><span class='ocrx_word' id='word_1_808' title='bbox 913 2258 992 2283; x_wconf 77' lang='lat' dir='ltr'><strong>currit</strong></span> <span class='ocrx_word' id='word_1_809' title='bbox 1003 2258 1096 2289; x_wconf 79' lang='lat' dir='ltr'><strong>animo,</strong></span> <span class='ocrx_word' id='word_1_810' title='bbox 1110 2261 1133 2284; x_wconf 80' lang='lat' dir='ltr'><strong>et</strong></span> <span class='ocrx_word' id='word_1_811' title='bbox 1143 2257 1224 2291; x_wconf 78' lang='lat' dir='ltr'><strong>ﬁliuni</strong></span> <span class='ocrx_word' id='word_1_812' title='bbox 1236 2257 1350 2292; x_wconf 77' lang='lat' dir='ltr'><strong>precibus</strong></span> <span class='ocrx_word' id='word_1_813' title='bbox 1360 2257 1439 2291; x_wconf 79' lang='lat' dir='ltr'><strong>magis</strong></span> <span class='ocrx_word' id='word_1_814' title='bbox 1447 2257 1575 2292; x_wconf 77' lang='lat' dir='ltr'><strong>magisque</strong></span> <span class='ocrx_word' id='word_1_815' title='bbox 1581 2265 1706 2284; x_wconf 78' lang='lat' dir='ltr'><strong>comnmi-</strong></span> 
     </span>
    </p>
   </div>
   <div class='ocr_carea' id='block_1_107' title="bbox 914 2302 1707 2338">
    <p class='ocr_par' dir='ltr' id='par_1_107' title="bbox 914 2302 1707 2338">
     <span class='ocr_line' id='line_1_107' title="bbox 914 2302 1707 2338; baseline 0.001 -10"><span class='ocrx_word' id='word_1_816' title='bbox 914 2302 968 2334; x_wconf 81' lang='lat' dir='ltr'><strong>dat,</strong></span> <span class='ocrx_word' id='word_1_817' title='bbox 985 2302 1089 2338; x_wconf 77' lang='lat' dir='ltr'><strong>adjuvat</strong></span> <span class='ocrx_word' id='word_1_818' title='bbox 1100 2302 1213 2337; x_wconf 78' lang='lat' dir='ltr'><strong>defuncti</strong></span> <span class='ocrx_word' id='word_1_819' title='bbox 1225 2302 1351 2337; x_wconf 77' lang='lat' dir='ltr'><strong>spiritum,</strong></span> <span class='ocrx_word' id='word_1_820' title='bbox 1369 2309 1419 2328; x_wconf 83' lang='lat' dir='ltr'><strong>non</strong></span> <span class='ocrx_word' id='word_1_821' title='bbox 1431 2302 1522 2328; x_wconf 83' lang='lat' dir='ltr'><strong>mortui</strong></span> <span class='ocrx_word' id='word_1_822' title='bbox 1536 2302 1649 2337; x_wconf 76' lang='lat' dir='ltr'><strong>corporis</strong></span> <span class='ocrx_word' id='word_1_823' title='bbox 1667 2303 1707 2329; x_wconf 90' lang='lat' dir='ltr'><strong>lo-</strong></span> 
     </span>
    </p>
   </div>
   <div class='ocr_carea' id='block_1_108' title="bbox 913 2348 1706 2385">
    <p class='ocr_par' dir='ltr' id='par_1_108' title="bbox 913 2348 1706 2385">
     <span class='ocr_line' id='line_1_108' title="bbox 913 2348 1706 2385; baseline -0.001 -9"><span class='ocrx_word' id='word_1_824' title='bbox 913 2357 966 2382; x_wconf 83' lang='lat' dir='ltr'><strong>cus,</strong></span> <span class='ocrx_word' id='word_1_825' title='bbox 974 2349 1017 2376; x_wconf 77' lang='lat' dir='ltr'><strong>sed</strong></span> <span class='ocrx_word' id='word_1_826' title='bbox 1024 2357 1054 2376; x_wconf 73' lang='lat' dir='ltr'><strong>ex</strong></span> <span class='ocrx_word' id='word_1_827' title='bbox 1060 2348 1232 2376; x_wconf 77' lang='lat' dir='ltr'><strong>Iocintemoria</strong></span> <span class='ocrx_word' id='word_1_828' title='bbox 1242 2349 1309 2375; x_wconf 69' lang='lat' dir='ltr'><strong>circa</strong></span> <span class='ocrx_word' id='word_1_829' title='bbox 1316 2349 1404 2375; x_wconf 70' lang='lat' dir='ltr'><strong>matris</strong></span> <span class='ocrx_word' id='word_1_830' title='bbox 1413 2349 1517 2381; x_wconf 72' lang='lat' dir='ltr'><strong>affectus</strong></span> <span class='ocrx_word' id='word_1_831' title='bbox 1529 2349 1607 2384; x_wconf 81' lang='lat' dir='ltr'><strong>(Ibid.</strong></span> <span class='ocrx_word' id='word_1_832' title='bbox 1614 2371 1620 2382; x_wconf 93' lang='lat'><strong>,</strong></span> <span class='ocrx_word' id='word_1_833' title='bbox 1630 2358 1656 2376; x_wconf 81' lang='grc' dir='ltr'><strong>η.</strong></span> <span class='ocrx_word' id='word_1_834' title='bbox 1666 2350 1706 2385; x_wconf 85' lang='grc'><strong>7).</strong></span> 
     </span>
    </p>
   </div>
   <div class='ocr_carea' id='block_1_109' title="bbox 914 2394 1707 2423">
    <p class='ocr_par' dir='ltr' id='par_1_109' title="bbox 914 2394 1707 2423">
     <span class='ocr_line' id='line_1_109' title="bbox 914 2394 1707 2423; baseline 0 -1"><span class='ocrx_word' id='word_1_835' title='bbox 914 2395 1007 2423; x_wconf 83' lang='lat' dir='ltr'><strong>Narrat</strong></span> <span class='ocrx_word' id='word_1_836' title='bbox 1021 2395 1108 2422; x_wconf 81' lang='lat' dir='ltr'><strong>oblata</strong></span> <span class='ocrx_word' id='word_1_837' title='bbox 1124 2395 1192 2422; x_wconf 88' lang='lat' dir='ltr'><strong>vivis</strong></span> <span class='ocrx_word' id='word_1_838' title='bbox 1207 2395 1352 2422; x_wconf 87' lang='lat' dir='ltr'><strong>multorum</strong></span> <span class='ocrx_word' id='word_1_839' title='bbox 1362 2394 1547 2422; x_wconf 66' lang='lat' dir='ltr'><strong>defunctorum</strong></span> <span class='ocrx_word' id='word_1_840' title='bbox 1561 2399 1588 2422; x_wconf 89' lang='lat' dir='ltr'><strong>et</strong></span> <span class='ocrx_word' id='word_1_841' title='bbox 1601 2400 1707 2423; x_wconf 87' lang='lat' dir='ltr'><strong>sancto-</strong></span> 
     </span>
    </p>
   </div>
   <div class='ocr_carea' id='block_1_110' title="bbox 914 2440 1709 2476">
    <p class='ocr_par' dir='ltr' id='par_1_110' title="bbox 914 2440 1709 2476">
     <span class='ocr_line' id='line_1_110' title="bbox 914 2440 1709 2476; baseline 0 -7"><span class='ocrx_word' id='word_1_842' title='bbox 914 2450 972 2469; x_wconf 86' lang='lat' dir='ltr'><strong>rum</strong></span> <span class='ocrx_word' id='word_1_843' title='bbox 988 2443 1042 2468; x_wconf 75' lang='lat' dir='ltr'><strong>visa</strong></span> <span class='ocrx_word' id='word_1_844' title='bbox 1056 2450 1061 2468; x_wconf 90' lang='lat'>:</span> <span class='ocrx_word' id='word_1_845' title='bbox 1076 2446 1101 2468; x_wconf 91' lang='lat' dir='ltr'><strong>et</strong></span> <span class='ocrx_word' id='word_1_846' title='bbox 1116 2440 1221 2467; x_wconf 87' lang='lat' dir='ltr'><strong>tandem</strong></span> <span class='ocrx_word' id='word_1_847' title='bbox 1234 2448 1292 2476; x_wconf 78' lang='lat' dir='ltr'><strong>qua:</strong></span> <span class='ocrx_word' id='word_1_848' title='bbox 1306 2448 1352 2468; x_wconf 91' lang='lat' dir='ltr'><strong>sua</strong></span> <span class='ocrx_word' id='word_1_849' title='bbox 1368 2445 1439 2468; x_wconf 86' lang='lat' dir='ltr'><strong>esset</strong></span> <span class='ocrx_word' id='word_1_850' title='bbox 1454 2440 1534 2467; x_wconf 88' lang='lat' dir='ltr'><strong>animi</strong></span> <span class='ocrx_word' id='word_1_851' title='bbox 1553 2442 1709 2469; x_wconf 87' lang='lat' dir='ltr'><strong>constitutio</strong></span> 
     </span>
    </p>
   </div>
   <div class='ocr_carea' id='block_1_111' title="bbox 913 2486 1708 2522">
    <p class='ocr_par' dir='ltr' id='par_1_111' title="bbox 913 2486 1708 2522">
     <span class='ocr_line' id='line_1_111' title="bbox 913 2486 1708 2522; baseline 0.001 -7"><span class='ocrx_word' id='word_1_852' title='bbox 913 2489 939 2515; x_wconf 92' lang='lat' dir='ltr'><strong>in</strong></span> <span class='ocrx_word' id='word_1_853' title='bbox 962 2488 992 2515; x_wconf 91' lang='lat' dir='ltr'><strong>iis</strong></span> <span class='ocrx_word' id='word_1_854' title='bbox 1013 2486 1226 2519; x_wconf 86' lang='lat' dir='ltr'><strong>difficultatibus,</strong></span> <span class='ocrx_word' id='word_1_855' title='bbox 1252 2494 1363 2522; x_wconf 87' lang='lat' dir='ltr'><strong>quarum</strong></span> <span class='ocrx_word' id='word_1_856' title='bbox 1386 2487 1571 2515; x_wconf 88' lang='lat' dir='ltr'><strong>enodationcm</strong></span> <span class='ocrx_word' id='word_1_857' title='bbox 1590 2488 1708 2516; x_wconf 91' lang='lat' dir='ltr'><strong>nondum</strong></span> 
     </span>
    </p>
   </div>
   <div class='ocr_carea' id='block_1_112' title="bbox 913 2533 1706 2570">
    <p class='ocr_par' dir='ltr' id='par_1_112' title="bbox 913 2533 1706 2570">
     <span class='ocr_line' id='line_1_112' title="bbox 913 2533 1706 2570; baseline -0.001 -7"><span class='ocrx_word' id='word_1_858' title='bbox 913 2537 1060 2570; x_wconf 79' lang='lat' dir='ltr'><strong>acceperat,</strong></span> <span class='ocrx_word' id='word_1_859' title='bbox 1071 2534 1166 2561; x_wconf 89' lang='lat' dir='ltr'><strong>mirum</strong></span> <span class='ocrx_word' id='word_1_860' title='bbox 1176 2535 1201 2561; x_wconf 91' lang='lat' dir='ltr'><strong>in</strong></span> <span class='ocrx_word' id='word_1_861' title='bbox 1214 2534 1320 2561; x_wconf 90' lang='lat' dir='ltr'><strong>modum</strong></span> <span class='ocrx_word' id='word_1_862' title='bbox 1331 2534 1365 2561; x_wconf 90' lang='lat' dir='ltr'><strong>ibi</strong></span> <span class='ocrx_word' id='word_1_863' title='bbox 1373 2534 1503 2569; x_wconf 85' lang='lat' dir='ltr'><strong>expromit</strong></span> <span class='ocrx_word' id='word_1_864' title='bbox 1514 2533 1592 2570; x_wconf 79' lang='lat' dir='ltr'><strong>(Ibid.</strong></span> <span class='ocrx_word' id='word_1_865' title='bbox 1601 2544 1638 2568; x_wconf 85' lang='lat' dir='ltr'><strong>,n.</strong></span> <span class='ocrx_word' id='word_1_866' title='bbox 1647 2535 1706 2570; x_wconf 71' lang='lat'><strong>&#39;21).</strong></span> 
     </span>
    </p>
   </div>
   <div class='ocr_carea' id='block_1_113' title="bbox 948 2579 1707 2616">
    <p class='ocr_par' dir='ltr' id='par_1_113' title="bbox 948 2579 1707 2616">
     <span class='ocr_line' id='line_1_113' title="bbox 948 2579 1707 2616; baseline 0.001 -9"><span class='ocrx_word' id='word_1_867' title='bbox 948 2581 974 2608; x_wconf 87' lang='lat'><strong>5.</strong></span> <span class='ocrx_word' id='word_1_868' title='bbox 996 2580 1122 2607; x_wconf 87' lang='lat' dir='ltr'><strong>Duicitius</strong></span> <span class='ocrx_word' id='word_1_869' title='bbox 1137 2580 1162 2607; x_wconf 92' lang='lat' dir='ltr'><strong>in</strong></span> <span class='ocrx_word' id='word_1_870' title='bbox 1175 2579 1261 2607; x_wconf 76' lang='lat' dir='ltr'><strong>Africa</strong></span> <span class='ocrx_word' id='word_1_871' title='bbox 1273 2580 1379 2608; x_wconf 82' lang='lat' dir='ltr'><strong>circiter</strong></span> <span class='ocrx_word' id='word_1_872' title='bbox 1390 2588 1487 2608; x_wconf 87' lang='lat' dir='ltr'><strong>annum</strong></span> <span class='ocrx_word' id='word_1_873' title='bbox 1499 2581 1707 2616; x_wconf 82' lang='lat' dir='ltr'><strong>quadringente-</strong></span> 
     </span>
    </p>
   </div>
   <div class='ocr_carea' id='block_1_114' title="bbox 913 2626 1707 2662">
    <p class='ocr_par' dir='ltr' id='par_1_114' title="bbox 913 2626 1707 2662">
     <span class='ocr_line' id='line_1_114' title="bbox 913 2626 1707 2662; baseline 0 -8"><span class='ocrx_word' id='word_1_874' title='bbox 913 2627 1010 2655; x_wconf 89' lang='lat' dir='ltr'><strong>simum</strong></span> <span class='ocrx_word' id='word_1_875' title='bbox 1031 2626 1208 2662; x_wconf 79' lang='lat' dir='ltr'><strong>vigesimum,</strong></span> <span class='ocrx_word' id='word_1_876' title='bbox 1233 2630 1261 2652; x_wconf 89' lang='lat' dir='ltr'><strong>ut</strong></span> <span class='ocrx_word' id='word_1_877' title='bbox 1279 2633 1357 2661; x_wconf 86' lang='lat' dir='ltr'><strong>supra</strong></span> <span class='ocrx_word' id='word_1_878' title='bbox 1380 2626 1502 2658; x_wconf 86' lang='lat' dir='ltr'><strong>vidimus,</strong></span> <span class='ocrx_word' id='word_1_879' title='bbox 1519 2627 1613 2661; x_wconf 79' lang='lat' dir='ltr'><strong>agebat</strong></span> <span class='ocrx_word' id='word_1_880' title='bbox 1627 2635 1707 2654; x_wconf 84' lang='lat' dir='ltr'><strong>exse-</strong></span> 
     </span>
    </p>
   </div>
   <div class='ocr_carea' id='block_1_115' title="bbox 913 2672 1723 2713">
    <p class='ocr_par' dir='ltr' id='par_1_115' title="bbox 913 2672 1723 2713">
     <span class='ocr_line' id='line_1_115' title="bbox 913 2672 1723 2713; baseline -0.001 -13"><span class='ocrx_word' id='word_1_881' title='bbox 913 2673 1025 2713; x_wconf 85' lang='lat' dir='ltr'><strong>quendis</strong></span> <span class='ocrx_word' id='word_1_882' title='bbox 1045 2672 1173 2700; x_wconf 86' lang='lat' dir='ltr'><strong>adversus</strong></span> <span class='ocrx_word' id='word_1_883' title='bbox 1196 2672 1345 2699; x_wconf 84' lang='lat' dir='ltr'><strong>Donatistas</strong></span> <span class='ocrx_word' id='word_1_884' title='bbox 1367 2672 1468 2707; x_wconf 77' lang='lat' dir='ltr'><strong>legibus</strong></span> <span class='ocrx_word' id='word_1_885' title='bbox 1491 2672 1523 2699; x_wconf 85' lang='lat' dir='ltr'><strong>ab</strong></span> <span class='ocrx_word' id='word_1_886' title='bbox 1544 2672 1723 2708; x_wconf 55' lang='lat' dir='ltr'><strong>imperatorer</strong></span> 
     </span>
    </p>
   </div>
   <div class='ocr_carea' id='block_1_116' title="bbox 912 2719 1705 2756">
    <p class='ocr_par' dir='ltr' id='par_1_116' title="bbox 912 2719 1705 2756">
     <span class='ocr_line' id='line_1_116' title="bbox 912 2719 1705 2756; baseline -0.005 -8"><span class='ocrx_word' id='word_1_887' title='bbox 912 2721 1064 2756; x_wconf 67' lang='lat' dir='ltr'><strong>praefectus.</strong></span> <span class='ocrx_word' id='word_1_888' title='bbox 1080 2719 1150 2747; x_wconf 90' lang='lat' dir='ltr'><strong>Idem</strong></span> <span class='ocrx_word' id='word_1_889' title='bbox 1161 2719 1257 2747; x_wconf 88' lang='lat' dir='ltr'><strong>ibidem</strong></span> <span class='ocrx_word' id='word_1_890' title='bbox 1268 2719 1353 2746; x_wconf 86' lang='lat' dir='ltr'><strong>adhuc</strong></span> <span class='ocrx_word' id='word_1_891' title='bbox 1367 2719 1529 2750; x_wconf 83' lang='lat' dir='ltr'><strong>morabatur,</strong></span> <span class='ocrx_word' id='word_1_892' title='bbox 1543 2726 1603 2745; x_wconf 89' lang='lat' dir='ltr'><strong>cum</strong></span> <span class='ocrx_word' id='word_1_893' title='bbox 1615 2719 1705 2752; x_wconf 78' lang='lat' dir='ltr'><strong>Augu-</strong></span> 
     </span>
    </p>
   </div>
   <div class='ocr_carea' id='block_1_117' title="bbox 912 2763 1707 2802">
    <p class='ocr_par' dir='ltr' id='par_1_117' title="bbox 912 2763 1707 2802">
     <span class='ocr_line' id='line_1_117' title="bbox 912 2763 1707 2802; baseline -0.009 -6"><span class='ocrx_word' id='word_1_894' title='bbox 912 2768 1010 2797; x_wconf 85' lang='lat' dir='ltr'><strong>stinum</strong></span> <span class='ocrx_word' id='word_1_895' title='bbox 1025 2767 1059 2795; x_wconf 90' lang='lat' dir='ltr'><strong>de</strong></span> <span class='ocrx_word' id='word_1_896' title='bbox 1070 2767 1151 2794; x_wconf 87' lang='lat' dir='ltr'><strong>variis</strong></span> <span class='ocrx_word' id='word_1_897' title='bbox 1166 2767 1354 2802; x_wconf 71' lang='lat' dir='ltr'><strong>quzestionibus</strong></span> <span class='ocrx_word' id='word_1_898' title='bbox 1370 2773 1417 2800; x_wconf 88' lang='lat' dir='ltr'><strong>per</strong></span> <span class='ocrx_word' id='word_1_899' title='bbox 1430 2766 1532 2792; x_wconf 85' lang='lat' dir='ltr'><strong>litteras</strong></span> <span class='ocrx_word' id='word_1_900' title='bbox 1546 2763 1707 2798; x_wconf 77' lang='lat' dir='ltr'><strong>Carthagine</strong></span> 
     </span>
    </p>
   </div>
   <div class='ocr_carea' id='block_1_118' title="bbox 913 2809 1706 2848">
    <p class='ocr_par' dir='ltr' id='par_1_118' title="bbox 913 2809 1706 2848">
     <span class='ocr_line' id='line_1_118' title="bbox 913 2809 1706 2848; baseline -0.006 -6"><span class='ocrx_word' id='word_1_901' title='bbox 913 2814 988 2842; x_wconf 81' lang='lat' dir='ltr'><strong>datas</strong></span> <span class='ocrx_word' id='word_1_902' title='bbox 994 2814 1135 2845; x_wconf 85' lang='lat' dir='ltr'><strong>consuluit,</strong></span> <span class='ocrx_word' id='word_1_903' title='bbox 1145 2820 1203 2848; x_wconf 69' lang='lat' dir='ltr'><strong>quze</strong></span> <span class='ocrx_word' id='word_1_904' title='bbox 1212 2813 1248 2840; x_wconf 87' lang='lat' dir='ltr'><strong>illi</strong></span> <span class='ocrx_word' id='word_1_905' title='bbox 1259 2820 1305 2847; x_wconf 86' lang='lat' dir='ltr'><strong>per</strong></span> <span class='ocrx_word' id='word_1_906' title='bbox 1313 2811 1448 2839; x_wconf 84' lang='lat' dir='ltr'><strong>Paschalia</strong></span> <span class='ocrx_word' id='word_1_907' title='bbox 1456 2811 1588 2838; x_wconf 80' lang='lat' dir='ltr'><strong>festasunt</strong></span> <span class='ocrx_word' id='word_1_908' title='bbox 1595 2809 1706 2837; x_wconf 70' lang='lat' dir='ltr'><strong>reddita:</strong></span> 
     </span>
    </p>
   </div>
   <div class='ocr_carea' id='block_1_119' title="bbox 915 2853 1704 2897">
    <p class='ocr_par' dir='ltr' id='par_1_119' title="bbox 915 2853 1704 2897">
     <span class='ocr_line' id='line_1_119' title="bbox 915 2853 1704 2897; baseline -0.008 -10"><span class='ocrx_word' id='word_1_909' title='bbox 915 2859 963 2897; x_wconf 78' lang='lat' dir='ltr'><strong>(De</strong></span> <span class='ocrx_word' id='word_1_910' title='bbox 977 2865 1031 2887; x_wconf 71' lang='lat' dir='ltr'><strong>octo</strong></span> <span class='ocrx_word' id='word_1_911' title='bbox 1046 2859 1150 2887; x_wconf 77' lang='lat' dir='ltr'><strong>Dulritii</strong></span> <span class='ocrx_word' id='word_1_912' title='bbox 1164 2859 1312 2891; x_wconf 74' lang='lat' dir='ltr'><strong>Qttrcslion.,</strong></span> <span class='ocrx_word' id='word_1_913' title='bbox 1324 2855 1532 2893; x_wconf 68' lang='lat' dir='ltr'><strong>Prtefat.).&#39;l‘unc</strong></span> <span class='ocrx_word' id='word_1_914' title='bbox 1542 2853 1647 2888; x_wconf 87' lang='lat' dir='ltr'><strong>quidem</strong></span> <span class='ocrx_word' id='word_1_915' title='bbox 1659 2862 1704 2881; x_wconf 88' lang='lat' dir='ltr'><strong>re-</strong></span> 
     </span>
    </p>
   </div>
   <div class='ocr_carea' id='block_1_120' title="bbox 913 2899 1702 2941">
    <p class='ocr_par' dir='ltr' id='par_1_120' title="bbox 913 2899 1702 2941">
     <span class='ocr_line' id='line_1_120' title="bbox 913 2899 1702 2941; baseline -0.013 -6"><span class='ocrx_word' id='word_1_916' title='bbox 913 2915 1039 2941; x_wconf 80' lang='lat' dir='ltr'><strong>sponsum</strong></span> <span class='ocrx_word' id='word_1_917' title='bbox 1054 2907 1092 2933; x_wconf 64' lang='lat' dir='ltr'><strong>eis</strong></span> <span class='ocrx_word' id='word_1_918' title='bbox 1106 2905 1221 2932; x_wconf 63' lang='lat' dir='ltr'><strong>scribere</strong></span> <span class='ocrx_word' id='word_1_919' title='bbox 1234 2908 1325 2931; x_wconf 79' lang='lat' dir='ltr'><strong>sancto</strong></span> <span class='ocrx_word' id='word_1_920' title='bbox 1334 2901 1438 2929; x_wconf 83' lang='lat' dir='ltr'><strong>Doctori</strong></span> <span class='ocrx_word' id='word_1_921' title='bbox 1449 2899 1601 2934; x_wconf 82' lang='lat' dir='ltr'><strong>neutiquam</strong></span> <span class='ocrx_word' id='word_1_922' title='bbox 1615 2899 1702 2934; x_wconf 84' lang='lat' dir='ltr'><strong>licuit;</strong></span> 
     </span>
    </p>
   </div>
  </div>
