3858 6392
512 349 618 408 527

409 480 444 540 ﬁ
515 484 582 525 eo
601 464 740 537 quod
763 469 880 534 post
904 472 1084 515 sacros
1108 455 1229 511 illos
1247 451 1363 509 dies
1385 449 1562 506 statim
1586 461 1705 502 sese
1724 445 1948 501 contulit
1967 445 2094 498 Car-

514 534 814 630 thaginem,
844 551 985 607 unde
1013 547 1225 604 nonnisi
1269 543 1435 600 tribus
1476 539 1746 596 mensibus
1786 536 1984 590 exactis
2027 534 2094 588 ad

515 624 640 705 suos
672 643 868 701 reverti
899 639 1190 710 permissus
1211 643 1312 690 est.
1338 633 1474 701 Quin
1491 638 1666 685 autem
1687 643 1752 684 eo
1770 624 2094 698 gravissimis

511 736 740 808 negotiis
767 739 1064 804 pertractus
1091 729 1180 790 sit,
1204 725 1331 781 nulli
1357 721 1764 792 ambigendum;
1795 716 2003 773 tametsi
2024 715 2094 769 de

513 806 606 887 his
624 828 756 885 nihil
787 832 1114 895 compertum
1144 819 1398 874 habeatur
1418 859 1433 882 ,
1463 815 1564 870 nisi
1596 812 1736 884 quod
1766 811 1879 879 ipse
1904 806 2093 862 litteris

510 921 764 995 prodidit,
794 917 865 973 ibi
895 930 954 970 se
981 911 1407 982 occupationum,
1435 921 1552 977 quae
1579 903 1680 959 sibi
1719 903 1772 957 in
1816 899 1919 954 hac
1959 897 2093 952 urbe

508 991 779 1086 nunquam
799 1011 1039 1074 deerant,
1062 1001 1397 1059 multitudine
1421 998 1721 1055 districtum
1744 994 1877 1048 adeo
1907 991 2090 1059 fuisse,

509 1117 573 1163 ut
599 1085 666 1160 ad
696 1099 999 1158 dictandum
1029 1095 1297 1167 quidpiam
1321 1092 1486 1146 otium
1507 1087 1724 1144 omnino
1744 1085 1944 1140 nullum
1975 1097 2092 1152 sup-

510 1202 736 1268 peteret.
763 1193 1051 1248 Reversum
1074 1185 1217 1251 inde,
1243 1182 1466 1254 negotiis
1485 1195 1604 1251 quae
1628 1177 1794 1247 magis
1813 1173 2086 1244 urgebant,

510 1289 762 1344 nimirum
810 1280 1040 1354 propria:
1077 1277 1407 1338 dimceseos,
1451 1277 1682 1326 mentem
1723 1265 1951 1335 adjicere
1996 1277 2091 1332 per

510 1378 628 1433 dies
645 1352 944 1447 quindecim
971 1367 1233 1440 oportuit;
1262 1363 1454 1434 quibus
1474 1358 1699 1431 peractis
1726 1353 1965 1411 nonnihil
1991 1352 2086 1407 otii

507 1443 717 1532 nactus,
741 1465 856 1522 sine
871 1476 1018 1516 mora
1040 1458 1105 1513 ad
1129 1452 1556 1512 satisfaciendum
1575 1448 1800 1504 Dulcitio
1829 1443 2087 1501 incubuit.

509 1561 745 1630 Rogatus
765 1555 831 1609 ab
851 1568 916 1608 eo
942 1551 1114 1606 fuerat
1138 1561 1298 1617 super
1317 1553 1437 1599 octo
1461 1539 1838 1612 qumstionibus
1857 1535 2092 1605 Scriptu-

510 1668 586 1707 rte
615 1665 708 1704 seu
735 1642 1108 1702 ecclesiastica:
1133 1637 1416 1699 doctrinae;
1457 1647 1586 1704 quas
1614 1644 1801 1685 omnes
1821 1668 1836 1692 ,
1866 1627 1912 1682 si
1934 1625 2089 1694 quin-

510 1754 620 1801 tam
651 1738 943 1809 exceperis,
970 1736 1023 1791 in
1046 1733 1208 1787 variis
1228 1743 1447 1800 operum
1469 1738 1686 1780 suorum
1707 1721 1838 1776 locis
1861 1719 2093 1788 explica-

508 1843 611 1890 rat.
642 1832 971 1900 Quapropter
992 1840 1109 1896 quae
1127 1823 1234 1893 jam
1255 1821 1321 1876 de
1343 1827 1545 1888 septem
1566 1815 1682 1868 aliis
1706 1811 2086 1881 disputaverat,

509 1927 639 1981 satis
669 1899 850 1977 habuit
879 1929 1187 1985 excerpere,
1220 1925 1325 1981 quo
1350 1906 1509 1964 simul
1535 1914 1589 1960 et
1613 1901 1820 1958 Dulcitii
1849 1908 1955 1954 tam
1976 1899 2092 1952 lau-

509 2014 688 2070 dabile
713 2009 1033 2067 desiderium
1063 2004 1333 2075 expleret,
1376 2008 1430 2053 et
1457 2013 1517 2052 se
1546 1995 1725 2050 labore
1754 1992 2004 2047 liberaret
2024 1988 2092 2044 de

510 2111 717 2176 integro
745 2102 930 2159 eadem
957 2094 1280 2159 recudendi;
1313 2107 1430 2162 qum
1459 2103 1587 2144 sane
1608 2101 1714 2151 res,
1737 2099 1858 2140 cum
1873 2095 2089 2153 permo-

511 2175 644 2256 testa
666 2195 784 2259 sibi,
817 2202 924 2247 tum
951 2187 1151 2244 inutilis
1182 2183 1408 2240 Dulcitio
1428 2188 1542 2236 erat
1565 2178 1760 2232 futura.
1788 2175 1898 2230 Hoc
1916 2181 2092 2227 autem

509 2295 568 2349 in
619 2291 815 2359 scripto
863 2282 1134 2339 historiam
1194 2276 1480 2334 admodum
1527 2272 1850 2342 singularem
1892 2267 2087 2328 refert,

508 2397 666 2456 quam
687 2358 964 2451 ipsiusmet
978 2372 1156 2429 verbis
1177 2368 1538 2437 subjiciemus.
1559 2363 1736 2416 Dicam
1751 2358 1884 2431 quod
1905 2361 2094 2428 factum

511 2447 604 2539 est,
637 2447 824 2543 inquit,
855 2469 910 2521 in
947 2461 1260 2518 Mauritania
1304 2457 1555 2524 Sitifensi.
1587 2453 1767 2523 Neque
1796 2451 1926 2505 enim
1954 2447 2092 2502 Deus

510 2537 801 2620 sanctorum
833 2557 1071 2619 Patrum,
1095 2568 1197 2610 non
1223 2551 1329 2620 ipse
1353 2557 1426 2602 est
1443 2548 1591 2600 etiam
1622 2543 1756 2598 Deus
1782 2550 1965 2596 noster.
2007 2537 2094 2592 Vi-

513 2656 670 2709 duam
712 2652 766 2704 in
807 2646 1061 2720 proposito
1089 2640 1406 2698 continentia:
1447 2637 1766 2692 constitutam
1797 2630 2091 2687 Cetticchius

509 2743 718 2815 quidam
736 2725 1130 2794 catechumenus‘
1141 2731 1330 2801 iuvenis
1348 2730 1536 2802 rapuit,
1559 2736 1615 2781 ut
1638 2724 1837 2779 haberet
1861 2737 2086 2810 uxorem.

513 2793 793 2904 Antequam
820 2826 1232 2889 concumberent,
1264 2793 1462 2893 pressus
1490 2834 1665 2874 somno
1695 2828 1742 2872 et
1775 2815 1976 2871 territus
1989 2793 2088 2868 ἐο-

511 2929 669 2993 muio,
697 2923 927 2993 Sitifensi
951 2921 1185 2992 episcopo
1214 2915 1439 2971 eamdem
1471 2912 1894 2968 uehementissime
1919 2908 2090 2979 requi-

511 3021 660 3087 renti,
678 3015 923 3072 revocavit
941 3015 1199 3066 intactam.
1231 3007 1410 3062 Vivunt
1429 3005 1597 3059 adhuc
1613 3005 1675 3060 de
1692 3003 1870 3076 quibus
1891 3001 2088 3072 loquor.

512 3111 613 3168 Ille
641 3109 938 3180 baptizatus,
964 3114 1008 3158 et
1033 3105 1144 3174 ipso
1167 3102 1219 3154 in
1247 3115 1300 3155 se
1321 3099 1454 3167 [acto
1478 3095 1723 3150 miraculo
1741 3107 2005 3147 conversus
2024 3089 2092 3143 ad

510 3202 808 3264 Dominum,
837 3198 902 3251 ad
928 3197 1267 3264 episcopatum
1285 3187 1551 3243 uenerabili
1581 3187 1823 3257 probitate
1850 3183 2089 3254 pervenit,

511 3295 608 3349 illa
622 3294 674 3345 in
699 3299 871 3345 sancta
889 3287 1129 3342 uiduitate
1145 3281 1360 3354 persistit
1381 3278 1481 3351 (De
1503 3286 1614 3332 octo
1639 3275 1848 3330 Dulcitii
1877 3274 2090 3339 (latest,

514 3393 693 3455 quiest.
719 3383 770 3447 7,
808 3397 860 3433 η.
893 3378 978 3448 5).
1006 3376 1060 3429 lu
1084 3370 1516 3441 Carthaginensis
1544 3367 1752 3424 concilii
1779 3364 1998 3436 epistola
2026 3359 2093 3419 ad

517 3475 858 3533 Cwlestinuin
882 3469 1190 3525 undecimus
1209 3465 1346 3519 inter
1359 3462 1638 3532 episcopos
1651 3457 1972 3514 Celticchius
1996 3471 2094 3510 no-

512 3570 768 3627 minatur.
797 3565 964 3633 Hujus
993 3561 1110 3616 libri
1136 3564 1412 3614 contextus
1437 3555 1622 3619 docet,
1648 3552 1968 3608 dominicum
1999 3549 2097 3604 Pa-

515 3657 714 3716 schatis
753 3656 891 3711 diem
930 3653 1030 3708 hoc
1053 3664 1192 3705 anno
1232 3647 1479 3702 incidisse
1515 3645 1570 3700 in
1606 3644 1816 3698 tertium
1846 3640 2096 3696 kalendas

517 3751 750 3822 apriles:
780 3746 918 3819 quod
946 3760 1042 3815 per
1073 3743 1433 3813 episcopatum
1462 3736 1737 3808 Augustini
1762 3734 1916 3789 annis
1939 3747 2097 3802 supra

519 3839 1092 3915 quadringentesimum
1127 3835 1334 3891 decimo
1364 3848 1505 3888 nono
1531 3833 1700 3887 solum
1736 3840 1791 3886 et
1829 3829 2098 3901 trigesimo

517 3933 757 4004 contigit.
777 3929 936 4000 Atqui
955 3929 1022 3984 de
1051 3927 1234 3982 ultimo
1259 3925 1362 3980 hoc
1388 3924 1438 3979 id
1467 3923 1642 3978 nullus
1668 3923 1944 3993 intelligat,
1976 3935 2098 3975 cum

520 4023 786 4081 secundus
805 4018 1254 4076 Retractationum
1271 4016 1425 4083 liber,
1445 4014 1496 4068 in
1510 4029 1614 4084 quo
1628 4014 1815 4069 eadem
1833 4012 1946 4067 bwc
1961 4026 2098 4066 com-

521 4116 780 4172 tnentatio
800 4119 1126 4176 recensetur,
1144 4124 1208 4164 eo
1223 4122 1392 4178 usque
1409 4122 1514 4161 non
1532 4106 1822 4177 perveniat.
1845 4103 2100 4174 Superest

518 4207 678 4278 igitur
694 4213 750 4259 ut
768 4202 896 4258 illud
911 4215 1050 4256 anno
1065 4196 1580 4270 quadringentesimo
1608 4196 1813 4251 decimo
1843 4209 1985 4250 nono
2009 4193 2100 4248 tri-

519 4299 764 4362 buamus,
779 4310 884 4366 quo
899 4307 1038 4348 anno
1051 4304 1233 4347 mense
1245 4290 1385 4345 maio
1401 4290 1640 4344 vertente
1653 4285 1972 4356 Carthagine
1985 4293 2101 4340 erat

515 4398 738 4447 sanctus
757 4385 979 4444 Prsasul.
1008 4383 1206 4439 Verum
1235 4379 1519 4452 quominus
1535 4378 1837 4449 Opinionem
1863 4375 2020 4442 hanc,
2038 4374 2102 4430 li-

520 4491 608 4539 cet
634 4481 840 4538 ratione
870 4486 973 4532 tam
1002 4473 1266 4547 plausibili
1311 4471 1493 4527 fultam
1513 4512 1528 4536 ,
1559 4468 1898 4524 admittamus
1917 4507 1932 4534 ,
1975 4465 2100 4521 facit

518 4571 864 4630 Enchiridion
908 4569 961 4624 in
997 4568 1098 4623 hoc
1122 4565 1309 4622 eodem
1348 4568 1572 4619 tractatu
1604 4561 1885 4631 allegatum
1913 4557 2094 4632 (Ibid.,

524 4673 698 4735 quiest.
730 4664 784 4728 1,
820 4679 874 4714 n.
904 4659 993 4726 10,
1024 4669 1069 4714 et
1104 4667 1280 4729 quiest.
1305 4657 1363 4724 2,
1389 4672 1442 4709 η.
1475 4653 1555 4726 4),
1582 4653 1724 4724 quod
1752 4663 1876 4708 ante
1901 4666 2096 4706 annum

525 4753 1102 4827 quadringentesimum
1132 4750 1444 4820 vigesimum
1470 4746 1724 4817 primum,
1755 4743 1963 4815 quando
1993 4741 2098 4796 illic

520 4849 878 4919 Hieronymus
917 4851 1112 4900 sanctae
1156 4840 1426 4896 memoria:
1463 4837 1743 4902 vocitatur,
1788 4834 1948 4890 scribi
1991 4847 2096 4887 non

453 4985 461 5000 .
519 4938 711 5010 potuit.
765 4933 1019 4990 Eumdem
1062 4932 1203 4987 enim
1252 4930 1627 4998 Hieronymum
1669 4925 1830 4981 tradit
1869 4927 2098 4995 Prosper

520 5045 662 5084 anno
705 5033 912 5081 tantum
948 5020 1464 5092 quadringentesimo
1498 5017 1752 5088 vigesimo
1791 5015 1958 5086 pridie
1998 5015 2095 5070 ka-

517 5118 708 5172 lendas
735 5114 968 5170 octobris
997 5112 1223 5175 obiisse,
1267 5124 1426 5180 quem
1463 5118 1518 5164 et
1566 5109 1888 5178 Augustinus
1925 5107 2096 5163 adhuc

522 5220 709 5263 mense
733 5202 1021 5272 septembri
1045 5201 1168 5254 anni
1189 5198 1690 5270 quadringentesimi
1713 5199 1902 5254 decimi
1926 5199 2095 5256 octavi

521 5297 579 5355 in
600 5294 733 5350 vivis
753 5306 910 5363 agere
933 5289 1181 5360 ponebat,
1209 5299 1263 5344 et
1285 5304 1382 5344 nos
1401 5289 1559 5344 etiam
1579 5303 1717 5342 anno
1743 5289 2097 5358 quadringen-

521 5389 717 5447 tesimo
741 5386 950 5442 decimo
977 5398 1117 5438 nono
1146 5383 1425 5454 epistolam
1465 5381 1530 5436 ad
1559 5380 1802 5437 eumdem
1846 5382 2096 5452 Augusti-

520 5499 652 5541 num
679 5480 889 5538 misisse
926 5475 1273 5533 ostendimus.
1306 5475 1598 5532 Fatendum
1630 5482 1804 5529 tamen
1830 5483 1911 5530 est
1947 5489 2097 5530 men-
2138 5493 2152 5553 ς

522 5578 653 5635 dum
683 5577 736 5632 in
766 5571 1042 5644 Augustini
1068 5577 1374 5626 contextum
1400 5569 1704 5640 irrepsisse,
1733 5584 1795 5625 ac
1821 5586 1916 5640 pro
1941 5569 2094 5626 tertio

524 5666 778 5724 kalendas
805 5662 988 5734 aprilis
1011 5661 1374 5732 reponendum
1415 5676 1532 5718 esse
1555 5661 1638 5717 vel
1667 5661 1890 5734 septirno
1915 5661 2095 5720 kalen-

527 5756 621 5812 das
644 5753 849 5827 aprilis,
876 5767 982 5824 quo
1009 5750 1098 5810 die
1125 5750 1330 5810 Pascha
1360 5752 1462 5810 hoc
1487 5767 1626 5810 anno
1649 5753 2092 5827 quadringentesi-

1603 325 1759 384 VlTA
1797 325 1852 383 s.
1893 317 2253 381 AUGUSTINI
2293 317 2606 380 EPISCOPI.
3045 262 3052 267 θ
3629 337 3710 396 5,,

2201 453 2288 492 mo
2308 439 2561 510 vigesimo
2591 440 2825 495 secundo
2848 451 3130 506 evenerat;
3173 443 3256 498 vel
3282 442 3476 500 decimo
3498 442 3702 510 kalendas

2197 531 2398 601 aprilis,
2421 547 2526 601 quo
2549 531 2636 586 die
2657 531 2947 588 Bneherius
2967 533 3158 588 asserit
3178 532 3338 590 fuisse
3356 550 3489 593 anno
3508 541 3708 609 quadrin.

2197 625 2490 695 gentesimo
2517 625 2772 696 vigesimo
2796 625 2983 696 quinto
3023 626 3351 683 celebratum
3388 644 3416 682 a
3451 631 3706 701 quibusdam

2197 715 2502 771 Latinorum
2526 758 2543 784 ,
2597 716 2749 787 queis
2792 716 3185 787 Hipponensem
3230 717 3510 777 Ecclesiam
3543 723 3708 798 adjungi

2197 817 2444 878 oportere
2467 808 2750 864 verisimile
2775 819 2874 865 est.

2827 900 3050 958 CAPUT
3088 901 3176 957 IV.

2197 991 2223 1044 1
2257 989 2411 1046 Curat
2458 991 2800 1064 Augustinus,
2841 1001 2898 1046 ut
2938 993 3200 1062 episcopus
3245 992 3471 1052 Fussala
3507 1001 3709 1058 ordinetur

2266 1084 2530 1138 Antonius.
2555 1084 2590 1138 2
2619 1083 2862 1150 Eiusdem
2885 1084 3126 1140 Ecclesia'
3151 1087 3608 1145 administrationem
3624 1097 3710 1148 adi-

2266 1189 2400 1228 mere
2415 1175 2492 1228 illi
2520 1175 2732 1244 cogitur.
2763 1176 2798 1230 5
2826 1175 3068 1230 Antonius
3096 1174 3358 1232 Numidica
3377 1180 3562 1249 printati
3581 1193 3618 1235 et
3638 1183 3710 1238 Bo-

2265 1265 2452 1334 nifacio
2479 1282 2625 1335 papas
2651 1265 2822 1335 fucum
2850 1267 2990 1337 facit,
3021 1276 3076 1320 ut
3098 1268 3150 1321 in
3190 1268 3438 1340 integrum
3462 1275 3708 1332 restituatur.

2265 1357 2299 1410 4
2333 1355 2650 1411 Οωιεειὶηιιηι
2691 1358 2913 1412 obsecrat
2941 1357 3251 1430 Augustinus
3271 1400 3286 1424 ,
3325 1369 3378 1414 ut
3404 1363 3648 1418 sententias
3666 1367 3707 1420 in

2265 1446 2411 1500 illum
2451 1448 2605 1500 latam
2643 1447 2805 1519 vigere
2832 1448 2998 1516 sinat,
3029 1465 3088 1502 ac
3126 1466 3296 1504 secum
3328 1467 3418 1521 pro
3456 1451 3708 1508 Fussalensis

2265 1537 2506 1592 Ecclesia
2525 1556 2646 1609 pace
2663 1540 2952 1594 coltaboret.
2976 1541 3011 1595 5
3034 1541 3272 1611 Alioquin
3291 1553 3482 1598 sanctus
3511 1543 3598 1608 Vir,
3611 1546 3709 1616 quod

2265 1631 2402 1684 illius
2441 1630 2746 1685 ordinationi
2777 1649 2866 1702 per
2893 1632 3285 1702 imprudentiam
3326 1632 3607 1703 suﬁragatus
3639 1636 3708 1700 sit,

2267 1721 2524 1791 prOpriam
2549 1721 2846 1791 dignitatem
2877 1739 3056 1777 exuere
3081 1723 3290 1794 cogitat.

2269 1811 2319 1864 1.
2350 1810 2606 1865 Baronius
2631 1827 2770 1868 anno
2799 1813 3326 1884 quadringentesimo
3353 1815 3582 1884 vigesimo
3598 1817 3710 1872 tertio

2150 1953 2168 1967 ,
2195 1910 2420 1957 mortem
2449 1902 2701 1958 Bonifacii
2745 1919 2892 1974 papae
2930 1914 3118 1959 octavo
3157 1904 3412 1961 kalendas
3437 1906 3706 1973 novembris,

2194 1992 2470 2049 Coelestini
2498 2009 2624 2050 vero
2661 1996 2777 2066 ejus
2804 1998 3128 2052 successoris
3161 1998 3470 2054 electionem
3491 2000 3620 2054 tertio
3637 2016 3706 2056 no-

2197 2101 2295 2142 nas
2333 2089 2636 2144 novembris
2661 2090 2825 2159 ponit.
2857 2089 2962 2146 Sed
2997 2091 3154 2161 hujus
3181 2092 3262 2148 rei
3289 2093 3544 2148 veritatem
3562 2110 3710 2165 cogno-

2197 2192 2350 2233 scere
2385 2179 2521 2234 haud
2545 2180 2598 2235 in
2621 2189 2864 2251 promptu
2889 2190 2974 2236 est
2999 2200 3011 2236 :
3038 2198 3138 2238 nec
3164 2183 3342 2239 minus
3367 2184 3537 2238 saltem
3558 2184 3710 2239 videtur

2196 2269 2489 2339 probabile,
2526 2271 2626 2326 sub
2665 2271 2822 2327 tinem
2866 2273 2991 2327 anni
3019 2274 3514 2346 quadringentesimi
3534 2275 3709 2346 vigesimi

2195 2359 2416 2416 secundi
2447 2361 2670 2417 desiisse
2694 2362 2873 2418 vivere
2899 2363 3253 2431 Bonifacium,
3288 2364 3600 2422 Caelestinum
3621 2382 3710 2421 vero

2197 2451 2250 2506 in
2281 2452 2397 2522 ejus
2427 2452 2599 2508 locum
2636 2469 2778 2509 anno
2797 2455 3328 2527 quadringentesimo
3352 2457 3581 2527 vigesimo
3600 2457 3709 2512 tertio

2195 2543 2472 2599 suffectum
2501 2560 2640 2601 esse.
2678 2545 2747 2601 Et
2788 2546 2903 2602 haec
2929 2547 3144 2617 quidem
3191 2563 3351 2604 causa
3389 2559 3494 2613 est,
3518 2565 3596 2606 cur
3612 2564 3710 2602 anno

2194 2648 2353 2704 supra
2382 2635 2961 2706 quadringentesimum
3005 2639 3270 2709 vigesimo
3297 2639 3517 2696 secundo
3538 2637 3710 2694 historia

2196 2726 2417 2781 Antonii
2446 2726 2806 2795 Fussalensis,
2849 2743 2952 2798 qua
2980 2744 3086 2783 non
3116 2728 3274 2786 facile
3317 2731 3465 2786 aliam
3486 2735 3711 2785 memoratu

2198 2813 2495 2886 digniorem
2536 2816 2589 2871 in
2619 2816 2894 2886 Augustini
2926 2819 3043 2883 ,vita
3073 2819 3343 2889 reperias,
3373 2818 3565 2875 exordia
3592 2817 3710 2871 collo-

2194 2918 2396 2960 cemus.
2428 2906 2648 2962 Fussala
2678 2907 2950 2963 castellum
2978 2907 3089 2964 'seu
3119 2909 3372 2980 Oppidum
3397 2919 3502 2965 erat
3525 2909 3566 2964 in
3588 2906 3708 2963 confi-

2196 2994 2286 3049 nio
2313 2995 2667 3067 Hipponensis
2694 2999 2944 3054 territorii
2969 3000 3202 3069 positum
3235 2999 3436 3071 (Epist.
3456 3000 3560 3064 209,
3581 2995 3704 3066 13.2).

2196 3099 2354 3160 atque
2383 3090 2451 3146 ab
2479 3091 2590 3160 ipsa
2629 3091 2872 3162 Hippone
2900 3092 3249 3163 quadraginta
3295 3093 3526 3159 millibus,
3558 3090 3630 3145 hoc
3645 3082 3706 3142 esi

2198 3179 2364 3236 leucis
2401 3180 2708 3248 sexdecim,
2748 3182 2988 3248 distans;
3032 3183 3178 3253 quod
3220 3192 3392 3238 tamen
3436 3178 3709 3252 Hipponensis

2197 3272 2493 3329 dioeceseos
2531 3273 2722 3329 ﬁnibus
2751 3274 3332 3345 comprehendebatur,
3363 3291 3476 3331 cum
3504 3273 3557 3328 ad
3577 3274 3707 3341 Augu-

2199 3365 2324 3419 stini
2357 3374 2597 3434 tempora
2633 3365 2904 3435 proprium
2939 3366 3250 3436 episcopum
3281 3380 3526 3437 nunquam
3550 3360 3708 3416 habuis-

2200 3465 2300 3512 set.
2324 3457 2540 3513 Litteris
2565 3457 2893 3529 consignavit
2912 3458 3117 3528 aliquot
3146 3458 3418 3522 miracula,
3448 3472 3548 3526 qua;
3573 3451 3705 3506 hocin

2203 3547 2353 3614 loco,
2385 3547 2508 3602 dum
2547 3548 2690 3602 illum
2720 3549 2860 3604 idem
2890 3549 3246 3619 gubernaret,
3280 3558 3330 3604 et
3369 3557 3478 3618 post
3506 3536 3707 3599 Maximini

2201 3638 2479 3694 Sinitensis
2503 3641 2924 3706 conversionem,
2955 3639 3005 3694 id
3033 3649 3132 3703 est,
3165 3649 3286 3710 post
3316 3653 3496 3694 annum
3518 3630 3708 3706 quadrin-

2201 3731 2551 3802 gentesimum
2570 3732 2832 3801 quintum,
2860 3746 3082 3787 evenere
3104 3729 3209 3802 (De
3227 3731 3426 3787 Civitate
3444 3728 3544 3791 Dei,
3560 3725 3629 3779 lib.
3643 3721 3704 3781 ξε,

2203 3839 2317 3893 cap.
2349 3825 2402 3889 8,
2427 3839 2477 3876 n.
2499 3822 2575 3893 6).
2598 3821 2726 3877 Erat
2749 3821 3231 3893 Fussalielocisquc
3256 3821 3477 3878 finitimis
3495 3827 3704 3874 numerosa

2204 3915 2386 3986 plebs;
2412 3917 2504 3971 sed
2536 3930 2596 3970 ca
2624 3917 2800 3970 omnis
2829 3915 3128 3969 miserrimo
3157 3929 3286 3969 casu
3312 3913 3364 3968 in
3392 3911 3590 3967 schisnia
3611 3919 3704 3974 ptui:-

2204 4022 2328 4077 ccps
2352 4006 2486 4062 icrnt
2510 4006 2711 4078 (Epist.
2738 4005 2864 4072 209,
2895 4023 2947 4060 n.
2975 4004 3061 4078 2).
3092 4005 3382 4060 Restabant
3403 4003 3549 4058 solum
3567 3999 3608 4052 in
3624 3993 3702 4064 €le

2203 4113 2330 4170 agro
2373 4098 2521 4168 pauci
2550 4097 2838 4162 Catholici;
2869 4105 2924 4152 at
2961 4098 3012 4152 in
3048 4097 3247 4168 oppido
3279 4112 3345 4153 ne
3381 4109 3500 4150 unus
3528 4086 3700 4160 quidem.

2203 4189 2366 4246 Primi
2391 4189 2837 4260 presbyterorum,
2866 4204 3000 4259 quos
3023 4189 3220 4246 ibidem
3243 4187 3543 4261 Augustinus
3561 4173 3703 4236 consli-

2206 4282 2333 4347 tuit,
2356 4280 2600 4352 spoliati,
2623 4281 2744 4336 caesi
2765 4321 2779 4346 ,
2813 4279 3068 4336 debilitati
3085 4321 3101 4348 ,
3123 4279 3370 4336 exctecati
3391 4320 3404 4346 ,
3432 4285 3565 4343 atque
3586 4267 3699 4324 etiam

2205 4372 2448 4428 trucidati
2488 4380 2609 4427 sunt
2637 4389 2648 4424 :
2679 4387 2861 4427 verum
2888 4372 3099 4427 inutiles
3128 4388 3193 4428 ac
3218 4371 3420 4428 steriles
3445 4377 3593 4424 eorum
3613 4371 3700 4414 cr"-

2204 4466 2373 4521 ciatus
2396 4479 2500 4518 non
2528 4463 2676 4519 fuere
2700 4481 2714 4527 ;
2741 4474 2793 4520 et
2825 4473 2942 4534 post
2967 4464 3202 4520 infinitos
3232 4465 3432 4520 labores
3454 4475 3508 4514 ac
3529 4447 3694 4526 pericula

2206 4557 2416 4613 tandem
2446 4555 2727 4626 aliquando
2762 4555 2938 4610 divina
2976 4556 3244 4626 aSpirante
3283 4549 3535 4610 clementia
3570 4539 3698 4599 nullus

2205 4649 2345 4704 illius
2367 4647 2594 4719 regionis
2616 4648 2764 4702 locus
2784 4662 2905 4702 cum
2935 4647 3170 4702 Ecclesia
3193 4647 3245 4702 in
3274 4658 3448 4716 pacem
3465 4652 3553 4695 non
3569 4629 3696 4689 rediit.

2203 4757 2266 4798 ac
2296 4741 2468 4812 pauci,
2499 4739 2588 4812 qui
2618 4747 2988 4796 remanserunt
3008 4738 3312 4804 Donatistaz,
3338 4750 3436 4790 non
3458 4732 3550 4802 jam
3571 4724 3698 4779 del'e'

2203 4833 2389 4889 xaudis
2418 4832 2569 4899 aliis,
2609 4829 2703 4887 scd
2740 4830 2808 4886 de
2844 4829 3171 4886 occultandis
3208 4844 3267 4884 se
3302 4827 3421 4898 ipsis
3444 4815 3694 4891 cogitabant-

2202 4925 2429 4982 Sanctus
2454 4923 2808 4994 Hipponensis
2835 4923 3091 4991 Antistes,
3119 4922 3208 4993 qui
3248 4917 3502 4976 timoribus
3520 4923 3571 4964 ac
3585 4901 3696 4994 d910-

2202 5015 2349 5071 ribus
2375 5015 2484 5070 suis
2519 4991 2652 5069 alios
2680 5014 3028 5084 parturient,
3066 4991 3163 5068 hos
3191 5023 3391 5082 quoque
3422 5001 3600 5060 Christo
3619 4991 3694 5047 Do-

2202 5110 2347 5166 mino
2381 5107 2573 5164 lucrari
2611 5106 2855 5176 cupiebat
2880 5105 3076 5179 (lbid.,
3104 5122 3155 5159 η.
3179 5102 3264 5176 4).
3287 5101 3451 5170 Quare
3475 5104 3575 5150 cum
3601 5095 3692 5158 pro-

2202 5211 2321 5272 pter
2363 5202 2464 5256 loci
2498 5200 2936 5271 longinquitatem
2971 5214 3029 5254 se
3067 5207 3264 5253 tantum
3302 5207 3463 5256 curae,
3499 5185 3692 5256 quantum

2201 5271 2498 5362 oportebat,
2526 5291 2649 5345 huic
2673 5290 2748 5344 rei
2782 5289 3085 5360 impendere
3111 5303 3212 5343 non
3253 5297 3398 5355 posse
3425 5271 3689 5362 intelliger

2202 5360 2343 5441 nulla
2369 5400 2478 5441 suae
2506 5383 2795 5454 dignitatis,
2825 5397 2984 5454 quam
3013 5388 3159 5452 parte
3183 5378 3269 5434 illa
3284 5360 3691 5447 jurisdictionisre-

2201 5486 2378 5533 secata
2404 5476 2512 5532 ibat
2535 5474 2889 5541 imminutum,
2915 5475 3116 5528 ratione
3137 5468 3328 5533 habita,
3348 5459 3508 5518 statuit
3524 5456 3688 5541 ορθτξξῐι

2493 5529 2566 5624 ibi
2594 5529 3014 5623 constitueretur
3044 5529 3359 5635 episcopust
3375 5548 3514 5610 Ibid,
3544 5559 3588 5635 tt.
3619 5529 3684 5631 ἧς

2199 5663 2452 5730 Quaesivit
2490 5677 2618 5734 ergo
2653 5662 2878 5732 aliquem
2909 5673 3012 5715 non
3051 5657 3297 5726 imparem
3333 5647 3378 5702 ei
3405 5631 3604 5734 mune-ri.
3624 5637 3684 5734 εξ

2201 5755 2360 5814 etiam
2383 5753 2626 5811 obeundo
2644 5751 2941 5811 necessaria
2960 5750 3068 5808 sive
3088 5722 3412 5803 conducibilis
3429 5734 3526 5789 erat
3539 5722 3682 5789 ιίοιιεκ
