1929 3200
83 224 128 252 529

78 282 165 318 puniet
176 279 289 315 cognitio
303 277 482 315 (Epist.209,
495 286 522 304 π.
537 276 582 311 5).
595 276 636 303 Ad
649 275 676 302 id
690 282 705 302 e
720 274 791 301 clero
807 280 855 301 suo

79 327 253 363 presbyterum,
261 324 306 360 qui
314 324 340 351 ei
349 328 454 359 paratus
465 322 613 355 videbatur,
624 319 780 356 designavit.
787 319 855 346 Tum

79 371 201 409 provincia:
210 369 344 398 Numidiae
355 369 459 405 primati
467 369 502 404 (is
512 375 576 395 vero
586 372 657 399 tunc,
668 366 718 393 nisi
728 365 852 398 fallimur,

77 419 183 446 Silvanus
200 416 366 444 Summensis
379 413 454 450 erat)
466 435 473 447 ,
489 414 564 449 cujus
580 412 659 440 sedes
669 412 703 439 ab
716 411 851 447 Hippone-

77 464 146 499 Regio
165 463 240 497 longe
255 466 314 489 erat
328 461 420 488 dissita
430 481 437 494 ,
452 460 566 494 scripsit,
581 463 675 494 petens
689 463 718 485 ut
730 458 763 484 ad
780 457 852 485 ordi-

77 510 191 539 nationem
209 508 279 536 hanc
291 507 440 535 accederet.
452 506 571 540 Cumque
585 505 630 532 ille.
641 504 758 532 venisset
776 511 853 538 para-

77 558 104 584 tis
112 556 158 591 iatn
171 554 250 582 rebus
269 553 404 586 omnibus,
421 552 569 587 presbyter,
587 558 665 585 quem
680 549 727 577 Vir
746 554 852 576 sanctus

77 603 129 630 huic
138 600 295 636 episcopatui
319 598 486 632 destinabat,
508 597 617 624 omnino
636 596 710 623 illum
732 596 852 630 accipere

81 648 157 676 noluit.
169 646 260 674 Docuit
281 650 395 674 eventus
408 650 498 680 postea
507 665 514 676 ,
529 643 612 671 satius
625 642 741 670 futurum
753 642 834 669 fuisse
843 662 850 675 ,

78 701 122 720 rem
134 692 188 719 tanti
197 691 329 719 momenti
338 690 438 718 differri
449 690 476 716 in
487 689 557 716 aliud
570 692 684 723 tempus,
695 694 774 722 quam
784 694 852 722 prae

77 737 162 773 cipitari
176 745 182 764 :
195 736 241 764 sed
254 741 320 764 tunc
331 735 492 771 Augustinus
503 734 551 762 sibi
566 741 618 761 non
630 732 847 760 committendum

76 782 170 817 primit,
184 787 212 809 ut
227 789 289 810 cum
303 781 491 816 gravissimum
505 784 532 807 et
546 778 740 806 sanctissimum
760 785 851 805 senem

78 828 215 857 accersisset
224 835 240 855 e
251 832 305 855 tam
315 827 471 862 longinquo,
480 833 540 853 eum
551 832 580 853 re
592 823 690 852 infecta
697 824 849 851 dimitteret.

75 874 220 909 Quapropter
233 872 432 901 adolescentem
447 870 650 899 Fussalensibus
670 877 723 897 non
737 870 851 904 petenti-

74 920 209 949 busobtulit
228 921 338 948 nomine
351 920 506 952 Antonium,
523 926 603 954 quem
625 925 714 945 secum
728 921 790 944 tunc
803 917 851 943 ha-

77 967 145 995 hebet
152 966 208 1002 (hoc
217 966 289 993 enirn
300 965 392 993 forsan
405 965 521 992 Fussala:
531 967 634 999 gestum
646 963 708 998 est),
719 969 852 998 quemque

77 1015 123 1048 iatn
138 1013 191 1040 inde
201 1019 214 1039 a
225 1019 312 1048 puero
326 1011 504 1043 educaverat;
519 1017 612 1038 verum
627 1009 701 1043 cujus
721 1015 770 1035 nec
788 1011 852 1035 retas

76 1060 132 1087 satis
148 1058 225 1086 adhuc
245 1062 353 1085 matura
373 1061 448 1089 erat,
472 1062 521 1083 nec
541 1054 644 1082 indoles
661 1054 726 1081 satis
743 1052 852 1087 probata

75 1105 189 1140 (Ibid.,n.
197 1105 235 1140 9);
246 1112 310 1133 cum
321 1112 382 1132 eum
394 1104 420 1130 in
434 1102 505 1130 nullo
515 1101 603 1129 ofﬁcio
616 1100 767 1133 clericatus,
786 1106 853 1134 prte-

76 1157 176 1187 terqmm
190 1151 309 1184 lectoris,
327 1150 493 1185 explorasset
504 1148 514 1184 (
526 1147 607 1181 Ibid.,
622 1156 648 1173 η.
664 1146 709 1181 5).
724 1146 798 1173 Hunc
812 1149 852 1172 ta-

75 1206 125 1227 men
134 1199 164 1227 ab
176 1199 302 1227 Antistite
315 1205 365 1226 suo
375 1197 425 1225 sibi
438 1195 602 1232 propositum
616 1192 755 1221 Fussalani
769 1191 853 1219 obviis

75 1245 177 1273 manibus
189 1248 371 1280 exceperunt,
393 1251 469 1278 aeque
482 1242 620 1274 videlicet,
635 1244 714 1275 atque
727 1239 771 1266 ille
782 1259 789 1271 ,
807 1245 853 1265 nc-

74 1292 111 1319 scii
120 1299 205 1319 eorum
215 1300 278 1327 quae
288 1296 379 1327 postea
389 1289 520 1317 accidere.
533 1289 571 1315 Ae
581 1295 614 1315 eo
624 1291 702 1322 pacto
719 1285 853 1312 Antonius

77 1335 269 1369 ordinatus't‘uit,
289 1337 371 1371 inque
383 1334 528 1371 episcopali
547 1333 611 1361 sede
626 1332 781 1360 collocatus.
796 1330 855 1363 Quo

76 1387 179 1418 tempore
192 1383 262 1410 facta
276 1383 356 1410 fuerit
368 1381 426 1409 ba-c
437 1379 579 1413 ordinatio,
595 1379 762 1414 ignoramus;
772 1383 855 1411 quan-

77 1435 141 1462 quam
153 1432 239 1456 tamen
253 1435 268 1454 a
282 1428 387 1454 ratione
397 1433 450 1454 non
463 1425 569 1453 videtur
581 1424 707 1455 alienum,
723 1429 781 1449 eam
794 1421 856 1448 Car.

77 1472 204 1508 tluginensi
212 1473 368 1505 collatione,
376 1472 403 1499 in
410 1478 462 1506 qua
469 1469 577 1498 Antonii
587 1475 684 1496 nomen
691 1475 742 1494 non
750 1466 855 1501 legitur,

79 1520 235 1553 posteriorem
246 1519 346 1546 dicere.
359 1517 435 1545 Hunc
446 1517 531 1552 ipsum
545 1516 572 1543 in
584 1514 733 1542 Milevitana
743 1511 856 1548 synodo-

78 1571 133 1591 anuo
140 1564 398 1600 quadringentesimo
408 1562 512 1591 decimo
523 1565 598 1589 sexto
610 1559 754 1593 celebrata,
769 1558 856 1585 nomi-

78 1610 123 1638 nari
135 1611 199 1638 inter
213 1611 331 1643 ultimos,
345 1610 434 1646 opinio
447 1613 501 1642 est;
516 1612 595 1643 atque
610 1607 645 1634 ita
660 1613 753 1633 manus
765 1605 790 1632 ei
804 1604 856 1632 Sil-

79 1663 157 1684 vanum
167 1657 353 1685 Surnmensem
365 1655 532 1691 imposuisse,
548 1660 686 1681 necessum
702 1651 761 1679 erit.

105 1701 128 1729 Ξ.
149 1702 174 1731 ld
191 1710 272 1738 porro
290 1702 411 1729 dolorem
429 1699 569 1736 Augustini
588 1698 679 1726 animo
698 1697 810 1725 incussit
825 1703 858 1724 eo

80 1749 201 1783 acriorem,
219 1747 290 1785 quod
305 1748 349 1780 iis,
372 1754 440 1783 quos
453 1746 566 1773 filiorum
580 1745 640 1772 loco
655 1743 779 1775 habebat,
795 1749 859 1769 con-

80 1793 152 1822 tulerc
164 1795 226 1822 dum
238 1794 370 1827 voluerat,
385 1799 400 1819 e
413 1791 546 1819 contrario
556 1789 670 1817 maxima
684 1788 781 1815 damna
791 1786 859 1814 invi-

83 1840 261 1867 tusattulisset.
276 1839 361 1873 Negat
373 1845 403 1866 se
418 1836 534 1869 Antonii,
551 1842 630 1870 quem
650 1834 761 1866 aluerat,
778 1833 858 1860 vitant

85 1885 206 1914 traducere
217 1885 284 1913 velle
298 1892 305 1916 ;
320 1889 347 1911 at
360 1883 455 1911 fatetur
463 1887 550 1909 tamen
565 1881 707 1913 rationem,
721 1885 799 1914 quam
815 1878 860 1905 ille

85 1933 201 1965 tenuerat,
215 1937 265 1958 tam
277 1938 373 1966 graves
385 1929 522 1965 peperisse
533 1926 703 1959 offensiones,
717 1930 746 1953 ut
757 1925 790 1953 de
803 1925 859 1960 ipsa

85 1975 192 2009 iudicium
205 1977 355 2005 necessario
365 1974 554 2002 instituendum
568 1972 645 2000 fuerit
658 1971 689 2008 (1
694 1971 758 2004 bid.,
773 1979 799 1997 η.
812 1970 829 1997 4
838 1970 858 2005 ).

87 2019 112 2048 In
121 2029 149 2050 eo
164 2030 246 2050 rerum
259 2021 409 2056 capitalium
423 2025 502 2055 atque
516 2017 705 2046 adulteriorum
721 2016 755 2043 ab
771 2015 858 2043 homi-

90 2067 154 2095 nibus
171 2075 218 2095 non
238 2075 293 2095 suae
307 2066 431 2094 dimcesis
450 2068 590 2092 accusatus
608 2067 665 2096 est;
679 2071 694 2090 a
708 2061 860 2089 Fussalauis

90 2119 143 2142 Vero
163 2114 329 2141 intolerabilis
350 2111 537 2140 dominationis
548 2131 555 2142 ,
571 2110 724 2145 rapinarum
736 2129 743 2141 ,
764 2107 859 2134 multo-

94 2164 186 2194 rumque
199 2167 244 2196 per
263 2159 316 2186 vim
332 2158 508 2186 admissorum
524 2155 722 2191 postulabatur,
742 2153 860 2188 neganti-

95 2202 151 2237 bus,
163 2210 186 2232 ut
203 2206 257 2241 ejus
278 2205 461 2233 auctoritatem
479 2202 577 2230 diutius
597 2200 710 2233 ferrent,
730 2198 816 2226 induci
832 2205 860 2225 se

95 2256 174 2284 posse;
183 2256 207 2279 et
215 2260 277 2280 sane
287 2250 425 2279 dubitabat
437 2256 525 2280 nemo,
537 2247 601 2283 quin
610 2247 681 2282 justo
691 2246 782 2273 dolore
795 2253 862 2280 pun«

94 2299 216 2335 ιεηιιιιιιι(
225 2298 292 2326 Ibid.
308 2307 333 2325 η.
348 2297 391 2334 5).
406 2296 593 2323 Verumtamen
606 2301 665 2321 cum
680 2292 729 2319 alia
741 2292 861 2327 graviora

98 2343 197 2378 crimina,
213 2353 323 2381 quorum
344 2343 556 2374 insimulabatur,
570 2340 675 2376 probari
692 2346 744 2365 non
760 2337 860 2373 potuis-

96 2393 151 2423 sent,
170 2398 197 2419 ea
214 2399 256 2419 res
277 2396 379 2418 tantum
396 2389 433 2417 illi
455 2387 603 2416 conciliavit
622 2384 819 2417 misericordiae,
834 2388 863 2411 ut

96 2438 174 2462 ett-tera
183 2444 239 2471 qua:
251 2436 417 2471 deprehensa
433 2429 624 2466 manifestaque
637 2435 724 2463 erant,
743 2430 797 2464 jam
810 2428 861 2455 mi-

96 2485 134 2507 nus
144 2482 238 2509 animos
247 2481 423 2516 percellerent
433 2487 440 2512 ;
452 2486 502 2506 nec
511 2477 598 2505 omnia
609 2475 686 2504 simul
697 2474 862 2502 abdicatione

96 2526 158 2561 digna
170 2528 327 2555 viderentur.
340 2528 483 2553 Damnatus
494 2525 571 2560 igitur
582 2521 764 2550 tantummodo
774 2520 806 2547 ad
816 2528 863 2547 eo-

95 2579 141 2600 NIII
157 2574 269 2601 omnium
278 2595 286 2606 ,
299 2581 359 2608 qua;
376 2570 578 2599 Fussalensibus
590 2568 743 2600 abstulerat,
757 2566 864 2594 restitu-

96 2615 186 2651 timetn.
199 2624 226 2647 et
237 2619 434 2651 communione,
445 2616 530 2652 quoad
548 2615 599 2642 illis
612 2613 792 2645 satisfecisset,
812 2611 864 2647 pri-

96 2668 158 2692 vatus
179 2669 217 2693 est
230 2665 329 2700 (Ibid.,
346 2673 373 2691 η.
395 2664 442 2699 4).
467 2661 647 2690 Gonsentienti
668 2659 783 2687 Antonio
803 2658 864 2686 huic

95 2711 214 2739 utentia
222 2712 305 2739 honor
313 2711 479 2745 episcopatus
491 2709 593 2743 integer
599 2706 708 2734 relictus
717 2709 757 2733 est
765 2705 774 2739 (
781 2703 794 2730 I
799 2704 863 2737 bid.,

96 2755 177 2790 l~6);
202 2757 269 2792 quod
303 2760 455 2791 speraretur
486 2753 587 2781 scilicet
614 2751 680 2783 fore,
707 2754 736 2777 ut
755 2750 799 2785 qui
822 2749 864 2784 ju-

97 2806 214 2830 ventutetn
231 2802 343 2830 necdum
363 2805 434 2829 esset
448 2806 587 2836 egressus,
607 2797 640 2825 ad
653 2797 750 2824 bonam
763 2795 865 2830 frugem

98 2851 215 2882 «turgere
229 2848 328 2875 valeret
349 2848 359 2883 (
368 2846 448 2879 Ibid.,
464 2855 489 2872 γι.
504 2844 548 2880 5).
566 2843 636 2877 Quin
654 2842 733 2870 etiam
747 2841 811 2868 illud
825 2845 867 2869 est

101 2891 298 2926 animadvertere,
314 2893 347 2920 de
358 2891 533 2928 permittenda
546 2891 594 2925 ipsi
611 2888 736 2916 Ecclesiae
749 2894 805 2915 sum
820 2886 867 2914 ad-

102 2937 274 2969 ministratione
285 2946 372 2970 actum
389 2940 415 2968 in
433 2939 540 2974 judicio,
559 2944 674 2973 eamque
697 2943 753 2965 rem
774 2935 866 2971 legalis

734 215 835 243 LIBER
853 212 1022 242 OCTAVUS.

1647 216 1699 244 550

909 271 1111 301 Fussalensibus
1120 280 1180 302 esse
1193 275 1370 310 propositam;
1385 275 1411 303 hi
1424 282 1488 303 vero
1500 275 1596 303 obnixe
1610 274 1696 303 recla-

908 324 1023 353 marnnt,
1044 320 1155 355 professi
1174 320 1260 354 cilius,
1277 329 1354 356 quam
1370 321 1396 349 id
1417 322 1502 355 ﬁeret,
1525 322 1558 349 ad
1578 327 1696 349 extrema

908 367 995 393 omnia
1009 372 1039 394 se
1052 366 1241 398 descensuros;
1253 368 1376 395 nimirum
1387 368 1429 395 vel
1440 368 1570 396 redituros
1580 368 1611 395 ad
1624 367 1695 395 schi-

906 419 964 440 sma
978 412 1135 447 pristinum,
1155 412 1196 440 vel
1219 412 1288 440 forte
1305 413 1384 440 etiam
1405 414 1547 441 Antonium
1561 414 1645 449 ipsum
1657 414 1696 440 itt-

907 462 1093 493 tercmpturos.
1108 457 1184 485 Celer
1202 458 1242 485 vir
1255 458 1421 493 spectabilis,
1439 466 1517 493 quem
1537 459 1587 486 sibi
1608 458 1695 485 infen-

906 511 965 530 sum
977 511 1036 531 esse
1048 508 1127 538 atque
1138 503 1204 531 alios
1224 504 1251 531 in
1264 511 1293 531 se
1307 504 1424 539 potentia
1436 511 1483 531 sua
1498 504 1643 531 concitasse
1651 504 1694 539 ja-

905 549 995 576 ctabat
1017 549 1165 582 Antonius,
1187 554 1248 576 tunc
1267 549 1394 584 temporis
1420 553 1577 584 potestatent
1599 550 1696 576 nullam

905 594 1012 630 gerebat
1027 605 1033 623 :
1050 595 1119 623 uttde
1132 603 1185 623 non
1198 600 1255 623 erat
1267 596 1419 629 obscurum,
1434 596 1634 623 Fussalensiutn
1649 595 1697 622 ab-

904 640 1090 668 alienationem
1110 641 1145 668 ab
1164 641 1280 668 Antonio
1299 648 1331 668 ex
1355 641 1424 668 illius
1451 641 1617 676 iustigatioue
1644 648 1698 668 non

904 687 1047 722 proficisci.
1066 687 1179 714 Necesse
1191 687 1278 721 itaque
1296 686 1344 713 fuit
1361 687 1384 714 ei
1403 686 1526 714 ditecesis
1547 694 1602 713 suae
1613 686 1698 713 admi-

905 733 1090 761 nistrationem
1111 732 1246 766 adimere,
1266 740 1394 760 concessa
1415 733 1491 760 venia
1508 732 1603 760 ibidem
1623 732 1698 760 habi-

905 778 993 810 tandi;
1010 786 1044 806 ne
1063 779 1085 805 si
1107 778 1168 805 inde
1184 778 1237 805 alio
1255 779 1418 811 mitteretur,
1435 779 1461 805 in
1481 779 1592 806 alienam
1606 779 1696 807 cathe-

904 824 978 852 dram
994 829 1086 852 contra
1104 828 1200 852 statuta
1214 825 1386 853 conciliorum
1399 824 1542 852 translatus
1553 824 1641 852 illicite
1655 824 1697 852 di-

892 875 1007 898 ceretur
1022 870 1114 905 (Ibid.,
1131 880 1157 898 η.
1169 870 1208 906 7).
1219 869 1353 906 Quidquid
1368 870 1394 897 in
1404 878 1437 898 eo
1447 870 1548 905 judicio
1560 870 1699 898 decretum

904 922 954 950 est,
969 917 1047 944 simul
1066 917 1092 944 in
1110 916 1211 944 tabulas
1228 916 1392 944 referebatur
1411 926 1416 942 ε
1437 917 1508 952 quod
1529 917 1555 943 in
1576 917 1699 945 universa

904 962 994 990 Africa
1007 963 1033 990 id
1045 963 1172 998 temporis
1187 970 1234 990 usu
1245 967 1380 998 receptum
1391 962 1484 996 fuisse,
1497 962 1598 990 dubitet
1608 970 1697 992 nemo.

905 1008 1015 1036 Fatetur
1029 1015 1109 1043 porro
1124 1009 1301 1044 Augustinus,
1320 1008 1371 1035 hoc
1385 1007 1513 1043 judicium
1531 1008 1565 1035 ad
1579 1012 1698 1036 exactam

904 1054 1073 1082 severitatem
1096 1055 1184 1081 minus
1196 1054 1371 1089 compositum
1386 1054 1469 1081 videri
1483 1061 1581 1088 posse;
1595 1061 1698 1081 necnon

905 1100 984 1128 isthic
997 1107 1073 1135 atquo
1088 1100 1227 1128 remissius
1248 1103 1336 1126 actum
1349 1106 1409 1126 esse
1422 1103 1546 1130 testatur;
1561 1106 1594 1126 an
1607 1103 1697 1127 autem

905 1147 973 1174 alius
990 1146 1130 1181 episcopus
1151 1145 1268 1173 Fussala}
1293 1145 1452 1173 constitutus
1470 1145 1575 1172 interim
1599 1145 1696 1178 fuerit,

906 1199 975 1219 anve
995 1191 1106 1219 redierit
1124 1191 1157 1219 ad
1176 1198 1250 1219 suam
1264 1198 1367 1223 curam,
1389 1190 1495 1218 silentio
1509 1191 1697 1225 praetermittit.

906 1237 1033 1265 Ultimum
1047 1241 1134 1264 tamen
1147 1245 1161 1264 a
1176 1236 1226 1264 fide
1239 1237 1326 1264 minus
1341 1236 1456 1264 alienum
1469 1240 1519 1269 est,
1536 1237 1558 1263 si
1571 1244 1623 1264 non
1638 1244 1699 1264 om-

907 1284 971 1312 nino
981 1288 1082 1311 certum
1093 1283 1221 1311 habeatur
1236 1292 1242 1310 :
1258 1283 1469 1318 quandoquidem
1483 1283 1583 1310 honore
1597 1283 1700 1317 episco-

908 1329 959 1363 pali
973 1329 1089 1356 Antonio
1102 1329 1128 1356 in
1142 1329 1248 1363 propria
1262 1328 1326 1356 sede
1339 1332 1508 1361 conservato,
1523 1328 1544 1355 si
1559 1328 1639 1355 alium
1651 1336 1698 1355 an-

908 1375 1017 1402 tistitem
1032 1375 1094 1401 illuc
1105 1374 1281 1407 induxissent,
1300 1375 1390 1409 biceps
1405 1374 1490 1401 futura
1505 1378 1563 1401 erat
1580 1374 1636 1401 haec
1648 1373 1700 1401 Ec-

908 1420 999 1448 clesia.
1023 1419 1079 1447 Huc
1100 1425 1127 1446 et
1149 1419 1214 1446 illud
1234 1419 1321 1452 adde,
1347 1419 1432 1454 ipsum
1452 1419 1626 1454 Augustinum
1650 1419 1701 1447 sub

909 1470 1043 1494 extremos
1058 1465 1117 1492 vitae
1137 1472 1192 1492 sua:
1213 1472 1298 1492 annos
1314 1465 1407 1492 litteris
1419 1464 1619 1492 commendasse
1638 1472 1700 1499 pre-

909 1512 1043 1547 sbyterum
1053 1510 1195 1546 quemdam
1208 1510 1395 1537 Fussalensem
1409 1510 1435 1537 in
1449 1510 1505 1538 hanc
1522 1509 1602 1537 verba
1618 1519 1623 1536 ε
1640 1510 1700 1537 Non

910 1558 976 1585 enim
987 1565 1119 1592 postumus
1132 1557 1289 1583 necessitates
1305 1557 1433 1583 hominum
1445 1556 1589 1592 Itujasmodi
1603 1556 1701 1584 desere-

909 1612 947 1637 re,
953 1603 995 1638 qui
1003 1603 1079 1630 nostri
1089 1610 1138 1629 non
1147 1602 1239 1635 coloni,
1247 1602 1301 1635 sed,
1309 1602 1375 1636 quod
1385 1603 1468 1636 majus
1474 1607 1519 1634 est,
1529 1602 1619 1636 fratrea
1628 1607 1698 1636 sunt,

910 1649 968 1675 etin
978 1648 1099 1675 charitate
1108 1647 1201 1675 Christi
1210 1647 1244 1674 ad
1254 1656 1339 1674 curam
1350 1648 1471 1682 pertinent
1482 1652 1593 1674 nostram
1601 1647 1610 1682 (
1616 1646 1700 1683 Epist.

909 1693 964 1721 224
973 1714 981 1727 ,
994 1702 1038 1721 nn.
1056 1695 1068 1721 1
1081 1713 1089 1726 ,
1103 1694 1147 1729 3).
1162 1694 1226 1726 Quae
1239 1700 1283 1720 res
1297 1701 1462 1728 nequaquam
1478 1693 1620 1728 prohibet,
1633 1700 1701 1728 quo-

911 1741 1000 1768 minus
1010 1740 1134 1767 defuncto
1144 1740 1260 1767 Antonio
1271 1739 1367 1766 ibidem
1378 1739 1538 1767 constitutus
1548 1739 1625 1767 fuerit
1633 1739 1704 1768 alius

911 1786 1061 1821 episcopus.
1078 1785 1180 1820 Quippe
1193 1792 1225 1812 ex
1246 1785 1339 1811 notitia
1359 1785 1455 1812 Africa:
1475 1792 1636 1820 cognoscere
1649 1789 1692 1813 est

912 1830 1013 1858 sedisse
1027 1830 1142 1858 Fussala:
1154 1830 1308 1865 episcopum
1322 1830 1428 1858 nomine
1441 1830 1587 1858 Meliorem.
1603 1841 1607 1845 ι

948 1877 973 1904 ὅ.
991 1875 1191 1909 Finitojudicio,
1199 1879 1326 1910 quantum
1338 1875 1541 1903 Fussalensibus
1552 1877 1699 1910 rependere

912 1922 1041 1950 Antonius
1048 1921 1167 1953 deberet,
1187 1921 1346 1948 testimatum
1357 1925 1412 1952 est;
1426 1921 1501 1955 isque
1515 1921 1652 1956 pecuniatn
1669 1922 1702 1948 il-

911 1969 975 2002 lam,
992 1972 1020 1995 ut
1033 1967 1245 1995 commuttionem
1259 1966 1400 1999 obtineret,
1410 1966 1540 2001 deposuit.
1549 1967 1624 1999 Quod
1638 1974 1702 1995 vero

912 2014 945 2042 ad
959 2014 1070 2041 alteram
1090 2020 1176 2047 pictae
1201 2012 1249 2040 sibi
1265 2012 1396 2046 imposita
1411 2018 1522 2046 partem,
1537 2012 1593 2047 ipsa
1603 2012 1646 2039 illa
1657 2012 1699 2039 in-

885 2065 889 2071 ‘
912 2059 1056 2094 dulgentia,
1068 2065 1127 2093 qua:
1136 2057 1253 2084 adhibita
1264 2056 1392 2083 adversus
1406 2064 1467 2083 eum
1476 2056 1572 2087 fuerat,
1582 2057 1700 2084 colorem

913 2103 1128 2140 eisuppeditavit,
1136 2107 1164 2129 ut
1175 2103 1258 2137 ipsam
1268 2110 1282 2129 a
1294 2101 1362 2129 Sede
1373 2102 1516 2135 apostolica
1525 2102 1640 2129 rescindi
1653 2109 1700 2129 cu-

913 2156 994 2183 raret,
1010 2148 1158 2177 obtendens
1176 2147 1300 2175 videlicet
1321 2154 1380 2175 sese
1391 2148 1553 2182 episcopatu.
1570 2147 1700 2182 siquidem

913 2204 975 2224 reus
988 2195 1082 2224 fuisset
1101 2194 1293 2229 deprehensus,
1310 2193 1458 2227 oportuisse
1480 2192 1612 2224 abdicari;
1629 2192 1700 2227 quod

914 2246 1000 2269 autem
1015 2241 1040 2268 id
1055 2240 1152 2267 factum
1173 2246 1226 2266 non
1247 2242 1328 2270 esset,
1356 2241 1510 2272 argumento
1528 2244 1596 2268 esse,
1613 2244 1661 2264 nec
1671 2244 1701 2264 se

914 2288 1010 2323 privari
1029 2286 1093 2314 sede
1114 2293 1161 2313 sua
1187 2284 1281 2311 merito
1305 2283 1422 2318 potuisse
1437 2282 1530 2318 (Epist.
1545 2283 1606 2315 209,
1623 2292 1649 2310 η.
1661 2284 1700 2318 'I).

914 2333 1043 2361 Convenit
1053 2333 1139 2366 itaque
1151 2330 1301 2365 primatem,
1311 2328 1479 2355 Valentinum
1495 2327 1563 2355 forte
1576 2328 1701 2356 Baianen-

915 2388 981 2410 sem,
996 2379 1040 2413 qui
1051 2378 1157 2405 Silvano
1169 2375 1320 2403 Summeusi
1334 2374 1361 2401 in
1375 2381 1406 2401 ea
1416 2374 1544 2409 dignitate
1554 2375 1700 2408 successit;

915 2431 943 2454 et
959 2431 1107 2460 quanquam
1120 2426 1226 2450 sanctus
1245 2421 1290 2448 ille
1303 2428 1334 2448 ac
1344 2421 1502 2449 venerabilis
1516 2428 1598 2448 senex
1612 2421 1702 2456 gravi-

916 2475 968 2498 tate
980 2473 1037 2497 erat
1054 2468 1188 2504 przeditus,
1207 2467 1256 2502 ipsi
1272 2471 1358 2494 tamen
1380 2466 1476 2493 astutia
1500 2474 1562 2498 sua,
1587 2473 1618 2493 ac
1632 2466 1701 2502 forte

915 2517 993 2544 etiam
1009 2513 1181 2543 ntendacibus
1191 2517 1270 2548 atque
1294 2511 1457 2546 interpolatis
1483 2511 1548 2539 actis
1560 2511 1701 2546 imposuit;

915 2564 950 2591 ita
971 2567 999 2590 ut
1026 2562 1068 2588 hic
1088 2567 1194 2592 eorum,
1214 2566 1272 2594 qua:
1284 2558 1375 2585 abillo
1389 2557 1554 2590 dicebantur,
1571 2557 1633 2584 nihil
1648 2564 1701 2584 non

915 2608 1038 2641 credens,
1054 2607 1128 2634 illum
1137 2604 1274 2633 Bonifacio
1289 2611 1363 2639 papre
1377 2607 1501 2638 tanquam
1514 2602 1548 2630 ab
1560 2602 1630 2630 omni
1646 2602 1703 2630 cul-

916 2664 949 2692 pa
969 2656 1084 2683 alienum
1105 2650 1333 2680 commendaverit
1347 2649 1438 2686 (Ibid,
1451 2658 1476 2675 η.
1491 2649 1528 2684 6).
1551 2647 1703 2676 Secundum
1729 2666 1732 2670 -

916 2701 1061 2729 Antonium
1069 2698 1196 2734 judicavit
1208 2695 1369 2726 Bonifacius,
1386 2694 1472 2729 deque
1487 2693 1532 2720 illo
1543 2693 1570 2720 in
1583 2695 1641 2727 jura
1656 2700 1704 2720 sua

916 2746 1088 2778 restituendo,
1099 2746 1122 2772 si
1137 2750 1224 2771 tamen
1238 2741 1289 2770 sibi
1303 2748 1392 2769 rerum
1407 2745 1503 2767 statum
1516 2739 1542 2766 in
1554 2746 1603 2766 suo
1615 2738 1704 2766 libello

917 2795 1020 2822 sincere
1039 2791 1201 2827 aperuisset,
1219 2789 1324 2823 scripsit
1338 2788 1365 2815 in
1387 2787 1503 2815 Africam
1517 2784 1615 2820 (Ibid.,
1624 2792 1650 2810 η,
1662 2782 1703 2819 9).

918 2839 1068 2868 Fussalauis
1076 2838 1130 2872 jam
1145 2836 1208 2863 nihil
1219 2834 1290 2862 aliud
1300 2833 1486 2862 intentabatur,
1497 2837 1575 2864 quam
1584 2829 1705 2863 judicum
1741 2829 1748 2853 ζ

918 2894 950 2914 ac
964 2886 1162 2919 magistratuum
1179 2879 1358 2919 imperialiutn
1382 2880 1514 2912 potestas;
1538 2877 1617 2908 atque
1638 2873 1705 2901 adeo

919 2917 1042 2963 militaris
1056 2935 1149 2958 manus
1164 2924 1321 2957 adhibenda,
1337 2917 1395 2961 (me
1417 2921 1449 2950 ad
1465 2918 1610 2958 parendum
1629 2919 1704 2950 Sedis
