3858 6392
486 394 583 452 551

483 506 790 577 apostolica:
810 501 1010 571 judicio
1033 499 1260 554 miseros
1283 497 1520 567 adigeret
1546 515 1557 548 :
1585 496 1653 550 ita
1697 504 1751 548 ut
1781 494 1959 552 infelix
1994 495 2081 550 ille

487 600 740 672 pupulas,
770 597 907 652 intra
931 593 1229 648 Ecclesium
1256 589 1596 654 catholicam,
1620 587 1685 642 ab
1711 588 1963 658 episcopo
1996 602 2084 642 ca-

485 690 688 746 tholico
716 689 926 743 timeret
952 683 1228 739 acerbiora
1277 682 1362 748 iis,
1397 697 1514 752 quae
1542 680 1594 734 in
1636 679 1923 735 schismate
1951 695 1980 734 a
2008 680 2086 736 le-

487 798 615 854 gum
644 777 985 850 Imperatoris
1005 775 1250 832 catholici
1276 773 1592 828 auctoritate
1624 772 1891 828 timuerat.

563 877 618 930 4.
657 874 876 931 Sublato
898 871 1110 927 interim
1131 884 1162 924 e
1183 869 1343 924 rebus
1378 866 1624 922 humanis
1651 864 1942 930 Bonifacio,
1968 861 2083 921 Ca:-

485 969 666 1026 lestini
692 968 744 1022 in
764 967 882 1037 ejus
911 965 1085 1021 locum
1114 960 1320 1018 suffecti
1347 975 1503 1030 Opem
1519 959 1868 1016 Fussalenses
1902 956 2084 1029 implo-

486 1075 697 1124 ravere,
724 1058 874 1112 illum
913 1071 1010 1126 per
1037 1053 1233 1110 Christi
1265 1051 1689 1108 misericordiam
1730 1051 2082 1116 obtestantes,

487 1160 550 1206 ut
568 1166 628 1206 se
654 1165 719 1215 ex
740 1149 818 1204 eis
839 1147 992 1202 malis
1009 1146 1262 1215 eriperet,
1285 1158 1403 1213 quae
1419 1142 1519 1196 sibi
1550 1141 1831 1206 inferebat,
1855 1149 1945 1194 aut
1964 1141 2083 1196 illa-

489 1255 668 1299 turum
691 1240 1036 1308 minitabatur
1064 1239 1326 1292 Antonius
1348 1235 1539 1310 (Epist.
1565 1234 1714 1306 209).
1747 1235 1884 1301 Quin
1922 1234 2083 1288 etiam

489 1339 558 1393 de
599 1335 916 1407 Augustino,
939 1348 968 1387 a
995 1348 1101 1402 quo
1135 1329 1396 1401 ejusmodi
1420 1332 1729 1398 epiSCOpum
1747 1336 2086 1397 acceperant,

490 1430 854 1500 querebantur
881 1444 894 1481 :
919 1424 1059 1497 quod
1081 1423 1201 1494 jure
1229 1422 1297 1477 ab
1321 1422 1398 1478 eis
1430 1421 1626 1475 factum
1655 1434 1795 1484 esse,
1817 1417 2087 1473 humiliter

489 1538 554 1577 ac
589 1521 830 1577 modeste
847 1517 1087 1590 agnoscit
1116 1522 1333 1570 sanctus
1360 1512 1616 1568 Antistes.
1653 1511 1834 1582 Itaque
1865 1526 1968 1565 non
1999 1524 2086 1564 so-

488 1618 602 1672 lum
629 1616 709 1671 eis
754 1613 879 1669 inde
917 1627 1024 1666 non
1060 1610 1230 1665 factus
1274 1607 1549 1673 offensior,
1574 1605 1667 1660 sed
1693 1613 1878 1660 contra
1899 1619 2084 1660 eorum

491 1709 776 1782 postulatis
819 1707 1081 1762 fautorem
1109 1719 1168 1759 se
1185 1701 1323 1773 apud
1349 1699 1699 1758 Caelestinum
1721 1714 1913 1770 papam
1950 1713 2088 1768 prae-

489 1805 638 1872 buit,
670 1802 736 1858 ad
794 1815 951 1872 quem
1003 1808 1058 1856 et
1101 1797 1412 1868 praeclaram
1469 1809 1531 1850 ea
1574 1793 1642 1848 de
1682 1808 1739 1848 re
1767 1790 2082 1862 epistolam,

495 1912 655 1968 quam
679 1895 974 1950 etiatnnum
1003 1889 1267 1946 habemus
1292 1885 1479 1958 (Ibid)
1503 1925 1515 1952 ,
1542 1899 1765 1956 qumque
1807 1883 1907 1937 hoc
1942 1879 2100 1937 anno"

490 1985 1014 2060 quadringentesimo
1040 1981 1298 2054 vigesimo
1323 1978 1498 2042 tertio,
1529 1992 1624 2046 pro
1651 1977 1890 2060 instituto
1927 1989 1957 2027 a
1987 1987 2087 2026 no-

489 2057 576 2135 bis
595 2057 800 2142 ordine,
827 2075 1072 2148 ponenda
1097 2085 1202 2140 est,
1229 2071 1391 2127 misit.
1412 2068 1733 2138 Quinetiam
1763 2057 1976 2122 videtur
2005 2064 2085 2134 ip-

490 2181 665 2227 semet
692 2170 890 2239 primas
912 2165 1175 2232 fraudem,
1206 2179 1309 2235 qua
1329 2163 1586 2232 deceptus
1615 2159 1684 2215 ab
1709 2157 1940 2214 Antonio
1968 2155 2083 2211 fue-

490 2271 593 2326 rat,
626 2260 981 2325 intellexisse;
1027 2257 1224 2328 quippe
1257 2255 1349 2325 qui
1373 2264 1492 2309 acta
1514 2262 1568 2308 et
1595 2258 1938 2306 monumenta
1967 2263 2082 2302 om-

490 2355 658 2419 nium,
682 2370 801 2424 quas
829 2352 895 2407 ad
923 2365 1139 2407 causam
1175 2351 1309 2403 hanc
1336 2345 1694 2418 pertinebant,
1741 2343 1808 2398 ad
1829 2341 2078 2397 leesti-

485 2463 616 2500 num
664 2444 979 2516 perferenda
1029 2443 1314 2498 curaverit.
1373 2439 1701 2509 Augustinus
1753 2438 1807 2492 in
1861 2435 1974 2490 suis
2017 2433 2084 2489 ad

491 2537 739 2592 eumdem
769 2536 916 2589 iihnn
952 2533 1259 2603 pontificem
1297 2529 1490 2586 litteris
1520 2529 1784 2599 principio
1818 2528 1867 2580 ei
1906 2535 2083 2597 gratu-

498 2630 639 2684 latur
658 2669 674 2695 ,
705 2627 846 2698 quod
869 2628 984 2681 sine
1011 2625 1180 2681 turbis
1207 2632 1301 2678 aut
1325 2624 1436 2678 ullo
1455 2622 1681 2678 discidio
1695 2622 1760 2676 ad
1776 2619 2083 2691 apostolicos

491 2722 763 2793 dignitatis
777 2721 981 2791 apicem
1000 2718 1160 2774 fuerit
1183 2726 1401 2773 evectus
1427 2734 1439 2770 ι
1466 2713 1661 2771 deinde
1683 2723 1880 2784 quanto
1907 2728 1966 2769 se
1985 2712 2083 2766 do-

489 2817 606 2872 lore
643 2815 858 2870 Antonii
884 2829 1043 2870 causa
1073 2811 1290 2880 efﬁciat,
1319 2811 1557 2881 exponit.
1591 2809 1710 2864 Mox
1758 2819 1969 2866 narrata
2002 2815 2081 2868 rei

492 2911 654 2965 totius
692 2909 934 2976 historia,
970 2910 1166 2979 Papam
1202 2907 1521 2971 obtestatur,
1545 2913 1604 2960 ut
1627 2905 1866 2975 ejusdem
1888 2920 2080 2961 tuonu-

486 3009 665 3056 menta
697 3001 764 3056 ad
809 3017 932 3055 eum
956 3017 985 3054 a
1017 3001 1240 3070 primte
1269 2999 1581 3054 transmissa
1616 2997 1757 3069 legat
1782 2998 2079 3068 expendat-

487 3109 611 3164 que.
641 3094 812 3164 Rogat
841 3103 1046 3163 postea,
1073 3093 1371 3163 agritudini
1398 3107 1512 3146 suae
1536 3091 1922 3160 competiatur;
1948 3092 2080 3148 Fus-

484 3187 748 3241 salensem
779 3187 1071 3241 Ecclesium
1099 3185 1167 3239 ab
1191 3200 1279 3250 eo,
1303 3199 1331 3236 a
1359 3199 1464 3253 quo
1490 3185 1744 3239 miserum
1776 3185 1828 3238 in
1861 3185 2078 3240 modum

488 3276 855 3340 divexabatttr,
889 3277 1075 3330 liberet
1095 3293 1110 3340 ;
1135 3291 1199 3330 ac
1219 3277 1357 3329 bene
1373 3275 1441 3329 de
1463 3275 1564 3329 hoc
1593 3275 1790 3344 pupqu
1806 3284 1860 3330 et
1888 3275 1954 3330 de
1969 3277 2080 3330 An-

486 3369 770 3438 tonio'ipso
797 3367 984 3422 eadem
1005 3382 1167 3436 opera
1196 3376 1489 3431 mereatur,
1508 3381 1574 3421 ne
1591 3367 1678 3420 hic
1708 3367 1942 3436 ingentia
1964 3377 2076 3424 ma-

485 3462 539 3516 la
561 3459 772 3522 inferat,
813 3473 948 3512 neve
979 3457 1054 3511 illi
1083 3456 1270 3510 cadent
1303 3459 1591 3525 patiantur,
1627 3458 2076 3527 prohibendo,sia-

488 3554 710 3622 mulque
739 3551 1070 3606 occurrendo
1096 3550 1202 3604 illis
1218 3549 1552 3615 criminibus,
1582 3566 1701 3620 quas
1731 3552 1895 3620 ipsius
1916 3554 2076 3608 resti-

484 3644 745 3699 tutionem
773 3653 924 3697 erant
948 3650 1217 3697 secutura.
1249 3640 1354 3695 Sed
1400 3655 1495 3710 per
1521 3639 1720 3696 Christi
1760 3644 2071 3713 sanguinem

482 3745 538 3790 et
566 3735 881 3791 memoriam
909 3733 1134 3803 apostoli
1161 3732 1324 3799 Petri,
1356 3732 1447 3802 qui
1485 3732 1907 3789 Christianorum
1939 3751 2074 3806 prse-

481 3830 688 3900 positos
714 3827 1026 3897 populorum
1078 3826 1302 3890 monuit,
1344 3839 1410 3880 ne
1451 3825 1710 3881 violenter
1734 3826 2074 3883 dominenttr

483 3924 539 3976 in
571 3921 765 3976 fratres
792 3919 812 3992 (
831 3920 847 3972 l
867 3916 1011 3973 Pctr.
1035 3934 1088 3984 v,
1108 3919 1184 3988 3),
1209 3917 1556 3973 Caelestinum
1574 3919 1835 3984 obsecrat,
1857 3933 1922 3975 ne
1942 3920 2073 3975 Fus-

479 4015 719 4070 salenses
764 4009 831 4067 ad
879 4012 1232 4067 obediendum
1286 4012 1521 4066 Antonio
1551 4027 1646 4082 per
1673 4013 1777 4067 vim
1822 4013 2072 4084 compelli

481 4107 622 4161 sinat
641 4105 831 4175 (Epist.
865 4101 992 4168 209,
1018 4117 1070 4156 η.
1097 4103 1172 4174 9).
1197 4103 1329 4157 Nam
1355 4112 1576 4174 apparet
1605 4104 1712 4159 illis
1741 4107 2071 4176 temporibus

476 4200 756 4265 accidisse,
783 4205 843 4253 ut
883 4189 1218 4253 mitterentur
1246 4196 1314 4251 ab
1337 4198 1623 4267 apostolica
1652 4198 1811 4264 Sede,
1843 4207 1936 4253 aut
1958 4199 2070 4255 sal-

479 4303 587 4351 tem
619 4299 949 4363 peterentur,
1004 4295 1186 4345 eorum
1226 4305 1454 4361 quorum
1506 4292 1761 4346 intererat
1797 4294 2065 4361 precibus,

479 4387 728 4445 mittendi
760 4388 811 4442 in
841 4381 1073 4441 Africam
1095 4385 1272 4441 clerici
1301 4385 1546 4451 Romani,
1571 4386 1658 4456 'qui
1681 4389 2067 4443 sententiarum

478 4479 622 4537 illius
646 4490 988 4538 exsecuturos
1017 4477 1198 4534 essent
1216 4476 1421 4549 (Codice
1449 4475 1712 4532 (Iunonum
1733 4478 1920 4548 Atria,
1951 4495 2063 4534 can.

482 4569 646 4649 138):
676 4574 866 4645 quibus
891 4571 1031 4628 haud
1084 4571 1246 4628 dubie
1303 4570 1693 4641 injungebatur,
1728 4579 1786 4625 ut
1831 4572 2065 4627 civilium

476 4675 797 4736 potestatum
822 4673 997 4736 opem,
1015 4661 1104 4720 ubi
1135 4671 1221 4720 res
1239 4667 1504 4734 posceret,
1526 4663 1889 4733 implorarent.
1913 4663 2069 4734 Ejus-

482 4759 603 4812 dem
633 4757 847 4811 Antonii
877 4758 1145 4825 nunquam
1189 4756 1291 4808 nisi
1323 4759 1527 4809 sitmma
1552 4761 1674 4808 cum
1701 4754 2067 4810 moderatione
2147 4805 2170 4814 ,

478 4855 532 4902 et
573 4853 823 4916 tanquam
849 4847 938 4899 filii
967 4846 1050 4900 sui
1078 4845 1401 4900 mentionem
1429 4846 1548 4901 facit
1577 4847 1938 4916 Augustinus;
1972 4859 2065 4901 ve-

478 4949 595 4992 rum
628 4949 732 5007 quo
761 4937 905 4990 illum
932 4933 1182 5003 diligebat
1204 4933 1704 5001 vehementius,hoc
1733 4937 1900 5008 magis
1916 4935 2068 4993 dam-

476 5028 667 5084 nanda:
699 5027 840 5082 illius
868 5023 1140 5096 copiditati
1162 5027 1470 5083 obsistebat.

551 5125 603 5179 5.
644 5122 814 5190 Quam
848 5119 1153 5192 imprudens
1198 5121 1405 5191 culpam
1437 5122 1752 5188 incurrerat,
1777 5123 2064 5178 Antonium

475 5219 529 5272 in
556 5213 913 5286 episcopalem
945 5214 1183 5269 ordinem
1230 5209 1549 5285 coaptando,
1601 5217 1798 5285 passim
1829 5217 2021 5270 fatetur
2047 5225 2061 5268 ξ

475 5319 529 5364 at
569 5325 676 5380 quo
697 5309 866 5378 putuit
890 5308 1030 5362 ultra
1077 5307 1321 5377 progredi
1349 5309 1515 5362 sancti
1555 5305 1662 5360 Viri
1693 5306 1960 5361 humilitas
2002 5319 2064 5362 ac

478 5389 794 5470 ptenitndo?
823 5393 910 5452 Me
937 5409 1075 5463 sane,
1105 5399 1296 5467 inquit,
1317 5399 1452 5467 quoii
1470 5396 1810 5464 conﬁtendum
1838 5405 1915 5450 est
1934 5397 2066 5450 Beas

482 5485 688 5545 titudini
713 5495 812 5544 tua:
831 5532 845 5557 ,
875 5491 929 5543 in
958 5491 1051 5543 isto
1072 5495 1398 5557 utrarumque
1425 5488 1676 5557 periculo,
1712 5495 1877 5541 tantus
1917 5489 2064 5541 timor

472 5593 520 5636 et
547 5593 730 5637 mceror
753 5583 1024 5642 excruciat,
1055 5577 1109 5634 al
1131 5582 1192 5633 ab
1215 5575 1375 5649 oﬂicio
1402 5581 1612 5649 c'ogitem
1639 5581 1842 5650 gerendi
1867 5581 2061 5651 episco-

475 5685 622 5742 patus
652 5674 934 5738 abscedere,
961 5680 1008 5728 et
1047 5689 1124 5726 me
1145 5671 1374 5726 lamentis
1413 5673 1570 5726 errori
1597 5689 1704 5726 meo
1730 5676 2064 5729 convenienti-

474 5762 565 5856 bus
591 5764 791 5856 dedere,
823 5766 866 5819 si
885 5781 971 5833 per
1001 5781 1114 5818 eum
1154 5765 1300 5856 oxias
1325 5763 1635 5856 episcopatui
1653 5781 1741 5836 per
1760 5766 2060 5835 impruden-

477 5853 596 5907 tiam
631 5854 940 5924 su/fragatus
966 5872 1106 5922 sum,
1134 5853 1320 5912 viatori
1351 5854 1626 5914 Ecclesium
1650 5855 1768 5926 Du,
1820 5866 1884 5927 et,
1929 5860 2062 5929 quod

1661 380 1819 435 VITA
1860 378 1915 434 S.
1959 377 2334 436 AUGUSTINI
2379 381 2694 440 EPISCOPI.
3629 407 3705 465 εἰ

2196 498 2304 568 ipse
2335 496 2472 553 Deus
2502 509 2711 564 avertat,
2737 504 2886 558 etiam
2908 520 3019 558 cum
3050 509 3288 563 vastantis
3313 513 3562 580 perditione
3587 524 3705 590 ρει-ίιιε

2194 606 2521 657 conspexero.
2542 591 2784 648 Recolens
2803 595 2936 649 enim
2963 598 3095 667 quod
3121 600 3188 653 ait
3218 601 3492 673 Apostolus,
3515 627 3529 659 t
3553 609 3601 664 Si
3623 630 3704 670 nos-

2194 681 2807 754 metipsosjudicarcmus,
2827 687 2857 740 ὰ
2872 687 3089 744 Domino
3103 707 3201 746 non
3213 693 3707 771 judicaremunﬂlior.

2194 789 2272 841 XI,
2302 774 2425 846 5i);
2449 777 2692 847 judicabo
2716 795 2792 834 me
2821 780 3006 850 ipsum,
3037 792 3089 837 ut
3113 795 3286 853 parcat
3310 787 3426 842 milii
3456 793 3532 860 qui
3549 795 3709 864 ἀπάξω.

2195 875 2341 920 turus
2370 878 2441 921 est
2469 869 2603 923 viros
2633 879 2679 924 et
2707 882 2950 926 mortuos.
2976 867 3037 929 Si
3061 884 3225 930 autent
3256 887 3303 932 et
3329 881 3532 935 membra
3550 884 3710 958 Christi,

2194 973 2310 1028 qua:
2337 959 2390 1012 in
2422 959 2513 1014 illa
2535 961 2734 1032 regione
2762 973 2896 1029 sunt,
2927 964 2989 1018 ab
3014 967 3256 1022 exitiabili
3296 970 3464 1028 timore
3485 990 3537 1028 ac
3560 977 3713 1036 tristitia

2194 1052 2513 1119 recreaveris,
2542 1063 2589 1107 et
2615 1071 2774 1108 meum
2803 1067 3102 1112 senectutem
3130 1060 3225 1116 hac
3261 1063 3712 1139 misericordijustitia

2195 1145 2352 1212 fueris
2379 1145 2684 1214 consolatus,
2704 1147 2937 1202 retribuet
2963 1149 3049 1204 tibi
3078 1153 3185 1206 etin
3206 1157 3509 1224 prwsenti,ct
3526 1161 3714 1232 inlutus

2194 1239 2320 1304 vita,
2348 1238 2476 1292 bona
2499 1255 2590 1306 pro
2621 1239 2783 1308 bonis,
2818 1243 2902 1311 qui
2924 1259 3012 1314 per
3033 1252 3078 1297 te
3100 1245 3240 1300 nobis
3272 1247 3323 1300 in
3351 1249 3443 1302 ista
3459 1251 3713 1314 tribulatione

2195 1331 2465 1422 succurrit,
2490 1341 2536 1384 et
2549 1332 2634 1402 qui
2659 1341 2708 1388 te
2731 1334 2781 1387 in
2809 1332 2900 1387 illa
2915 1336 3030 1389 sede
3049 1339 3301 1392 constituit
3324 1339 3568 1413 (15,1309,
3581 1350 3709 1422 mili).

2195 1417 2518 1476 C(elestinus
2555 1422 2716 1478 dubio
2747 1425 2932 1494 procul
2974 1427 3197 1498 epistola
3229 1429 3316 1484 illa
3347 1439 3450 1487 tam
3481 1417 3712 1496 vehementi

2194 1521 2468 1582 permotus
2491 1523 2590 1580 est,
2621 1516 2838 1570 omnino
2859 1534 2962 1587 que
2989 1519 3159 1574 noluit
3187 1521 3378 1578 orbare
3403 1524 3645 1586 Ecclesiae
3666 1547 3713 1590 eo

2194 1603 2454 1673 Praesulc,
2467 1607 2620 1676 cujus
2637 1607 2936 1666 doctrinam
2963 1625 3026 1666 ac
3045 1609 3242 1666 famam
3259 1607 3503 1685 defendit,
3520 1628 3712 1688 patronus

2194 1698 2431 1754 omnium
2462 1699 2616 1771 longe
2647 1701 3056 1762 illustrissimus.
3088 1705 3287 1775 Quare,
3318 1725 3435 1766 cum
3458 1713 3712 1784 Augustinus

2195 1791 2264 1848 ad
2295 1802 2617 1861 extremum
2649 1809 2817 1866 usque
2865 1798 3111 1868 spiritum
3157 1800 3480 1872 Hipponensi
3521 1806 3712 1868 Ecclesia

2194 1884 2486 1956 praefuerit,
2518 1896 2572 1944 et
2596 1887 2971 1945 Fussalensent
2997 1907 3210 1964 quoque
3237 1897 3433 1952 rexerit
3455 1914 3580 1956 anno
3598 1918 3712 1974 supra

2193 1977 2770 2049 quadringentesimum
2822 1982 3080 2053 vigesimo
3131 1986 3362 2056 septimo
3406 1990 3481 2046 vel
3515 1993 3712 2063 vigesimo

2193 2078 2415 2136 octavo;
2444 2070 2565 2125 hinc
2587 2071 2854 2140 judicatur
2877 2071 3250 2145 Caelestinum,
3265 2087 3323 2134 ut
3344 2080 3580 2140 Antonius
3601 2083 3713 2156 hujus

2193 2163 2336 2218 sedis
2367 2164 2828 2222 administratione
2856 2168 3117 2236 spoliatus
3139 2184 3398 2241 maneret,

2193 2257 2346 2325 Quod
2377 2259 2536 2314 etiam
2564 2259 2850 2318 continuat
2876 2262 3115 2332 ejusdem
3150 2267 3417 2335 pontiﬁcis
3451 2270 3500 2325 in
3525 2272 3714 2343 Augusti-

2192 2364 2320 2404 num
2342 2349 2452 2419 jam
2480 2351 2584 2406 vita
2613 2353 2850 2409 functum
2871 2369 3023 2411 amor
3055 2372 3119 2412 ac
3160 2361 3449 2417 veneratio.
3468 2364 3603 2434 Atqui
3625 2366 3710 2421 licet

2191 2456 2222 2495 a
2252 2442 2390 2512 Papa
2420 2443 2472 2496 in
2500 2442 2599 2498 hac
2632 2446 2936 2515 aequissima
2961 2450 3220 2519 petitione
3249 2456 3508 2525 repulsam
3536 2458 3708 2525 tulisset,

2191 2537 2240 2591 ei
2271 2545 2444 2591 tamen
2477 2536 2794 2594 licuissetab
2825 2541 2912 2596 illa
2947 2542 3210 2612 injustitia
3242 2547 3498 2606 vindicare
3517 2565 3567 2606 se
3587 2553 3710 2608 bene

2190 2629 2313 2682 licio
2341 2630 2683 2699 professionis
2711 2632 2846 2702 ejus,
2869 2649 2970 2704 qua
3003 2634 3193 2693 Patres
3214 2639 3442 2696 Africani
3465 2641 3709 2698 declarata-

2190 2729 2314 2774 runt
2342 2721 2484 2775 nolle
2514 2737 2571 2777 se
2625 2722 2856 2778 tolerare
2893 2723 3113 2793 diutius,
3143 2737 3204 2783 ut
3232 2731 3315 2785 vel
3345 2732 3436 2801 ipsi
3461 2733 3651 2802 episcopi
3672 2735 3710 2787 in

2188 2819 2463 2881 posterum
2501 2812 2568 2867 ad
2614 2814 2817 2870 curiam
2852 2815 3149 2873 Romanam
3197 2832 3532 2889 provocarent
3561 2820 3709 2893 (Codict

2187 2900 2452 2960 Caninium
2484 2906 2670 2976 Αῖτὶεη
2691 2922 2806 2961 can.
2840 2908 2990 2978 {58).

2822 3034 3048 3099 CAPUT
3092 3041 3156 3099 ν.

2187 3154 2212 3207 1
2261 3153 2507 3226 Stephani
2551 3158 2786 3228 martyris
2828 3151 3054 3229 reliquia?
3081 3153 3176 3214 sub
3225 3179 3412 3216 annum
3441 3157 3703 3231 Christique-

2257 3250 2700 3319 dringentcsimum
2747 3252 3036 3323 vigesimum
3076 3265 3313 3323 quartum
3361 3246 3578 3308 habentur
3613 3243 3706 3324 Ηίρσ

2257 3359 2405 3411 pone.
2445 3341 2480 3395 2
2511 3343 2789 3396 Januarius
2848 3335 3196 3413 Hipponensis
3243 3342 3503 3417 presbyter,
3543 3334 3706 3416 pecuniis

2255 3451 2380 3505 quas
2425 3443 2601 3486 contra
2643 3434 2921 3486 communis
2961 3435 3074 3488 vita:
3118 3435 3433 3507 propositum
3479 3435 3704 3497 retinuerat,

2257 3523 2500 3577 Ecclesia:
2530 3525 2726 3593 legatis,
2771 3525 3001 3578 moritur.
3028 3515 3061 3579 3
3090 3521 3390 3581 Sermonem
3418 3520 3476 3582 de
3497 3525 3575 3580 hac
3599 3543 3639 3579 re
3656 3521 3703 3577 ad

2253 3617 2496 3688 populum
2554 3617 2698 3670 habet
2753 3617 3093 3688 Augustinus;
3149 3619 3485 3673 Ita’reditatem
3523 3613 3704 3672 Januarii

2252 3712 2463 3780 respuit,
2483 3721 2527 3764 et
2555 3711 2674 3778 ﬁliis
2697 3711 2854 3781 ipsius
2874 3710 3128 3778 relinquit,
3147 3731 3210 3766 ac
3237 3713 3456 3769 declarat
3471 3731 3517 3768 se
3540 3705 3700 3771 clericis,

2253 3803 2336 3874 qui
2364 3803 2626 3874 proprium
2651 3803 2844 3872 aliquid
2866 3802 3042 3857 habere
3068 3806 3239 3870 velint,
3265 3808 3510 3878 indulgere
3533 3813 3576 3858 ut
3598 3813 3702 3858 extra

2257 3895 2464 3948 domum
2511 3895 2846 3964 epismpalem
2885 3895 3167 3950 habitantes
3198 3897 3383 3970 gradus
3408 3897 3482 3952 sui
3519 3897 3701 3950 horwmn

2252 3997 2463 4040 servent.
2498 3986 2530 4040 4
2558 3971 2728 4040 Altero
2755 3996 2926 4057 postea
2963 4004 3193 4042 sermone
3230 3999 3430 4044 testatur
3455 4005 3557 4043 suos
3579 4000 3702 4040 omnes

2253 4080 2461 4134 clericos
2488 4080 2538 4134 in
2565 4081 2677 4134 vita:
2703 4083 2981 4136 communis
3007 4083 3270 4153 proposito
3293 4098 3562 4154 permanere
3595 4079 3699 4142 velit,

2251 4182 2398 4243 atque
2427 4191 2456 4224 a
2482 4174 2686 4244 praprio
2731 4174 3020 4242 abhorrere,
3066 4191 3250 4247 eosque
3285 4177 3346 4230 de
3371 4177 3623 4230 clericorum
3647 4179 3702 4222 ta-

2251 4265 2368 4318 bula
2395 4264 2652 4332 tlulentlos,
2684 4265 2771 4336 qui
2793 4263 2989 4329 aliquid
3027 4266 3119 4320 sibi
3148 4268 3448 4332 retinerent;
3475 4277 3563 4321 tum
3585 4263 3696 4320 etiam

2250 4375 2352 4422 eos,
2393 4358 2478 4427 qui
2499 4357 2672 4410 divites
2696 4359 3048 4428 pecuniosique
3068 4359 3357 4427 audiebant,
3381 4359 3506 4432 apud
3519 4352 3693 4410 eumdem

2251 4451 2497 4520 populum
2544 4461 2744 4520 purgat.
2780 4452 2812 4506 5
2848 4451 3032 4506 Decem
3067 4453 3354 4518 liberorum,
3395 4453 3550 4524 quibus
3578 4453 3691 4501 οωιετ

2250 4542 2523 4609 imprecata
2569 4546 2752 4609 fuerat,
2807 4542 3061 4598 horribilis
3093 4561 3261 4613 pruna.
3287 4547 3317 4598 6
3345 4544 3425 4598 Ea:
3458 4543 3544 4598 illis
3569 4538 3693 4590 ἀείεπι

2250 4631 2446 4687 Paulus
2501 4633 2735 4687 divinitus
2779 4647 2988 4690 sanatur
3027 4627 3167 4707 apud
3213 4637 3508 4709 Hipponem.
3555 4627 3694 4687 7Alt'tt

2251 4735 2360 4798 post
2386 4727 2466 4779 die
2486 4739 2697 4782 sanatur
2721 4727 2902 4782 ibidem
2936 4729 3201 4785 Palladia.
3235 4732 3267 4786 8
3309 4730 3497 4785 Gallam
3521 4735 3559 4780 et
3591 4709 3694 4778 Sint-

2248 4818 2504 4889 pliciolam
2539 4818 2851 4884 Quintiliano
2870 4823 3187 4876 canunendat
3217 4823 3529 4895 Augustinus.

2250 4933 2298 4985 Ι.
2327 4931 2572 4986 Nondum
2595 4941 2842 4988 exactum
2887 4943 3003 4989 erat
3046 4935 3351 5001 biennium,
3393 4951 3456 4990 es
3495 4943 3585 5001 quo
3608 4927 3692 4981 All-

2173 5024 2413 5094 gustinns
2428 5023 2669 5093 Hippone
2681 5023 2934 5093 Stephani
2959 5028 3210 5098 martyris
3229 5026 3467 5096 reliquias
3490 5018 3687 5077 habebit:

2173 5126 2293 5171 eum
2322 5117 2515 5171 librum
2545 5119 2789 5173 ultimum
2814 5119 2881 5174 de
2911 5121 3132 5176 Civitati?
3163 5122 3291 5188 Dei,
3319 5135 3466 5191 quem
3499 5119 3691 5171 verth

2173 5223 2313 5264 anno
2365 5210 2888 5281 quadringentesimo
2948 5213 3200 5282 vigesimo
3248 5222 3394 5268 serito
3441 5207 3688 5264 absolutum

2173 5301 2335 5357 fuisse
2365 5315 2520 5372 supra
2549 5302 2789 5357 diitimus
2813 5303 2994 5374 (Suos,
3025 5304 3112 5360 lib.
3146 5307 3196 5369 7,
3227 5321 3338 5375 cap.
3367 5303 3416 5368 ι,
3439 5317 3485 5355 n.
3510 5299 3576 5368 6),
3601 5293 3670 5348 ei"

2173 5393 2427 5448 cuhrabat
2446 5393 2549 5456 (De
2566 5393 2673 5448 Civ.
2697 5392 2816 5460 Dei,
2841 5395 2928 5449 tibi
2948 5395 3038 5462 2'2,
3061 5413 3174 5466 cap.
3199 5398 3253 5462 8,
3281 5413 3328 5450 η.
3353 5393 3453 5462 30).
3476 5386 3687 5456 Quod!“

2172 5499 2276 5542 non
2305 5487 2474 5552 potuit
2497 5487 2711 5542 easdem
2741 5501 2921 5543 sacras
2946 5490 3223 5561 reliquias,
3271 5490 3366 5544 nisi
3387 5486 3481 5543 sub
3505 5481 3610 5538 annl
3644 5483 3686 5528 ιιι

2171 5578 2448 5632 minimum
2495 5578 3000 5649 quadringentesimi
3062 5581 3296 5651 vigesimi
3345 5575 3502 5649 quarti
3557 5569 3680 5625 tinet!

2169 5673 2408 5742 adipisci.
2441 5673 2623 5742 Neque
2652 5673 2876 5727 multum
2907 5689 2934 5727 a
2965 5674 3070 5729 fide
3093 5674 3390 5735 abhorreat,
3431 5672 3677 5724 sermonem

2169 5766 2443 5821 desaneto
2484 5765 2754 5836 Stephano
2791 5773 3034 5836 quartum
3059 5767 3247 5838 (Serm.
3291 5765 3410 5833 517)
3448 5762 3495 5816 in
3527 5761 3674 5812 eorum

2169 5859 2501 5927 receptione;
2553 5871 2615 5912 ac
2661 5856 2728 5913 de
2769 5857 2956 5913 eodem
3004 5869 3234 5929 martyre
3259 5856 3478 5928 quintum
3516 5846 3671 5920 (Serm
