  <div class='ocr_page' id='page_1' title='image "/cluster/home/n/w/nwhite01/storage/ocr_20150623/32/uva.x000669813/276.png"; bbox 0 0 1929 3196; ppageno 0'>
   <div class='ocr_carea' id='block_1_1' title="bbox 79 167 832 206">
    <p class='ocr_par' dir='ltr' id='par_1_1' title="bbox 79 167 818 206">
     <span class='ocr_line' id='line_1_1' title="bbox 79 167 818 206; baseline 0.003 -13"><span class='ocrx_word' id='word_1_1' title='bbox 79 177 122 206; x_wconf 61' lang='grc' dir='ltr'><strong>εδδ</strong></span> <span class='ocrx_word' id='word_1_2' title='bbox 717 167 818 196; x_wconf 70' lang='lat' dir='ltr'><strong>manu</strong></span> 
     </span>
    </p>
   </div>
   <div class='ocr_carea' id='block_1_2' title="bbox 888 167 1406 206">
    <p class='ocr_par' dir='ltr' id='par_1_2' title="bbox 888 167 1406 197">
     <span class='ocr_line' id='line_1_2' title="bbox 888 167 1406 197; baseline 0.004 -1"><span class='ocrx_word' id='word_1_3' title='bbox 888 167 1002 197; x_wconf 77' lang='lat' dir='ltr'><strong>l‘AVUS.</strong></span> <span class='ocrx_word' id='word_1_4' title='bbox 1394 176 1406 187; x_wconf 65' lang='grc' dir='ltr'>δ</span> 
     </span>
    </p>
   </div>
   <div class='ocr_carea' id='block_1_3' title="bbox 74 227 833 267">
    <p class='ocr_par' dir='ltr' id='par_1_3' title="bbox 74 227 833 267">
     <span class='ocr_line' id='line_1_3' title="bbox 74 227 833 267; baseline -0.011 -5"><span class='ocrx_word' id='word_1_5' title='bbox 74 233 142 267; x_wconf 76' lang='grc'><strong>518),</strong></span> <span class='ocrx_word' id='word_1_6' title='bbox 158 236 291 265; x_wconf 87' lang='lat' dir='ltr'><strong>antequam</strong></span> <span class='ocrx_word' id='word_1_7' title='bbox 307 230 358 257; x_wconf 91' lang='lat' dir='ltr'><strong>sub</strong></span> <span class='ocrx_word' id='word_1_8' title='bbox 371 235 413 256; x_wconf 86' lang='lat' dir='ltr'><strong>ara</strong></span> <span class='ocrx_word' id='word_1_9' title='bbox 433 227 625 260; x_wconf 87' lang='lat' dir='ltr'><strong>conderentur,</strong></span> <span class='ocrx_word' id='word_1_10' title='bbox 640 234 699 254; x_wconf 81' lang='lat' dir='ltr'><strong>esse</strong></span> <span class='ocrx_word' id='word_1_11' title='bbox 717 235 833 262; x_wconf 88' lang='lat' dir='ltr'><strong>pronun-</strong></span> 
     </span>
    </p>
   </div>
   <div class='ocr_carea' id='block_1_4' title="bbox 72 271 835 308">
    <p class='ocr_par' dir='ltr' id='par_1_4' title="bbox 72 271 835 308">
     <span class='ocr_line' id='line_1_4' title="bbox 72 271 835 308; baseline -0.01 -1"><span class='ocrx_word' id='word_1_12' title='bbox 72 280 160 307; x_wconf 84' lang='lat' dir='ltr'><strong>tialttm.</strong></span> <span class='ocrx_word' id='word_1_13' title='bbox 175 274 273 304; x_wconf 80' lang='lat' dir='ltr'><strong>Etenim</strong></span> <span class='ocrx_word' id='word_1_14' title='bbox 288 273 464 302; x_wconf 86' lang='lat' dir='ltr'><strong>venerandum</strong></span> <span class='ocrx_word' id='word_1_15' title='bbox 479 271 529 300; x_wconf 86' lang='lat' dir='ltr'><strong>hoc</strong></span> <span class='ocrx_word' id='word_1_16' title='bbox 547 272 640 308; x_wconf 74' lang='lat' dir='ltr'><strong>pignus</strong></span> <span class='ocrx_word' id='word_1_17' title='bbox 655 275 761 300; x_wconf 86' lang='lat' dir='ltr'><strong>sanctus</strong></span> <span class='ocrx_word' id='word_1_18' title='bbox 781 272 835 300; x_wconf 84' lang='lat' dir='ltr'><strong>An-</strong></span> 
     </span>
    </p>
   </div>
   <div class='ocr_carea' id='block_1_5' title="bbox 73 314 834 357">
    <p class='ocr_par' dir='ltr' id='par_1_5' title="bbox 73 314 834 357">
     <span class='ocr_line' id='line_1_5' title="bbox 73 314 834 357; baseline -0.009 -5"><span class='ocrx_word' id='word_1_19' title='bbox 73 326 136 353; x_wconf 76' lang='lat' dir='ltr'><strong>tistes</strong></span> <span class='ocrx_word' id='word_1_20' title='bbox 147 323 169 350; x_wconf 91' lang='lat' dir='ltr'><strong>in</strong></span> <span class='ocrx_word' id='word_1_21' title='bbox 185 319 294 357; x_wconf 74' lang='lat' dir='ltr'><strong>quadam</strong></span> <span class='ocrx_word' id='word_1_22' title='bbox 310 318 429 348; x_wconf 79' lang='lat' dir='ltr'><strong>ecclesia:</strong></span> <span class='ocrx_word' id='word_1_23' title='bbox 442 325 498 346; x_wconf 80' lang='lat' dir='ltr'><strong>sua:</strong></span> <span class='ocrx_word' id='word_1_24' title='bbox 512 316 577 346; x_wconf 86' lang='lat' dir='ltr'><strong>cella</strong></span> <span class='ocrx_word' id='word_1_25' title='bbox 592 324 667 346; x_wconf 82' lang='lat' dir='ltr'><strong>sacra</strong></span> <span class='ocrx_word' id='word_1_26' title='bbox 677 339 684 350; x_wconf 90' lang='lat'><strong>,</strong></span> <span class='ocrx_word' id='word_1_27' title='bbox 701 314 771 353; x_wconf 87' lang='lat' dir='ltr'><strong>quod</strong></span> <span class='ocrx_word' id='word_1_28' title='bbox 791 324 834 346; x_wconf 89' lang='lat' dir='ltr'><strong>sa-</strong></span> 
     </span>
    </p>
   </div>
   <div class='ocr_carea' id='block_1_6' title="bbox 73 363 836 401">
    <p class='ocr_par' dir='ltr' id='par_1_6' title="bbox 73 363 836 401">
     <span class='ocr_line' id='line_1_6' title="bbox 73 363 836 401; baseline -0.009 -3"><span class='ocrx_word' id='word_1_29' title='bbox 73 369 152 398; x_wconf 79' lang='lat' dir='ltr'><strong>cellum</strong></span> <span class='ocrx_word' id='word_1_30' title='bbox 171 374 303 398; x_wconf 77' lang='lat' dir='ltr'><strong>vocamus,</strong></span> <span class='ocrx_word' id='word_1_31' title='bbox 332 364 459 401; x_wconf 84' lang='lat' dir='ltr'><strong>deposuit,</strong></span> <span class='ocrx_word' id='word_1_32' title='bbox 489 365 563 398; x_wconf 87' lang='lat' dir='ltr'><strong>cujus</strong></span> <span class='ocrx_word' id='word_1_33' title='bbox 586 365 616 391; x_wconf 89' lang='lat' dir='ltr'><strong>in</strong></span> <span class='ocrx_word' id='word_1_34' title='bbox 637 364 737 392; x_wconf 83' lang='lat' dir='ltr'><strong>fornice</strong></span> <span class='ocrx_word' id='word_1_35' title='bbox 757 363 836 399; x_wconf 89' lang='lat' dir='ltr'><strong>jussit</strong></span> 
     </span>
    </p>
   </div>
   <div class='ocr_carea' id='block_1_7' title="bbox 71 409 834 449">
    <p class='ocr_par' dir='ltr' id='par_1_7' title="bbox 71 409 834 449">
     <span class='ocr_line' id='line_1_7' title="bbox 71 409 834 449; baseline -0.009 -5"><span class='ocrx_word' id='word_1_36' title='bbox 71 412 163 449; x_wconf 74' lang='lat' dir='ltr'><strong>insculpi</strong></span> <span class='ocrx_word' id='word_1_37' title='bbox 176 415 285 449; x_wconf 84' lang='lat' dir='ltr'><strong>quatuor</strong></span> <span class='ocrx_word' id='word_1_38' title='bbox 298 419 400 445; x_wconf 80' lang='lat' dir='ltr'><strong>versus,</strong></span> <span class='ocrx_word' id='word_1_39' title='bbox 417 415 444 439; x_wconf 89' lang='lat' dir='ltr'><strong>ut</strong></span> <span class='ocrx_word' id='word_1_40' title='bbox 461 410 521 438; x_wconf 91' lang='lat' dir='ltr'><strong>inde</strong></span> <span class='ocrx_word' id='word_1_41' title='bbox 535 409 621 438; x_wconf 85' lang='lat' dir='ltr'><strong>cuncti</strong></span> <span class='ocrx_word' id='word_1_42' title='bbox 638 409 729 438; x_wconf 81' lang='lat' dir='ltr'><strong>ﬁdeles</strong></span> <span class='ocrx_word' id='word_1_43' title='bbox 741 410 834 438; x_wconf 87' lang='lat' dir='ltr'><strong>admo-</strong></span> 
     </span>
    </p>
   </div>
   <div class='ocr_carea' id='block_1_8' title="bbox 73 455 835 493">
    <p class='ocr_par' dir='ltr' id='par_1_8' title="bbox 73 455 835 493">
     <span class='ocr_line' id='line_1_8' title="bbox 73 455 835 493; baseline -0.008 -4"><span class='ocrx_word' id='word_1_44' title='bbox 73 464 178 490; x_wconf 84' lang='lat' dir='ltr'><strong>nerentur</strong></span> <span class='ocrx_word' id='word_1_45' title='bbox 188 480 194 492; x_wconf 92' lang='lat'><strong>,</strong></span> <span class='ocrx_word' id='word_1_46' title='bbox 210 455 315 485; x_wconf 84' lang='lat' dir='ltr'><strong>insolita</strong></span> <span class='ocrx_word' id='word_1_47' title='bbox 330 457 373 485; x_wconf 87' lang='lat' dir='ltr'><strong>illa</strong></span> <span class='ocrx_word' id='word_1_48' title='bbox 394 457 510 493; x_wconf 82' lang='lat' dir='ltr'><strong>prodigia</strong></span> <span class='ocrx_word' id='word_1_49' title='bbox 533 461 594 484; x_wconf 89' lang='lat' dir='ltr'><strong>tunc</strong></span> <span class='ocrx_word' id='word_1_50' title='bbox 610 457 737 492; x_wconf 85' lang='lat' dir='ltr'><strong>temporis</strong></span> <span class='ocrx_word' id='word_1_51' title='bbox 752 457 835 484; x_wconf 88' lang='lat' dir='ltr'><strong>sancti</strong></span> 
     </span>
    </p>
   </div>
   <div class='ocr_carea' id='block_1_9' title="bbox 71 500 835 542">
    <p class='ocr_par' dir='ltr' id='par_1_9' title="bbox 71 500 835 542">
     <span class='ocr_line' id='line_1_9' title="bbox 71 500 835 542; baseline -0.007 -7"><span class='ocrx_word' id='word_1_52' title='bbox 71 506 176 542; x_wconf 79' lang='lat' dir='ltr'><strong>Stephani</strong></span> <span class='ocrx_word' id='word_1_53' title='bbox 196 502 320 540; x_wconf 76' lang='lat' dir='ltr'><strong>precibus</strong></span> <span class='ocrx_word' id='word_1_54' title='bbox 344 511 373 531; x_wconf 86' lang='lat' dir='ltr'><strong>ac</strong></span> <span class='ocrx_word' id='word_1_55' title='bbox 395 500 511 539; x_wconf 87' lang='lat' dir='ltr'><strong>reliquiis</strong></span> <span class='ocrx_word' id='word_1_56' title='bbox 529 508 694 540; x_wconf 64' lang='lat' dir='ltr'><strong>perpetrata,</strong></span> <span class='ocrx_word' id='word_1_57' title='bbox 710 502 758 538; x_wconf 85' lang='lat' dir='ltr'><strong>ipsi</strong></span> <span class='ocrx_word' id='word_1_58' title='bbox 779 503 835 530; x_wconf 85' lang='lat' dir='ltr'><strong>Deo</strong></span> 
     </span>
    </p>
   </div>
   <div class='ocr_carea' id='block_1_10' title="bbox 73 546 835 587">
    <p class='ocr_par' dir='ltr' id='par_1_10' title="bbox 73 546 835 587">
     <span class='ocr_line' id='line_1_10' title="bbox 73 546 835 587; baseline -0.005 -7"><span class='ocrx_word' id='word_1_59' title='bbox 73 556 160 587; x_wconf 77' lang='lat' dir='ltr'><strong>accepta</strong></span> <span class='ocrx_word' id='word_1_60' title='bbox 174 549 263 578; x_wconf 80' lang='lat' dir='ltr'><strong>referri</strong></span> <span class='ocrx_word' id='word_1_61' title='bbox 275 554 401 585; x_wconf 77' lang='lat' dir='ltr'><strong>oportere</strong></span> <span class='ocrx_word' id='word_1_62' title='bbox 416 548 511 584; x_wconf 82' lang='lat' dir='ltr'><strong>(Serm.</strong></span> <span class='ocrx_word' id='word_1_63' title='bbox 525 548 587 581; x_wconf 69' lang='lat'><strong>319,</strong></span> <span class='ocrx_word' id='word_1_64' title='bbox 601 557 628 576; x_wconf 75' lang='grc' dir='ltr'><strong>τι,</strong></span> <span class='ocrx_word' id='word_1_65' title='bbox 644 546 683 585; x_wconf 82' lang='grc'><strong>⁸7).</strong></span> <span class='ocrx_word' id='word_1_66' title='bbox 699 547 737 576; x_wconf 72' lang='lat' dir='ltr'><strong>Ad</strong></span> <span class='ocrx_word' id='word_1_67' title='bbox 760 549 835 576; x_wconf 85' lang='lat' dir='ltr'><strong>evul-</strong></span> 
     </span>
    </p>
   </div>
   <div class='ocr_carea' id='block_1_11' title="bbox 74 594 834 635">
    <p class='ocr_par' dir='ltr' id='par_1_11' title="bbox 74 594 834 635">
     <span class='ocr_line' id='line_1_11' title="bbox 74 594 834 635; baseline -0.004 -9"><span class='ocrx_word' id='word_1_68' title='bbox 74 599 141 635; x_wconf 78' lang='lat' dir='ltr'><strong>ganda</strong></span> <span class='ocrx_word' id='word_1_69' title='bbox 150 597 232 625; x_wconf 71' lang='lat' dir='ltr'><strong>eadem</strong></span> <span class='ocrx_word' id='word_1_70' title='bbox 245 595 372 623; x_wconf 85' lang='lat' dir='ltr'><strong>miracula</strong></span> <span class='ocrx_word' id='word_1_71' title='bbox 382 595 543 631; x_wconf 71' lang='lat' dir='ltr'><strong>Augustinus</strong></span> <span class='ocrx_word' id='word_1_72' title='bbox 555 595 580 622; x_wconf 90' lang='lat' dir='ltr'><strong>in</strong></span> <span class='ocrx_word' id='word_1_73' title='bbox 593 595 707 622; x_wconf 83' lang='lat' dir='ltr'><strong>Africam</strong></span> <span class='ocrx_word' id='word_1_74' title='bbox 716 594 834 623; x_wconf 88' lang='lat' dir='ltr'><strong>Omnium</strong></span> 
     </span>
    </p>
   </div>
   <div class='ocr_carea' id='block_1_12' title="bbox 76 641 834 681">
    <p class='ocr_par' dir='ltr' id='par_1_12' title="bbox 76 641 834 681">
     <span class='ocr_line' id='line_1_12' title="bbox 76 641 834 681; baseline -0.004 -9"><span class='ocrx_word' id='word_1_75' title='bbox 76 645 154 681; x_wconf 81' lang='lat' dir='ltr'><strong>primus</strong></span> <span class='ocrx_word' id='word_1_76' title='bbox 168 642 380 671; x_wconf 76' lang='lat' dir='ltr'><strong>consuetudinem</strong></span> <span class='ocrx_word' id='word_1_77' title='bbox 397 641 465 669; x_wconf 82' lang='lat' dir='ltr'><strong>hanc</strong></span> <span class='ocrx_word' id='word_1_78' title='bbox 486 641 602 674; x_wconf 77' lang='lat' dir='ltr'><strong>induxit,</strong></span> <span class='ocrx_word' id='word_1_79' title='bbox 628 645 656 669; x_wconf 95' lang='lat' dir='ltr'><strong>ut</strong></span> <span class='ocrx_word' id='word_1_80' title='bbox 677 643 702 669; x_wconf 88' lang='lat' dir='ltr'><strong>in</strong></span> <span class='ocrx_word' id='word_1_81' title='bbox 722 649 834 677; x_wconf 87' lang='lat' dir='ltr'><strong>quorum</strong></span> 
     </span>
    </p>
   </div>
   <div class='ocr_carea' id='block_1_13' title="bbox 73 685 835 726">
    <p class='ocr_par' dir='ltr' id='par_1_13' title="bbox 73 685 835 726">
     <span class='ocr_line' id='line_1_13' title="bbox 73 685 835 726; baseline -0.004 -9"><span class='ocrx_word' id='word_1_82' title='bbox 73 690 161 726; x_wconf 78' lang='lat' dir='ltr'><strong>gratiam</strong></span> <span class='ocrx_word' id='word_1_83' title='bbox 174 689 234 717; x_wconf 72' lang='lat' dir='ltr'><strong>facta</strong></span> <span class='ocrx_word' id='word_1_84' title='bbox 250 691 359 720; x_wconf 86' lang='lat' dir='ltr'><strong>essent,</strong></span> <span class='ocrx_word' id='word_1_85' title='bbox 376 687 440 715; x_wconf 89' lang='lat' dir='ltr'><strong>illud</strong></span> <span class='ocrx_word' id='word_1_86' title='bbox 458 685 547 715; x_wconf 88' lang='lat' dir='ltr'><strong>libello</strong></span> <span class='ocrx_word' id='word_1_87' title='bbox 562 695 650 715; x_wconf 90' lang='lat' dir='ltr'><strong>coram</strong></span> <span class='ocrx_word' id='word_1_88' title='bbox 673 687 743 714; x_wconf 91' lang='lat' dir='ltr'><strong>omni</strong></span> <span class='ocrx_word' id='word_1_89' title='bbox 759 687 835 723; x_wconf 87' lang='lat' dir='ltr'><strong>plebe</strong></span> 
     </span>
    </p>
   </div>
   <div class='ocr_carea' id='block_1_14' title="bbox 72 732 832 770">
    <p class='ocr_par' dir='ltr' id='par_1_14' title="bbox 72 732 832 770">
     <span class='ocr_line' id='line_1_14' title="bbox 72 732 832 770; baseline -0.004 -7"><span class='ocrx_word' id='word_1_90' title='bbox 72 734 182 764; x_wconf 71' lang='lat' dir='ltr'><strong>recitando</strong></span> <span class='ocrx_word' id='word_1_91' title='bbox 195 736 373 770; x_wconf 83' lang='lat' dir='ltr'><strong>proponerent</strong></span> <span class='ocrx_word' id='word_1_92' title='bbox 385 741 416 761; x_wconf 84' lang='lat' dir='ltr'><strong>ac</strong></span> <span class='ocrx_word' id='word_1_93' title='bbox 430 732 633 761; x_wconf 82' lang='lat' dir='ltr'><strong>testiﬁcarentur</strong></span> <span class='ocrx_word' id='word_1_94' title='bbox 647 732 696 769; x_wconf 87' lang='lat' dir='ltr'><strong>(De</strong></span> <span class='ocrx_word' id='word_1_95' title='bbox 709 732 762 761; x_wconf 83' lang='lat' dir='ltr'><strong>Civ.</strong></span> <span class='ocrx_word' id='word_1_96' title='bbox 775 733 832 765; x_wconf 83' lang='lat' dir='ltr'><strong>Dei,</strong></span> 
     </span>
    </p>
   </div>
   <div class='ocr_carea' id='block_1_15' title="bbox 72 779 834 817">
    <p class='ocr_par' dir='ltr' id='par_1_15' title="bbox 72 779 834 817">
     <span class='ocr_line' id='line_1_15' title="bbox 72 779 834 817; baseline -0.003 -8"><span class='ocrx_word' id='word_1_97' title='bbox 72 781 159 813; x_wconf 58' lang='lat'><strong>&quot;5.22,</strong></span> <span class='ocrx_word' id='word_1_98' title='bbox 178 790 230 817; x_wconf 77' lang='lat' dir='ltr'><strong>cap.</strong></span> <span class='ocrx_word' id='word_1_99' title='bbox 246 780 280 812; x_wconf 85' lang='lat'><strong>8,</strong></span> <span class='ocrx_word' id='word_1_100' title='bbox 297 789 324 807; x_wconf 85' lang='lat' dir='ltr'><strong>rt.</strong></span> <span class='ocrx_word' id='word_1_101' title='bbox 340 780 395 815; x_wconf 77' lang='lat'><strong>20).</strong></span> <span class='ocrx_word' id='word_1_102' title='bbox 413 779 567 815; x_wconf 86' lang='lat' dir='ltr'><strong>Hujusmodi</strong></span> <span class='ocrx_word' id='word_1_103' title='bbox 581 779 662 807; x_wconf 81' lang='lat' dir='ltr'><strong>libelli</strong></span> <span class='ocrx_word' id='word_1_104' title='bbox 678 779 746 807; x_wconf 86' lang='lat' dir='ltr'><strong>infra</strong></span> <span class='ocrx_word' id='word_1_105' title='bbox 761 780 834 807; x_wconf 88' lang='lat' dir='ltr'><strong>bien-</strong></span> 
     </span>
    </p>
   </div>
   <div class='ocr_carea' id='block_1_16' title="bbox 72 825 833 863">
    <p class='ocr_par' dir='ltr' id='par_1_16' title="bbox 72 825 833 863">
     <span class='ocr_line' id='line_1_16' title="bbox 72 825 833 863; baseline 0 -9"><span class='ocrx_word' id='word_1_106' title='bbox 72 828 127 854; x_wconf 86' lang='lat' dir='ltr'><strong>nium</strong></span> <span class='ocrx_word' id='word_1_107' title='bbox 140 825 250 863; x_wconf 79' lang='lat' dir='ltr'><strong>llippone</strong></span> <span class='ocrx_word' id='word_1_108' title='bbox 262 827 295 854; x_wconf 85' lang='lat' dir='ltr'><strong>ad</strong></span> <span class='ocrx_word' id='word_1_109' title='bbox 310 827 477 862; x_wconf 82' lang='lat' dir='ltr'><strong>septuaginta</strong></span> <span class='ocrx_word' id='word_1_110' title='bbox 493 827 576 854; x_wconf 88' lang='lat' dir='ltr'><strong>ferme</strong></span> <span class='ocrx_word' id='word_1_111' title='bbox 587 826 650 860; x_wconf 90' lang='lat' dir='ltr'><strong>dati,</strong></span> <span class='ocrx_word' id='word_1_112' title='bbox 665 831 742 861; x_wconf 89' lang='lat' dir='ltr'><strong>atque</strong></span> <span class='ocrx_word' id='word_1_113' title='bbox 753 835 833 854; x_wconf 89' lang='lat' dir='ltr'><strong>untttn</strong></span> 
     </span>
    </p>
   </div>
   <div class='ocr_carea' id='block_1_17' title="bbox 73 870 832 908">
    <p class='ocr_par' dir='ltr' id='par_1_17' title="bbox 73 870 832 908">
     <span class='ocr_line' id='line_1_17' title="bbox 73 870 832 908; baseline -0.001 -7"><span class='ocrx_word' id='word_1_114' title='bbox 73 880 97 901; x_wconf 80' lang='lat' dir='ltr'><strong>et</strong></span> <span class='ocrx_word' id='word_1_115' title='bbox 107 871 193 901; x_wconf 78' lang='lat' dir='ltr'><strong>eisdem</strong></span> <span class='ocrx_word' id='word_1_116' title='bbox 208 872 254 908; x_wconf 90' lang='lat' dir='ltr'><strong>legi</strong></span> <span class='ocrx_word' id='word_1_117' title='bbox 274 873 408 908; x_wconf 88' lang='lat' dir='ltr'><strong>jusserat,</strong></span> <span class='ocrx_word' id='word_1_118' title='bbox 430 880 482 907; x_wconf 89' lang='lat' dir='ltr'><strong>quo</strong></span> <span class='ocrx_word' id='word_1_119' title='bbox 502 870 543 900; x_wconf 90' lang='lat' dir='ltr'><strong>die</strong></span> <span class='ocrx_word' id='word_1_120' title='bbox 564 880 712 899; x_wconf 77' lang='lat' dir='ltr'><strong>Sermonem</strong></span> <span class='ocrx_word' id='word_1_121' title='bbox 727 872 760 900; x_wconf 86' lang='lat' dir='ltr'><strong>de</strong></span> <span class='ocrx_word' id='word_1_122' title='bbox 773 873 832 900; x_wconf 81' lang='lat' dir='ltr'><strong>Ste-</strong></span> 
     </span>
    </p>
   </div>
   <div class='ocr_carea' id='block_1_18' title="bbox 72 917 832 954">
    <p class='ocr_par' dir='ltr' id='par_1_18' title="bbox 72 917 832 954">
     <span class='ocr_line' id='line_1_18' title="bbox 72 917 832 954; baseline 0.001 -9"><span class='ocrx_word' id='word_1_123' title='bbox 72 919 143 953; x_wconf 83' lang='lat' dir='ltr'><strong>phano</strong></span> <span class='ocrx_word' id='word_1_124' title='bbox 153 923 260 954; x_wconf 80' lang='lat' dir='ltr'><strong>martyre</strong></span> <span class='ocrx_word' id='word_1_125' title='bbox 271 922 377 946; x_wconf 81' lang='lat' dir='ltr'><strong>sextum</strong></span> <span class='ocrx_word' id='word_1_126' title='bbox 394 917 570 953; x_wconf 77' lang='lat' dir='ltr'><strong>pronuntiavit</strong></span> <span class='ocrx_word' id='word_1_127' title='bbox 591 918 686 953; x_wconf 83' lang='lat' dir='ltr'><strong>(Serm.</strong></span> <span class='ocrx_word' id='word_1_128' title='bbox 702 919 774 954; x_wconf 78' lang='lat' dir='ltr'><strong>5l9).</strong></span> <span class='ocrx_word' id='word_1_129' title='bbox 790 919 832 947; x_wconf 93' lang='lat' dir='ltr'><strong>ln-</strong></span> 
     </span>
    </p>
   </div>
   <div class='ocr_carea' id='block_1_19' title="bbox 72 962 833 1000">
    <p class='ocr_par' dir='ltr' id='par_1_19' title="bbox 72 962 833 1000">
     <span class='ocr_line' id='line_1_19' title="bbox 72 962 833 1000; baseline 0.001 -9"><span class='ocrx_word' id='word_1_130' title='bbox 72 968 106 991; x_wconf 86' lang='lat' dir='ltr'><strong>ter</strong></span> <span class='ocrx_word' id='word_1_131' title='bbox 125 963 199 991; x_wconf 83' lang='lat' dir='ltr'><strong>omnia</strong></span> <span class='ocrx_word' id='word_1_132' title='bbox 221 963 260 991; x_wconf 90' lang='lat' dir='ltr'><strong>illa</strong></span> <span class='ocrx_word' id='word_1_133' title='bbox 289 962 418 990; x_wconf 85' lang='lat' dir='ltr'><strong>miracula</strong></span> <span class='ocrx_word' id='word_1_134' title='bbox 440 962 560 998; x_wconf 83' lang='lat' dir='ltr'><strong>Hippone</strong></span> <span class='ocrx_word' id='word_1_135' title='bbox 581 971 629 999; x_wconf 88' lang='lat' dir='ltr'><strong>per</strong></span> <span class='ocrx_word' id='word_1_136' title='bbox 649 963 715 990; x_wconf 88' lang='lat' dir='ltr'><strong>dttos</strong></span> <span class='ocrx_word' id='word_1_137' title='bbox 733 964 833 1000; x_wconf 89' lang='lat' dir='ltr'><strong>primos</strong></span> 
     </span>
    </p>
   </div>
   <div class='ocr_carea' id='block_1_20' title="bbox 75 1007 832 1045">
    <p class='ocr_par' dir='ltr' id='par_1_20' title="bbox 75 1007 832 1045">
     <span class='ocr_line' id='line_1_20' title="bbox 75 1007 832 1045; baseline 0.003 -11"><span class='ocrx_word' id='word_1_138' title='bbox 75 1016 159 1041; x_wconf 83' lang='lat' dir='ltr'><strong>annos,</strong></span> <span class='ocrx_word' id='word_1_139' title='bbox 179 1015 206 1036; x_wconf 77' lang='lat' dir='ltr'><strong>ex</strong></span> <span class='ocrx_word' id='word_1_140' title='bbox 224 1016 276 1043; x_wconf 91' lang='lat' dir='ltr'><strong>quo</strong></span> <span class='ocrx_word' id='word_1_141' title='bbox 290 1007 380 1036; x_wconf 88' lang='lat' dir='ltr'><strong>isthuc</strong></span> <span class='ocrx_word' id='word_1_142' title='bbox 398 1007 467 1035; x_wconf 87' lang='lat' dir='ltr'><strong>beati</strong></span> <span class='ocrx_word' id='word_1_143' title='bbox 489 1008 694 1045; x_wconf 81' lang='lat' dir='ltr'><strong>Protomartyris</strong></span> <span class='ocrx_word' id='word_1_144' title='bbox 716 1009 832 1044; x_wconf 85' lang='lat' dir='ltr'><strong>reliquia:</strong></span> 
     </span>
    </p>
   </div>
   <div class='ocr_carea' id='block_1_21' title="bbox 75 1055 832 1092">
    <p class='ocr_par' dir='ltr' id='par_1_21' title="bbox 75 1055 832 1092">
     <span class='ocr_line' id='line_1_21' title="bbox 75 1055 832 1092; baseline 0.003 -10"><span class='ocrx_word' id='word_1_145' title='bbox 75 1055 139 1082; x_wconf 73' lang='lat' dir='ltr'><strong>illata!</strong></span> <span class='ocrx_word' id='word_1_146' title='bbox 151 1057 223 1087; x_wconf 86' lang='lat' dir='ltr'><strong>erant,</strong></span> <span class='ocrx_word' id='word_1_147' title='bbox 239 1055 319 1088; x_wconf 85' lang='lat' dir='ltr'><strong>facta,</strong></span> <span class='ocrx_word' id='word_1_148' title='bbox 342 1055 504 1092; x_wconf 79' lang='lat' dir='ltr'><strong>Augustinus</strong></span> <span class='ocrx_word' id='word_1_149' title='bbox 524 1061 577 1084; x_wconf 90' lang='lat' dir='ltr'><strong>tres</strong></span> <span class='ocrx_word' id='word_1_150' title='bbox 598 1061 699 1084; x_wconf 80' lang='lat' dir='ltr'><strong>tantum</strong></span> <span class='ocrx_word' id='word_1_151' title='bbox 713 1062 832 1084; x_wconf 87' lang='lat' dir='ltr'><strong>mortuos</strong></span> 
     </span>
    </p>
   </div>
   <div class='ocr_carea' id='block_1_22' title="bbox 71 1101 831 1139">
    <p class='ocr_par' dir='ltr' id='par_1_22' title="bbox 71 1101 831 1139">
     <span class='ocr_line' id='line_1_22' title="bbox 71 1101 831 1139; baseline 0.004 -12"><span class='ocrx_word' id='word_1_152' title='bbox 71 1101 168 1128; x_wconf 76' lang='lat' dir='ltr'><strong>advitam</strong></span> <span class='ocrx_word' id='word_1_153' title='bbox 176 1106 307 1129; x_wconf 80' lang='lat' dir='ltr'><strong>revocatos</strong></span> <span class='ocrx_word' id='word_1_154' title='bbox 318 1102 473 1129; x_wconf 81' lang='lat' dir='ltr'><strong>nominatim</strong></span> <span class='ocrx_word' id='word_1_155' title='bbox 485 1102 582 1130; x_wconf 84' lang='lat' dir='ltr'><strong>indicat</strong></span> <span class='ocrx_word' id='word_1_156' title='bbox 593 1102 684 1138; x_wconf 84' lang='lat' dir='ltr'><strong>(Ibid.,</strong></span> <span class='ocrx_word' id='word_1_157' title='bbox 694 1112 720 1130; x_wconf 87' lang='grc' dir='ltr'><em>η.</em></span> <span class='ocrx_word' id='word_1_158' title='bbox 730 1104 831 1139; x_wconf 79' lang='grc'><strong>17-19),</strong></span> 
     </span>
    </p>
   </div>
   <div class='ocr_carea' id='block_1_23' title="bbox 70 1143 831 1184">
    <p class='ocr_par' dir='ltr' id='par_1_23' title="bbox 70 1143 831 1184">
     <span class='ocr_line' id='line_1_23' title="bbox 70 1143 831 1184; baseline 0.004 -11"><span class='ocrx_word' id='word_1_159' title='bbox 70 1143 139 1174; x_wconf 82' lang='lat' dir='ltr'><strong>addita</strong></span> <span class='ocrx_word' id='word_1_160' title='bbox 150 1146 214 1174; x_wconf 83' lang='lat' dir='ltr'><strong>Pauli</strong></span> <span class='ocrx_word' id='word_1_161' title='bbox 223 1154 252 1174; x_wconf 90' lang='lat' dir='ltr'><strong>ac</strong></span> <span class='ocrx_word' id='word_1_162' title='bbox 263 1147 392 1175; x_wconf 78' lang='lat' dir='ltr'><strong>Palladire</strong></span> <span class='ocrx_word' id='word_1_163' title='bbox 401 1148 535 1175; x_wconf 82' lang='lat' dir='ltr'><strong>curatione</strong></span> <span class='ocrx_word' id='word_1_164' title='bbox 547 1147 638 1183; x_wconf 88' lang='lat' dir='ltr'><strong>(Ibid.,</strong></span> <span class='ocrx_word' id='word_1_165' title='bbox 649 1157 672 1175; x_wconf 83' lang='grc' dir='ltr'><strong>η.</strong></span> <span class='ocrx_word' id='word_1_166' title='bbox 686 1148 743 1184; x_wconf 72' lang='lat'><strong>2:2),</strong></span> <span class='ocrx_word' id='word_1_167' title='bbox 752 1157 831 1184; x_wconf 90' lang='lat' dir='ltr'><strong>quam</strong></span> 
     </span>
    </p>
   </div>
   <div class='ocr_carea' id='block_1_24' title="bbox 70 1191 832 1228">
    <p class='ocr_par' dir='ltr' id='par_1_24' title="bbox 70 1191 832 1228">
     <span class='ocr_line' id='line_1_24' title="bbox 70 1191 832 1228; baseline 0.004 -10"><span class='ocrx_word' id='word_1_168' title='bbox 70 1199 107 1218; x_wconf 81' lang='lat' dir='ltr'><strong>nos</strong></span> <span class='ocrx_word' id='word_1_169' title='bbox 117 1193 221 1227; x_wconf 72' lang='lat' dir='ltr'><strong>sequenti</strong></span> <span class='ocrx_word' id='word_1_170' title='bbox 242 1201 313 1220; x_wconf 88' lang='lat' dir='ltr'><strong>anno</strong></span> <span class='ocrx_word' id='word_1_171' title='bbox 337 1191 553 1221; x_wconf 76' lang='lat' dir='ltr'><strong>memorabimus.</strong></span> <span class='ocrx_word' id='word_1_172' title='bbox 571 1192 652 1220; x_wconf 91' lang='lat' dir='ltr'><strong>Porro</strong></span> <span class='ocrx_word' id='word_1_173' title='bbox 667 1194 688 1220; x_wconf 89' lang='lat' dir='ltr'><strong>si</strong></span> <span class='ocrx_word' id='word_1_174' title='bbox 704 1202 832 1228; x_wconf 84' lang='lat' dir='ltr'><strong>ponamus</strong></span> 
     </span>
    </p>
   </div>
   <div class='ocr_carea' id='block_1_25' title="bbox 69 1236 832 1275">
    <p class='ocr_par' dir='ltr' id='par_1_25' title="bbox 69 1236 832 1275">
     <span class='ocr_line' id='line_1_25' title="bbox 69 1236 832 1275; baseline 0.003 -11"><span class='ocrx_word' id='word_1_175' title='bbox 69 1238 108 1271; x_wconf 76' lang='lat' dir='ltr'><strong>iam</strong></span> <span class='ocrx_word' id='word_1_176' title='bbox 119 1236 190 1266; x_wconf 89' lang='lat' dir='ltr'><strong>dictas</strong></span> <span class='ocrx_word' id='word_1_177' title='bbox 202 1239 330 1274; x_wconf 86' lang='lat' dir='ltr'><strong>reliquias</strong></span> <span class='ocrx_word' id='word_1_178' title='bbox 345 1239 395 1266; x_wconf 91' lang='lat' dir='ltr'><strong>hoc</strong></span> <span class='ocrx_word' id='word_1_179' title='bbox 411 1238 468 1274; x_wconf 88' lang='lat' dir='ltr'><strong>ipso</strong></span> <span class='ocrx_word' id='word_1_180' title='bbox 486 1247 556 1266; x_wconf 91' lang='lat' dir='ltr'><strong>anno</strong></span> <span class='ocrx_word' id='word_1_181' title='bbox 574 1238 832 1275; x_wconf 82' lang='lat' dir='ltr'><strong>quadringentesimo</strong></span> 
     </span>
    </p>
   </div>
   <div class='ocr_carea' id='block_1_26' title="bbox 69 1283 831 1319">
    <p class='ocr_par' dir='ltr' id='par_1_26' title="bbox 69 1283 831 1319">
     <span class='ocr_line' id='line_1_26' title="bbox 69 1283 831 1319; baseline 0.003 -10"><span class='ocrx_word' id='word_1_182' title='bbox 69 1283 171 1318; x_wconf 83' lang='lat' dir='ltr'><strong>vigesimo</strong></span> <span class='ocrx_word' id='word_1_183' title='bbox 183 1289 273 1319; x_wconf 87' lang='lat' dir='ltr'><strong>quarto</strong></span> <span class='ocrx_word' id='word_1_184' title='bbox 288 1284 442 1319; x_wconf 84' lang='lat' dir='ltr'><strong>Hipponem</strong></span> <span class='ocrx_word' id='word_1_185' title='bbox 463 1284 555 1312; x_wconf 83' lang='lat' dir='ltr'><strong>allatas</strong></span> <span class='ocrx_word' id='word_1_186' title='bbox 566 1284 657 1316; x_wconf 62' lang='lat' dir='ltr'><strong>fuisse</strong></span> <span class='ocrx_word' id='word_1_187' title='bbox 669 1305 675 1317; x_wconf 92' lang='lat'><strong>,</strong></span> <span class='ocrx_word' id='word_1_188' title='bbox 697 1284 762 1311; x_wconf 85' lang='lat' dir='ltr'><strong>nihil</strong></span> <span class='ocrx_word' id='word_1_189' title='bbox 785 1293 831 1312; x_wconf 89' lang='lat' dir='ltr'><strong>ve-</strong></span> 
     </span>
    </p>
   </div>
   <div class='ocr_carea' id='block_1_27' title="bbox 71 1328 830 1364">
    <p class='ocr_par' dir='ltr' id='par_1_27' title="bbox 71 1328 830 1364">
     <span class='ocr_line' id='line_1_27' title="bbox 71 1328 830 1364; baseline 0.004 -10"><span class='ocrx_word' id='word_1_190' title='bbox 71 1328 129 1356; x_wconf 79' lang='lat' dir='ltr'><strong>tuerit</strong></span> <span class='ocrx_word' id='word_1_191' title='bbox 144 1330 276 1364; x_wconf 87' lang='lat' dir='ltr'><strong>quominus</strong></span> <span class='ocrx_word' id='word_1_192' title='bbox 292 1328 329 1357; x_wconf 89' lang='lat' dir='ltr'><strong>de</strong></span> <span class='ocrx_word' id='word_1_193' title='bbox 352 1329 470 1362; x_wconf 76' lang='lat' dir='ltr'><strong>redicttla,</strong></span> <span class='ocrx_word' id='word_1_194' title='bbox 495 1329 538 1357; x_wconf 85' lang='lat' dir='ltr'><strong>ubi</strong></span> <span class='ocrx_word' id='word_1_195' title='bbox 551 1329 733 1364; x_wconf 75' lang='lat' dir='ltr'><strong>servabantur,</strong></span> <span class='ocrx_word' id='word_1_196' title='bbox 749 1329 774 1357; x_wconf 88' lang='lat' dir='ltr'><strong>id</strong></span> <span class='ocrx_word' id='word_1_197' title='bbox 790 1330 830 1357; x_wconf 89' lang='lat' dir='ltr'><strong>in-</strong></span> 
     </span>
    </p>
   </div>
   <div class='ocr_carea' id='block_1_28' title="bbox 72 1374 831 1411">
    <p class='ocr_par' dir='ltr' id='par_1_28' title="bbox 72 1374 831 1411">
     <span class='ocr_line' id='line_1_28' title="bbox 72 1374 831 1411; baseline 0.004 -12"><span class='ocrx_word' id='word_1_198' title='bbox 72 1375 204 1409; x_wconf 81' lang='lat' dir='ltr'><strong>terpreteris,</strong></span> <span class='ocrx_word' id='word_1_199' title='bbox 218 1374 286 1411; x_wconf 87' lang='lat' dir='ltr'><strong>quod</strong></span> <span class='ocrx_word' id='word_1_200' title='bbox 303 1381 413 1406; x_wconf 85' lang='lat' dir='ltr'><strong>sanctus</strong></span> <span class='ocrx_word' id='word_1_201' title='bbox 428 1374 527 1403; x_wconf 71' lang='lat' dir='ltr'><strong>Prmsul</strong></span> <span class='ocrx_word' id='word_1_202' title='bbox 544 1376 569 1403; x_wconf 91' lang='lat' dir='ltr'><strong>iu</strong></span> <span class='ocrx_word' id='word_1_203' title='bbox 586 1383 709 1404; x_wconf 87' lang='lat' dir='ltr'><strong>sermone</strong></span> <span class='ocrx_word' id='word_1_204' title='bbox 731 1375 764 1403; x_wconf 89' lang='lat' dir='ltr'><strong>de</strong></span> <span class='ocrx_word' id='word_1_205' title='bbox 778 1376 831 1403; x_wconf 89' lang='lat' dir='ltr'><strong>vita</strong></span> 
     </span>
    </p>
   </div>
   <div class='ocr_carea' id='block_1_29' title="bbox 18 1419 832 1462">
    <p class='ocr_par' dir='ltr' id='par_1_29' title="bbox 18 1419 832 1462">
     <span class='ocr_line' id='line_1_29' title="bbox 18 1419 832 1462; baseline 0.004 -17"><span class='ocrx_word' id='word_1_206' title='bbox 18 1455 22 1462; x_wconf 43' lang='lat'><strong><em>&#39;</em></strong></span> <span class='ocrx_word' id='word_1_207' title='bbox 70 1425 88 1445; x_wconf 81' lang='lat' dir='ltr'><strong>vl</strong></span> <span class='ocrx_word' id='word_1_208' title='bbox 104 1419 205 1448; x_wconf 85' lang='lat' dir='ltr'><strong>moribus</strong></span> <span class='ocrx_word' id='word_1_209' title='bbox 224 1420 384 1449; x_wconf 90' lang='lat' dir='ltr'><strong>clericorum</strong></span> <span class='ocrx_word' id='word_1_210' title='bbox 407 1429 514 1449; x_wconf 88' lang='lat' dir='ltr'><strong>suorum</strong></span> <span class='ocrx_word' id='word_1_211' title='bbox 537 1420 663 1454; x_wconf 88' lang='lat' dir='ltr'><strong>secundo,</strong></span> <span class='ocrx_word' id='word_1_212' title='bbox 687 1422 756 1449; x_wconf 91' lang='lat' dir='ltr'><strong>circa</strong></span> <span class='ocrx_word' id='word_1_213' title='bbox 783 1421 832 1448; x_wconf 92' lang='lat' dir='ltr'><strong>ini-</strong></span> 
     </span>
    </p>
   </div>
   <div class='ocr_carea' id='block_1_30' title="bbox 72 1464 831 1502">
    <p class='ocr_par' dir='ltr' id='par_1_30' title="bbox 72 1464 831 1502">
     <span class='ocr_line' id='line_1_30' title="bbox 72 1464 831 1502; baseline 0.007 -13"><span class='ocrx_word' id='word_1_214' title='bbox 72 1464 117 1491; x_wconf 82' lang='lat' dir='ltr'><strong>tium</strong></span> <span class='ocrx_word' id='word_1_215' title='bbox 130 1466 182 1493; x_wconf 86' lang='lat' dir='ltr'><strong>anni</strong></span> <span class='ocrx_word' id='word_1_216' title='bbox 201 1466 455 1501; x_wconf 81' lang='lat' dir='ltr'><strong>quadrittgentesimi</strong></span> <span class='ocrx_word' id='word_1_217' title='bbox 477 1467 594 1502; x_wconf 87' lang='lat' dir='ltr'><strong>vigesimi</strong></span> <span class='ocrx_word' id='word_1_218' title='bbox 617 1467 699 1501; x_wconf 81' lang='lat' dir='ltr'><strong>quinti</strong></span> <span class='ocrx_word' id='word_1_219' title='bbox 721 1475 773 1494; x_wconf 94' lang='lat' dir='ltr'><strong>non</strong></span> <span class='ocrx_word' id='word_1_220' title='bbox 796 1468 831 1494; x_wconf 85' lang='lat' dir='ltr'><strong>ita</strong></span> 
     </span>
    </p>
   </div>
   <div class='ocr_carea' id='block_1_31' title="bbox 72 1511 830 1549">
    <p class='ocr_par' dir='ltr' id='par_1_31' title="bbox 72 1511 830 1549">
     <span class='ocr_line' id='line_1_31' title="bbox 72 1511 830 1549; baseline 0.005 -12"><span class='ocrx_word' id='word_1_221' title='bbox 72 1511 133 1538; x_wconf 83' lang='lat' dir='ltr'><strong>multo</strong></span> <span class='ocrx_word' id='word_1_222' title='bbox 144 1517 193 1547; x_wconf 89' lang='lat' dir='ltr'><strong>post</strong></span> <span class='ocrx_word' id='word_1_223' title='bbox 205 1512 383 1549; x_wconf 84' lang='lat' dir='ltr'><strong>Epiphaniam</strong></span> <span class='ocrx_word' id='word_1_224' title='bbox 397 1512 485 1540; x_wconf 88' lang='lat' dir='ltr'><strong>habito</strong></span> <span class='ocrx_word' id='word_1_225' title='bbox 497 1512 591 1549; x_wconf 87' lang='lat' dir='ltr'><strong>(Serm.</strong></span> <span class='ocrx_word' id='word_1_226' title='bbox 604 1512 666 1546; x_wconf 77' lang='lat'><strong>555,</strong></span> <span class='ocrx_word' id='word_1_227' title='bbox 678 1522 703 1540; x_wconf 78' lang='lat' dir='ltr'><strong>ﬂ.</strong></span> <span class='ocrx_word' id='word_1_228' title='bbox 717 1513 746 1548; x_wconf 88' lang='lat'><strong>7)</strong></span> <span class='ocrx_word' id='word_1_229' title='bbox 757 1513 830 1547; x_wconf 85' lang='lat' dir='ltr'><strong>dicit,</strong></span> 
     </span>
    </p>
   </div>
   <div class='ocr_carea' id='block_1_32' title="bbox 72 1555 831 1594">
    <p class='ocr_par' dir='ltr' id='par_1_32' title="bbox 72 1555 831 1594">
     <span class='ocr_line' id='line_1_32' title="bbox 72 1555 831 1594; baseline 0.004 -11"><span class='ocrx_word' id='word_1_230' title='bbox 72 1555 157 1585; x_wconf 78' lang='lat' dir='ltr'><strong>Heraclii</strong></span> <span class='ocrx_word' id='word_1_231' title='bbox 175 1557 273 1586; x_wconf 87' lang='lat' dir='ltr'><strong>diaconi</strong></span> <span class='ocrx_word' id='word_1_232' title='bbox 288 1567 372 1593; x_wconf 90' lang='lat' dir='ltr'><strong>opere</strong></span> <span class='ocrx_word' id='word_1_233' title='bbox 389 1567 420 1586; x_wconf 91' lang='lat' dir='ltr'><strong>ac</strong></span> <span class='ocrx_word' id='word_1_234' title='bbox 439 1559 549 1594; x_wconf 86' lang='lat' dir='ltr'><strong>pecunia</strong></span> <span class='ocrx_word' id='word_1_235' title='bbox 570 1559 725 1586; x_wconf 85' lang='lat' dir='ltr'><strong>memoriam</strong></span> <span class='ocrx_word' id='word_1_236' title='bbox 747 1560 831 1587; x_wconf 83' lang='lat' dir='ltr'><strong>sancti</strong></span> 
     </span>
    </p>
   </div>
   <div class='ocr_carea' id='block_1_33' title="bbox 72 1600 831 1640">
    <p class='ocr_par' dir='ltr' id='par_1_33' title="bbox 72 1600 831 1640">
     <span class='ocr_line' id='line_1_33' title="bbox 72 1600 831 1640; baseline 0.005 -11"><span class='ocrx_word' id='word_1_237' title='bbox 72 1600 169 1637; x_wconf 83' lang='lat' dir='ltr'><strong>Stephani</strong></span> <span class='ocrx_word' id='word_1_238' title='bbox 183 1608 364 1632; x_wconf 86' lang='lat' dir='ltr'><strong>constructam</strong></span> <span class='ocrx_word' id='word_1_239' title='bbox 385 1603 480 1640; x_wconf 86' lang='lat' dir='ltr'><strong>(Serm.</strong></span> <span class='ocrx_word' id='word_1_240' title='bbox 497 1604 563 1638; x_wconf 71' lang='lat'><strong>556,</strong></span> <span class='ocrx_word' id='word_1_241' title='bbox 580 1614 606 1631; x_wconf 87' lang='grc' dir='ltr'>ιι.</span> <span class='ocrx_word' id='word_1_242' title='bbox 623 1605 661 1640; x_wconf 88' lang='grc'><strong>7).</strong></span> <span class='ocrx_word' id='word_1_243' title='bbox 683 1605 727 1633; x_wconf 89' lang='lat' dir='ltr'><strong>Sin</strong></span> <span class='ocrx_word' id='word_1_244' title='bbox 744 1610 831 1633; x_wconf 89' lang='lat' dir='ltr'><strong>autem</strong></span> 
     </span>
    </p>
   </div>
   <div class='ocr_carea' id='block_1_34' title="bbox 73 1650 832 1687">
    <p class='ocr_par' dir='ltr' id='par_1_34' title="bbox 73 1650 832 1687">
     <span class='ocr_line' id='line_1_34' title="bbox 73 1650 832 1687; baseline 0.005 -12"><span class='ocrx_word' id='word_1_245' title='bbox 73 1657 123 1676; x_wconf 76' lang='lat' dir='ltr'><strong>anno</strong></span> <span class='ocrx_word' id='word_1_246' title='bbox 148 1650 266 1678; x_wconf 86' lang='lat' dir='ltr'><strong>duntaxat</strong></span> <span class='ocrx_word' id='word_1_247' title='bbox 294 1651 557 1686; x_wconf 78' lang='lat' dir='ltr'><strong>quadringentesimo</strong></span> <span class='ocrx_word' id='word_1_248' title='bbox 587 1652 714 1687; x_wconf 80' lang='lat' dir='ltr'><strong>vigesimo</strong></span> <span class='ocrx_word' id='word_1_249' title='bbox 740 1652 832 1687; x_wconf 91' lang='lat' dir='ltr'><strong>quinto</strong></span> 
     </span>
    </p>
   </div>
   <div class='ocr_carea' id='block_1_35' title="bbox 73 1696 832 1733">
    <p class='ocr_par' dir='ltr' id='par_1_35' title="bbox 73 1696 832 1733">
     <span class='ocr_line' id='line_1_35' title="bbox 73 1696 832 1733; baseline 0.004 -11"><span class='ocrx_word' id='word_1_250' title='bbox 73 1699 133 1722; x_wconf 75' lang='lat' dir='ltr'><strong>sancti</strong></span> <span class='ocrx_word' id='word_1_251' title='bbox 146 1696 265 1732; x_wconf 86' lang='lat' dir='ltr'><strong>Stephani</strong></span> <span class='ocrx_word' id='word_1_252' title='bbox 280 1698 402 1733; x_wconf 76' lang='lat' dir='ltr'><strong>reliquia:</strong></span> <span class='ocrx_word' id='word_1_253' title='bbox 416 1697 562 1733; x_wconf 86' lang='lat' dir='ltr'><strong>Hipponem</strong></span> <span class='ocrx_word' id='word_1_254' title='bbox 576 1698 755 1733; x_wconf 87' lang='lat' dir='ltr'><strong>pervenerint,</strong></span> <span class='ocrx_word' id='word_1_255' title='bbox 776 1698 832 1732; x_wconf 81' lang='lat' dir='ltr'><strong>jam</strong></span> 
     </span>
    </p>
   </div>
   <div class='ocr_carea' id='block_1_36' title="bbox 74 1739 832 1779">
    <p class='ocr_par' dir='ltr' id='par_1_36' title="bbox 74 1739 832 1779">
     <span class='ocr_line' id='line_1_36' title="bbox 74 1739 832 1779; baseline 0.004 -11"><span class='ocrx_word' id='word_1_256' title='bbox 74 1739 176 1770; x_wconf 84' lang='lat' dir='ltr'><strong>dillicilius</strong></span> <span class='ocrx_word' id='word_1_257' title='bbox 198 1743 307 1771; x_wconf 78' lang='lat' dir='ltr'><strong>:edicula</strong></span> <span class='ocrx_word' id='word_1_258' title='bbox 321 1764 327 1776; x_wconf 93' lang='lat'><strong>,</strong></span> <span class='ocrx_word' id='word_1_259' title='bbox 348 1751 426 1779; x_wconf 90' lang='lat' dir='ltr'><strong>quam</strong></span> <span class='ocrx_word' id='word_1_260' title='bbox 448 1743 570 1771; x_wconf 74' lang='lat' dir='ltr'><strong>excitavit</strong></span> <span class='ocrx_word' id='word_1_261' title='bbox 594 1743 749 1776; x_wconf 85' lang='lat' dir='ltr'><strong>lleraclius,</strong></span> <span class='ocrx_word' id='word_1_262' title='bbox 774 1744 832 1771; x_wconf 84' lang='lat' dir='ltr'><strong>Ste-</strong></span> 
     </span>
    </p>
   </div>
   <div class='ocr_carea' id='block_1_37' title="bbox 74 1784 832 1825">
    <p class='ocr_par' dir='ltr' id='par_1_37' title="bbox 74 1784 832 1825">
     <span class='ocr_line' id='line_1_37' title="bbox 74 1784 832 1825; baseline 0.005 -12"><span class='ocrx_word' id='word_1_263' title='bbox 74 1784 138 1819; x_wconf 78' lang='lat' dir='ltr'><strong>phano</strong></span> <span class='ocrx_word' id='word_1_264' title='bbox 150 1795 216 1815; x_wconf 90' lang='lat' dir='ltr'><strong>sacra</strong></span> <span class='ocrx_word' id='word_1_265' title='bbox 230 1789 376 1817; x_wconf 85' lang='lat' dir='ltr'><strong>diceretur.</strong></span> <span class='ocrx_word' id='word_1_266' title='bbox 391 1789 465 1816; x_wconf 90' lang='lat' dir='ltr'><strong>Tunc</strong></span> <span class='ocrx_word' id='word_1_267' title='bbox 477 1789 547 1816; x_wconf 89' lang='lat' dir='ltr'><strong>ettitn</strong></span> <span class='ocrx_word' id='word_1_268' title='bbox 561 1796 648 1816; x_wconf 88' lang='lat' dir='ltr'><strong>sermo</strong></span> <span class='ocrx_word' id='word_1_269' title='bbox 664 1789 716 1821; x_wconf 90' lang='lat' dir='ltr'><strong>ille,</strong></span> <span class='ocrx_word' id='word_1_270' title='bbox 737 1789 763 1816; x_wconf 91' lang='lat' dir='ltr'><strong>in</strong></span> <span class='ocrx_word' id='word_1_271' title='bbox 780 1797 832 1825; x_wconf 92' lang='lat' dir='ltr'><strong>quo</strong></span> 
     </span>
    </p>
   </div>
   <div class='ocr_carea' id='block_1_38' title="bbox 75 1830 832 1870">
    <p class='ocr_par' dir='ltr' id='par_1_38' title="bbox 75 1830 832 1870">
     <span class='ocr_line' id='line_1_38' title="bbox 75 1830 832 1870; baseline 0.007 -12"><span class='ocrx_word' id='word_1_272' title='bbox 75 1830 97 1858; x_wconf 85' lang='lat' dir='ltr'><strong>tle</strong></span> <span class='ocrx_word' id='word_1_273' title='bbox 113 1835 247 1861; x_wconf 88' lang='lat' dir='ltr'><strong>memoratis</strong></span> <span class='ocrx_word' id='word_1_274' title='bbox 270 1834 392 1870; x_wconf 80' lang='lat' dir='ltr'><strong>reliquiis</strong></span> <span class='ocrx_word' id='word_1_275' title='bbox 412 1834 511 1869; x_wconf 85' lang='lat' dir='ltr'><strong>agitur,</strong></span> <span class='ocrx_word' id='word_1_276' title='bbox 534 1834 625 1862; x_wconf 90' lang='lat' dir='ltr'><strong>haberi</strong></span> <span class='ocrx_word' id='word_1_277' title='bbox 647 1835 697 1862; x_wconf 83' lang='lat' dir='ltr'><strong>nisi</strong></span> <span class='ocrx_word' id='word_1_278' title='bbox 725 1835 832 1863; x_wconf 88' lang='lat' dir='ltr'><strong>inettnte</strong></span> 
     </span>
    </p>
   </div>
   <div class='ocr_carea' id='block_1_39' title="bbox 75 1880 832 1915">
    <p class='ocr_par' dir='ltr' id='par_1_39' title="bbox 75 1880 832 1915">
     <span class='ocr_line' id='line_1_39' title="bbox 75 1880 832 1915; baseline 0.007 -12"><span class='ocrx_word' id='word_1_279' title='bbox 75 1884 126 1905; x_wconf 83' lang='lat' dir='ltr'><strong>anno</strong></span> <span class='ocrx_word' id='word_1_280' title='bbox 143 1885 194 1913; x_wconf 81' lang='lat' dir='ltr'><strong>post</strong></span> <span class='ocrx_word' id='word_1_281' title='bbox 213 1880 504 1915; x_wconf 89' lang='lat' dir='ltr'><strong>quadringentesimutn</strong></span> <span class='ocrx_word' id='word_1_282' title='bbox 528 1881 655 1915; x_wconf 81' lang='lat' dir='ltr'><strong>vigesimo</strong></span> <span class='ocrx_word' id='word_1_283' title='bbox 680 1885 754 1908; x_wconf 86' lang='lat' dir='ltr'><strong>sexto</strong></span> <span class='ocrx_word' id='word_1_284' title='bbox 779 1889 832 1908; x_wconf 89' lang='lat' dir='ltr'><strong>non</strong></span> 
     </span>
    </p>
   </div>
   <div class='ocr_carea' id='block_1_40' title="bbox 76 1923 833 1962">
    <p class='ocr_par' dir='ltr' id='par_1_40' title="bbox 76 1923 833 1962">
     <span class='ocr_line' id='line_1_40' title="bbox 76 1923 833 1962; baseline 0.007 -13"><span class='ocrx_word' id='word_1_285' title='bbox 76 1923 190 1956; x_wconf 85' lang='lat' dir='ltr'><strong>potuisset:</strong></span> <span class='ocrx_word' id='word_1_286' title='bbox 204 1933 261 1953; x_wconf 89' lang='lat' dir='ltr'><strong>cum</strong></span> <span class='ocrx_word' id='word_1_287' title='bbox 277 1931 369 1954; x_wconf 63' lang='lat' dir='ltr'><strong>tamen</strong></span> <span class='ocrx_word' id='word_1_288' title='bbox 385 1926 453 1953; x_wconf 90' lang='lat' dir='ltr'><strong>idem</strong></span> <span class='ocrx_word' id='word_1_289' title='bbox 469 1926 615 1960; x_wconf 81' lang='lat' dir='ltr'><strong>Heraclius,</strong></span> <span class='ocrx_word' id='word_1_290' title='bbox 635 1927 680 1962; x_wconf 88' lang='lat' dir='ltr'><strong>qui</strong></span> <span class='ocrx_word' id='word_1_291' title='bbox 697 1932 757 1954; x_wconf 90' lang='lat' dir='ltr'><strong>tunc</strong></span> <span class='ocrx_word' id='word_1_292' title='bbox 771 1931 833 1954; x_wconf 89' lang='lat' dir='ltr'><strong>tetu-</strong></span> 
     </span>
    </p>
   </div>
   <div class='ocr_carea' id='block_1_41' title="bbox 76 1969 843 2008">
    <p class='ocr_par' dir='ltr' id='par_1_41' title="bbox 76 1969 843 2008">
     <span class='ocr_line' id='line_1_41' title="bbox 76 1969 843 2008; baseline 0.004 -12"><span class='ocrx_word' id='word_1_293' title='bbox 76 1969 128 2001; x_wconf 82' lang='lat' dir='ltr'><strong>poris</strong></span> <span class='ocrx_word' id='word_1_294' title='bbox 137 1969 228 1998; x_wconf 84' lang='lat' dir='ltr'><strong>diaconi</strong></span> <span class='ocrx_word' id='word_1_295' title='bbox 244 1976 348 1999; x_wconf 87' lang='lat' dir='ltr'><strong>tantum</strong></span> <span class='ocrx_word' id='word_1_296' title='bbox 362 1971 451 1999; x_wconf 82' lang='lat' dir='ltr'><strong>ofﬁcio</strong></span> <span class='ocrx_word' id='word_1_297' title='bbox 467 1972 606 2006; x_wconf 85' lang='lat' dir='ltr'><strong>insignitus</strong></span> <span class='ocrx_word' id='word_1_298' title='bbox 622 1976 694 2005; x_wconf 88' lang='lat' dir='ltr'><strong>erat,</strong></span> <span class='ocrx_word' id='word_1_299' title='bbox 712 1977 843 2008; x_wconf 89' lang='lat' dir='ltr'><strong>postmo-_</strong></span> 
     </span>
    </p>
   </div>
   <div class='ocr_carea' id='block_1_42' title="bbox 76 2013 831 2054">
    <p class='ocr_par' dir='ltr' id='par_1_42' title="bbox 76 2013 831 2054">
     <span class='ocr_line' id='line_1_42' title="bbox 76 2013 831 2054; baseline 0.008 -15"><span class='ocrx_word' id='word_1_300' title='bbox 76 2013 121 2042; x_wconf 85' lang='lat' dir='ltr'><strong>dum</strong></span> <span class='ocrx_word' id='word_1_301' title='bbox 131 2016 156 2042; x_wconf 82' lang='lat' dir='ltr'><strong>ad</strong></span> <span class='ocrx_word' id='word_1_302' title='bbox 169 2017 321 2054; x_wconf 75' lang='lat' dir='ltr'><strong>presbyterii</strong></span> <span class='ocrx_word' id='word_1_303' title='bbox 331 2017 442 2053; x_wconf 84' lang='lat' dir='ltr'><strong>gradum</strong></span> <span class='ocrx_word' id='word_1_304' title='bbox 454 2016 645 2045; x_wconf 84' lang='lat' dir='ltr'><strong>fueritevectus</strong></span> <span class='ocrx_word' id='word_1_305' title='bbox 654 2017 831 2054; x_wconf 70' lang='lat' dir='ltr'><strong>(Epist.215),</strong></span> 
     </span>
    </p>
   </div>
   <div class='ocr_carea' id='block_1_43' title="bbox 77 2060 832 2099">
    <p class='ocr_par' dir='ltr' id='par_1_43' title="bbox 77 2060 832 2099">
     <span class='ocr_line' id='line_1_43' title="bbox 77 2060 832 2099; baseline 0.005 -13"><span class='ocrx_word' id='word_1_306' title='bbox 77 2066 98 2086; x_wconf 76' lang='lat' dir='ltr'><strong>ac</strong></span> <span class='ocrx_word' id='word_1_307' title='bbox 107 2060 183 2090; x_wconf 82' lang='lat' dir='ltr'><strong>deinde</strong></span> <span class='ocrx_word' id='word_1_308' title='bbox 194 2063 225 2090; x_wconf 90' lang='lat' dir='ltr'><strong>ab</strong></span> <span class='ocrx_word' id='word_1_309' title='bbox 245 2064 395 2099; x_wconf 78' lang='lat' dir='ltr'><strong>Augustino</strong></span> <span class='ocrx_word' id='word_1_310' title='bbox 410 2062 452 2091; x_wconf 89' lang='lat' dir='ltr'><strong>die</strong></span> <span class='ocrx_word' id='word_1_311' title='bbox 470 2069 545 2090; x_wconf 83' lang='lat' dir='ltr'><strong>sexto</strong></span> <span class='ocrx_word' id='word_1_312' title='bbox 563 2063 688 2091; x_wconf 81' lang='lat' dir='ltr'><strong>kalendas</strong></span> <span class='ocrx_word' id='word_1_313' title='bbox 711 2064 832 2091; x_wconf 86' lang='lat' dir='ltr'><strong>octobrcs</strong></span> 
     </span>
    </p>
   </div>
   <div class='ocr_carea' id='block_1_44' title="bbox 77 2108 834 2146">
    <p class='ocr_par' dir='ltr' id='par_1_44' title="bbox 77 2108 834 2146">
     <span class='ocr_line' id='line_1_44' title="bbox 77 2108 834 2146; baseline 0.011 -16"><span class='ocrx_word' id='word_1_314' title='bbox 77 2111 130 2133; x_wconf 82' lang='lat' dir='ltr'><strong>anno</strong></span> <span class='ocrx_word' id='word_1_315' title='bbox 140 2108 387 2146; x_wconf 82' lang='lat' dir='ltr'><strong>quadringentesimo</strong></span> <span class='ocrx_word' id='word_1_316' title='bbox 402 2110 528 2144; x_wconf 84' lang='lat' dir='ltr'><strong>vigesimo</strong></span> <span class='ocrx_word' id='word_1_317' title='bbox 539 2114 614 2137; x_wconf 77' lang='lat' dir='ltr'><strong>sexto</strong></span> <span class='ocrx_word' id='word_1_318' title='bbox 627 2110 789 2145; x_wconf 85' lang='lat' dir='ltr'><strong>designatus,</strong></span> <span class='ocrx_word' id='word_1_319' title='bbox 806 2115 834 2138; x_wconf 88' lang='lat' dir='ltr'><strong>ut</strong></span> 
     </span>
    </p>
   </div>
   <div class='ocr_carea' id='block_1_45' title="bbox 80 2151 833 2191">
    <p class='ocr_par' dir='ltr' id='par_1_45' title="bbox 80 2151 833 2191">
     <span class='ocr_line' id='line_1_45' title="bbox 80 2151 833 2191; baseline 0.001 -9"><span class='ocrx_word' id='word_1_320' title='bbox 80 2151 99 2176; x_wconf 65' lang='grc' dir='ltr'><strong>εί</strong></span> <span class='ocrx_word' id='word_1_321' title='bbox 113 2154 239 2183; x_wconf 65' lang='lat' dir='ltr'><strong>“caederet</strong></span> <span class='ocrx_word' id='word_1_322' title='bbox 249 2176 257 2189; x_wconf 91' lang='lat'><strong>,</strong></span> <span class='ocrx_word' id='word_1_323' title='bbox 271 2161 353 2190; x_wconf 86' lang='lat' dir='ltr'><strong>atque</strong></span> <span class='ocrx_word' id='word_1_324' title='bbox 367 2155 472 2182; x_wconf 87' lang='lat' dir='ltr'><strong>interim</strong></span> <span class='ocrx_word' id='word_1_325' title='bbox 490 2163 532 2182; x_wconf 91' lang='lat' dir='ltr'><strong>res</strong></span> <span class='ocrx_word' id='word_1_326' title='bbox 549 2155 728 2191; x_wconf 80' lang='lat' dir='ltr'><strong>Hipponensis</strong></span> <span class='ocrx_word' id='word_1_327' title='bbox 741 2155 833 2183; x_wconf 86' lang='lat' dir='ltr'><strong>Eccle-</strong></span> 
     </span>
    </p>
   </div>
   <div class='ocr_carea' id='block_1_46' title="bbox 81 2195 529 2236">
    <p class='ocr_par' dir='ltr' id='par_1_46' title="bbox 81 2195 529 2236">
     <span class='ocr_line' id='line_1_46' title="bbox 81 2195 529 2236; baseline 0.013 -14"><span class='ocrx_word' id='word_1_328' title='bbox 81 2195 117 2223; x_wconf 69' lang='lat' dir='ltr'><strong>sia</strong></span> <span class='ocrx_word' id='word_1_329' title='bbox 126 2197 299 2230; x_wconf 74' lang='lat' dir='ltr'><strong>administraret</strong></span> <span class='ocrx_word' id='word_1_330' title='bbox 315 2199 529 2236; x_wconf 82' lang='lat' dir='ltr'><strong>procuraretqtie.</strong></span> 
     </span>
    </p>
   </div>
   <div class='ocr_carea' id='block_1_47' title="bbox 106 2241 832 2282">
    <p class='ocr_par' dir='ltr' id='par_1_47' title="bbox 106 2241 832 2282">
     <span class='ocr_line' id='line_1_47' title="bbox 106 2241 832 2282; baseline 0.001 -9"><span class='ocrx_word' id='word_1_331' title='bbox 106 2241 126 2268; x_wconf 65' lang='lat'><strong>3-</strong></span> <span class='ocrx_word' id='word_1_332' title='bbox 137 2243 250 2281; x_wconf 80' lang='lat' dir='ltr'><strong>Quidquid</strong></span> <span class='ocrx_word' id='word_1_333' title='bbox 263 2247 314 2280; x_wconf 89' lang='lat' dir='ltr'><strong>sit,</strong></span> <span class='ocrx_word' id='word_1_334' title='bbox 332 2247 409 2282; x_wconf 86' lang='lat' dir='ltr'><strong>plane</strong></span> <span class='ocrx_word' id='word_1_335' title='bbox 422 2251 525 2274; x_wconf 83' lang='lat' dir='ltr'><strong>constat</strong></span> <span class='ocrx_word' id='word_1_336' title='bbox 539 2251 659 2274; x_wconf 88' lang='lat' dir='ltr'><strong>sanctum</strong></span> <span class='ocrx_word' id='word_1_337' title='bbox 681 2246 832 2275; x_wconf 84' lang='lat' dir='ltr'><strong>Antistitent</strong></span> 
     </span>
    </p>
   </div>
   <div class='ocr_carea' id='block_1_48' title="bbox 81 2292 833 2328">
    <p class='ocr_par' dir='ltr' id='par_1_48' title="bbox 81 2292 833 2328">
     <span class='ocr_line' id='line_1_48' title="bbox 81 2292 833 2328; baseline 0.005 -11"><span class='ocrx_word' id='word_1_338' title='bbox 81 2292 137 2317; x_wconf 59' lang='grc' dir='ltr'>ωιε</span> <span class='ocrx_word' id='word_1_339' title='bbox 145 2297 238 2325; x_wconf 78' lang='lat' dir='ltr'><strong>gravem</strong></span> <span class='ocrx_word' id='word_1_340' title='bbox 256 2298 338 2328; x_wconf 84' lang='lat' dir='ltr'><strong>atque</strong></span> <span class='ocrx_word' id='word_1_341' title='bbox 355 2293 464 2321; x_wconf 90' lang='lat' dir='ltr'><strong>omnino</strong></span> <span class='ocrx_word' id='word_1_342' title='bbox 478 2301 572 2321; x_wconf 87' lang='lat' dir='ltr'><strong>canum</strong></span> <span class='ocrx_word' id='word_1_343' title='bbox 587 2293 668 2321; x_wconf 84' lang='lat' dir='ltr'><strong>fuisse</strong></span> <span class='ocrx_word' id='word_1_344' title='bbox 683 2297 736 2321; x_wconf 90' lang='lat' dir='ltr'><strong>tum</strong></span> <span class='ocrx_word' id='word_1_345' title='bbox 749 2315 755 2326; x_wconf 92' lang='lat'><strong>,</strong></span> <span class='ocrx_word' id='word_1_346' title='bbox 771 2302 833 2328; x_wconf 78' lang='lat' dir='ltr'><strong>curn</strong></span> 
     </span>
    </p>
   </div>
   <div class='ocr_carea' id='block_1_49' title="bbox 83 2331 833 2367">
    <p class='ocr_par' dir='ltr' id='par_1_49' title="bbox 83 2331 833 2367">
     <span class='ocr_line' id='line_1_49' title="bbox 83 2331 833 2367; baseline 0.008 -7"><span class='ocrx_word' id='word_1_347' title='bbox 83 2331 106 2360; x_wconf 76' lang='lat' dir='ltr'><strong>ie</strong></span> <span class='ocrx_word' id='word_1_348' title='bbox 115 2334 154 2362; x_wconf 84' lang='lat' dir='ltr'><strong>vita</strong></span> <span class='ocrx_word' id='word_1_349' title='bbox 165 2337 312 2366; x_wconf 86' lang='lat' dir='ltr'><strong>clericorum</strong></span> <span class='ocrx_word' id='word_1_350' title='bbox 324 2346 432 2366; x_wconf 93' lang='lat' dir='ltr'><strong>suorum</strong></span> <span class='ocrx_word' id='word_1_351' title='bbox 450 2338 542 2366; x_wconf 87' lang='lat' dir='ltr'><strong>habuit</strong></span> <span class='ocrx_word' id='word_1_352' title='bbox 554 2339 621 2366; x_wconf 90' lang='lat' dir='ltr'><strong>duos</strong></span> <span class='ocrx_word' id='word_1_353' title='bbox 640 2339 759 2367; x_wconf 89' lang='lat' dir='ltr'><strong>celebres</strong></span> <span class='ocrx_word' id='word_1_354' title='bbox 774 2339 833 2366; x_wconf 90' lang='lat' dir='ltr'><strong>illos</strong></span> 
     </span>
    </p>
   </div>
   <div class='ocr_carea' id='block_1_50' title="bbox 80 2377 832 2420">
    <p class='ocr_par' dir='ltr' id='par_1_50' title="bbox 80 2377 832 2420">
     <span class='ocr_line' id='line_1_50' title="bbox 80 2377 832 2420; baseline 0.009 -16"><span class='ocrx_word' id='word_1_355' title='bbox 80 2377 103 2404; x_wconf 71' lang='lat' dir='ltr'><strong>ad</strong></span> <span class='ocrx_word' id='word_1_356' title='bbox 114 2377 286 2416; x_wconf 76' lang='lat' dir='ltr'><strong>Hipponensem</strong></span> <span class='ocrx_word' id='word_1_357' title='bbox 300 2385 403 2419; x_wconf 87' lang='lat' dir='ltr'><strong>plebem</strong></span> <span class='ocrx_word' id='word_1_358' title='bbox 417 2391 553 2411; x_wconf 84' lang='lat' dir='ltr'><strong>sermones</strong></span> <span class='ocrx_word' id='word_1_359' title='bbox 573 2384 668 2420; x_wconf 82' lang='lat' dir='ltr'><strong>(Serm.</strong></span> <span class='ocrx_word' id='word_1_360' title='bbox 683 2384 744 2416; x_wconf 76' lang='lat'><strong>555,</strong></span> <span class='ocrx_word' id='word_1_361' title='bbox 759 2393 785 2411; x_wconf 85' lang='grc' dir='ltr'>ιι.</span> <span class='ocrx_word' id='word_1_362' title='bbox 802 2384 832 2416; x_wconf 82' lang='grc'><strong>7;</strong></span> 
     </span>
    </p>
   </div>
   <div class='ocr_carea' id='block_1_51' title="bbox 157 2426 830 2465">
    <p class='ocr_par' dir='ltr' id='par_1_51' title="bbox 157 2426 830 2465">
     <span class='ocr_line' id='line_1_51' title="bbox 157 2426 830 2465; baseline 0.001 -10"><span class='ocrx_word' id='word_1_363' title='bbox 157 2426 202 2454; x_wconf 71' lang='grc'><strong>556</strong></span> <span class='ocrx_word' id='word_1_364' title='bbox 213 2449 220 2460; x_wconf 87' lang='grc'><em>,</em></span> <span class='ocrx_word' id='word_1_365' title='bbox 240 2438 283 2456; x_wconf 86' lang='lat' dir='ltr'><strong>nn.</strong></span> <span class='ocrx_word' id='word_1_366' title='bbox 300 2430 315 2456; x_wconf 87' lang='grc'><em>’1</em></span> <span class='ocrx_word' id='word_1_367' title='bbox 328 2450 335 2462; x_wconf 82' lang='grc'><strong>,</strong></span> <span class='ocrx_word' id='word_1_368' title='bbox 359 2429 412 2465; x_wconf 73' lang='lat' dir='ltr'><strong>i5).</strong></span> <span class='ocrx_word' id='word_1_369' title='bbox 430 2429 528 2457; x_wconf 87' lang='lat' dir='ltr'><strong>Horum</strong></span> <span class='ocrx_word' id='word_1_370' title='bbox 549 2429 642 2456; x_wconf 65' lang='grc' dir='ltr'><strong>ἰδὼκο</strong></span> <span class='ocrx_word' id='word_1_371' title='bbox 654 2429 759 2457; x_wconf 88' lang='lat' dir='ltr'><strong>occasio</strong></span> <span class='ocrx_word' id='word_1_372' title='bbox 772 2429 830 2457; x_wconf 82' lang='lat' dir='ltr'><strong>fuit.</strong></span> 
     </span>
    </p>
   </div>
   <div class='ocr_carea' id='block_1_52' title="bbox 81 2465 833 2510">
    <p class='ocr_par' dir='ltr' id='par_1_52' title="bbox 81 2465 833 2510">
     <span class='ocr_line' id='line_1_52' title="bbox 81 2465 833 2510; baseline 0.007 -13"><span class='ocrx_word' id='word_1_373' title='bbox 81 2465 174 2499; x_wconf 72' lang='lat' dir='ltr'><strong>Vidimus</strong></span> <span class='ocrx_word' id='word_1_374' title='bbox 185 2473 229 2501; x_wconf 71' lang='lat' dir='ltr'><strong>Sub</strong></span> <span class='ocrx_word' id='word_1_375' title='bbox 241 2475 348 2502; x_wconf 74' lang='lat' dir='ltr'><strong>exordia</strong></span> <span class='ocrx_word' id='word_1_376' title='bbox 362 2475 530 2510; x_wconf 83' lang='lat' dir='ltr'><strong>episcopatus</strong></span> <span class='ocrx_word' id='word_1_377' title='bbox 544 2475 683 2510; x_wconf 80' lang='lat' dir='ltr'><strong>Augustini</strong></span> <span class='ocrx_word' id='word_1_378' title='bbox 697 2496 704 2508; x_wconf 90' lang='lat'><strong>,</strong></span> <span class='ocrx_word' id='word_1_379' title='bbox 720 2475 833 2502; x_wconf 85' lang='lat' dir='ltr'><strong>sanctis-</strong></span> 
     </span>
    </p>
   </div>
   <div class='ocr_carea' id='block_1_53' title="bbox 83 2511 833 2548">
    <p class='ocr_par' dir='ltr' id='par_1_53' title="bbox 83 2511 833 2548">
     <span class='ocr_line' id='line_1_53' title="bbox 83 2511 833 2548; baseline 0.004 -4"><span class='ocrx_word' id='word_1_380' title='bbox 83 2511 154 2543; x_wconf 67' lang='lat' dir='ltr'><strong>Slmm</strong></span> <span class='ocrx_word' id='word_1_381' title='bbox 168 2517 233 2547; x_wconf 90' lang='lat' dir='ltr'><strong>illum</strong></span> <span class='ocrx_word' id='word_1_382' title='bbox 249 2521 330 2546; x_wconf 83' lang='lat' dir='ltr'><strong>virum</strong></span> <span class='ocrx_word' id='word_1_383' title='bbox 347 2528 408 2547; x_wconf 70' lang='lat' dir='ltr'><strong>suos</strong></span> <span class='ocrx_word' id='word_1_384' title='bbox 431 2527 523 2547; x_wconf 90' lang='lat' dir='ltr'><strong>omnes</strong></span> <span class='ocrx_word' id='word_1_385' title='bbox 546 2520 657 2548; x_wconf 87' lang='lat' dir='ltr'><strong>clericos</strong></span> <span class='ocrx_word' id='word_1_386' title='bbox 677 2520 702 2546; x_wconf 92' lang='lat' dir='ltr'><strong>in</strong></span> <span class='ocrx_word' id='word_1_387' title='bbox 725 2520 833 2547; x_wconf 88' lang='lat' dir='ltr'><strong>dotnutn</strong></span> 
     </span>
    </p>
   </div>
   <div class='ocr_carea' id='block_1_54' title="bbox 82 2558 833 2602">
    <p class='ocr_par' dir='ltr' id='par_1_54' title="bbox 82 2558 833 2602">
     <span class='ocr_line' id='line_1_54' title="bbox 82 2558 833 2602; baseline -0.001 -8"><span class='ocrx_word' id='word_1_388' title='bbox 82 2558 224 2597; x_wconf 67' lang='grc' dir='ltr'>ενιιωμιεω</span> <span class='ocrx_word' id='word_1_389' title='bbox 236 2567 367 2601; x_wconf 77' lang='lat' dir='ltr'><strong>coegisse,</strong></span> <span class='ocrx_word' id='word_1_390' title='bbox 383 2567 537 2600; x_wconf 73' lang='lat' dir='ltr'><strong>quihttscmn</strong></span> <span class='ocrx_word' id='word_1_391' title='bbox 553 2566 672 2594; x_wconf 83' lang='lat' dir='ltr'><strong>abdicata</strong></span> <span class='ocrx_word' id='word_1_392' title='bbox 687 2566 724 2593; x_wconf 88' lang='lat' dir='ltr'><strong>rei</strong></span> <span class='ocrx_word' id='word_1_393' title='bbox 744 2567 833 2602; x_wconf 84' lang='lat' dir='ltr'><strong>cujus-</strong></span> 
     </span>
    </p>
   </div>
   <div class='ocr_carea' id='block_1_55' title="bbox 83 2603 835 2647">
    <p class='ocr_par' dir='ltr' id='par_1_55' title="bbox 83 2603 835 2647">
     <span class='ocr_line' id='line_1_55' title="bbox 83 2603 835 2647; baseline 0.004 -10"><span class='ocrx_word' id='word_1_394' title='bbox 83 2603 129 2633; x_wconf 62' lang='lat' dir='ltr'><strong>“bet</strong></span> <span class='ocrx_word' id='word_1_395' title='bbox 140 2611 282 2644; x_wconf 81' lang='lat' dir='ltr'><strong>proprietate</strong></span> <span class='ocrx_word' id='word_1_396' title='bbox 298 2613 322 2638; x_wconf 75' lang='grc' dir='ltr'><strong>ιιι</strong></span> <span class='ocrx_word' id='word_1_397' title='bbox 342 2612 455 2647; x_wconf 73' lang='lat' dir='ltr'><strong>perfecta</strong></span> <span class='ocrx_word' id='word_1_398' title='bbox 473 2613 601 2640; x_wconf 88' lang='lat' dir='ltr'><strong>bonorum</strong></span> <span class='ocrx_word' id='word_1_399' title='bbox 617 2612 734 2639; x_wconf 88' lang='lat' dir='ltr'><strong>omnium</strong></span> <span class='ocrx_word' id='word_1_400' title='bbox 754 2613 835 2640; x_wconf 82' lang='lat' dir='ltr'><strong>socie-</strong></span> 
     </span>
    </p>
   </div>
   <div class='ocr_carea' id='block_1_56' title="bbox 83 2653 834 2692">
    <p class='ocr_par' dir='ltr' id='par_1_56' title="bbox 83 2653 834 2692">
     <span class='ocr_line' id='line_1_56' title="bbox 83 2653 834 2692; baseline 0.011 -15"><span class='ocrx_word' id='word_1_401' title='bbox 83 2653 122 2678; x_wconf 76' lang='lat' dir='ltr'><strong>late</strong></span> <span class='ocrx_word' id='word_1_402' title='bbox 132 2654 221 2683; x_wconf 66' lang='lat' dir='ltr'><strong>Vivebat</strong></span> <span class='ocrx_word' id='word_1_403' title='bbox 235 2657 327 2690; x_wconf 82' lang='lat' dir='ltr'><strong>(Serm.</strong></span> <span class='ocrx_word' id='word_1_404' title='bbox 341 2659 401 2689; x_wconf 65' lang='lat'><strong>5.35,</strong></span> <span class='ocrx_word' id='word_1_405' title='bbox 419 2667 461 2684; x_wconf 86' lang='lat' dir='ltr'><strong>Im.</strong></span> <span class='ocrx_word' id='word_1_406' title='bbox 479 2659 501 2691; x_wconf 86' lang='grc' dir='ltr'>ι,</span> <span class='ocrx_word' id='word_1_407' title='bbox 516 2658 554 2692; x_wconf 73' lang='grc'><strong>2).</strong></span> <span class='ocrx_word' id='word_1_408' title='bbox 570 2658 673 2685; x_wconf 84' lang='lat' dir='ltr'><strong>Nemini</strong></span> <span class='ocrx_word' id='word_1_409' title='bbox 688 2665 782 2685; x_wconf 89' lang='lat' dir='ltr'><strong>manus</strong></span> <span class='ocrx_word' id='word_1_410' title='bbox 801 2658 834 2685; x_wconf 90' lang='lat' dir='ltr'><strong>ad</strong></span> 
     </span>
    </p>
   </div>
   <div class='ocr_carea' id='block_1_57' title="bbox 84 2694 833 2740">
    <p class='ocr_par' dir='ltr' id='par_1_57' title="bbox 84 2694 833 2740">
     <span class='ocr_line' id='line_1_57' title="bbox 84 2694 833 2740; baseline 0.012 -17"><span class='ocrx_word' id='word_1_411' title='bbox 84 2694 205 2740; x_wconf 71' lang='lat' dir='ltr'><strong>clericatum</strong></span> <span class='ocrx_word' id='word_1_412' title='bbox 218 2702 363 2737; x_wconf 84' lang='lat' dir='ltr'><strong>imponebat</strong></span> <span class='ocrx_word' id='word_1_413' title='bbox 376 2724 382 2736; x_wconf 92' lang='lat'><strong>,</strong></span> <span class='ocrx_word' id='word_1_414' title='bbox 400 2705 448 2730; x_wconf 78' lang='lat' dir='ltr'><strong>nisi</strong></span> <span class='ocrx_word' id='word_1_415' title='bbox 467 2705 514 2731; x_wconf 87' lang='lat' dir='ltr'><strong>hac</strong></span> <span class='ocrx_word' id='word_1_416' title='bbox 529 2706 596 2740; x_wconf 76' lang='lat' dir='ltr'><strong>lege,</strong></span> <span class='ocrx_word' id='word_1_417' title='bbox 611 2710 638 2731; x_wconf 96' lang='lat' dir='ltr'><strong>ut</strong></span> <span class='ocrx_word' id='word_1_418' title='bbox 653 2712 741 2732; x_wconf 85' lang='lat' dir='ltr'><strong>secum</strong></span> <span class='ocrx_word' id='word_1_419' title='bbox 754 2705 833 2731; x_wconf 89' lang='lat' dir='ltr'><strong>vitam</strong></span> 
     </span>
    </p>
   </div>
   <div class='ocr_carea' id='block_1_58' title="bbox 85 2738 834 2785">
    <p class='ocr_par' dir='ltr' id='par_1_58' title="bbox 85 2738 834 2785">
     <span class='ocr_line' id='line_1_58' title="bbox 85 2738 834 2785; baseline 0.008 -14"><span class='ocrx_word' id='word_1_420' title='bbox 85 2738 136 2785; x_wconf 47' lang='lat' dir='ltr'><strong>illam</strong></span> <span class='ocrx_word' id='word_1_421' title='bbox 143 2752 293 2775; x_wconf 79' lang='lat' dir='ltr'><strong>communem</strong></span> <span class='ocrx_word' id='word_1_422' title='bbox 306 2755 458 2784; x_wconf 69' lang='lat' dir='ltr'><strong>sequeretur</strong></span> <span class='ocrx_word' id='word_1_423' title='bbox 468 2738 564 2784; x_wconf 63' lang='lat' dir='ltr'><strong>(Ibid.,</strong></span> <span class='ocrx_word' id='word_1_424' title='bbox 574 2759 600 2777; x_wconf 73' lang='grc' dir='ltr'>ιι.</span> <span class='ocrx_word' id='word_1_425' title='bbox 612 2750 658 2784; x_wconf 85' lang='grc'><strong>6);</strong></span> <span class='ocrx_word' id='word_1_426' title='bbox 673 2749 742 2785; x_wconf 85' lang='lat' dir='ltr'><strong>quod</strong></span> <span class='ocrx_word' id='word_1_427' title='bbox 755 2750 834 2777; x_wconf 85' lang='lat' dir='ltr'><strong>etiam</strong></span> 
     </span>
    </p>
   </div>
   <div class='ocr_carea' id='block_1_59' title="bbox 85 2783 835 2831">
    <p class='ocr_par' dir='ltr' id='par_1_59' title="bbox 85 2783 835 2831">
     <span class='ocr_line' id='line_1_59' title="bbox 85 2783 835 2831; baseline 0.003 -11"><span class='ocrx_word' id='word_1_428' title='bbox 85 2783 140 2831; x_wconf 43' lang='lat' dir='ltr'><strong>lilii“</strong></span> <span class='ocrx_word' id='word_1_429' title='bbox 149 2797 245 2826; x_wconf 69' lang='lat' dir='ltr'><strong>apparet</strong></span> <span class='ocrx_word' id='word_1_430' title='bbox 265 2802 351 2821; x_wconf 84' lang='lat' dir='ltr'><strong>coram</strong></span> <span class='ocrx_word' id='word_1_431' title='bbox 367 2796 488 2822; x_wconf 77' lang='lat' dir='ltr'><strong>universo</strong></span> <span class='ocrx_word' id='word_1_432' title='bbox 509 2796 604 2831; x_wconf 91' lang='lat' dir='ltr'><strong>populo</strong></span> <span class='ocrx_word' id='word_1_433' title='bbox 623 2795 729 2822; x_wconf 81' lang='lat' dir='ltr'><strong>disertis</strong></span> <span class='ocrx_word' id='word_1_434' title='bbox 750 2795 835 2822; x_wconf 90' lang='lat' dir='ltr'><strong>verbis</strong></span> 
     </span>
    </p>
   </div>
   <div class='ocr_carea' id='block_1_60' title="bbox 166 2841 836 2874">
    <p class='ocr_par' dir='ltr' id='par_1_60' title="bbox 166 2841 836 2874">
     <span class='ocr_line' id='line_1_60' title="bbox 166 2841 836 2874; baseline 0.004 -9"><span class='ocrx_word' id='word_1_435' title='bbox 166 2844 214 2864; x_wconf 68' lang='lat' dir='ltr'><strong>ssc.</strong></span> <span class='ocrx_word' id='word_1_436' title='bbox 230 2841 261 2867; x_wconf 78' lang='lat' dir='ltr'><strong>At</strong></span> <span class='ocrx_word' id='word_1_437' title='bbox 280 2841 344 2867; x_wconf 75' lang='lat' dir='ltr'><strong>satis</strong></span> <span class='ocrx_word' id='word_1_438' title='bbox 368 2842 434 2868; x_wconf 81' lang='lat' dir='ltr'><strong>idem</strong></span> <span class='ocrx_word' id='word_1_439' title='bbox 458 2841 587 2874; x_wconf 85' lang='lat' dir='ltr'><strong>habebat,</strong></span> <span class='ocrx_word' id='word_1_440' title='bbox 609 2841 673 2868; x_wconf 89' lang='lat' dir='ltr'><strong>illttd</strong></span> <span class='ocrx_word' id='word_1_441' title='bbox 690 2841 836 2868; x_wconf 76' lang='lat' dir='ltr'><strong>imtotuisse</strong></span> 
     </span>
    </p>
   </div>
   <div class='ocr_carea' id='block_1_61' title="bbox 87 2877 832 2920">
    <p class='ocr_par' dir='ltr' id='par_1_61' title="bbox 87 2877 832 2920">
     <span class='ocr_line' id='line_1_61' title="bbox 87 2877 832 2920; baseline 0.001 -9"><span class='ocrx_word' id='word_1_442' title='bbox 87 2877 241 2912; x_wconf 52' lang='lat' dir='ltr'><strong>“insutis</strong></span> <span class='ocrx_word' id='word_1_443' title='bbox 253 2886 364 2920; x_wconf 78' lang='lat' dir='ltr'><strong>clericis,</strong></span> <span class='ocrx_word' id='word_1_444' title='bbox 389 2887 455 2915; x_wconf 80' lang='lat' dir='ltr'><strong>hanc</strong></span> <span class='ocrx_word' id='word_1_445' title='bbox 476 2895 534 2915; x_wconf 81' lang='lat' dir='ltr'><strong>esse</strong></span> <span class='ocrx_word' id='word_1_446' title='bbox 560 2887 661 2914; x_wconf 88' lang='lat' dir='ltr'><strong>vivendi</strong></span> <span class='ocrx_word' id='word_1_447' title='bbox 687 2886 832 2919; x_wconf 83' lang='lat' dir='ltr'><strong>rationem,</strong></span> 
     </span>
    </p>
   </div>
   <div class='ocr_carea' id='block_1_62' title="bbox 5 2937 269 3193">
    <p class='ocr_par' dir='ltr' id='par_1_62' title="bbox 9 2937 265 3189">
     <span class='ocr_line' id='line_1_62' title="bbox 9 2937 265 3189; baseline 0 -54"><span class='ocrx_word' id='word_1_448' title='bbox 9 2937 265 3189; x_wconf 49' lang='grc' dir='ltr'>μ</span> 
     </span>
    </p>
   </div>
   <div class='ocr_carea' id='block_1_63' title="bbox 1629 173 1681 203">
    <p class='ocr_par' dir='ltr' id='par_1_63' title="bbox 1629 173 1681 203">
     <span class='ocr_line' id='line_1_63' title="bbox 1629 173 1681 203; baseline 0 0"><span class='ocrx_word' id='word_1_449' title='bbox 1629 173 1681 203; x_wconf 71' lang='grc'><strong>534</strong></span> 
     </span>
    </p>
   </div>
   <div class='ocr_carea' id='block_1_64' title="bbox 891 227 1678 266">
    <p class='ocr_par' dir='ltr' id='par_1_64' title="bbox 891 227 1678 266">
     <span class='ocr_line' id='line_1_64' title="bbox 891 227 1678 266; baseline 0.008 -14"><span class='ocrx_word' id='word_1_450' title='bbox 891 233 968 262; x_wconf 89' lang='lat' dir='ltr'><strong>quam</strong></span> <span class='ocrx_word' id='word_1_451' title='bbox 990 227 1015 254; x_wconf 91' lang='lat' dir='ltr'><strong>in</strong></span> <span class='ocrx_word' id='word_1_452' title='bbox 1031 234 1078 254; x_wconf 90' lang='lat' dir='ltr'><strong>suo</strong></span> <span class='ocrx_word' id='word_1_453' title='bbox 1092 228 1264 256; x_wconf 83' lang='lat' dir='ltr'><strong>contubernio</strong></span> <span class='ocrx_word' id='word_1_454' title='bbox 1277 230 1400 265; x_wconf 88' lang='lat' dir='ltr'><strong>amplecti</strong></span> <span class='ocrx_word' id='word_1_455' title='bbox 1416 234 1571 258; x_wconf 85' lang='lat' dir='ltr'><strong>tenerentur</strong></span> <span class='ocrx_word' id='word_1_456' title='bbox 1584 230 1678 266; x_wconf 83' lang='lat' dir='ltr'><strong>(Ibid.,</strong></span> 
     </span>
    </p>
   </div>
   <div class='ocr_carea' id='block_1_65' title="bbox 890 273 1678 310">
    <p class='ocr_par' dir='ltr' id='par_1_65' title="bbox 890 273 1678 310">
     <span class='ocr_line' id='line_1_65' title="bbox 890 273 1678 310; baseline 0.008 -10"><span class='ocrx_word' id='word_1_457' title='bbox 890 281 916 300; x_wconf 81' lang='grc' dir='ltr'><em>η.</em></span> <span class='ocrx_word' id='word_1_458' title='bbox 930 273 958 308; x_wconf 75' lang='lat'><strong>9.)</strong></span> <span class='ocrx_word' id='word_1_459' title='bbox 975 282 981 299; x_wconf 90' lang='lat'>:</span> <span class='ocrx_word' id='word_1_460' title='bbox 996 273 1065 309; x_wconf 89' lang='lat' dir='ltr'><strong>quod</strong></span> <span class='ocrx_word' id='word_1_461' title='bbox 1088 282 1150 301; x_wconf 89' lang='lat' dir='ltr'><strong>vero</strong></span> <span class='ocrx_word' id='word_1_462' title='bbox 1166 273 1198 302; x_wconf 91' lang='lat' dir='ltr'><strong>ad</strong></span> <span class='ocrx_word' id='word_1_463' title='bbox 1214 275 1332 310; x_wconf 76' lang='lat' dir='ltr'><strong>praxim,</strong></span> <span class='ocrx_word' id='word_1_464' title='bbox 1352 274 1520 304; x_wconf 74' lang='lat' dir='ltr'><strong>conscientia:</strong></span> <span class='ocrx_word' id='word_1_465' title='bbox 1537 284 1630 305; x_wconf 83' lang='lat' dir='ltr'><strong>eorum</strong></span> <span class='ocrx_word' id='word_1_466' title='bbox 1643 278 1678 306; x_wconf 89' lang='lat' dir='ltr'><strong>il-</strong></span> 
     </span>
    </p>
   </div>
   <div class='ocr_carea' id='block_1_66' title="bbox 890 320 1706 360">
    <p class='ocr_par' dir='ltr' id='par_1_66' title="bbox 890 320 1706 360">
     <span class='ocr_line' id='line_1_66' title="bbox 890 320 1706 360; baseline 0.009 -13"><span class='ocrx_word' id='word_1_467' title='bbox 890 320 941 347; x_wconf 91' lang='lat' dir='ltr'><strong>lam</strong></span> <span class='ocrx_word' id='word_1_468' title='bbox 955 320 1108 355; x_wconf 89' lang='lat' dir='ltr'><strong>permittere</strong></span> <span class='ocrx_word' id='word_1_469' title='bbox 1127 321 1250 354; x_wconf 82' lang='lat' dir='ltr'><strong>malebat,</strong></span> <span class='ocrx_word' id='word_1_470' title='bbox 1264 330 1341 357; x_wconf 89' lang='lat' dir='ltr'><strong>qttam</strong></span> <span class='ocrx_word' id='word_1_471' title='bbox 1354 322 1453 351; x_wconf 87' lang='lat' dir='ltr'><strong>nihilne</strong></span> <span class='ocrx_word' id='word_1_472' title='bbox 1468 331 1576 360; x_wconf 85' lang='lat' dir='ltr'><strong>prorsus</strong></span> <span class='ocrx_word' id='word_1_473' title='bbox 1590 326 1678 360; x_wconf 83' lang='lat' dir='ltr'><strong>possi-</strong></span> <span class='ocrx_word' id='word_1_474' title='bbox 1702 326 1706 334; x_wconf 92' lang='lat'><strong>‘</strong></span> 
     </span>
    </p>
   </div>
   <div class='ocr_carea' id='block_1_67' title="bbox 889 365 1676 407">
    <p class='ocr_par' dir='ltr' id='par_1_67' title="bbox 889 365 1676 407">
     <span class='ocr_line' id='line_1_67' title="bbox 889 365 1676 407; baseline 0.01 -15"><span class='ocrx_word' id='word_1_475' title='bbox 889 365 984 393; x_wconf 84' lang='lat' dir='ltr'><strong>derent</strong></span> <span class='ocrx_word' id='word_1_476' title='bbox 993 387 1000 400; x_wconf 90' lang='lat'><strong>,</strong></span> <span class='ocrx_word' id='word_1_477' title='bbox 1017 368 1194 402; x_wconf 91' lang='lat' dir='ltr'><strong>scrupulosius</strong></span> <span class='ocrx_word' id='word_1_478' title='bbox 1208 367 1356 402; x_wconf 86' lang='lat' dir='ltr'><strong>inquirere;</strong></span> <span class='ocrx_word' id='word_1_479' title='bbox 1368 374 1507 403; x_wconf 83' lang='lat' dir='ltr'><strong>propterea</strong></span> <span class='ocrx_word' id='word_1_480' title='bbox 1521 367 1592 407; x_wconf 84' lang='lat' dir='ltr'><strong>quod</strong></span> <span class='ocrx_word' id='word_1_481' title='bbox 1603 371 1676 407; x_wconf 84' lang='lat' dir='ltr'><strong>ejus-</strong></span> 
     </span>
    </p>
   </div>
   <div class='ocr_carea' id='block_1_68' title="bbox 889 411 1677 453">
    <p class='ocr_par' dir='ltr' id='par_1_68' title="bbox 889 411 1677 453">
     <span class='ocr_line' id='line_1_68' title="bbox 889 411 1677 453; baseline 0.009 -14"><span class='ocrx_word' id='word_1_482' title='bbox 889 411 960 439; x_wconf 90' lang='lat' dir='ltr'><strong>modi</strong></span> <span class='ocrx_word' id='word_1_483' title='bbox 977 412 1110 448; x_wconf 83' lang='lat' dir='ltr'><strong>inquisitio</strong></span> <span class='ocrx_word' id='word_1_484' title='bbox 1126 413 1248 449; x_wconf 91' lang='lat' dir='ltr'><strong>quiddam</strong></span> <span class='ocrx_word' id='word_1_485' title='bbox 1270 414 1369 442; x_wconf 83' lang='lat' dir='ltr'><strong>odiosa:</strong></span> <span class='ocrx_word' id='word_1_486' title='bbox 1391 416 1546 450; x_wconf 85' lang='lat' dir='ltr'><strong>suspicionis</strong></span> <span class='ocrx_word' id='word_1_487' title='bbox 1569 425 1624 453; x_wconf 64' lang='lat' dir='ltr'><strong>prie</strong></span> <span class='ocrx_word' id='word_1_488' title='bbox 1645 426 1677 447; x_wconf 81' lang='lat' dir='ltr'><strong>se</strong></span> 
     </span>
    </p>
   </div>
   <div class='ocr_carea' id='block_1_69' title="bbox 889 458 1678 499">
    <p class='ocr_par' dir='ltr' id='par_1_69' title="bbox 889 458 1678 499">
     <span class='ocr_line' id='line_1_69' title="bbox 889 458 1678 499; baseline 0.009 -14"><span class='ocrx_word' id='word_1_489' title='bbox 889 458 978 486; x_wconf 83' lang='lat' dir='ltr'><strong>ferret.</strong></span> <span class='ocrx_word' id='word_1_490' title='bbox 1002 459 1188 487; x_wconf 81' lang='lat' dir='ltr'><strong>Verumtamen</strong></span> <span class='ocrx_word' id='word_1_491' title='bbox 1205 460 1329 496; x_wconf 84' lang='lat' dir='ltr'><strong>imposuit</strong></span> <span class='ocrx_word' id='word_1_492' title='bbox 1352 462 1400 496; x_wconf 88' lang='lat' dir='ltr'><strong>ipsi</strong></span> <span class='ocrx_word' id='word_1_493' title='bbox 1414 461 1553 491; x_wconf 74' lang='lat' dir='ltr'><strong>Ianuarius</strong></span> <span class='ocrx_word' id='word_1_494' title='bbox 1569 465 1678 499; x_wconf 83' lang='lat' dir='ltr'><strong>quidam</strong></span> 
     </span>
    </p>
   </div>
   <div class='ocr_carea' id='block_1_70' title="bbox 888 505 1678 540">
    <p class='ocr_par' dir='ltr' id='par_1_70' title="bbox 888 505 1678 540">
     <span class='ocr_line' id='line_1_70' title="bbox 888 505 1678 540; baseline 0.009 -9"><span class='ocrx_word' id='word_1_495' title='bbox 888 505 1036 540; x_wconf 80' lang='lat' dir='ltr'><strong>presbyter.</strong></span> <span class='ocrx_word' id='word_1_496' title='bbox 1054 505 1100 532; x_wconf 90' lang='lat' dir='ltr'><strong>llic</strong></span> <span class='ocrx_word' id='word_1_497' title='bbox 1113 506 1184 533; x_wconf 87' lang='lat' dir='ltr'><strong>enitn</strong></span> <span class='ocrx_word' id='word_1_498' title='bbox 1198 506 1229 533; x_wconf 90' lang='lat' dir='ltr'><strong>ad</strong></span> <span class='ocrx_word' id='word_1_499' title='bbox 1245 515 1304 533; x_wconf 90' lang='lat' dir='ltr'><strong>eum</strong></span> <span class='ocrx_word' id='word_1_500' title='bbox 1318 507 1399 539; x_wconf 82' lang='lat' dir='ltr'><strong>venit,</strong></span> <span class='ocrx_word' id='word_1_501' title='bbox 1414 508 1493 534; x_wconf 84' lang='lat' dir='ltr'><strong>vitam</strong></span> <span class='ocrx_word' id='word_1_502' title='bbox 1509 516 1678 538; x_wconf 88' lang='lat' dir='ltr'><strong>communem</strong></span> 
     </span>
    </p>
   </div>
   <div class='ocr_carea' id='block_1_71' title="bbox 889 550 1675 586">
    <p class='ocr_par' dir='ltr' id='par_1_71' title="bbox 889 550 1675 586">
     <span class='ocr_line' id='line_1_71' title="bbox 889 550 1675 586; baseline 0.008 -9"><span class='ocrx_word' id='word_1_503' title='bbox 889 551 1019 586; x_wconf 88' lang='lat' dir='ltr'><strong>promisit,</strong></span> <span class='ocrx_word' id='word_1_504' title='bbox 1036 559 1085 578; x_wconf 92' lang='lat' dir='ltr'><strong>una</strong></span> <span class='ocrx_word' id='word_1_505' title='bbox 1101 550 1236 585; x_wconf 81' lang='lat' dir='ltr'><strong>habitavit,</strong></span> <span class='ocrx_word' id='word_1_506' title='bbox 1251 552 1284 579; x_wconf 91' lang='lat' dir='ltr'><strong>de</strong></span> <span class='ocrx_word' id='word_1_507' title='bbox 1297 551 1462 581; x_wconf 80' lang='lat' dir='ltr'><strong>facultatibus</strong></span> <span class='ocrx_word' id='word_1_508' title='bbox 1475 553 1601 582; x_wconf 71' lang='lat' dir='ltr'><strong>Ecclesia:</strong></span> <span class='ocrx_word' id='word_1_509' title='bbox 1614 563 1675 583; x_wconf 86' lang='lat' dir='ltr'><strong>sus-</strong></span> 
     </span>
    </p>
   </div>
   <div class='ocr_carea' id='block_1_72' title="bbox 889 597 1677 637">
    <p class='ocr_par' dir='ltr' id='par_1_72' title="bbox 889 597 1677 637">
     <span class='ocr_line' id='line_1_72' title="bbox 889 597 1677 637; baseline 0.008 -14"><span class='ocrx_word' id='word_1_510' title='bbox 889 600 1003 624; x_wconf 84' lang='lat' dir='ltr'><strong>tentatus</strong></span> <span class='ocrx_word' id='word_1_511' title='bbox 1014 602 1063 624; x_wconf 87' lang='lat' dir='ltr'><strong>est.</strong></span> <span class='ocrx_word' id='word_1_512' title='bbox 1079 597 1161 631; x_wconf 70' lang='lat' dir='ltr'><strong>Erant</strong></span> <span class='ocrx_word' id='word_1_513' title='bbox 1173 598 1196 624; x_wconf 89' lang='lat' dir='ltr'><strong>ei</strong></span> <span class='ocrx_word' id='word_1_514' title='bbox 1216 597 1291 625; x_wconf 85' lang='lat' dir='ltr'><strong>liberi</strong></span> <span class='ocrx_word' id='word_1_515' title='bbox 1304 598 1371 632; x_wconf 90' lang='lat' dir='ltr'><strong>duo,</strong></span> <span class='ocrx_word' id='word_1_516' title='bbox 1392 599 1461 626; x_wconf 83' lang='lat' dir='ltr'><strong>ﬁlius</strong></span> <span class='ocrx_word' id='word_1_517' title='bbox 1474 607 1506 627; x_wconf 89' lang='lat' dir='ltr'><strong>ac</strong></span> <span class='ocrx_word' id='word_1_518' title='bbox 1520 600 1589 634; x_wconf 85' lang='lat' dir='ltr'><strong>filia;</strong></span> <span class='ocrx_word' id='word_1_519' title='bbox 1610 608 1677 637; x_wconf 84' lang='lat' dir='ltr'><strong>quos</strong></span> 
     </span>
    </p>
   </div>
   <div class='ocr_carea' id='block_1_73' title="bbox 889 641 1674 680">
    <p class='ocr_par' dir='ltr' id='par_1_73' title="bbox 889 641 1674 680">
     <span class='ocr_line' id='line_1_73' title="bbox 889 641 1674 680; baseline 0.006 -12"><span class='ocrx_word' id='word_1_520' title='bbox 889 641 914 669; x_wconf 92' lang='lat' dir='ltr'><strong>in</strong></span> <span class='ocrx_word' id='word_1_521' title='bbox 934 642 1101 670; x_wconf 84' lang='lat' dir='ltr'><strong>monasteriis</strong></span> <span class='ocrx_word' id='word_1_522' title='bbox 1123 642 1336 677; x_wconf 88' lang='lat' dir='ltr'><strong>llipponensibtts</strong></span> <span class='ocrx_word' id='word_1_523' title='bbox 1350 664 1356 676; x_wconf 95' lang='lat'><strong>,</strong></span> <span class='ocrx_word' id='word_1_524' title='bbox 1380 652 1489 679; x_wconf 88' lang='lat' dir='ltr'><strong>puerum</strong></span> <span class='ocrx_word' id='word_1_525' title='bbox 1511 653 1570 672; x_wconf 91' lang='lat' dir='ltr'><strong>cum</strong></span> <span class='ocrx_word' id='word_1_526' title='bbox 1590 646 1674 680; x_wconf 82' lang='lat' dir='ltr'><strong>viris,</strong></span> 
     </span>
    </p>
   </div>
   <div class='ocr_carea' id='block_1_74' title="bbox 888 686 1676 721">
    <p class='ocr_par' dir='ltr' id='par_1_74' title="bbox 888 686 1676 721">
     <span class='ocr_line' id='line_1_74' title="bbox 888 686 1676 721; baseline 0.008 -9"><span class='ocrx_word' id='word_1_527' title='bbox 888 686 1001 721; x_wconf 80' lang='lat' dir='ltr'><strong>puellam</strong></span> <span class='ocrx_word' id='word_1_528' title='bbox 1017 695 1077 714; x_wconf 90' lang='lat' dir='ltr'><strong>cutn</strong></span> <span class='ocrx_word' id='word_1_529' title='bbox 1089 686 1203 721; x_wconf 77' lang='lat' dir='ltr'><strong>feminis,</strong></span> <span class='ocrx_word' id='word_1_530' title='bbox 1218 687 1327 715; x_wconf 86' lang='lat' dir='ltr'><strong>alcndos</strong></span> <span class='ocrx_word' id='word_1_531' title='bbox 1339 688 1486 716; x_wconf 72' lang='lat' dir='ltr'><strong>collocavit.</strong></span> <span class='ocrx_word' id='word_1_532' title='bbox 1500 689 1577 717; x_wconf 89' lang='lat' dir='ltr'><strong>Omni</strong></span> <span class='ocrx_word' id='word_1_533' title='bbox 1589 691 1676 718; x_wconf 88' lang='lat' dir='ltr'><strong>omni-</strong></span> 
     </span>
    </p>
   </div>
   <div class='ocr_carea' id='block_1_75' title="bbox 888 733 1676 767">
    <p class='ocr_par' dir='ltr' id='par_1_75' title="bbox 888 733 1676 767">
     <span class='ocr_line' id='line_1_75' title="bbox 888 733 1676 767; baseline 0.006 -9"><span class='ocrx_word' id='word_1_534' title='bbox 888 740 922 759; x_wconf 91' lang='lat' dir='ltr'><strong>no</strong></span> <span class='ocrx_word' id='word_1_535' title='bbox 943 733 1104 767; x_wconf 86' lang='lat' dir='ltr'><strong>posscssioni</strong></span> <span class='ocrx_word' id='word_1_536' title='bbox 1128 734 1294 761; x_wconf 86' lang='lat' dir='ltr'><strong>renuntiasse</strong></span> <span class='ocrx_word' id='word_1_537' title='bbox 1307 755 1313 767; x_wconf 89' lang='lat'><strong>,</strong></span> <span class='ocrx_word' id='word_1_538' title='bbox 1333 742 1364 762; x_wconf 90' lang='lat' dir='ltr'><strong>ac</strong></span> <span class='ocrx_word' id='word_1_539' title='bbox 1385 733 1418 761; x_wconf 91' lang='lat' dir='ltr'><strong>de</strong></span> <span class='ocrx_word' id='word_1_540' title='bbox 1437 735 1492 761; x_wconf 89' lang='lat' dir='ltr'><strong>suis</strong></span> <span class='ocrx_word' id='word_1_541' title='bbox 1512 734 1622 763; x_wconf 84' lang='lat' dir='ltr'><strong>fortunis</strong></span> <span class='ocrx_word' id='word_1_542' title='bbox 1642 743 1676 764; x_wconf 85' lang='lat' dir='ltr'><strong>eo</strong></span> 
     </span>
    </p>
   </div>
   <div class='ocr_carea' id='block_1_76' title="bbox 887 777 1677 815">
    <p class='ocr_par' dir='ltr' id='par_1_76' title="bbox 887 777 1677 815">
     <span class='ocr_line' id='line_1_76' title="bbox 887 777 1677 815; baseline 0.005 -11"><span class='ocrx_word' id='word_1_543' title='bbox 887 777 967 805; x_wconf 88' lang='lat' dir='ltr'><strong>modo</strong></span> <span class='ocrx_word' id='word_1_544' title='bbox 979 779 1148 806; x_wconf 88' lang='lat' dir='ltr'><strong>constituisse</strong></span> <span class='ocrx_word' id='word_1_545' title='bbox 1158 778 1307 814; x_wconf 86' lang='lat' dir='ltr'><strong>putabatur,</strong></span> <span class='ocrx_word' id='word_1_546' title='bbox 1320 787 1373 814; x_wconf 86' lang='lat' dir='ltr'><strong>quo</strong></span> <span class='ocrx_word' id='word_1_547' title='bbox 1384 779 1441 814; x_wconf 80' lang='lat' dir='ltr'><strong>ejus</strong></span> <span class='ocrx_word' id='word_1_548' title='bbox 1452 781 1578 815; x_wconf 87' lang='lat' dir='ltr'><strong>propositi</strong></span> <span class='ocrx_word' id='word_1_549' title='bbox 1590 781 1677 809; x_wconf 85' lang='lat' dir='ltr'><strong>virum</strong></span> 
     </span>
    </p>
   </div>
   <div class='ocr_carea' id='block_1_77' title="bbox 887 821 1676 863">
    <p class='ocr_par' dir='ltr' id='par_1_77' title="bbox 887 821 1676 863">
     <span class='ocr_line' id='line_1_77' title="bbox 887 821 1676 863; baseline 0.006 -13"><span class='ocrx_word' id='word_1_550' title='bbox 887 821 1006 851; x_wconf 84' lang='lat' dir='ltr'><strong>decebat.</strong></span> <span class='ocrx_word' id='word_1_551' title='bbox 1022 822 1129 852; x_wconf 84' lang='lat' dir='ltr'><strong>Minime</strong></span> <span class='ocrx_word' id='word_1_552' title='bbox 1143 829 1230 852; x_wconf 89' lang='lat' dir='ltr'><strong>tamen</strong></span> <span class='ocrx_word' id='word_1_553' title='bbox 1251 825 1367 861; x_wconf 81' lang='lat' dir='ltr'><strong>ignotum</strong></span> <span class='ocrx_word' id='word_1_554' title='bbox 1382 831 1455 858; x_wconf 85' lang='lat' dir='ltr'><strong>erat,</strong></span> <span class='ocrx_word' id='word_1_555' title='bbox 1476 832 1575 854; x_wconf 86' lang='lat' dir='ltr'><strong>certam</strong></span> <span class='ocrx_word' id='word_1_556' title='bbox 1596 835 1676 863; x_wconf 85' lang='lat' dir='ltr'><strong>pecu-</strong></span> 
     </span>
    </p>
   </div>
   <div class='ocr_carea' id='block_1_78' title="bbox 887 867 1677 901">
    <p class='ocr_par' dir='ltr' id='par_1_78' title="bbox 887 867 1677 901">
     <span class='ocr_line' id='line_1_78' title="bbox 887 867 1677 901; baseline 0.004 -4"><span class='ocrx_word' id='word_1_557' title='bbox 887 871 937 898; x_wconf 82' lang='lat' dir='ltr'><strong>niae</strong></span> <span class='ocrx_word' id='word_1_558' title='bbox 961 879 1090 898; x_wconf 90' lang='lat' dir='ltr'><strong>summam</strong></span> <span class='ocrx_word' id='word_1_559' title='bbox 1115 867 1175 899; x_wconf 78' lang='lat' dir='ltr'><strong>eitm</strong></span> <span class='ocrx_word' id='word_1_560' title='bbox 1198 879 1348 899; x_wconf 84' lang='lat' dir='ltr'><strong>reservasse</strong></span> <span class='ocrx_word' id='word_1_561' title='bbox 1365 881 1370 898; x_wconf 86' lang='lat'>:</span> <span class='ocrx_word' id='word_1_562' title='bbox 1385 880 1476 899; x_wconf 89' lang='lat' dir='ltr'><strong>verttm</strong></span> <span class='ocrx_word' id='word_1_563' title='bbox 1498 872 1523 899; x_wconf 90' lang='lat' dir='ltr'><strong>id</strong></span> <span class='ocrx_word' id='word_1_564' title='bbox 1546 873 1605 900; x_wconf 82' lang='lat' dir='ltr'><strong>tilia:</strong></span> <span class='ocrx_word' id='word_1_565' title='bbox 1621 881 1677 901; x_wconf 76' lang='lat' dir='ltr'><strong>sua:</strong></span> 
     </span>
    </p>
   </div>
   <div class='ocr_carea' id='block_1_79' title="bbox 887 915 1676 953">
    <p class='ocr_par' dir='ltr' id='par_1_79' title="bbox 887 915 1676 953">
     <span class='ocr_line' id='line_1_79' title="bbox 887 915 1676 953; baseline 0.003 -9"><span class='ocrx_word' id='word_1_566' title='bbox 887 924 945 951; x_wconf 77' lang='lat' dir='ltr'><strong>esse</strong></span> <span class='ocrx_word' id='word_1_567' title='bbox 966 916 1134 952; x_wconf 67' lang='lat' dir='ltr'><strong>prmdicabat.</strong></span> <span class='ocrx_word' id='word_1_568' title='bbox 1157 915 1222 944; x_wconf 91' lang='lat' dir='ltr'><strong>Cum</strong></span> <span class='ocrx_word' id='word_1_569' title='bbox 1237 922 1324 944; x_wconf 82' lang='lat' dir='ltr'><strong>autern</strong></span> <span class='ocrx_word' id='word_1_570' title='bbox 1348 917 1421 953; x_wconf 83' lang='lat' dir='ltr'><strong>virgo</strong></span> <span class='ocrx_word' id='word_1_571' title='bbox 1435 917 1478 944; x_wconf 91' lang='lat' dir='ltr'><strong>illa</strong></span> <span class='ocrx_word' id='word_1_572' title='bbox 1499 919 1676 953; x_wconf 82' lang='lat' dir='ltr'><strong>neqttedume</strong></span> 
     </span>
    </p>
   </div>
   <div class='ocr_carea' id='block_1_80' title="bbox 886 962 1674 1000">
    <p class='ocr_par' dir='ltr' id='par_1_80' title="bbox 886 962 1674 1000">
     <span class='ocr_line' id='line_1_80' title="bbox 886 962 1674 1000; baseline 0.005 -11"><span class='ocrx_word' id='word_1_573' title='bbox 886 962 997 997; x_wconf 88' lang='lat' dir='ltr'><strong>pueritia</strong></span> <span class='ocrx_word' id='word_1_574' title='bbox 1017 963 1192 996; x_wconf 81' lang='lat' dir='ltr'><strong>excessisset,</strong></span> <span class='ocrx_word' id='word_1_575' title='bbox 1217 964 1333 999; x_wconf 89' lang='lat' dir='ltr'><strong>nihilque</strong></span> <span class='ocrx_word' id='word_1_576' title='bbox 1355 964 1420 991; x_wconf 88' lang='lat' dir='ltr'><strong>certi</strong></span> <span class='ocrx_word' id='word_1_577' title='bbox 1440 972 1471 991; x_wconf 84' lang='lat' dir='ltr'><strong>ex</strong></span> <span class='ocrx_word' id='word_1_578' title='bbox 1487 964 1543 999; x_wconf 86' lang='lat' dir='ltr'><strong>ejus</strong></span> <span class='ocrx_word' id='word_1_579' title='bbox 1557 973 1674 1000; x_wconf 87' lang='lat' dir='ltr'><strong>propen-</strong></span> 
     </span>
    </p>
   </div>
   <div class='ocr_carea' id='block_1_81' title="bbox 886 1006 1676 1044">
    <p class='ocr_par' dir='ltr' id='par_1_81' title="bbox 886 1006 1676 1044">
     <span class='ocr_line' id='line_1_81' title="bbox 886 1006 1676 1044; baseline 0.004 -9"><span class='ocrx_word' id='word_1_580' title='bbox 886 1008 960 1035; x_wconf 88' lang='lat' dir='ltr'><strong>sione</strong></span> <span class='ocrx_word' id='word_1_581' title='bbox 985 1008 1010 1035; x_wconf 90' lang='lat' dir='ltr'><strong>in</strong></span> <span class='ocrx_word' id='word_1_582' title='bbox 1033 1006 1154 1036; x_wconf 69' lang='lat' dir='ltr'><strong>caelibem</strong></span> <span class='ocrx_word' id='word_1_583' title='bbox 1170 1009 1248 1036; x_wconf 89' lang='lat' dir='ltr'><strong>vitatn</strong></span> <span class='ocrx_word' id='word_1_584' title='bbox 1274 1010 1406 1044; x_wconf 86' lang='lat' dir='ltr'><strong>(quamvis</strong></span> <span class='ocrx_word' id='word_1_585' title='bbox 1428 1009 1462 1036; x_wconf 90' lang='lat' dir='ltr'><strong>ad</strong></span> <span class='ocrx_word' id='word_1_586' title='bbox 1488 1018 1545 1037; x_wconf 91' lang='lat' dir='ltr'><strong>cam</strong></span> <span class='ocrx_word' id='word_1_587' title='bbox 1571 1011 1676 1039; x_wconf 89' lang='lat' dir='ltr'><strong>vinculo</strong></span> 
     </span>
    </p>
   </div>
   <div class='ocr_carea' id='block_1_82' title="bbox 884 1054 1677 1091">
    <p class='ocr_par' dir='ltr' id='par_1_82' title="bbox 884 1054 1677 1091">
     <span class='ocr_line' id='line_1_82' title="bbox 884 1054 1677 1091; baseline 0.005 -11"><span class='ocrx_word' id='word_1_588' title='bbox 884 1054 937 1088; x_wconf 90' lang='lat' dir='ltr'><strong>jam</strong></span> <span class='ocrx_word' id='word_1_589' title='bbox 954 1054 1041 1088; x_wconf 84' lang='lat' dir='ltr'><strong>aliquo</strong></span> <span class='ocrx_word' id='word_1_590' title='bbox 1055 1054 1185 1089; x_wconf 82' lang='lat' dir='ltr'><strong>alligatam</strong></span> <span class='ocrx_word' id='word_1_591' title='bbox 1204 1054 1283 1082; x_wconf 87' lang='lat' dir='ltr'><strong>fuisse</strong></span> <span class='ocrx_word' id='word_1_592' title='bbox 1299 1056 1432 1089; x_wconf 85' lang='lat' dir='ltr'><strong>appareat)</strong></span> <span class='ocrx_word' id='word_1_593' title='bbox 1448 1055 1518 1081; x_wconf 87' lang='lat' dir='ltr'><strong>circa</strong></span> <span class='ocrx_word' id='word_1_594' title='bbox 1533 1056 1615 1091; x_wconf 90' lang='lat' dir='ltr'><strong>ipsam</strong></span> <span class='ocrx_word' id='word_1_595' title='bbox 1629 1057 1677 1085; x_wconf 92' lang='lat' dir='ltr'><strong>de-</strong></span> 
     </span>
    </p>
   </div>
   <div class='ocr_carea' id='block_1_83' title="bbox 886 1100 1674 1136">
    <p class='ocr_par' dir='ltr' id='par_1_83' title="bbox 886 1100 1674 1136">
     <span class='ocr_line' id='line_1_83' title="bbox 886 1100 1674 1136; baseline 0.005 -10"><span class='ocrx_word' id='word_1_596' title='bbox 886 1100 958 1127; x_wconf 90' lang='lat' dir='ltr'><strong>cerni</strong></span> <span class='ocrx_word' id='word_1_597' title='bbox 975 1105 1079 1134; x_wconf 67' lang='lat' dir='ltr'><strong>possct;</strong></span> <span class='ocrx_word' id='word_1_598' title='bbox 1095 1100 1192 1127; x_wconf 86' lang='lat' dir='ltr'><strong>nemini</strong></span> <span class='ocrx_word' id='word_1_599' title='bbox 1204 1100 1298 1127; x_wconf 87' lang='lat' dir='ltr'><strong>licebat</strong></span> <span class='ocrx_word' id='word_1_600' title='bbox 1310 1101 1335 1127; x_wconf 90' lang='lat' dir='ltr'><strong>in</strong></span> <span class='ocrx_word' id='word_1_601' title='bbox 1347 1101 1496 1135; x_wconf 80' lang='lat' dir='ltr'><strong>sequiorem</strong></span> <span class='ocrx_word' id='word_1_602' title='bbox 1513 1105 1613 1136; x_wconf 87' lang='lat' dir='ltr'><strong>partem</strong></span> <span class='ocrx_word' id='word_1_603' title='bbox 1627 1110 1674 1131; x_wconf 86' lang='lat' dir='ltr'><strong>ac-</strong></span> 
     </span>
    </p>
   </div>
   <div class='ocr_carea' id='block_1_84' title="bbox 886 1142 1675 1182">
    <p class='ocr_par' dir='ltr' id='par_1_84' title="bbox 886 1142 1675 1182">
     <span class='ocr_line' id='line_1_84' title="bbox 886 1142 1675 1182; baseline 0.008 -11"><span class='ocrx_word' id='word_1_604' title='bbox 886 1145 984 1180; x_wconf 88' lang='lat' dir='ltr'><strong>cipere,</strong></span> <span class='ocrx_word' id='word_1_605' title='bbox 997 1145 1018 1172; x_wconf 87' lang='lat' dir='ltr'><strong>si</strong></span> <span class='ocrx_word' id='word_1_606' title='bbox 1031 1150 1104 1180; x_wconf 88' lang='lat' dir='ltr'><strong>pater</strong></span> <span class='ocrx_word' id='word_1_607' title='bbox 1120 1142 1144 1172; x_wconf 87' lang='lat' dir='ltr'><strong>id</strong></span> <span class='ocrx_word' id='word_1_608' title='bbox 1157 1146 1224 1179; x_wconf 85' lang='lat' dir='ltr'><strong>quod</strong></span> <span class='ocrx_word' id='word_1_609' title='bbox 1237 1145 1294 1181; x_wconf 91' lang='lat' dir='ltr'><strong>ejus</strong></span> <span class='ocrx_word' id='word_1_610' title='bbox 1306 1154 1365 1174; x_wconf 87' lang='lat' dir='ltr'><strong>esse</strong></span> <span class='ocrx_word' id='word_1_611' title='bbox 1375 1146 1520 1178; x_wconf 86' lang='lat' dir='ltr'><strong>dictitabat,</strong></span> <span class='ocrx_word' id='word_1_612' title='bbox 1534 1154 1653 1177; x_wconf 87' lang='lat' dir='ltr'><strong>servaret</strong></span> <span class='ocrx_word' id='word_1_613' title='bbox 1667 1157 1675 1182; x_wconf 90' lang='lat'><strong>;</strong></span> 
     </span>
    </p>
   </div>
   <div class='ocr_carea' id='block_1_85' title="bbox 886 1190 1674 1230">
    <p class='ocr_par' dir='ltr' id='par_1_85' title="bbox 886 1190 1674 1230">
     <span class='ocr_line' id='line_1_85' title="bbox 886 1190 1674 1230; baseline 0.006 -13"><span class='ocrx_word' id='word_1_614' title='bbox 886 1190 948 1217; x_wconf 87' lang='lat' dir='ltr'><strong>dttrn</strong></span> <span class='ocrx_word' id='word_1_615' title='bbox 972 1190 1076 1217; x_wconf 87' lang='lat' dir='ltr'><strong>tandem</strong></span> <span class='ocrx_word' id='word_1_616' title='bbox 1101 1190 1189 1218; x_wconf 87' lang='lat' dir='ltr'><strong>adulta</strong></span> <span class='ocrx_word' id='word_1_617' title='bbox 1217 1191 1315 1219; x_wconf 86' lang='lat' dir='ltr'><strong>faceret</strong></span> <span class='ocrx_word' id='word_1_618' title='bbox 1341 1193 1401 1220; x_wconf 89' lang='lat' dir='ltr'><strong>inde</strong></span> <span class='ocrx_word' id='word_1_619' title='bbox 1416 1215 1423 1226; x_wconf 89' lang='lat'><strong>,</strong></span> <span class='ocrx_word' id='word_1_620' title='bbox 1450 1195 1520 1229; x_wconf 92' lang='lat' dir='ltr'><strong>quod</strong></span> <span class='ocrx_word' id='word_1_621' title='bbox 1544 1195 1674 1230; x_wconf 87' lang='lat' dir='ltr'><strong>virginem</strong></span> 
     </span>
    </p>
   </div>
   <div class='ocr_carea' id='block_1_86' title="bbox 885 1236 1672 1275">
    <p class='ocr_par' dir='ltr' id='par_1_86' title="bbox 885 1236 1672 1275">
     <span class='ocr_line' id='line_1_86' title="bbox 885 1236 1672 1275; baseline 0.004 -11"><span class='ocrx_word' id='word_1_622' title='bbox 885 1236 983 1264; x_wconf 86' lang='lat' dir='ltr'><strong>Christi</strong></span> <span class='ocrx_word' id='word_1_623' title='bbox 1004 1237 1126 1271; x_wconf 88' lang='lat' dir='ltr'><strong>deceret,</strong></span> <span class='ocrx_word' id='word_1_624' title='bbox 1151 1237 1255 1271; x_wconf 87' lang='lat' dir='ltr'><strong>quando</strong></span> <span class='ocrx_word' id='word_1_625' title='bbox 1277 1238 1376 1272; x_wconf 89' lang='lat' dir='ltr'><strong>optime</strong></span> <span class='ocrx_word' id='word_1_626' title='bbox 1395 1238 1448 1274; x_wconf 91' lang='lat' dir='ltr'><strong>jam</strong></span> <span class='ocrx_word' id='word_1_627' title='bbox 1466 1239 1554 1268; x_wconf 82' lang='lat' dir='ltr'><strong>facere</strong></span> <span class='ocrx_word' id='word_1_628' title='bbox 1573 1244 1672 1275; x_wconf 78' lang='lat' dir='ltr'><strong>posset.</strong></span> 
     </span>
    </p>
   </div>
   <div class='ocr_carea' id='block_1_87' title="bbox 886 1281 1674 1320">
    <p class='ocr_par' dir='ltr' id='par_1_87' title="bbox 886 1281 1674 1320">
     <span class='ocr_line' id='line_1_87' title="bbox 886 1281 1674 1320; baseline 0.005 -12"><span class='ocrx_word' id='word_1_629' title='bbox 886 1281 993 1309; x_wconf 89' lang='lat' dir='ltr'><strong>lnteritn</strong></span> <span class='ocrx_word' id='word_1_630' title='bbox 1005 1287 1091 1309; x_wconf 88' lang='lat' dir='ltr'><strong>autent</strong></span> <span class='ocrx_word' id='word_1_631' title='bbox 1106 1286 1233 1317; x_wconf 79' lang='lat' dir='ltr'><strong>:rgrotarc</strong></span> <span class='ocrx_word' id='word_1_632' title='bbox 1248 1283 1387 1311; x_wconf 81' lang='lat' dir='ltr'><strong>Januarius</strong></span> <span class='ocrx_word' id='word_1_633' title='bbox 1400 1285 1480 1319; x_wconf 87' lang='lat' dir='ltr'><strong>coepit</strong></span> <span class='ocrx_word' id='word_1_634' title='bbox 1497 1294 1502 1311; x_wconf 90' lang='lat'><strong>:</strong></span> <span class='ocrx_word' id='word_1_635' title='bbox 1519 1285 1552 1312; x_wconf 91' lang='lat' dir='ltr'><strong>de</strong></span> <span class='ocrx_word' id='word_1_636' title='bbox 1568 1285 1616 1312; x_wconf 89' lang='lat' dir='ltr'><strong>hac</strong></span> <span class='ocrx_word' id='word_1_637' title='bbox 1632 1293 1674 1320; x_wconf 85' lang='lat' dir='ltr'><strong>pe-</strong></span> 
     </span>
    </p>
   </div>
   <div class='ocr_carea' id='block_1_88' title="bbox 885 1326 1675 1363">
    <p class='ocr_par' dir='ltr' id='par_1_88' title="bbox 885 1326 1675 1363">
     <span class='ocr_line' id='line_1_88' title="bbox 885 1326 1675 1363; baseline 0.004 -9"><span class='ocrx_word' id='word_1_638' title='bbox 885 1328 961 1355; x_wconf 89' lang='lat' dir='ltr'><strong>cttnia</strong></span> <span class='ocrx_word' id='word_1_639' title='bbox 972 1348 979 1361; x_wconf 93' lang='lat'><strong>,</strong></span> <span class='ocrx_word' id='word_1_640' title='bbox 996 1333 1118 1363; x_wconf 89' lang='lat' dir='ltr'><strong>tanquam</strong></span> <span class='ocrx_word' id='word_1_641' title='bbox 1132 1326 1165 1355; x_wconf 89' lang='lat' dir='ltr'><strong>de</strong></span> <span class='ocrx_word' id='word_1_642' title='bbox 1180 1329 1300 1363; x_wconf 90' lang='lat' dir='ltr'><strong>proprio,</strong></span> <span class='ocrx_word' id='word_1_643' title='bbox 1326 1334 1483 1357; x_wconf 82' lang='lat' dir='ltr'><strong>testamento</strong></span> <span class='ocrx_word' id='word_1_644' title='bbox 1503 1335 1591 1362; x_wconf 85' lang='lat' dir='ltr'><strong>cavet;</strong></span> <span class='ocrx_word' id='word_1_645' title='bbox 1607 1330 1675 1357; x_wconf 87' lang='lat' dir='ltr'><strong>libo-</strong></span> 
     </span>
    </p>
   </div>
   <div class='ocr_carea' id='block_1_89' title="bbox 886 1372 1672 1409">
    <p class='ocr_par' dir='ltr' id='par_1_89' title="bbox 886 1372 1672 1409">
     <span class='ocr_line' id='line_1_89' title="bbox 886 1372 1672 1409; baseline 0.004 -10"><span class='ocrx_word' id='word_1_646' title='bbox 886 1381 976 1399; x_wconf 87' lang='lat' dir='ltr'><strong>rornm</strong></span> <span class='ocrx_word' id='word_1_647' title='bbox 999 1380 1106 1399; x_wconf 89' lang='lat' dir='ltr'><strong>suorttm</strong></span> <span class='ocrx_word' id='word_1_648' title='bbox 1127 1372 1197 1400; x_wconf 88' lang='lat' dir='ltr'><strong>httttc</strong></span> <span class='ocrx_word' id='word_1_649' title='bbox 1216 1373 1322 1408; x_wconf 86' lang='lat' dir='ltr'><strong>quidem</strong></span> <span class='ocrx_word' id='word_1_650' title='bbox 1344 1382 1404 1401; x_wconf 87' lang='lat' dir='ltr'><strong>cum</strong></span> <span class='ocrx_word' id='word_1_651' title='bbox 1426 1375 1555 1409; x_wconf 89' lang='lat' dir='ltr'><strong>vitupcrio</strong></span> <span class='ocrx_word' id='word_1_652' title='bbox 1570 1396 1577 1407; x_wconf 88' lang='lat'><strong>,</strong></span> <span class='ocrx_word' id='word_1_653' title='bbox 1600 1375 1672 1402; x_wconf 88' lang='lat' dir='ltr'><strong>illam</strong></span> 
     </span>
    </p>
   </div>
   <div class='ocr_carea' id='block_1_90' title="bbox 885 1418 1675 1451">
    <p class='ocr_par' dir='ltr' id='par_1_90' title="bbox 885 1418 1675 1451">
     <span class='ocr_line' id='line_1_90' title="bbox 885 1418 1675 1451; baseline 0.003 -6"><span class='ocrx_word' id='word_1_654' title='bbox 885 1426 948 1446; x_wconf 87' lang='lat' dir='ltr'><strong>vero</strong></span> <span class='ocrx_word' id='word_1_655' title='bbox 972 1427 1030 1446; x_wconf 91' lang='lat' dir='ltr'><strong>cum</strong></span> <span class='ocrx_word' id='word_1_656' title='bbox 1048 1418 1124 1446; x_wconf 85' lang='lat' dir='ltr'><strong>laude</strong></span> <span class='ocrx_word' id='word_1_657' title='bbox 1138 1419 1298 1451; x_wconf 73' lang='lat' dir='ltr'><strong>exha-rcdat,</strong></span> <span class='ocrx_word' id='word_1_658' title='bbox 1322 1428 1423 1447; x_wconf 87' lang='lat' dir='ltr'><strong>necnon</strong></span> <span class='ocrx_word' id='word_1_659' title='bbox 1448 1420 1599 1447; x_wconf 82' lang='lat' dir='ltr'><strong>facultatum</strong></span> <span class='ocrx_word' id='word_1_660' title='bbox 1615 1428 1675 1447; x_wconf 82' lang='lat' dir='ltr'><strong>sua-</strong></span> 
     </span>
    </p>
   </div>
   <div class='ocr_carea' id='block_1_91' title="bbox 886 1463 1672 1500">
    <p class='ocr_par' dir='ltr' id='par_1_91' title="bbox 886 1463 1672 1500">
     <span class='ocr_line' id='line_1_91' title="bbox 886 1463 1672 1500; baseline 0.004 -10"><span class='ocrx_word' id='word_1_661' title='bbox 886 1472 943 1491; x_wconf 90' lang='lat' dir='ltr'><strong>rum</strong></span> <span class='ocrx_word' id='word_1_662' title='bbox 967 1463 1119 1491; x_wconf 76' lang='lat' dir='ltr'><strong>hrrreditate</strong></span> <span class='ocrx_word' id='word_1_663' title='bbox 1147 1464 1307 1500; x_wconf 88' lang='lat' dir='ltr'><strong>llipponensi</strong></span> <span class='ocrx_word' id='word_1_664' title='bbox 1331 1465 1455 1492; x_wconf 75' lang='lat' dir='ltr'><strong>Ecclesia:</strong></span> <span class='ocrx_word' id='word_1_665' title='bbox 1478 1466 1562 1500; x_wconf 84' lang='lat' dir='ltr'><strong>legata</strong></span> <span class='ocrx_word' id='word_1_666' title='bbox 1589 1466 1672 1493; x_wconf 90' lang='lat' dir='ltr'><strong>mori-</strong></span> 
     </span>
    </p>
   </div>
   <div class='ocr_carea' id='block_1_92' title="bbox 887 1509 1674 1547">
    <p class='ocr_par' dir='ltr' id='par_1_92' title="bbox 887 1509 1674 1547">
     <span class='ocr_line' id='line_1_92' title="bbox 887 1509 1674 1547; baseline 0.004 -11"><span class='ocrx_word' id='word_1_667' title='bbox 887 1515 929 1537; x_wconf 89' lang='lat' dir='ltr'><strong>tur</strong></span> <span class='ocrx_word' id='word_1_668' title='bbox 955 1509 1053 1545; x_wconf 85' lang='lat' dir='ltr'><strong>(Ibid.,</strong></span> <span class='ocrx_word' id='word_1_669' title='bbox 1081 1519 1107 1537; x_wconf 85' lang='grc' dir='ltr'>ιι.</span> <span class='ocrx_word' id='word_1_670' title='bbox 1123 1510 1160 1547; x_wconf 79' lang='grc'><strong>5).</strong></span> <span class='ocrx_word' id='word_1_671' title='bbox 1187 1510 1236 1538; x_wconf 90' lang='lat' dir='ltr'><strong>Ubi</strong></span> <span class='ocrx_word' id='word_1_672' title='bbox 1262 1511 1330 1539; x_wconf 90' lang='lat' dir='ltr'><strong>hanc</strong></span> <span class='ocrx_word' id='word_1_673' title='bbox 1355 1512 1380 1538; x_wconf 94' lang='lat' dir='ltr'><strong>in</strong></span> <span class='ocrx_word' id='word_1_674' title='bbox 1407 1512 1563 1547; x_wconf 82' lang='lat' dir='ltr'><strong>presbytero</strong></span> <span class='ocrx_word' id='word_1_675' title='bbox 1589 1512 1674 1540; x_wconf 88' lang='lat' dir='ltr'><strong>socie-</strong></span> 
     </span>
    </p>
   </div>
   <div class='ocr_carea' id='block_1_93' title="bbox 886 1556 1672 1592">
    <p class='ocr_par' dir='ltr' id='par_1_93' title="bbox 886 1556 1672 1592">
     <span class='ocr_line' id='line_1_93' title="bbox 886 1556 1672 1592; baseline 0.001 -8"><span class='ocrx_word' id='word_1_676' title='bbox 886 1557 947 1584; x_wconf 87' lang='lat' dir='ltr'><strong>tatis</strong></span> <span class='ocrx_word' id='word_1_677' title='bbox 973 1564 1028 1584; x_wconf 82' lang='lat' dir='ltr'><strong>sua:</strong></span> <span class='ocrx_word' id='word_1_678' title='bbox 1059 1556 1176 1584; x_wconf 85' lang='lat' dir='ltr'><strong>fraudem</strong></span> <span class='ocrx_word' id='word_1_679' title='bbox 1204 1557 1377 1592; x_wconf 88' lang='lat' dir='ltr'><strong>deprehendit</strong></span> <span class='ocrx_word' id='word_1_680' title='bbox 1404 1558 1582 1592; x_wconf 81' lang='lat' dir='ltr'><strong>Augustinus,</strong></span> <span class='ocrx_word' id='word_1_681' title='bbox 1611 1558 1672 1585; x_wconf 88' lang='lat' dir='ltr'><strong>hinc</strong></span> 
     </span>
    </p>
   </div>
   <div class='ocr_carea' id='block_1_94' title="bbox 886 1603 1675 1639">
    <p class='ocr_par' dir='ltr' id='par_1_94' title="bbox 886 1603 1675 1639">
     <span class='ocr_line' id='line_1_94' title="bbox 886 1603 1675 1639; baseline 0.003 -9"><span class='ocrx_word' id='word_1_682' title='bbox 886 1611 1010 1638; x_wconf 80' lang='lat' dir='ltr'><strong>magnum</strong></span> <span class='ocrx_word' id='word_1_683' title='bbox 1025 1603 1143 1630; x_wconf 90' lang='lat' dir='ltr'><strong>dolorem</strong></span> <span class='ocrx_word' id='word_1_684' title='bbox 1164 1603 1249 1630; x_wconf 80' lang='lat' dir='ltr'><strong>animo</strong></span> <span class='ocrx_word' id='word_1_685' title='bbox 1268 1604 1404 1638; x_wconf 86' lang='lat' dir='ltr'><strong>concepit,</strong></span> <span class='ocrx_word' id='word_1_686' title='bbox 1420 1603 1618 1639; x_wconf 84' lang='lat' dir='ltr'><strong>detestatusque</strong></span> <span class='ocrx_word' id='word_1_687' title='bbox 1632 1608 1675 1632; x_wconf 75' lang='lat' dir='ltr'><strong>est</strong></span> 
     </span>
    </p>
   </div>
   <div class='ocr_carea' id='block_1_95' title="bbox 886 1647 1675 1683">
    <p class='ocr_par' dir='ltr' id='par_1_95' title="bbox 886 1647 1675 1683">
     <span class='ocr_line' id='line_1_95' title="bbox 886 1647 1675 1683; baseline 0.001 -8"><span class='ocrx_word' id='word_1_688' title='bbox 886 1648 984 1676; x_wconf 86' lang='lat' dir='ltr'><strong>factum</strong></span> <span class='ocrx_word' id='word_1_689' title='bbox 1004 1647 1086 1681; x_wconf 92' lang='lat' dir='ltr'><strong>illud,</strong></span> <span class='ocrx_word' id='word_1_690' title='bbox 1108 1648 1177 1683; x_wconf 89' lang='lat' dir='ltr'><strong>qttod</strong></span> <span class='ocrx_word' id='word_1_691' title='bbox 1198 1653 1293 1683; x_wconf 84' lang='lat' dir='ltr'><strong>praeter</strong></span> <span class='ocrx_word' id='word_1_692' title='bbox 1310 1649 1435 1676; x_wconf 88' lang='lat' dir='ltr'><strong>damnum</strong></span> <span class='ocrx_word' id='word_1_693' title='bbox 1457 1649 1535 1676; x_wconf 90' lang='lat' dir='ltr'><strong>saluti</strong></span> <span class='ocrx_word' id='word_1_694' title='bbox 1556 1649 1675 1676; x_wconf 82' lang='lat' dir='ltr'><strong>Januarii</strong></span> 
     </span>
    </p>
   </div>
   <div class='ocr_carea' id='block_1_96' title="bbox 887 1694 1674 1730">
    <p class='ocr_par' dir='ltr' id='par_1_96' title="bbox 887 1694 1674 1730">
     <span class='ocr_line' id='line_1_96' title="bbox 887 1694 1674 1730; baseline 0.003 -9"><span class='ocrx_word' id='word_1_695' title='bbox 887 1695 1005 1728; x_wconf 90' lang='lat' dir='ltr'><strong>allatum,</strong></span> <span class='ocrx_word' id='word_1_696' title='bbox 1021 1694 1194 1722; x_wconf 76' lang='lat' dir='ltr'><strong>offensionem</strong></span> <span class='ocrx_word' id='word_1_697' title='bbox 1211 1703 1315 1730; x_wconf 85' lang='lat' dir='ltr'><strong>quoque</strong></span> <span class='ocrx_word' id='word_1_698' title='bbox 1329 1703 1360 1722; x_wconf 91' lang='lat' dir='ltr'><strong>ac</strong></span> <span class='ocrx_word' id='word_1_699' title='bbox 1371 1695 1524 1723; x_wconf 88' lang='lat' dir='ltr'><strong>scandalum</strong></span> <span class='ocrx_word' id='word_1_700' title='bbox 1538 1695 1674 1730; x_wconf 84' lang='lat' dir='ltr'><strong>injiciebat</strong></span> 
     </span>
    </p>
   </div>
   <div class='ocr_carea' id='block_1_97' title="bbox 887 1740 1675 1776">
    <p class='ocr_par' dir='ltr' id='par_1_97' title="bbox 887 1740 1675 1776">
     <span class='ocr_line' id='line_1_97' title="bbox 887 1740 1675 1776; baseline 0.001 -9"><span class='ocrx_word' id='word_1_701' title='bbox 887 1741 1024 1774; x_wconf 68' lang='lat' dir='ltr'><strong>Eeclesim,</strong></span> <span class='ocrx_word' id='word_1_702' title='bbox 1035 1749 1136 1768; x_wconf 91' lang='lat' dir='ltr'><strong>necnon</strong></span> <span class='ocrx_word' id='word_1_703' title='bbox 1150 1741 1258 1767; x_wconf 91' lang='lat' dir='ltr'><strong>omnino</strong></span> <span class='ocrx_word' id='word_1_704' title='bbox 1270 1740 1366 1767; x_wconf 78' lang='lat' dir='ltr'><strong>bonurn</strong></span> <span class='ocrx_word' id='word_1_705' title='bbox 1377 1740 1451 1767; x_wconf 90' lang='lat' dir='ltr'><strong>illtnn</strong></span> <span class='ocrx_word' id='word_1_706' title='bbox 1464 1741 1583 1774; x_wconf 89' lang='lat' dir='ltr'><strong>odorem,</strong></span> <span class='ocrx_word' id='word_1_707' title='bbox 1595 1749 1675 1776; x_wconf 87' lang='lat' dir='ltr'><strong>quem</strong></span> 
     </span>
    </p>
   </div>
   <div class='ocr_carea' id='block_1_98' title="bbox 887 1786 1676 1823">
    <p class='ocr_par' dir='ltr' id='par_1_98' title="bbox 887 1786 1676 1823">
     <span class='ocr_line' id='line_1_98' title="bbox 887 1786 1676 1823; baseline 0.001 -10"><span class='ocrx_word' id='word_1_708' title='bbox 887 1787 912 1813; x_wconf 91' lang='lat' dir='ltr'><strong>in</strong></span> <span class='ocrx_word' id='word_1_709' title='bbox 940 1786 1043 1821; x_wconf 86' lang='lat' dir='ltr'><strong>plebem</strong></span> <span class='ocrx_word' id='word_1_710' title='bbox 1069 1786 1227 1822; x_wconf 82' lang='lat' dir='ltr'><strong>spargebant</strong></span> <span class='ocrx_word' id='word_1_711' title='bbox 1249 1786 1331 1821; x_wconf 86' lang='lat' dir='ltr'><strong>ipsius</strong></span> <span class='ocrx_word' id='word_1_712' title='bbox 1361 1786 1468 1819; x_wconf 84' lang='lat' dir='ltr'><strong>clerici,</strong></span> <span class='ocrx_word' id='word_1_713' title='bbox 1493 1787 1676 1823; x_wconf 81' lang='lat' dir='ltr'><strong>cxstinguebat</strong></span> 
     </span>
    </p>
   </div>
   <div class='ocr_carea' id='block_1_99' title="bbox 887 1830 1676 1867">
    <p class='ocr_par' dir='ltr' id='par_1_99' title="bbox 887 1830 1676 1867">
     <span class='ocr_line' id='line_1_99' title="bbox 887 1830 1676 1867; baseline 0.001 -9"><span class='ocrx_word' id='word_1_714' title='bbox 887 1831 982 1866; x_wconf 86' lang='lat' dir='ltr'><strong>(Serm.</strong></span> <span class='ocrx_word' id='word_1_715' title='bbox 997 1832 1049 1858; x_wconf 72' lang='grc'><strong>556</strong></span> <span class='ocrx_word' id='word_1_716' title='bbox 1059 1852 1066 1863; x_wconf 83' lang='lat'><strong>,</strong></span> <span class='ocrx_word' id='word_1_717' title='bbox 1083 1840 1107 1858; x_wconf 81' lang='grc' dir='ltr'><strong>η,</strong></span> <span class='ocrx_word' id='word_1_718' title='bbox 1122 1830 1160 1867; x_wconf 73' lang='lat'><strong>‘2).</strong></span> <span class='ocrx_word' id='word_1_719' title='bbox 1178 1830 1200 1858; x_wconf 89' lang='lat' dir='ltr'><strong>ls</strong></span> <span class='ocrx_word' id='word_1_720' title='bbox 1215 1832 1302 1866; x_wconf 73' lang='lat' dir='ltr'><strong>igitur,</strong></span> <span class='ocrx_word' id='word_1_721' title='bbox 1324 1832 1367 1867; x_wconf 90' lang='lat' dir='ltr'><strong>qui</strong></span> <span class='ocrx_word' id='word_1_722' title='bbox 1383 1832 1484 1858; x_wconf 81' lang='lat' dir='ltr'><strong>solebat</strong></span> <span class='ocrx_word' id='word_1_723' title='bbox 1499 1840 1544 1859; x_wconf 87' lang='lat' dir='ltr'><strong>eas</strong></span> <span class='ocrx_word' id='word_1_724' title='bbox 1564 1832 1676 1859; x_wconf 71' lang='lat' dir='ltr'><strong>hmredi-</strong></span> 
     </span>
    </p>
   </div>
   <div class='ocr_carea' id='block_1_100' title="bbox 890 1874 1674 1912">
    <p class='ocr_par' dir='ltr' id='par_1_100' title="bbox 890 1874 1674 1912">
     <span class='ocr_line' id='line_1_100' title="bbox 890 1874 1674 1912; baseline 0.003 -9"><span class='ocrx_word' id='word_1_725' title='bbox 890 1880 958 1903; x_wconf 85' lang='lat' dir='ltr'><strong>tales</strong></span> <span class='ocrx_word' id='word_1_726' title='bbox 971 1885 1097 1911; x_wconf 87' lang='lat' dir='ltr'><strong>respuere</strong></span> <span class='ocrx_word' id='word_1_727' title='bbox 1107 1898 1113 1908; x_wconf 83' lang='lat'><strong>,</strong></span> <span class='ocrx_word' id='word_1_728' title='bbox 1128 1884 1192 1912; x_wconf 88' lang='lat' dir='ltr'><strong>quas</strong></span> <span class='ocrx_word' id='word_1_729' title='bbox 1203 1877 1328 1904; x_wconf 85' lang='lat' dir='ltr'><strong>abdicatis</strong></span> <span class='ocrx_word' id='word_1_730' title='bbox 1345 1874 1435 1904; x_wconf 78' lang='lat' dir='ltr'><strong>liberis</strong></span> <span class='ocrx_word' id='word_1_731' title='bbox 1448 1882 1568 1912; x_wconf 89' lang='lat' dir='ltr'><strong>parentes</strong></span> <span class='ocrx_word' id='word_1_732' title='bbox 1581 1876 1674 1907; x_wconf 86' lang='lat' dir='ltr'><strong>Eccle-</strong></span> 
     </span>
    </p>
   </div>
   <div class='ocr_carea' id='block_1_101' title="bbox 891 1923 1676 1958">
    <p class='ocr_par' dir='ltr' id='par_1_101' title="bbox 891 1923 1676 1958">
     <span class='ocr_line' id='line_1_101' title="bbox 891 1923 1676 1958; baseline 0 -8"><span class='ocrx_word' id='word_1_733' title='bbox 891 1923 937 1950; x_wconf 80' lang='lat' dir='ltr'><strong>si:c</strong></span> <span class='ocrx_word' id='word_1_734' title='bbox 953 1924 1051 1958; x_wconf 86' lang='lat' dir='ltr'><strong>legatas</strong></span> <span class='ocrx_word' id='word_1_735' title='bbox 1076 1923 1227 1955; x_wconf 87' lang='lat' dir='ltr'><strong>voluerant,</strong></span> <span class='ocrx_word' id='word_1_736' title='bbox 1242 1923 1274 1950; x_wconf 91' lang='lat' dir='ltr'><strong>ad</strong></span> <span class='ocrx_word' id='word_1_737' title='bbox 1297 1923 1364 1950; x_wconf 89' lang='lat' dir='ltr'><strong>hanc</strong></span> <span class='ocrx_word' id='word_1_738' title='bbox 1385 1923 1562 1958; x_wconf 87' lang='lat' dir='ltr'><strong>recipiendam</strong></span> <span class='ocrx_word' id='word_1_739' title='bbox 1588 1923 1676 1950; x_wconf 86' lang='lat' dir='ltr'><strong>induci</strong></span> 
     </span>
    </p>
   </div>
   <div class='ocr_carea' id='block_1_102' title="bbox 888 1968 1676 2004">
    <p class='ocr_par' dir='ltr' id='par_1_102' title="bbox 888 1968 1676 2004">
     <span class='ocr_line' id='line_1_102' title="bbox 888 1968 1676 2004; baseline -0.001 -8"><span class='ocrx_word' id='word_1_740' title='bbox 888 1977 1053 2004; x_wconf 82' lang='lat' dir='ltr'><strong>nequaquam</strong></span> <span class='ocrx_word' id='word_1_741' title='bbox 1067 1969 1151 2003; x_wconf 88' lang='lat' dir='ltr'><strong>potuit</strong></span> <span class='ocrx_word' id='word_1_742' title='bbox 1166 1968 1261 2003; x_wconf 79' lang='lat' dir='ltr'><strong>(Serm.</strong></span> <span class='ocrx_word' id='word_1_743' title='bbox 1276 1969 1337 1999; x_wconf 63' lang='lat'><strong>535,</strong></span> <span class='ocrx_word' id='word_1_744' title='bbox 1352 1977 1377 1995; x_wconf 84' lang='grc' dir='ltr'><strong>η.</strong></span> <span class='ocrx_word' id='word_1_745' title='bbox 1394 1969 1431 2004; x_wconf 72' lang='grc'><strong>4).</strong></span> <span class='ocrx_word' id='word_1_746' title='bbox 1451 1968 1576 1995; x_wconf 80' lang='lat' dir='ltr'><strong>Filiorth</strong></span> <span class='ocrx_word' id='word_1_747' title='bbox 1595 1969 1676 2003; x_wconf 74' lang='lat' dir='ltr'><strong>ipsius</strong></span> 
     </span>
    </p>
   </div>
   <div class='ocr_carea' id='block_1_103' title="bbox 887 2014 1675 2049">
    <p class='ocr_par' dir='ltr' id='par_1_103' title="bbox 887 2014 1675 2049">
     <span class='ocr_line' id='line_1_103' title="bbox 887 2014 1675 2049; baseline -0.001 -8"><span class='ocrx_word' id='word_1_748' title='bbox 887 2016 934 2047; x_wconf 79' lang='lat' dir='ltr'><strong>sil,</strong></span> <span class='ocrx_word' id='word_1_749' title='bbox 951 2016 986 2041; x_wconf 88' lang='lat' dir='ltr'><strong>ait</strong></span> <span class='ocrx_word' id='word_1_750' title='bbox 999 2015 1055 2047; x_wconf 88' lang='lat' dir='ltr'><strong>ille,</strong></span> <span class='ocrx_word' id='word_1_751' title='bbox 1070 2015 1136 2049; x_wconf 79' lang='lat' dir='ltr'><strong>quod</strong></span> <span class='ocrx_word' id='word_1_752' title='bbox 1151 2014 1258 2048; x_wconf 79' lang='lat' dir='ltr'><strong>reliquit,</strong></span> <span class='ocrx_word' id='word_1_753' title='bbox 1274 2015 1321 2048; x_wconf 81' lang='lat' dir='ltr'><strong>ipsi</strong></span> <span class='ocrx_word' id='word_1_754' title='bbox 1334 2014 1391 2040; x_wconf 83' lang='lat' dir='ltr'><strong>inde</strong></span> <span class='ocrx_word' id='word_1_755' title='bbox 1405 2014 1499 2048; x_wconf 77' lang='lat' dir='ltr'><strong>faciant</strong></span> <span class='ocrx_word' id='word_1_756' title='bbox 1510 2014 1577 2048; x_wconf 84' lang='lat' dir='ltr'><strong>quod</strong></span> <span class='ocrx_word' id='word_1_757' title='bbox 1589 2014 1675 2040; x_wconf 78' lang='lat' dir='ltr'><strong>volue-</strong></span> 
     </span>
    </p>
   </div>
   <div class='ocr_carea' id='block_1_104' title="bbox 889 2057 1674 2094">
    <p class='ocr_par' dir='ltr' id='par_1_104' title="bbox 889 2057 1674 2094">
     <span class='ocr_line' id='line_1_104' title="bbox 889 2057 1674 2094; baseline -0.003 -8"><span class='ocrx_word' id='word_1_758' title='bbox 889 2061 947 2087; x_wconf 81' lang='lat' dir='ltr'><strong>rint.</strong></span> <span class='ocrx_word' id='word_1_759' title='bbox 971 2060 1071 2086; x_wconf 73' lang='lat' dir='ltr'><strong>Videtur</strong></span> <span class='ocrx_word' id='word_1_760' title='bbox 1091 2060 1157 2086; x_wconf 84' lang='lat' dir='ltr'><strong>enim</strong></span> <span class='ocrx_word' id='word_1_761' title='bbox 1179 2059 1254 2091; x_wconf 75' lang='lat' dir='ltr'><strong>milii,</strong></span> <span class='ocrx_word' id='word_1_762' title='bbox 1278 2060 1336 2093; x_wconf 78' lang='lat' dir='ltr'><strong>quia</strong></span> <span class='ocrx_word' id='word_1_763' title='bbox 1355 2060 1376 2085; x_wconf 75' lang='lat' dir='ltr'><strong>si</strong></span> <span class='ocrx_word' id='word_1_764' title='bbox 1397 2067 1451 2085; x_wconf 81' lang='lat' dir='ltr'><strong>eam</strong></span> <span class='ocrx_word' id='word_1_765' title='bbox 1469 2057 1674 2094; x_wconf 86' lang='lat' dir='ltr'><strong>(haereditatem)</strong></span> 
     </span>
    </p>
   </div>
   <div class='ocr_carea' id='block_1_105' title="bbox 887 2105 1675 2141">
    <p class='ocr_par' dir='ltr' id='par_1_105' title="bbox 887 2105 1675 2141">
     <span class='ocr_line' id='line_1_105' title="bbox 887 2105 1675 2141; baseline -0.001 -8"><span class='ocrx_word' id='word_1_766' title='bbox 887 2114 1032 2141; x_wconf 69' lang='lat' dir='ltr'><strong>suscepere,</strong></span> <span class='ocrx_word' id='word_1_767' title='bbox 1056 2106 1081 2132; x_wconf 85' lang='lat' dir='ltr'><strong>in</strong></span> <span class='ocrx_word' id='word_1_768' title='bbox 1101 2106 1147 2132; x_wconf 76' lang='lat' dir='ltr'><strong>isto</strong></span> <span class='ocrx_word' id='word_1_769' title='bbox 1166 2108 1231 2140; x_wconf 79' lang='lat' dir='ltr'><strong>[acto</strong></span> <span class='ocrx_word' id='word_1_770' title='bbox 1245 2124 1252 2138; x_wconf 88' lang='lat'><strong>,</strong></span> <span class='ocrx_word' id='word_1_771' title='bbox 1273 2105 1339 2140; x_wconf 84' lang='lat' dir='ltr'><strong>quod</strong></span> <span class='ocrx_word' id='word_1_772' title='bbox 1353 2105 1413 2131; x_wconf 78' lang='lat' dir='ltr'><strong>mihi</strong></span> <span class='ocrx_word' id='word_1_773' title='bbox 1426 2105 1549 2140; x_wconf 76' lang='lat' dir='ltr'><strong>displicet,</strong></span> <span class='ocrx_word' id='word_1_774' title='bbox 1572 2109 1595 2132; x_wconf 84' lang='lat' dir='ltr'><strong>et</strong></span> <span class='ocrx_word' id='word_1_775' title='bbox 1608 2105 1675 2140; x_wconf 81' lang='lat' dir='ltr'><strong>quod</strong></span> 
     </span>
    </p>
   </div>
   <div class='ocr_carea' id='block_1_106' title="bbox 887 2150 1425 2186">
    <p class='ocr_par' dir='ltr' id='par_1_106' title="bbox 887 2150 1425 2186">
     <span class='ocr_line' id='line_1_106' title="bbox 887 2150 1425 2186; baseline -0.006 -7"><span class='ocrx_word' id='word_1_776' title='bbox 887 2152 969 2184; x_wconf 75' lang='lat' dir='ltr'><strong>doleo,</strong></span> <span class='ocrx_word' id='word_1_777' title='bbox 985 2152 1038 2186; x_wconf 71' lang='lat' dir='ltr'><strong>ejus</strong></span> <span class='ocrx_word' id='word_1_778' title='bbox 1049 2152 1172 2186; x_wconf 83' lang='lat' dir='ltr'><strong>particeps</strong></span> <span class='ocrx_word' id='word_1_779' title='bbox 1183 2159 1224 2177; x_wconf 83' lang='lat' dir='ltr'><strong>ero</strong></span> <span class='ocrx_word' id='word_1_780' title='bbox 1238 2150 1332 2186; x_wconf 83' lang='lat' dir='ltr'><strong>(Ibid.,</strong></span> <span class='ocrx_word' id='word_1_781' title='bbox 1348 2159 1374 2178; x_wconf 79' lang='lat' dir='ltr'><strong>ﬂ.</strong></span> <span class='ocrx_word' id='word_1_782' title='bbox 1387 2151 1425 2185; x_wconf 82' lang='lat'><strong>5).</strong></span> 
     </span>
    </p>
   </div>
   <div class='ocr_carea' id='block_1_107' title="bbox 922 2196 1673 2232">
    <p class='ocr_par' dir='ltr' id='par_1_107' title="bbox 922 2196 1673 2232">
     <span class='ocr_line' id='line_1_107' title="bbox 922 2196 1673 2232; baseline -0.003 -7"><span class='ocrx_word' id='word_1_783' title='bbox 922 2198 947 2225; x_wconf 78' lang='grc'><strong>5.</strong></span> <span class='ocrx_word' id='word_1_784' title='bbox 966 2197 1107 2232; x_wconf 83' lang='lat' dir='ltr'><strong>Postquam</strong></span> <span class='ocrx_word' id='word_1_785' title='bbox 1123 2196 1155 2223; x_wconf 89' lang='lat' dir='ltr'><strong>ad</strong></span> <span class='ocrx_word' id='word_1_786' title='bbox 1171 2205 1231 2223; x_wconf 83' lang='lat' dir='ltr'><strong>curn</strong></span> <span class='ocrx_word' id='word_1_787' title='bbox 1248 2196 1355 2224; x_wconf 90' lang='lat' dir='ltr'><strong>modum</strong></span> <span class='ocrx_word' id='word_1_788' title='bbox 1376 2196 1543 2224; x_wconf 86' lang='lat' dir='ltr'><strong>conscientia:</strong></span> <span class='ocrx_word' id='word_1_789' title='bbox 1557 2204 1611 2223; x_wconf 78' lang='lat' dir='ltr'><strong>sua:</strong></span> <span class='ocrx_word' id='word_1_790' title='bbox 1631 2204 1673 2224; x_wconf 89' lang='lat' dir='ltr'><strong>sa-</strong></span> 
     </span>
    </p>
   </div>
   <div class='ocr_carea' id='block_1_108' title="bbox 887 2241 1674 2278">
    <p class='ocr_par' dir='ltr' id='par_1_108' title="bbox 887 2241 1674 2278">
     <span class='ocr_line' id='line_1_108' title="bbox 887 2241 1674 2278; baseline 0 -9"><span class='ocrx_word' id='word_1_791' title='bbox 887 2242 992 2274; x_wconf 85' lang='lat' dir='ltr'><strong>tisfecit,</strong></span> <span class='ocrx_word' id='word_1_792' title='bbox 1007 2247 1080 2269; x_wconf 79' lang='lat' dir='ltr'><strong>ratus</strong></span> <span class='ocrx_word' id='word_1_793' title='bbox 1093 2247 1132 2269; x_wconf 84' lang='lat' dir='ltr'><strong>est</strong></span> <span class='ocrx_word' id='word_1_794' title='bbox 1145 2241 1224 2268; x_wconf 83' lang='lat' dir='ltr'><strong>ofﬁcii</strong></span> <span class='ocrx_word' id='word_1_795' title='bbox 1239 2243 1289 2274; x_wconf 89' lang='lat' dir='ltr'><strong>sui,</strong></span> <span class='ocrx_word' id='word_1_796' title='bbox 1305 2242 1438 2276; x_wconf 77' lang='lat' dir='ltr'><strong>propriam</strong></span> <span class='ocrx_word' id='word_1_797' title='bbox 1452 2241 1674 2278; x_wconf 76' lang='lat' dir='ltr'><strong>existimationem</strong></span> 
     </span>
    </p>
   </div>
   <div class='ocr_carea' id='block_1_109' title="bbox 886 2286 1676 2322">
    <p class='ocr_par' dir='ltr' id='par_1_109' title="bbox 886 2286 1676 2322">
     <span class='ocr_line' id='line_1_109' title="bbox 886 2286 1676 2322; baseline -0.001 -7"><span class='ocrx_word' id='word_1_798' title='bbox 886 2287 954 2322; x_wconf 88' lang='lat' dir='ltr'><strong>apud</strong></span> <span class='ocrx_word' id='word_1_799' title='bbox 970 2287 1092 2322; x_wconf 92' lang='lat' dir='ltr'><strong>populum</strong></span> <span class='ocrx_word' id='word_1_800' title='bbox 1102 2307 1108 2319; x_wconf 89' lang='lat'><strong>,</strong></span> <span class='ocrx_word' id='word_1_801' title='bbox 1129 2287 1203 2321; x_wconf 83' lang='lat' dir='ltr'><strong>cujus</strong></span> <span class='ocrx_word' id='word_1_802' title='bbox 1218 2287 1266 2313; x_wconf 90' lang='lat' dir='ltr'><strong>sub</strong></span> <span class='ocrx_word' id='word_1_803' title='bbox 1282 2286 1373 2313; x_wconf 88' lang='lat' dir='ltr'><strong>oculos</strong></span> <span class='ocrx_word' id='word_1_804' title='bbox 1388 2291 1414 2313; x_wconf 89' lang='lat' dir='ltr'><strong>ct</strong></span> <span class='ocrx_word' id='word_1_805' title='bbox 1427 2287 1469 2313; x_wconf 88' lang='lat' dir='ltr'><strong>cui</strong></span> <span class='ocrx_word' id='word_1_806' title='bbox 1485 2286 1595 2320; x_wconf 84' lang='lat' dir='ltr'><strong>vivebat,</strong></span> <span class='ocrx_word' id='word_1_807' title='bbox 1611 2294 1676 2314; x_wconf 83' lang='lat' dir='ltr'><strong>exo-</strong></span> 
     </span>
    </p>
   </div>
   <div class='ocr_carea' id='block_1_110' title="bbox 887 2333 1674 2368">
    <p class='ocr_par' dir='ltr' id='par_1_110' title="bbox 887 2333 1674 2368">
     <span class='ocr_line' id='line_1_110' title="bbox 887 2333 1674 2368; baseline 0 -7"><span class='ocrx_word' id='word_1_808' title='bbox 887 2341 980 2361; x_wconf 88' lang='lat' dir='ltr'><strong>nerare</strong></span> <span class='ocrx_word' id='word_1_809' title='bbox 996 2333 1109 2366; x_wconf 87' lang='lat' dir='ltr'><strong>invidia,</strong></span> <span class='ocrx_word' id='word_1_810' title='bbox 1130 2337 1157 2360; x_wconf 87' lang='lat' dir='ltr'><strong>et</strong></span> <span class='ocrx_word' id='word_1_811' title='bbox 1176 2340 1265 2359; x_wconf 91' lang='lat' dir='ltr'><strong>coram</strong></span> <span class='ocrx_word' id='word_1_812' title='bbox 1285 2340 1317 2359; x_wconf 90' lang='lat' dir='ltr'><strong>eo</strong></span> <span class='ocrx_word' id='word_1_813' title='bbox 1336 2339 1410 2360; x_wconf 84' lang='lat' dir='ltr'><strong>suam</strong></span> <span class='ocrx_word' id='word_1_814' title='bbox 1432 2333 1525 2368; x_wconf 82' lang='lat' dir='ltr'><strong>agendi</strong></span> <span class='ocrx_word' id='word_1_815' title='bbox 1544 2334 1674 2361; x_wconf 89' lang='lat' dir='ltr'><strong>rationem</strong></span> 
     </span>
    </p>
   </div>
   <div class='ocr_carea' id='block_1_111' title="bbox 887 2379 1673 2415">
    <p class='ocr_par' dir='ltr' id='par_1_111' title="bbox 887 2379 1673 2415">
     <span class='ocr_line' id='line_1_111' title="bbox 887 2379 1673 2415; baseline -0.001 -7"><span class='ocrx_word' id='word_1_816' title='bbox 887 2387 1029 2415; x_wconf 80' lang='lat' dir='ltr'><strong>exponere.</strong></span> <span class='ocrx_word' id='word_1_817' title='bbox 1045 2387 1078 2406; x_wconf 91' lang='lat' dir='ltr'><strong>ne</strong></span> <span class='ocrx_word' id='word_1_818' title='bbox 1090 2380 1149 2415; x_wconf 84' lang='lat' dir='ltr'><strong>quis</strong></span> <span class='ocrx_word' id='word_1_819' title='bbox 1169 2379 1230 2407; x_wconf 88' lang='lat' dir='ltr'><strong>inde</strong></span> <span class='ocrx_word' id='word_1_820' title='bbox 1252 2379 1341 2413; x_wconf 85' lang='lat' dir='ltr'><strong>lapsus</strong></span> <span class='ocrx_word' id='word_1_821' title='bbox 1353 2380 1483 2415; x_wconf 84' lang='lat' dir='ltr'><strong>arriperet</strong></span> <span class='ocrx_word' id='word_1_822' title='bbox 1495 2381 1673 2409; x_wconf 86' lang='lat' dir='ltr'><strong>occasionem.</strong></span> 
     </span>
    </p>
   </div>
   <div class='ocr_carea' id='block_1_112' title="bbox 887 2425 1672 2461">
    <p class='ocr_par' dir='ltr' id='par_1_112' title="bbox 887 2425 1672 2461">
     <span class='ocr_line' id='line_1_112' title="bbox 887 2425 1672 2461; baseline 0.003 -8"><span class='ocrx_word' id='word_1_823' title='bbox 887 2426 998 2461; x_wconf 77' lang='lat' dir='ltr'><strong>Rogavit</strong></span> <span class='ocrx_word' id='word_1_824' title='bbox 1020 2426 1107 2461; x_wconf 85' lang='lat' dir='ltr'><strong>itaque</strong></span> <span class='ocrx_word' id='word_1_825' title='bbox 1132 2425 1251 2460; x_wconf 87' lang='lat' dir='ltr'><strong>plebem,</strong></span> <span class='ocrx_word' id='word_1_826' title='bbox 1277 2426 1302 2452; x_wconf 92' lang='lat' dir='ltr'><strong>in</strong></span> <span class='ocrx_word' id='word_1_827' title='bbox 1327 2425 1472 2454; x_wconf 89' lang='lat' dir='ltr'><strong>crastinutn</strong></span> <span class='ocrx_word' id='word_1_828' title='bbox 1492 2426 1597 2455; x_wconf 84' lang='lat' dir='ltr'><strong>adesset</strong></span> <span class='ocrx_word' id='word_1_829' title='bbox 1616 2426 1672 2455; x_wconf 80' lang='lat' dir='ltr'><strong>fre-</strong></span> 
     </span>
    </p>
   </div>
   <div class='ocr_carea' id='block_1_113' title="bbox 887 2471 1673 2508">
    <p class='ocr_par' dir='ltr' id='par_1_113' title="bbox 887 2471 1673 2508">
     <span class='ocr_line' id='line_1_113' title="bbox 887 2471 1673 2508; baseline 0.001 -8"><span class='ocrx_word' id='word_1_830' title='bbox 887 2472 1018 2508; x_wconf 89' lang='lat' dir='ltr'><strong>quentior.</strong></span> <span class='ocrx_word' id='word_1_831' title='bbox 1038 2472 1157 2506; x_wconf 87' lang='lat' dir='ltr'><strong>Cumque</strong></span> <span class='ocrx_word' id='word_1_832' title='bbox 1174 2471 1228 2506; x_wconf 77' lang='lat' dir='ltr'><strong>jam</strong></span> <span class='ocrx_word' id='word_1_833' title='bbox 1244 2478 1336 2499; x_wconf 86' lang='lat' dir='ltr'><strong>omnes</strong></span> <span class='ocrx_word' id='word_1_834' title='bbox 1356 2473 1552 2506; x_wconf 87' lang='lat' dir='ltr'><strong>convenissent,</strong></span> <span class='ocrx_word' id='word_1_835' title='bbox 1569 2480 1673 2501; x_wconf 90' lang='lat' dir='ltr'><strong>sermo-</strong></span> 
     </span>
    </p>
   </div>
   <div class='ocr_carea' id='block_1_114' title="bbox 888 2516 1679 2553">
    <p class='ocr_par' dir='ltr' id='par_1_114' title="bbox 888 2516 1679 2553">
     <span class='ocr_line' id='line_1_114' title="bbox 888 2516 1679 2553; baseline 0.001 -8"><span class='ocrx_word' id='word_1_836' title='bbox 888 2525 947 2545; x_wconf 88' lang='lat' dir='ltr'><strong>nem</strong></span> <span class='ocrx_word' id='word_1_837' title='bbox 967 2517 998 2544; x_wconf 87' lang='lat' dir='ltr'><strong>ad</strong></span> <span class='ocrx_word' id='word_1_838' title='bbox 1013 2525 1059 2544; x_wconf 88' lang='lat' dir='ltr'><strong>eos</strong></span> <span class='ocrx_word' id='word_1_839' title='bbox 1074 2517 1153 2551; x_wconf 90' lang='lat' dir='ltr'><strong>plane</strong></span> <span class='ocrx_word' id='word_1_840' title='bbox 1170 2516 1316 2552; x_wconf 88' lang='lat' dir='ltr'><strong>simplicem</strong></span> <span class='ocrx_word' id='word_1_841' title='bbox 1335 2524 1366 2544; x_wconf 87' lang='lat' dir='ltr'><strong>ac</strong></span> <span class='ocrx_word' id='word_1_842' title='bbox 1389 2518 1544 2546; x_wconf 86' lang='lat' dir='ltr'><strong>familiarem</strong></span> <span class='ocrx_word' id='word_1_843' title='bbox 1566 2518 1679 2553; x_wconf 70' lang='lat' dir='ltr'><strong>habuit,</strong></span> 
     </span>
    </p>
   </div>
   <div class='ocr_carea' id='block_1_115' title="bbox 887 2563 1674 2598">
    <p class='ocr_par' dir='ltr' id='par_1_115' title="bbox 887 2563 1674 2598">
     <span class='ocr_line' id='line_1_115' title="bbox 887 2563 1674 2598; baseline 0.001 -7"><span class='ocrx_word' id='word_1_844' title='bbox 887 2564 933 2592; x_wconf 86' lang='lat' dir='ltr'><strong>sed</strong></span> <span class='ocrx_word' id='word_1_845' title='bbox 948 2563 1131 2598; x_wconf 89' lang='lat' dir='ltr'><strong>permovendis</strong></span> <span class='ocrx_word' id='word_1_846' title='bbox 1145 2563 1239 2590; x_wconf 90' lang='lat' dir='ltr'><strong>animis</strong></span> <span class='ocrx_word' id='word_1_847' title='bbox 1255 2563 1368 2590; x_wconf 82' lang='lat' dir='ltr'><strong>maxime</strong></span> <span class='ocrx_word' id='word_1_848' title='bbox 1392 2564 1602 2592; x_wconf 87' lang='lat' dir='ltr'><strong>accommodum.</strong></span> <span class='ocrx_word' id='word_1_849' title='bbox 1624 2564 1674 2592; x_wconf 87' lang='lat' dir='ltr'><strong>Hic</strong></span> 
     </span>
    </p>
   </div>
   <div class='ocr_carea' id='block_1_116' title="bbox 888 2608 1676 2645">
    <p class='ocr_par' dir='ltr' id='par_1_116' title="bbox 888 2608 1676 2645">
     <span class='ocr_line' id='line_1_116' title="bbox 888 2608 1676 2645; baseline 0.003 -10"><span class='ocrx_word' id='word_1_850' title='bbox 888 2609 938 2636; x_wconf 88' lang='lat' dir='ltr'><strong>illis</strong></span> <span class='ocrx_word' id='word_1_851' title='bbox 947 2608 1033 2644; x_wconf 83' lang='lat' dir='ltr'><strong>posuit</strong></span> <span class='ocrx_word' id='word_1_852' title='bbox 1041 2609 1075 2636; x_wconf 89' lang='lat' dir='ltr'><strong>ob</strong></span> <span class='ocrx_word' id='word_1_853' title='bbox 1085 2609 1176 2636; x_wconf 89' lang='lat' dir='ltr'><strong>oculos</strong></span> <span class='ocrx_word' id='word_1_854' title='bbox 1185 2608 1246 2636; x_wconf 85' lang='lat' dir='ltr'><strong>illud</strong></span> <span class='ocrx_word' id='word_1_855' title='bbox 1257 2608 1359 2636; x_wconf 85' lang='lat' dir='ltr'><strong>vivendi</strong></span> <span class='ocrx_word' id='word_1_856' title='bbox 1372 2610 1530 2643; x_wconf 86' lang='lat' dir='ltr'><strong>institutum,</strong></span> <span class='ocrx_word' id='word_1_857' title='bbox 1542 2610 1612 2645; x_wconf 91' lang='lat' dir='ltr'><strong>quod</strong></span> <span class='ocrx_word' id='word_1_858' title='bbox 1624 2618 1676 2637; x_wconf 87' lang='lat' dir='ltr'><strong>ttna</strong></span> 
     </span>
    </p>
   </div>
   <div class='ocr_carea' id='block_1_117' title="bbox 888 2655 1676 2690">
    <p class='ocr_par' dir='ltr' id='par_1_117' title="bbox 888 2655 1676 2690">
     <span class='ocr_line' id='line_1_117' title="bbox 888 2655 1676 2690; baseline 0.001 -9"><span class='ocrx_word' id='word_1_859' title='bbox 888 2662 946 2682; x_wconf 91' lang='lat' dir='ltr'><strong>cum</strong></span> <span class='ocrx_word' id='word_1_860' title='bbox 965 2655 1036 2682; x_wconf 87' lang='lat' dir='ltr'><strong>clero</strong></span> <span class='ocrx_word' id='word_1_861' title='bbox 1059 2661 1108 2681; x_wconf 89' lang='lat' dir='ltr'><strong>suo</strong></span> <span class='ocrx_word' id='word_1_862' title='bbox 1129 2659 1220 2682; x_wconf 86' lang='lat' dir='ltr'><strong>tenere</strong></span> <span class='ocrx_word' id='word_1_863' title='bbox 1241 2662 1345 2690; x_wconf 87' lang='lat' dir='ltr'><strong>semper</strong></span> <span class='ocrx_word' id='word_1_864' title='bbox 1363 2655 1533 2688; x_wconf 83' lang='lat' dir='ltr'><strong>decreverat;</strong></span> <span class='ocrx_word' id='word_1_865' title='bbox 1555 2656 1618 2683; x_wconf 86' lang='lat' dir='ltr'><strong>item</strong></span> <span class='ocrx_word' id='word_1_866' title='bbox 1630 2655 1676 2682; x_wconf 86' lang='lat' dir='ltr'><strong>Ja-</strong></span> 
     </span>
    </p>
   </div>
   <div class='ocr_carea' id='block_1_118' title="bbox 888 2699 1673 2740">
    <p class='ocr_par' dir='ltr' id='par_1_118' title="bbox 888 2699 1673 2740">
     <span class='ocr_line' id='line_1_118' title="bbox 888 2699 1673 2740; baseline -0.003 -12"><span class='ocrx_word' id='word_1_867' title='bbox 888 2700 972 2728; x_wconf 88' lang='lat' dir='ltr'><strong>nuarii</strong></span> <span class='ocrx_word' id='word_1_868' title='bbox 986 2700 1089 2734; x_wconf 86' lang='lat' dir='ltr'><strong>culpam</strong></span> <span class='ocrx_word' id='word_1_869' title='bbox 1104 2707 1134 2726; x_wconf 85' lang='lat' dir='ltr'><strong>ac</strong></span> <span class='ocrx_word' id='word_1_870' title='bbox 1148 2707 1221 2727; x_wconf 88' lang='lat' dir='ltr'><strong>suam</strong></span> <span class='ocrx_word' id='word_1_871' title='bbox 1237 2700 1320 2735; x_wconf 88' lang='lat' dir='ltr'><strong>ipsius</strong></span> <span class='ocrx_word' id='word_1_872' title='bbox 1333 2700 1504 2740; x_wconf 77' lang='lat' dir='ltr'><strong>voluntatem,</strong></span> <span class='ocrx_word' id='word_1_873' title='bbox 1516 2709 1567 2735; x_wconf 88' lang='lat' dir='ltr'><strong>qua</strong></span> <span class='ocrx_word' id='word_1_874' title='bbox 1581 2699 1673 2734; x_wconf 89' lang='lat' dir='ltr'><strong>prohi-</strong></span> 
     </span>
    </p>
   </div>
   <div class='ocr_carea' id='block_1_119' title="bbox 889 2745 1674 2781">
    <p class='ocr_par' dir='ltr' id='par_1_119' title="bbox 889 2745 1674 2781">
     <span class='ocr_line' id='line_1_119' title="bbox 889 2745 1674 2781; baseline -0.004 -7"><span class='ocrx_word' id='word_1_875' title='bbox 889 2747 966 2779; x_wconf 87' lang='lat' dir='ltr'><strong>bere,</strong></span> <span class='ocrx_word' id='word_1_876' title='bbox 984 2754 1015 2773; x_wconf 89' lang='lat' dir='ltr'><strong>ne</strong></span> <span class='ocrx_word' id='word_1_877' title='bbox 1032 2751 1176 2774; x_wconf 84' lang='lat' dir='ltr'><strong>memorata</strong></span> <span class='ocrx_word' id='word_1_878' title='bbox 1192 2746 1332 2774; x_wconf 61' lang='lat' dir='ltr'><strong>htcreditas</strong></span> <span class='ocrx_word' id='word_1_879' title='bbox 1347 2747 1527 2781; x_wconf 66' lang='lat' dir='ltr'><strong>susciperetur</strong></span> <span class='ocrx_word' id='word_1_880' title='bbox 1537 2746 1570 2773; x_wconf 89' lang='lat' dir='ltr'><strong>ab</strong></span> <span class='ocrx_word' id='word_1_881' title='bbox 1582 2745 1674 2772; x_wconf 85' lang='lat' dir='ltr'><strong>Eccle-</strong></span> 
     </span>
    </p>
   </div>
   <div class='ocr_carea' id='block_1_120' title="bbox 889 2793 1674 2828">
    <p class='ocr_par' dir='ltr' id='par_1_120' title="bbox 889 2793 1674 2828">
     <span class='ocr_line' id='line_1_120' title="bbox 889 2793 1674 2828; baseline -0.005 -7"><span class='ocrx_word' id='word_1_882' title='bbox 889 2794 937 2827; x_wconf 85' lang='lat' dir='ltr'><strong>sia,</strong></span> <span class='ocrx_word' id='word_1_883' title='bbox 950 2798 1092 2827; x_wconf 83' lang='lat' dir='ltr'><strong>statuerat;</strong></span> <span class='ocrx_word' id='word_1_884' title='bbox 1110 2798 1164 2822; x_wconf 91' lang='lat' dir='ltr'><strong>tum</strong></span> <span class='ocrx_word' id='word_1_885' title='bbox 1177 2794 1293 2821; x_wconf 85' lang='lat' dir='ltr'><strong>rationes</strong></span> <span class='ocrx_word' id='word_1_886' title='bbox 1304 2793 1413 2825; x_wconf 84' lang='lat' dir='ltr'><strong>addidit,</strong></span> <span class='ocrx_word' id='word_1_887' title='bbox 1427 2793 1520 2828; x_wconf 87' lang='lat' dir='ltr'><strong>quibus</strong></span> <span class='ocrx_word' id='word_1_888' title='bbox 1533 2798 1674 2826; x_wconf 84' lang='lat' dir='ltr'><strong>persuasus</strong></span> 
     </span>
    </p>
   </div>
   <div class='ocr_carea' id='block_1_121' title="bbox 888 2838 1673 2877">
    <p class='ocr_par' dir='ltr' id='par_1_121' title="bbox 888 2838 1673 2877">
     <span class='ocr_line' id='line_1_121' title="bbox 888 2838 1673 2877; baseline -0.006 -9"><span class='ocrx_word' id='word_1_889' title='bbox 888 2841 957 2875; x_wconf 79' lang='lat' dir='ltr'><strong>apud</strong></span> <span class='ocrx_word' id='word_1_890' title='bbox 973 2848 1001 2867; x_wconf 90' lang='lat' dir='ltr'><strong>se</strong></span> <span class='ocrx_word' id='word_1_891' title='bbox 1015 2846 1187 2877; x_wconf 75' lang='lat' dir='ltr'><strong>proposuerat</strong></span> <span class='ocrx_word' id='word_1_892' title='bbox 1201 2861 1207 2873; x_wconf 91' lang='lat'><strong>,</strong></span> <span class='ocrx_word' id='word_1_893' title='bbox 1229 2840 1294 2867; x_wconf 87' lang='lat' dir='ltr'><strong>alias</strong></span> <span class='ocrx_word' id='word_1_894' title='bbox 1306 2847 1411 2875; x_wconf 81' lang='lat' dir='ltr'><strong>quoque</strong></span> <span class='ocrx_word' id='word_1_895' title='bbox 1429 2839 1554 2872; x_wconf 63' lang='lat' dir='ltr'><strong>reﬁcere,</strong></span> <span class='ocrx_word' id='word_1_896' title='bbox 1568 2838 1673 2864; x_wconf 80' lang='lat' dir='ltr'><strong>tametsi</strong></span> 
     </span>
    </p>
   </div>
   <div class='ocr_carea' id='block_1_122' title="bbox 890 2882 1674 2928">
    <p class='ocr_par' dir='ltr' id='par_1_122' title="bbox 890 2882 1674 2928">
     <span class='ocr_line' id='line_1_122' title="bbox 890 2882 1674 2928; baseline -0.008 -14"><span class='ocrx_word' id='word_1_897' title='bbox 890 2886 972 2914; x_wconf 87' lang='lat' dir='ltr'><strong>hocce</strong></span> <span class='ocrx_word' id='word_1_898' title='bbox 987 2891 1038 2914; x_wconf 90' lang='lat' dir='ltr'><strong>tatu</strong></span> <span class='ocrx_word' id='word_1_899' title='bbox 1051 2886 1165 2922; x_wconf 86' lang='lat' dir='ltr'><strong>prudens</strong></span> <span class='ocrx_word' id='word_1_900' title='bbox 1178 2892 1282 2920; x_wconf 88' lang='lat' dir='ltr'><strong>tamque</strong></span> <span class='ocrx_word' id='word_1_901' title='bbox 1293 2891 1449 2928; x_wconf 40' lang='lat' dir='ltr'><strong>gerierosum</strong></span> <span class='ocrx_word' id='word_1_902' title='bbox 1458 2882 1596 2910; x_wconf 85' lang='lat' dir='ltr'><strong>consilium</strong></span> <span class='ocrx_word' id='word_1_903' title='bbox 1609 2888 1674 2909; x_wconf 90' lang='lat' dir='ltr'><strong>non-</strong></span> 
     </span>
    </p>
   </div>
  </div>
