  <div class='ocr_page' id='page_1' title='image "/cluster/home/n/w/nwhite01/storage/ocr_20150623/32/uva.x000669813/277.png"; bbox 0 0 3858 6426; ppageno 0'>
   <div class='ocr_carea' id='block_1_1' title="bbox 541 405 647 461">
    <p class='ocr_par' dir='ltr' id='par_1_1' title="bbox 541 405 647 461">
     <span class='ocr_line' id='line_1_1' title="bbox 541 405 647 461; baseline -0.009 0"><span class='ocrx_word' id='word_1_1' title='bbox 541 405 647 461; x_wconf 76' lang='lat'><strong>555</strong></span> 
     </span>
    </p>
   </div>
   <div class='ocr_carea' id='block_1_2' title="bbox 540 511 2116 588">
    <p class='ocr_par' dir='ltr' id='par_1_2' title="bbox 540 511 2116 588">
     <span class='ocr_line' id='line_1_2' title="bbox 540 511 2116 588; baseline -0.004 -12"><span class='ocrx_word' id='word_1_2' title='bbox 540 517 670 576; x_wconf 84' lang='lat' dir='ltr'><strong>nulli</strong></span> <span class='ocrx_word' id='word_1_3' title='bbox 686 516 1061 588; x_wconf 87' lang='lat' dir='ltr'><strong>improbarent,</strong></span> <span class='ocrx_word' id='word_1_4' title='bbox 1079 515 1636 587; x_wconf 88' lang='lat' dir='ltr'><strong>reprehenderentque</strong></span> <span class='ocrx_word' id='word_1_5' title='bbox 1650 513 1949 587; x_wconf 65' lang='grc' dir='ltr'><strong>(εει-ω.ὢὸ</strong></span> <span class='ocrx_word' id='word_1_6' title='bbox 1971 531 2023 569; x_wconf 85' lang='lat' dir='ltr'><strong>n.</strong></span> <span class='ocrx_word' id='word_1_7' title='bbox 2040 511 2116 584; x_wconf 82' lang='grc'><strong>1).</strong></span> 
     </span>
    </p>
   </div>
   <div class='ocr_carea' id='block_1_3' title="bbox 540 605 2117 679">
    <p class='ocr_par' dir='ltr' id='par_1_3' title="bbox 540 605 2117 679">
     <span class='ocr_line' id='line_1_3' title="bbox 540 605 2117 679; baseline -0.003 -13"><span class='ocrx_word' id='word_1_8' title='bbox 540 609 671 666; x_wconf 86' lang='lat' dir='ltr'><strong>Post</strong></span> <span class='ocrx_word' id='word_1_9' title='bbox 693 610 808 665; x_wconf 62' lang='lat' dir='ltr'><strong>hac</strong></span> <span class='ocrx_word' id='word_1_10' title='bbox 837 608 1143 675; x_wconf 79' lang='lat' dir='ltr'><strong>declaravit,</strong></span> <span class='ocrx_word' id='word_1_11' title='bbox 1174 621 1234 664; x_wconf 85' lang='lat' dir='ltr'><strong>se</strong></span> <span class='ocrx_word' id='word_1_12' title='bbox 1259 607 1578 679; x_wconf 70' lang='lat' dir='ltr'><strong>praecepisse</strong></span> <span class='ocrx_word' id='word_1_13' title='bbox 1601 607 1847 662; x_wconf 89' lang='lat' dir='ltr'><strong>omnibus</strong></span> <span class='ocrx_word' id='word_1_14' title='bbox 1871 607 1980 660; x_wconf 83' lang='lat' dir='ltr'><strong>suis</strong></span> <span class='ocrx_word' id='word_1_15' title='bbox 2005 605 2117 661; x_wconf 86' lang='lat' dir='ltr'><strong>cle-</strong></span> 
     </span>
    </p>
   </div>
   <div class='ocr_carea' id='block_1_4' title="bbox 537 698 2116 772">
    <p class='ocr_par' dir='ltr' id='par_1_4' title="bbox 537 698 2116 772">
     <span class='ocr_line' id='line_1_4' title="bbox 537 698 2116 772; baseline -0.003 -16"><span class='ocrx_word' id='word_1_16' title='bbox 537 701 702 770; x_wconf 90' lang='lat' dir='ltr'><strong>ricis,</strong></span> <span class='ocrx_word' id='word_1_17' title='bbox 745 700 936 772; x_wconf 85' lang='lat' dir='ltr'><strong>quibus</strong></span> <span class='ocrx_word' id='word_1_18' title='bbox 975 698 1149 756; x_wconf 90' lang='lat' dir='ltr'><strong>adhuc</strong></span> <span class='ocrx_word' id='word_1_19' title='bbox 1181 699 1377 772; x_wconf 86' lang='lat' dir='ltr'><strong>aliquid</strong></span> <span class='ocrx_word' id='word_1_20' title='bbox 1413 715 1532 756; x_wconf 89' lang='lat' dir='ltr'><strong>esse</strong></span> <span class='ocrx_word' id='word_1_21' title='bbox 1573 699 1773 770; x_wconf 82' lang='lat' dir='ltr'><strong>proprii</strong></span> <span class='ocrx_word' id='word_1_22' title='bbox 1808 698 2077 754; x_wconf 76' lang='lat' dir='ltr'><strong>videretur</strong></span> <span class='ocrx_word' id='word_1_23' title='bbox 2099 739 2116 764; x_wconf 96' lang='lat'><strong>,</strong></span> 
     </span>
    </p>
   </div>
   <div class='ocr_carea' id='block_1_5' title="bbox 539 786 2119 862">
    <p class='ocr_par' dir='ltr' id='par_1_5' title="bbox 539 786 2119 862">
     <span class='ocr_line' id='line_1_5' title="bbox 539 786 2119 862; baseline -0.003 -16"><span class='ocrx_word' id='word_1_24' title='bbox 539 799 729 862; x_wconf 86' lang='lat' dir='ltr'><strong>utputa</strong></span> <span class='ocrx_word' id='word_1_25' title='bbox 770 790 836 846; x_wconf 89' lang='lat' dir='ltr'><strong>iis</strong></span> <span class='ocrx_word' id='word_1_26' title='bbox 872 790 963 861; x_wconf 90' lang='lat' dir='ltr'><strong>qui</strong></span> <span class='ocrx_word' id='word_1_27' title='bbox 987 789 1215 846; x_wconf 87' lang='lat' dir='ltr'><strong>necdum</strong></span> <span class='ocrx_word' id='word_1_28' title='bbox 1251 805 1373 846; x_wconf 92' lang='lat' dir='ltr'><strong>cum</strong></span> <span class='ocrx_word' id='word_1_29' title='bbox 1403 788 1652 845; x_wconf 77' lang='lat' dir='ltr'><strong>fratribus</strong></span> <span class='ocrx_word' id='word_1_30' title='bbox 1675 797 1924 861; x_wconf 88' lang='lat' dir='ltr'><strong>paternas</strong></span> <span class='ocrx_word' id='word_1_31' title='bbox 1945 786 2119 844; x_wconf 89' lang='lat' dir='ltr'><strong>facul-</strong></span> 
     </span>
    </p>
   </div>
   <div class='ocr_carea' id='block_1_6' title="bbox 541 881 2121 952">
    <p class='ocr_par' dir='ltr' id='par_1_6' title="bbox 541 881 2121 952">
     <span class='ocr_line' id='line_1_6' title="bbox 541 881 2121 952; baseline -0.003 -14"><span class='ocrx_word' id='word_1_32' title='bbox 541 891 679 939; x_wconf 90' lang='lat' dir='ltr'><strong>tates</strong></span> <span class='ocrx_word' id='word_1_33' title='bbox 709 893 862 938; x_wconf 91' lang='lat' dir='ltr'><strong>erant</strong></span> <span class='ocrx_word' id='word_1_34' title='bbox 897 882 1098 952; x_wconf 86' lang='lat' dir='ltr'><strong>partiti,</strong></span> <span class='ocrx_word' id='word_1_35' title='bbox 1126 882 1209 937; x_wconf 92' lang='lat' dir='ltr'><strong>vel</strong></span> <span class='ocrx_word' id='word_1_36' title='bbox 1236 882 1328 952; x_wconf 90' lang='lat' dir='ltr'><strong>qui</strong></span> <span class='ocrx_word' id='word_1_37' title='bbox 1365 890 1574 937; x_wconf 66' lang='lat' dir='ltr'><strong>aetatem</strong></span> <span class='ocrx_word' id='word_1_38' title='bbox 1599 896 1717 938; x_wconf 90' lang='lat' dir='ltr'><strong>eam</strong></span> <span class='ocrx_word' id='word_1_39' title='bbox 1740 921 1755 946; x_wconf 94' lang='lat'><strong>,</strong></span> <span class='ocrx_word' id='word_1_40' title='bbox 1794 896 1898 952; x_wconf 92' lang='lat' dir='ltr'><strong>qua</strong></span> <span class='ocrx_word' id='word_1_41' title='bbox 1938 881 2121 936; x_wconf 87' lang='lat' dir='ltr'><strong>liceret</strong></span> 
     </span>
    </p>
   </div>
   <div class='ocr_carea' id='block_1_7' title="bbox 539 972 2119 1044">
    <p class='ocr_par' dir='ltr' id='par_1_7' title="bbox 539 972 2119 1044">
     <span class='ocr_line' id='line_1_7' title="bbox 539 972 2119 1044; baseline -0.001 -14"><span class='ocrx_word' id='word_1_42' title='bbox 539 973 608 1030; x_wconf 91' lang='lat' dir='ltr'><strong>de</strong></span> <span class='ocrx_word' id='word_1_43' title='bbox 633 974 742 1029; x_wconf 89' lang='lat' dir='ltr'><strong>illis</strong></span> <span class='ocrx_word' id='word_1_44' title='bbox 776 982 1045 1038; x_wconf 84' lang='lat' dir='ltr'><strong>statuere,</strong></span> <span class='ocrx_word' id='word_1_45' title='bbox 1074 973 1298 1030; x_wconf 83' lang='lat' dir='ltr'><strong>necdum</strong></span> <span class='ocrx_word' id='word_1_46' title='bbox 1327 973 1608 1044; x_wconf 74' lang='lat' dir='ltr'><strong>attigerant</strong></span> <span class='ocrx_word' id='word_1_47' title='bbox 1636 990 1648 1026; x_wconf 89' lang='lat'>:</span> <span class='ocrx_word' id='word_1_48' title='bbox 1676 972 1995 1038; x_wconf 83' lang='lat' dir='ltr'><strong>declaravit,</strong></span> <span class='ocrx_word' id='word_1_49' title='bbox 2033 973 2119 1028; x_wconf 82' lang='lat' dir='ltr'><strong>in-</strong></span> 
     </span>
    </p>
   </div>
   <div class='ocr_carea' id='block_1_8' title="bbox 539 1064 2114 1140">
    <p class='ocr_par' dir='ltr' id='par_1_8' title="bbox 539 1064 2114 1140">
     <span class='ocr_line' id='line_1_8' title="bbox 539 1064 2114 1140; baseline -0.003 -18"><span class='ocrx_word' id='word_1_50' title='bbox 539 1082 698 1140; x_wconf 91' lang='lat' dir='ltr'><strong>quam</strong></span> <span class='ocrx_word' id='word_1_51' title='bbox 717 1107 734 1134; x_wconf 96' lang='lat'><strong>,</strong></span> <span class='ocrx_word' id='word_1_52' title='bbox 760 1067 875 1122; x_wconf 89' lang='lat' dir='ltr'><strong>istis</strong></span> <span class='ocrx_word' id='word_1_53' title='bbox 897 1067 1144 1122; x_wconf 91' lang='lat' dir='ltr'><strong>omnibus</strong></span> <span class='ocrx_word' id='word_1_54' title='bbox 1169 1081 1227 1123; x_wconf 90' lang='lat' dir='ltr'><strong>se</strong></span> <span class='ocrx_word' id='word_1_55' title='bbox 1251 1067 1598 1136; x_wconf 65' lang='lat' dir='ltr'><strong>praecepisse,</strong></span> <span class='ocrx_word' id='word_1_56' title='bbox 1625 1074 1684 1120; x_wconf 92' lang='lat' dir='ltr'><strong>ut</strong></span> <span class='ocrx_word' id='word_1_57' title='bbox 1718 1080 1812 1120; x_wconf 90' lang='lat' dir='ltr'><strong>sua</strong></span> <span class='ocrx_word' id='word_1_58' title='bbox 1838 1064 2082 1119; x_wconf 84' lang='lat' dir='ltr'><strong>universa</strong></span> <span class='ocrx_word' id='word_1_59' title='bbox 2098 1105 2114 1132; x_wconf 94' lang='lat'><strong>,</strong></span> 
     </span>
    </p>
   </div>
   <div class='ocr_carea' id='block_1_9' title="bbox 537 1155 2120 1228">
    <p class='ocr_par' dir='ltr' id='par_1_9' title="bbox 537 1155 2120 1228">
     <span class='ocr_line' id='line_1_9' title="bbox 537 1155 2120 1228; baseline -0.002 -16"><span class='ocrx_word' id='word_1_60' title='bbox 537 1157 801 1228; x_wconf 81' lang='lat' dir='ltr'><strong>siquidem</strong></span> <span class='ocrx_word' id='word_1_61' title='bbox 845 1157 896 1211; x_wconf 92' lang='lat' dir='ltr'><strong>in</strong></span> <span class='ocrx_word' id='word_1_62' title='bbox 935 1171 1032 1212; x_wconf 93' lang='lat' dir='ltr'><strong>suo</strong></span> <span class='ocrx_word' id='word_1_63' title='bbox 1059 1156 1410 1212; x_wconf 88' lang='lat' dir='ltr'><strong>contubernio</strong></span> <span class='ocrx_word' id='word_1_64' title='bbox 1449 1170 1727 1212; x_wconf 89' lang='lat' dir='ltr'><strong>remanere</strong></span> <span class='ocrx_word' id='word_1_65' title='bbox 1757 1155 1987 1222; x_wconf 83' lang='lat' dir='ltr'><strong>vellent,</strong></span> <span class='ocrx_word' id='word_1_66' title='bbox 2029 1162 2120 1210; x_wconf 90' lang='lat' dir='ltr'><strong>aut</strong></span> 
     </span>
    </p>
   </div>
   <div class='ocr_carea' id='block_1_10' title="bbox 539 1246 2120 1322">
    <p class='ocr_par' dir='ltr' id='par_1_10' title="bbox 539 1246 2120 1322">
     <span class='ocr_line' id='line_1_10' title="bbox 539 1246 2120 1322; baseline 0 -19"><span class='ocrx_word' id='word_1_67' title='bbox 539 1248 837 1305; x_wconf 88' lang='lat' dir='ltr'><strong>venderent</strong></span> <span class='ocrx_word' id='word_1_68' title='bbox 863 1256 1280 1322; x_wconf 81' lang='lat' dir='ltr'><strong>erogarentque,</strong></span> <span class='ocrx_word' id='word_1_69' title='bbox 1325 1257 1420 1302; x_wconf 90' lang='lat' dir='ltr'><strong>aut</strong></span> <span class='ocrx_word' id='word_1_70' title='bbox 1445 1247 1708 1303; x_wconf 79' lang='lat' dir='ltr'><strong>donarent</strong></span> <span class='ocrx_word' id='word_1_71' title='bbox 1746 1246 2120 1316; x_wconf 87' lang='lat' dir='ltr'><strong>mitterentque</strong></span> 
     </span>
    </p>
   </div>
   <div class='ocr_carea' id='block_1_11' title="bbox 539 1339 2115 1411">
    <p class='ocr_par' dir='ltr' id='par_1_11' title="bbox 539 1339 2115 1411">
     <span class='ocr_line' id='line_1_11' title="bbox 539 1339 2115 1411; baseline -0.001 -15"><span class='ocrx_word' id='word_1_72' title='bbox 539 1341 594 1396; x_wconf 87' lang='lat' dir='ltr'><strong>in</strong></span> <span class='ocrx_word' id='word_1_73' title='bbox 622 1356 938 1408; x_wconf 85' lang='lat' dir='ltr'><strong>commune;</strong></span> <span class='ocrx_word' id='word_1_74' title='bbox 969 1357 1193 1411; x_wconf 83' lang='lat' dir='ltr'><strong>eamque</strong></span> <span class='ocrx_word' id='word_1_75' title='bbox 1228 1357 1343 1396; x_wconf 90' lang='lat' dir='ltr'><strong>rem</strong></span> <span class='ocrx_word' id='word_1_76' title='bbox 1368 1339 1506 1396; x_wconf 87' lang='lat' dir='ltr'><strong>infra</strong></span> <span class='ocrx_word' id='word_1_77' title='bbox 1531 1339 1842 1411; x_wconf 80' lang='lat' dir='ltr'><strong>Epiphaniae</strong></span> <span class='ocrx_word' id='word_1_78' title='bbox 1866 1349 2076 1410; x_wconf 85' lang='lat' dir='ltr'><strong>tempus</strong></span> <span class='ocrx_word' id='word_1_79' title='bbox 2097 1381 2115 1409; x_wconf 90' lang='lat'><strong>,</strong></span> 
     </span>
    </p>
   </div>
   <div class='ocr_carea' id='block_1_12' title="bbox 541 1430 2118 1503">
    <p class='ocr_par' dir='ltr' id='par_1_12' title="bbox 541 1430 2118 1503">
     <span class='ocr_line' id='line_1_12' title="bbox 541 1430 2118 1503; baseline -0.001 -15"><span class='ocrx_word' id='word_1_80' title='bbox 541 1433 684 1503; x_wconf 93' lang='lat' dir='ltr'><strong>quod</strong></span> <span class='ocrx_word' id='word_1_81' title='bbox 713 1433 904 1489; x_wconf 88' lang='lat' dir='ltr'><strong>festum</strong></span> <span class='ocrx_word' id='word_1_82' title='bbox 945 1433 999 1486; x_wconf 94' lang='lat' dir='ltr'><strong>in</strong></span> <span class='ocrx_word' id='word_1_83' title='bbox 1027 1432 1230 1503; x_wconf 88' lang='lat' dir='ltr'><strong>aliquot</strong></span> <span class='ocrx_word' id='word_1_84' title='bbox 1264 1433 1400 1488; x_wconf 82' lang='lat' dir='ltr'><strong>forte</strong></span> <span class='ocrx_word' id='word_1_85' title='bbox 1439 1446 1651 1488; x_wconf 87' lang='lat' dir='ltr'><strong>menses</strong></span> <span class='ocrx_word' id='word_1_86' title='bbox 1690 1440 1805 1486; x_wconf 92' lang='lat' dir='ltr'><strong>erat</strong></span> <span class='ocrx_word' id='word_1_87' title='bbox 1838 1430 2118 1487; x_wconf 88' lang='lat' dir='ltr'><strong>celebran-</strong></span> 
     </span>
    </p>
   </div>
   <div class='ocr_carea' id='block_1_13' title="bbox 541 1522 2118 1596">
    <p class='ocr_par' dir='ltr' id='par_1_13' title="bbox 541 1522 2118 1596">
     <span class='ocr_line' id='line_1_13' title="bbox 541 1522 2118 1596; baseline 0 -18"><span class='ocrx_word' id='word_1_88' title='bbox 541 1522 705 1589; x_wconf 89' lang='lat' dir='ltr'><strong>dum,</strong></span> <span class='ocrx_word' id='word_1_89' title='bbox 749 1522 863 1577; x_wconf 79' lang='lat' dir='ltr'><strong>fieri</strong></span> <span class='ocrx_word' id='word_1_90' title='bbox 890 1522 1119 1579; x_wconf 85' lang='lat' dir='ltr'><strong>edixisse</strong></span> <span class='ocrx_word' id='word_1_91' title='bbox 1149 1522 1306 1596; x_wconf 84' lang='lat' dir='ltr'><strong>(Ibid.</strong></span> <span class='ocrx_word' id='word_1_92' title='bbox 1327 1565 1341 1589; x_wconf 92' lang='lat'><strong>,</strong></span> <span class='ocrx_word' id='word_1_93' title='bbox 1377 1539 1432 1578; x_wconf 78' lang='grc' dir='ltr'><strong>η.</strong></span> <span class='ocrx_word' id='word_1_94' title='bbox 1463 1522 1542 1593; x_wconf 89' lang='grc'><strong>6).</strong></span> <span class='ocrx_word' id='word_1_95' title='bbox 1581 1523 1730 1578; x_wconf 82' lang='lat' dir='ltr'><strong>Hanc</strong></span> <span class='ocrx_word' id='word_1_96' title='bbox 1767 1523 1937 1594; x_wconf 83' lang='lat' dir='ltr'><strong>legem</strong></span> <span class='ocrx_word' id='word_1_97' title='bbox 1963 1532 2118 1578; x_wconf 83' lang='lat' dir='ltr'><strong>antea</strong></span> 
     </span>
    </p>
   </div>
   <div class='ocr_carea' id='block_1_14' title="bbox 544 1613 2118 1686">
    <p class='ocr_par' dir='ltr' id='par_1_14' title="bbox 544 1613 2118 1686">
     <span class='ocr_line' id='line_1_14' title="bbox 544 1613 2118 1686; baseline 0 -17"><span class='ocrx_word' id='word_1_98' title='bbox 544 1613 929 1679; x_wconf 90' lang='lat' dir='ltr'><strong>constituerat,</strong></span> <span class='ocrx_word' id='word_1_99' title='bbox 968 1622 1026 1668; x_wconf 90' lang='lat' dir='ltr'><strong>ut</strong></span> <span class='ocrx_word' id='word_1_100' title='bbox 1065 1614 1148 1668; x_wconf 91' lang='lat' dir='ltr'><strong>cui</strong></span> <span class='ocrx_word' id='word_1_101' title='bbox 1179 1615 1421 1668; x_wconf 81' lang='lat' dir='ltr'><strong>voluntas</strong></span> <span class='ocrx_word' id='word_1_102' title='bbox 1453 1621 1596 1669; x_wconf 87' lang='lat' dir='ltr'><strong>esset</strong></span> <span class='ocrx_word' id='word_1_103' title='bbox 1631 1629 1663 1668; x_wconf 90' lang='lat' dir='ltr'><strong>a</strong></span> <span class='ocrx_word' id='word_1_104' title='bbox 1689 1614 1959 1686; x_wconf 91' lang='lat' dir='ltr'><strong>proposito</strong></span> <span class='ocrx_word' id='word_1_105' title='bbox 1996 1613 2118 1669; x_wconf 69' lang='lat' dir='ltr'><strong>vita:</strong></span> 
     </span>
    </p>
   </div>
   <div class='ocr_carea' id='block_1_15' title="bbox 546 1703 2115 1771">
    <p class='ocr_par' dir='ltr' id='par_1_15' title="bbox 546 1703 2115 1771">
     <span class='ocr_line' id='line_1_15' title="bbox 546 1703 2115 1771; baseline 0 -12"><span class='ocrx_word' id='word_1_106' title='bbox 546 1706 843 1760; x_wconf 91' lang='lat' dir='ltr'><strong>communis</strong></span> <span class='ocrx_word' id='word_1_107' title='bbox 859 1704 1154 1771; x_wconf 88' lang='lat' dir='ltr'><strong>discedere,</strong></span> <span class='ocrx_word' id='word_1_108' title='bbox 1178 1720 1298 1760; x_wconf 91' lang='lat' dir='ltr'><strong>eum</strong></span> <span class='ocrx_word' id='word_1_109' title='bbox 1320 1703 1548 1760; x_wconf 87' lang='lat' dir='ltr'><strong>clericali</strong></span> <span class='ocrx_word' id='word_1_110' title='bbox 1575 1719 1793 1764; x_wconf 85' lang='lat' dir='ltr'><strong>munere</strong></span> <span class='ocrx_word' id='word_1_111' title='bbox 1812 1703 2115 1770; x_wconf 87' lang='lat' dir='ltr'><strong>abdicaret;</strong></span> 
     </span>
    </p>
   </div>
   <div class='ocr_carea' id='block_1_16' title="bbox 540 1794 2119 1865">
    <p class='ocr_par' dir='ltr' id='par_1_16' title="bbox 540 1794 2119 1865">
     <span class='ocr_line' id='line_1_16' title="bbox 540 1794 2119 1865; baseline 0 -15"><span class='ocrx_word' id='word_1_112' title='bbox 540 1797 662 1865; x_wconf 89' lang='lat' dir='ltr'><strong>quia</strong></span> <span class='ocrx_word' id='word_1_113' title='bbox 693 1794 967 1851; x_wconf 86' lang='lat' dir='ltr'><strong>desereret</strong></span> <span class='ocrx_word' id='word_1_114' title='bbox 989 1803 1186 1851; x_wconf 71' lang='lat' dir='ltr'><strong>sancta:</strong></span> <span class='ocrx_word' id='word_1_115' title='bbox 1215 1796 1481 1851; x_wconf 81' lang='lat' dir='ltr'><strong>s&#39;ocietatis</strong></span> <span class='ocrx_word' id='word_1_116' title='bbox 1511 1795 1829 1865; x_wconf 88' lang='lat' dir='ltr'><strong>promissum</strong></span> <span class='ocrx_word' id='word_1_117' title='bbox 1853 1804 2119 1865; x_wconf 70' lang='lat' dir='ltr'><strong>emptum-</strong></span> 
     </span>
    </p>
   </div>
   <div class='ocr_carea' id='block_1_17' title="bbox 538 1885 2121 1958">
    <p class='ocr_par' dir='ltr' id='par_1_17' title="bbox 538 1885 2121 1958">
     <span class='ocr_line' id='line_1_17' title="bbox 538 1885 2121 1958; baseline 0.001 -16"><span class='ocrx_word' id='word_1_118' title='bbox 538 1903 645 1958; x_wconf 91' lang='lat' dir='ltr'><strong>que</strong></span> <span class='ocrx_word' id='word_1_119' title='bbox 678 1890 1022 1942; x_wconf 87' lang='lat' dir='ltr'><strong>consortium.</strong></span> <span class='ocrx_word' id='word_1_120' title='bbox 1066 1887 1136 1941; x_wconf 88' lang='lat' dir='ltr'><strong>At</strong></span> <span class='ocrx_word' id='word_1_121' title='bbox 1178 1901 1306 1940; x_wconf 89' lang='lat' dir='ltr'><strong>vero</strong></span> <span class='ocrx_word' id='word_1_122' title='bbox 1349 1885 1504 1940; x_wconf 86' lang='lat' dir='ltr'><strong>isthic</strong></span> <span class='ocrx_word' id='word_1_123' title='bbox 1545 1886 1850 1955; x_wconf 81' lang='lat' dir='ltr'><strong>profitetur,</strong></span> <span class='ocrx_word' id='word_1_124' title='bbox 1895 1886 2024 1954; x_wconf 87' lang='lat' dir='ltr'><strong>sibi,</strong></span> <span class='ocrx_word' id='word_1_125' title='bbox 2061 1896 2121 1943; x_wconf 92' lang='lat' dir='ltr'><strong>ut</strong></span> 
     </span>
    </p>
   </div>
   <div class='ocr_carea' id='block_1_18' title="bbox 539 1977 2115 2048">
    <p class='ocr_par' dir='ltr' id='par_1_18' title="bbox 539 1977 2115 2048">
     <span class='ocr_line' id='line_1_18' title="bbox 539 1977 2115 2048; baseline 0.002 -16"><span class='ocrx_word' id='word_1_126' title='bbox 539 1977 782 2032; x_wconf 79' lang='lat' dir='ltr'><strong>eatndem</strong></span> <span class='ocrx_word' id='word_1_127' title='bbox 809 1977 950 2033; x_wconf 86' lang='lat' dir='ltr'><strong>illam</strong></span> <span class='ocrx_word' id='word_1_128' title='bbox 978 1977 1148 2048; x_wconf 89' lang='lat' dir='ltr'><strong>legem</strong></span> <span class='ocrx_word' id='word_1_129' title='bbox 1177 1984 1518 2045; x_wconf 85' lang='lat' dir='ltr'><strong>permutaret,</strong></span> <span class='ocrx_word' id='word_1_130' title='bbox 1549 1978 1781 2032; x_wconf 90' lang='lat' dir='ltr'><strong>animum</strong></span> <span class='ocrx_word' id='word_1_131' title='bbox 1809 1978 2115 2046; x_wconf 78' lang='lat' dir='ltr'><strong>induxisse;</strong></span> 
     </span>
    </p>
   </div>
   <div class='ocr_carea' id='block_1_19' title="bbox 538 2067 2118 2141">
    <p class='ocr_par' dir='ltr' id='par_1_19' title="bbox 538 2067 2118 2141">
     <span class='ocr_line' id='line_1_19' title="bbox 538 2067 2118 2141; baseline 0.001 -17"><span class='ocrx_word' id='word_1_132' title='bbox 538 2086 602 2126; x_wconf 91' lang='lat' dir='ltr'><strong>ac</strong></span> <span class='ocrx_word' id='word_1_133' title='bbox 629 2069 883 2140; x_wconf 89' lang='lat' dir='ltr'><strong>proinde,</strong></span> <span class='ocrx_word' id='word_1_134' title='bbox 930 2070 975 2124; x_wconf 88' lang='lat' dir='ltr'><strong>si</strong></span> <span class='ocrx_word' id='word_1_135' title='bbox 1021 2069 1140 2140; x_wconf 90' lang='lat' dir='ltr'><strong>quis</strong></span> <span class='ocrx_word' id='word_1_136' title='bbox 1178 2069 1491 2124; x_wconf 88' lang='lat' dir='ltr'><strong>clericorum</strong></span> <span class='ocrx_word' id='word_1_137' title='bbox 1531 2067 1728 2124; x_wconf 90' lang='lat' dir='ltr'><strong>habere</strong></span> <span class='ocrx_word' id='word_1_138' title='bbox 1768 2069 1962 2140; x_wconf 86' lang='lat' dir='ltr'><strong>aliquid</strong></span> <span class='ocrx_word' id='word_1_139' title='bbox 1992 2085 2118 2141; x_wconf 87' lang='lat' dir='ltr'><strong>pro-</strong></span> 
     </span>
    </p>
   </div>
   <div class='ocr_carea' id='block_1_20' title="bbox 539 2159 2116 2232">
    <p class='ocr_par' dir='ltr' id='par_1_20' title="bbox 539 2159 2116 2232">
     <span class='ocr_line' id='line_1_20' title="bbox 539 2159 2116 2232; baseline 0 -16"><span class='ocrx_word' id='word_1_140' title='bbox 539 2163 714 2232; x_wconf 89' lang='lat' dir='ltr'><strong>prium</strong></span> <span class='ocrx_word' id='word_1_141' title='bbox 732 2203 746 2228; x_wconf 95' lang='lat'><strong>,</strong></span> <span class='ocrx_word' id='word_1_142' title='bbox 776 2175 930 2231; x_wconf 87' lang='lat' dir='ltr'><strong>quam</strong></span> <span class='ocrx_word' id='word_1_143' title='bbox 958 2161 1069 2215; x_wconf 89' lang='lat' dir='ltr'><strong>Deo</strong></span> <span class='ocrx_word' id='word_1_144' title='bbox 1093 2168 1149 2215; x_wconf 91' lang='lat' dir='ltr'><strong>et</strong></span> <span class='ocrx_word' id='word_1_145' title='bbox 1177 2159 1417 2216; x_wconf 87' lang='lat' dir='ltr'><strong>Ecclesia</strong></span> <span class='ocrx_word' id='word_1_146' title='bbox 1443 2165 1753 2216; x_wconf 91' lang='lat' dir='ltr'><strong>contentum</strong></span> <span class='ocrx_word' id='word_1_147' title='bbox 1780 2175 1899 2217; x_wconf 90' lang='lat' dir='ltr'><strong>esse</strong></span> <span class='ocrx_word' id='word_1_148' title='bbox 1932 2162 2116 2226; x_wconf 90' lang='lat' dir='ltr'><strong>malit,</strong></span> 
     </span>
    </p>
   </div>
   <div class='ocr_carea' id='block_1_21' title="bbox 539 2251 2118 2323">
    <p class='ocr_par' dir='ltr' id='par_1_21' title="bbox 539 2251 2118 2323">
     <span class='ocr_line' id='line_1_21' title="bbox 539 2251 2118 2323; baseline 0.001 -16"><span class='ocrx_word' id='word_1_149' title='bbox 539 2268 662 2308; x_wconf 84' lang='lat' dir='ltr'><strong>eum</strong></span> <span class='ocrx_word' id='word_1_150' title='bbox 692 2261 904 2307; x_wconf 87' lang='lat' dir='ltr'><strong>servato</strong></span> <span class='ocrx_word' id='word_1_151' title='bbox 929 2265 1027 2307; x_wconf 92' lang='lat' dir='ltr'><strong>suo</strong></span> <span class='ocrx_word' id='word_1_152' title='bbox 1052 2251 1216 2323; x_wconf 88' lang='lat' dir='ltr'><strong>gradu</strong></span> <span class='ocrx_word' id='word_1_153' title='bbox 1245 2266 1402 2322; x_wconf 87' lang='lat' dir='ltr'><strong>posse</strong></span> <span class='ocrx_word' id='word_1_154' title='bbox 1433 2252 1520 2308; x_wconf 91' lang='lat' dir='ltr'><strong>ubi</strong></span> <span class='ocrx_word' id='word_1_155' title='bbox 1564 2251 1778 2308; x_wconf 88' lang='lat' dir='ltr'><strong>libuerit</strong></span> <span class='ocrx_word' id='word_1_156' title='bbox 1802 2294 1818 2320; x_wconf 94' lang='lat'><strong>,</strong></span> <span class='ocrx_word' id='word_1_157' title='bbox 1845 2261 1992 2308; x_wconf 83' lang='lat' dir='ltr'><strong>extra</strong></span> <span class='ocrx_word' id='word_1_158' title='bbox 2017 2253 2118 2308; x_wconf 88' lang='lat' dir='ltr'><strong>do-</strong></span> 
     </span>
    </p>
   </div>
   <div class='ocr_carea' id='block_1_22' title="bbox 536 2344 2121 2416">
    <p class='ocr_par' dir='ltr' id='par_1_22' title="bbox 536 2344 2121 2416">
     <span class='ocr_line' id='line_1_22' title="bbox 536 2344 2121 2416; baseline 0 -15"><span class='ocrx_word' id='word_1_159' title='bbox 536 2360 684 2402; x_wconf 89' lang='lat' dir='ltr'><strong>mum</strong></span> <span class='ocrx_word' id='word_1_160' title='bbox 723 2346 1078 2416; x_wconf 80' lang='lat' dir='ltr'><strong>episcOpaIem</strong></span> <span class='ocrx_word' id='word_1_161' title='bbox 1123 2345 1316 2416; x_wconf 78' lang='lat' dir='ltr'><strong>degere</strong></span> <span class='ocrx_word' id='word_1_162' title='bbox 1349 2363 1362 2400; x_wconf 91' lang='lat'>:</span> <span class='ocrx_word' id='word_1_163' title='bbox 1394 2360 1502 2400; x_wconf 92' lang='lat' dir='ltr'><strong>non</strong></span> <span class='ocrx_word' id='word_1_164' title='bbox 1536 2345 1743 2400; x_wconf 90' lang='lat' dir='ltr'><strong>nescire</strong></span> <span class='ocrx_word' id='word_1_165' title='bbox 1769 2360 1828 2400; x_wconf 90' lang='lat' dir='ltr'><strong>se</strong></span> <span class='ocrx_word' id='word_1_166' title='bbox 1869 2344 1971 2400; x_wconf 87' lang='lat' dir='ltr'><strong>hoc</strong></span> <span class='ocrx_word' id='word_1_167' title='bbox 1999 2360 2121 2402; x_wconf 89' lang='lat' dir='ltr'><strong>esse</strong></span> 
     </span>
    </p>
   </div>
   <div class='ocr_carea' id='block_1_23' title="bbox 536 2433 2119 2504">
    <p class='ocr_par' dir='ltr' id='par_1_23' title="bbox 536 2433 2119 2504">
     <span class='ocr_line' id='line_1_23' title="bbox 536 2433 2119 2504; baseline -0.001 -12"><span class='ocrx_word' id='word_1_168' title='bbox 536 2438 735 2493; x_wconf 91' lang='lat' dir='ltr'><strong>malum</strong></span> <span class='ocrx_word' id='word_1_169' title='bbox 759 2478 775 2501; x_wconf 92' lang='lat'><strong>,</strong></span> <span class='ocrx_word' id='word_1_170' title='bbox 833 2437 935 2491; x_wconf 88' lang='lat' dir='ltr'><strong>hoc</strong></span> <span class='ocrx_word' id='word_1_171' title='bbox 991 2450 1111 2491; x_wconf 91' lang='lat' dir='ltr'><strong>esse</strong></span> <span class='ocrx_word' id='word_1_172' title='bbox 1163 2435 1353 2490; x_wconf 87' lang='lat' dir='ltr'><strong>cadere</strong></span> <span class='ocrx_word' id='word_1_173' title='bbox 1401 2449 1431 2488; x_wconf 91' lang='lat' dir='ltr'><strong>a</strong></span> <span class='ocrx_word' id='word_1_174' title='bbox 1481 2434 1754 2504; x_wconf 88' lang='lat' dir='ltr'><strong>proposito</strong></span> <span class='ocrx_word' id='word_1_175' title='bbox 1780 2475 1796 2499; x_wconf 96' lang='lat'><strong>,</strong></span> <span class='ocrx_word' id='word_1_176' title='bbox 1845 2433 1948 2489; x_wconf 93' lang='lat' dir='ltr'><strong>hoc</strong></span> <span class='ocrx_word' id='word_1_177' title='bbox 2000 2449 2119 2491; x_wconf 89' lang='lat' dir='ltr'><strong>esse</strong></span> 
     </span>
    </p>
   </div>
   <div class='ocr_carea' id='block_1_24' title="bbox 535 2523 2116 2594">
    <p class='ocr_par' dir='ltr' id='par_1_24' title="bbox 535 2523 2116 2594">
     <span class='ocr_line' id='line_1_24' title="bbox 535 2523 2116 2594; baseline -0.002 -13"><span class='ocrx_word' id='word_1_178' title='bbox 535 2527 788 2581; x_wconf 87' lang='lat' dir='ltr'><strong>deserere</strong></span> <span class='ocrx_word' id='word_1_179' title='bbox 830 2535 1068 2580; x_wconf 90' lang='lat' dir='ltr'><strong>sanctam</strong></span> <span class='ocrx_word' id='word_1_180' title='bbox 1109 2523 1525 2594; x_wconf 79' lang='lat' dir='ltr'><strong>professionem,</strong></span> <span class='ocrx_word' id='word_1_181' title='bbox 1573 2537 1637 2578; x_wconf 88' lang='lat' dir='ltr'><strong>ac</strong></span> <span class='ocrx_word' id='word_1_182' title='bbox 1663 2530 1842 2578; x_wconf 85' lang='lat' dir='ltr'><strong>votum</strong></span> <span class='ocrx_word' id='word_1_183' title='bbox 1882 2523 2116 2592; x_wconf 90' lang='lat' dir='ltr'><strong>violare;</strong></span> 
     </span>
    </p>
   </div>
   <div class='ocr_carea' id='block_1_25' title="bbox 538 2611 2120 2687">
    <p class='ocr_par' dir='ltr' id='par_1_25' title="bbox 538 2611 2120 2687">
     <span class='ocr_line' id='line_1_25' title="bbox 538 2611 2120 2687; baseline -0.001 -16"><span class='ocrx_word' id='word_1_184' title='bbox 538 2615 761 2687; x_wconf 89' lang='lat' dir='ltr'><strong>perinde</strong></span> <span class='ocrx_word' id='word_1_185' title='bbox 788 2630 850 2669; x_wconf 90' lang='lat' dir='ltr'><strong>ac</strong></span> <span class='ocrx_word' id='word_1_186' title='bbox 887 2615 933 2669; x_wconf 91' lang='lat' dir='ltr'><strong>si</strong></span> <span class='ocrx_word' id='word_1_187' title='bbox 971 2615 1120 2685; x_wconf 87' lang='lat' dir='ltr'><strong>virgo</strong></span> <span class='ocrx_word' id='word_1_188' title='bbox 1147 2613 1526 2669; x_wconf 88' lang='lat' dir='ltr'><strong>monasterium</strong></span> <span class='ocrx_word' id='word_1_189' title='bbox 1565 2611 1708 2684; x_wconf 92' lang='lat' dir='ltr'><strong>quod</strong></span> <span class='ocrx_word' id='word_1_190' title='bbox 1739 2623 1854 2669; x_wconf 87' lang='lat' dir='ltr'><strong>erat</strong></span> <span class='ocrx_word' id='word_1_191' title='bbox 1881 2613 2120 2685; x_wconf 89' lang='lat' dir='ltr'><strong>ingressa</strong></span> 
     </span>
    </p>
   </div>
   <div class='ocr_carea' id='block_1_26' title="bbox 540 2704 2118 2777">
    <p class='ocr_par' dir='ltr' id='par_1_26' title="bbox 540 2704 2118 2777">
     <span class='ocr_line' id='line_1_26' title="bbox 540 2704 2118 2777; baseline -0.002 -15"><span class='ocrx_word' id='word_1_192' title='bbox 540 2708 798 2772; x_wconf 89' lang='lat' dir='ltr'><strong>deserat,</strong></span> <span class='ocrx_word' id='word_1_193' title='bbox 844 2706 1195 2777; x_wconf 86' lang='lat' dir='ltr'><strong>virginitatem</strong></span> <span class='ocrx_word' id='word_1_194' title='bbox 1236 2705 1448 2761; x_wconf 90' lang='lat' dir='ltr'><strong>interim</strong></span> <span class='ocrx_word' id='word_1_195' title='bbox 1503 2704 1681 2760; x_wconf 90' lang='lat' dir='ltr'><strong>colere</strong></span> <span class='ocrx_word' id='word_1_196' title='bbox 1727 2719 2118 2775; x_wconf 88' lang='lat' dir='ltr'><strong>perseverans:</strong></span> 
     </span>
    </p>
   </div>
   <div class='ocr_carea' id='block_1_27' title="bbox 539 2795 2120 2871">
    <p class='ocr_par' dir='ltr' id='par_1_27' title="bbox 539 2795 2120 2871">
     <span class='ocr_line' id='line_1_27' title="bbox 539 2795 2120 2871; baseline -0.002 -16"><span class='ocrx_word' id='word_1_197' title='bbox 539 2799 636 2855; x_wconf 90' lang='lat' dir='ltr'><strong>sed</strong></span> <span class='ocrx_word' id='word_1_198' title='bbox 661 2799 984 2871; x_wconf 85' lang='lat' dir='ltr'><strong>hypocrisim</strong></span> <span class='ocrx_word' id='word_1_199' title='bbox 1021 2797 1121 2853; x_wconf 91' lang='lat' dir='ltr'><strong>sibi</strong></span> <span class='ocrx_word' id='word_1_200' title='bbox 1166 2796 1331 2852; x_wconf 90' lang='lat' dir='ltr'><strong>multo</strong></span> <span class='ocrx_word' id='word_1_201' title='bbox 1359 2795 1680 2852; x_wconf 90' lang='lat' dir='ltr'><strong>deteriorem</strong></span> <span class='ocrx_word' id='word_1_202' title='bbox 1711 2796 1908 2862; x_wconf 86' lang='lat' dir='ltr'><strong>videri;</strong></span> <span class='ocrx_word' id='word_1_203' title='bbox 1948 2812 2120 2868; x_wconf 90' lang='lat' dir='ltr'><strong>eoque</strong></span> 
     </span>
    </p>
   </div>
   <div class='ocr_carea' id='block_1_28' title="bbox 538 2886 2120 2958">
    <p class='ocr_par' dir='ltr' id='par_1_28' title="bbox 538 2886 2120 2958">
     <span class='ocr_line' id='line_1_28' title="bbox 538 2886 2120 2958; baseline -0.001 -14"><span class='ocrx_word' id='word_1_204' title='bbox 538 2889 678 2944; x_wconf 88' lang='lat' dir='ltr'><strong>nolle</strong></span> <span class='ocrx_word' id='word_1_205' title='bbox 705 2904 762 2944; x_wconf 93' lang='lat' dir='ltr'><strong>se</strong></span> <span class='ocrx_word' id='word_1_206' title='bbox 805 2889 921 2944; x_wconf 87' lang='lat' dir='ltr'><strong>illos</strong></span> <span class='ocrx_word' id='word_1_207' title='bbox 950 2888 1016 2944; x_wconf 92' lang='lat' dir='ltr'><strong>ad</strong></span> <span class='ocrx_word' id='word_1_208' title='bbox 1057 2888 1109 2942; x_wconf 92' lang='lat' dir='ltr'><strong>id</strong></span> <span class='ocrx_word' id='word_1_209' title='bbox 1137 2887 1470 2943; x_wconf 88' lang='lat' dir='ltr'><strong>necessitatis</strong></span> <span class='ocrx_word' id='word_1_210' title='bbox 1494 2886 1766 2958; x_wconf 77' lang='lat' dir='ltr'><strong>redigere,</strong></span> <span class='ocrx_word' id='word_1_211' title='bbox 1806 2893 1867 2942; x_wconf 92' lang='lat' dir='ltr'><strong>ut</strong></span> <span class='ocrx_word' id='word_1_212' title='bbox 1903 2888 2003 2943; x_wconf 88' lang='lat' dir='ltr'><strong>hac</strong></span> <span class='ocrx_word' id='word_1_213' title='bbox 2047 2889 2120 2944; x_wconf 92' lang='lat' dir='ltr'><strong>si-</strong></span> 
     </span>
    </p>
   </div>
   <div class='ocr_carea' id='block_1_29' title="bbox 537 2979 2119 3049">
    <p class='ocr_par' dir='ltr' id='par_1_29' title="bbox 537 2979 2119 3049">
     <span class='ocr_line' id='line_1_29' title="bbox 537 2979 2119 3049; baseline 0 -15"><span class='ocrx_word' id='word_1_214' title='bbox 537 2981 826 3038; x_wconf 88' lang='lat' dir='ltr'><strong>mulatione</strong></span> <span class='ocrx_word' id='word_1_215' title='bbox 869 2981 1119 3035; x_wconf 91' lang='lat' dir='ltr'><strong>contiuua</strong></span> <span class='ocrx_word' id='word_1_216' title='bbox 1175 2979 1330 3049; x_wconf 83' lang='lat' dir='ltr'><strong>plane</strong></span> <span class='ocrx_word' id='word_1_217' title='bbox 1381 2986 1664 3041; x_wconf 87' lang='lat' dir='ltr'><strong>corruant;</strong></span> <span class='ocrx_word' id='word_1_218' title='bbox 1706 2993 1878 3048; x_wconf 88' lang='lat' dir='ltr'><strong>neque</strong></span> <span class='ocrx_word' id='word_1_219' title='bbox 1905 2992 2119 3034; x_wconf 89' lang='lat' dir='ltr'><strong>causam</strong></span> 
     </span>
    </p>
   </div>
   <div class='ocr_carea' id='block_1_30' title="bbox 537 3069 2120 3147">
    <p class='ocr_par' dir='ltr' id='par_1_30' title="bbox 537 3069 2120 3147">
     <span class='ocr_line' id='line_1_30' title="bbox 537 3069 2120 3147; baseline -0.004 -16"><span class='ocrx_word' id='word_1_220' title='bbox 537 3076 779 3147; x_wconf 71' lang='lat' dir='ltr'><strong>przebere</strong></span> <span class='ocrx_word' id='word_1_221' title='bbox 806 3089 961 3143; x_wconf 86' lang='lat' dir='ltr'><strong>posse</strong></span> <span class='ocrx_word' id='word_1_222' title='bbox 977 3115 992 3141; x_wconf 94' lang='lat'><strong>,</strong></span> <span class='ocrx_word' id='word_1_223' title='bbox 1017 3087 1113 3126; x_wconf 92' lang='lat' dir='ltr'><strong>cur</strong></span> <span class='ocrx_word' id='word_1_224' title='bbox 1137 3072 1248 3127; x_wconf 89' lang='lat' dir='ltr'><strong>suis</strong></span> <span class='ocrx_word' id='word_1_225' title='bbox 1281 3071 1355 3126; x_wconf 91' lang='lat' dir='ltr'><strong>illi</strong></span> <span class='ocrx_word' id='word_1_226' title='bbox 1390 3080 1606 3141; x_wconf 88' lang='lat' dir='ltr'><strong>propter</strong></span> <span class='ocrx_word' id='word_1_227' title='bbox 1632 3069 1863 3124; x_wconf 90' lang='lat' dir='ltr'><strong>ablatum</strong></span> <span class='ocrx_word' id='word_1_228' title='bbox 1896 3070 2120 3125; x_wconf 87' lang='lat' dir='ltr'><strong>clerica-</strong></span> 
     </span>
    </p>
   </div>
   <div class='ocr_carea' id='block_1_31' title="bbox 541 3159 2122 3235">
    <p class='ocr_par' dir='ltr' id='par_1_31' title="bbox 541 3159 2122 3235">
     <span class='ocr_line' id='line_1_31' title="bbox 541 3159 2122 3235; baseline -0.002 -16"><span class='ocrx_word' id='word_1_229' title='bbox 541 3175 652 3220; x_wconf 91' lang='lat' dir='ltr'><strong>tum</strong></span> <span class='ocrx_word' id='word_1_230' title='bbox 680 3165 911 3235; x_wconf 82' lang='lat' dir='ltr'><strong>querelis</strong></span> <span class='ocrx_word' id='word_1_231' title='bbox 935 3206 950 3230; x_wconf 93' lang='lat'><strong>,</strong></span> <span class='ocrx_word' id='word_1_232' title='bbox 990 3178 1109 3232; x_wconf 73' lang='lat' dir='ltr'><strong>qua:</strong></span> <span class='ocrx_word' id='word_1_233' title='bbox 1137 3161 1322 3217; x_wconf 77' lang='lat' dir='ltr'><strong>forsan</strong></span> <span class='ocrx_word' id='word_1_234' title='bbox 1357 3159 1625 3231; x_wconf 90' lang='lat' dir='ltr'><strong>aliquibus</strong></span> <span class='ocrx_word' id='word_1_235' title='bbox 1661 3161 1820 3215; x_wconf 88' lang='lat' dir='ltr'><strong>etiam</strong></span> <span class='ocrx_word' id='word_1_236' title='bbox 1859 3160 2122 3230; x_wconf 88' lang='lat' dir='ltr'><strong>episcopis</strong></span> 
     </span>
    </p>
   </div>
   <div class='ocr_carea' id='block_1_32' title="bbox 540 3255 2119 3326">
    <p class='ocr_par' dir='ltr' id='par_1_32' title="bbox 540 3255 2119 3326">
     <span class='ocr_line' id='line_1_32' title="bbox 540 3255 2119 3326; baseline -0.003 -14"><span class='ocrx_word' id='word_1_237' title='bbox 540 3274 645 3312; x_wconf 90' lang='lat' dir='ltr'><strong>non</strong></span> <span class='ocrx_word' id='word_1_238' title='bbox 672 3265 1020 3314; x_wconf 83' lang='lat' dir='ltr'><strong>censerentur</strong></span> <span class='ocrx_word' id='word_1_239' title='bbox 1048 3257 1276 3326; x_wconf 61' lang='lat' dir='ltr'><strong>injustas,</strong></span> <span class='ocrx_word' id='word_1_240' title='bbox 1308 3255 1602 3310; x_wconf 76' lang='lat' dir='ltr'><strong>Ecclesium</strong></span> <span class='ocrx_word' id='word_1_241' title='bbox 1634 3255 1835 3310; x_wconf 86' lang='lat' dir='ltr'><strong>turbari</strong></span> <span class='ocrx_word' id='word_1_242' title='bbox 1864 3263 2119 3325; x_wconf 78' lang='lat' dir='ltr'><strong>pergant;</strong></span> 
     </span>
    </p>
   </div>
   <div class='ocr_carea' id='block_1_33' title="bbox 541 3345 2122 3416">
    <p class='ocr_par' dir='ltr' id='par_1_33' title="bbox 541 3345 2122 3416">
     <span class='ocr_line' id='line_1_33' title="bbox 541 3345 2122 3416; baseline -0.001 -14"><span class='ocrx_word' id='word_1_243' title='bbox 541 3349 701 3403; x_wconf 74' lang='lat' dir='ltr'><strong>malle</strong></span> <span class='ocrx_word' id='word_1_244' title='bbox 737 3348 818 3402; x_wconf 87' lang='lat' dir='ltr'><strong>vel</strong></span> <span class='ocrx_word' id='word_1_245' title='bbox 865 3346 1081 3401; x_wconf 90' lang='lat' dir='ltr'><strong>claudos</strong></span> <span class='ocrx_word' id='word_1_246' title='bbox 1124 3346 1354 3411; x_wconf 90' lang='lat' dir='ltr'><strong>habere,</strong></span> <span class='ocrx_word' id='word_1_247' title='bbox 1398 3361 1558 3415; x_wconf 90' lang='lat' dir='ltr'><strong>quam</strong></span> <span class='ocrx_word' id='word_1_248' title='bbox 1598 3345 1850 3416; x_wconf 88' lang='lat' dir='ltr'><strong>plangere</strong></span> <span class='ocrx_word' id='word_1_249' title='bbox 1883 3354 2122 3402; x_wconf 91' lang='lat' dir='ltr'><strong>mortuos</strong></span> 
     </span>
    </p>
   </div>
   <div class='ocr_carea' id='block_1_34' title="bbox 542 3435 2122 3512">
    <p class='ocr_par' dir='ltr' id='par_1_34' title="bbox 542 3435 2122 3512">
     <span class='ocr_line' id='line_1_34' title="bbox 542 3435 2122 3512; baseline -0.001 -16"><span class='ocrx_word' id='word_1_250' title='bbox 542 3439 735 3512; x_wconf 88' lang='lat' dir='ltr'><strong>(Serm.</strong></span> <span class='ocrx_word' id='word_1_251' title='bbox 779 3439 914 3505; x_wconf 76' lang='lat'><strong>356,</strong></span> <span class='ocrx_word' id='word_1_252' title='bbox 942 3456 994 3492; x_wconf 91' lang='lat' dir='ltr'><strong>n.</strong></span> <span class='ocrx_word' id='word_1_253' title='bbox 1046 3437 1135 3509; x_wconf 69' lang='lat' dir='ltr'><strong>l4)</strong></span> <span class='ocrx_word' id='word_1_254' title='bbox 1172 3456 1186 3491; x_wconf 89' lang='lat'><strong>:</strong></span> <span class='ocrx_word' id='word_1_255' title='bbox 1216 3437 1317 3492; x_wconf 91' lang='lat' dir='ltr'><strong>sibi</strong></span> <span class='ocrx_word' id='word_1_256' title='bbox 1351 3452 1480 3508; x_wconf 86' lang='lat' dir='ltr'><strong>ergo</strong></span> <span class='ocrx_word' id='word_1_257' title='bbox 1517 3435 1796 3504; x_wconf 80' lang='lat' dir='ltr'><strong>sufficere,</strong></span> <span class='ocrx_word' id='word_1_258' title='bbox 1827 3437 1931 3492; x_wconf 88' lang='lat' dir='ltr'><strong>illis</strong></span> <span class='ocrx_word' id='word_1_259' title='bbox 1954 3451 2122 3508; x_wconf 88' lang='lat' dir='ltr'><strong>quau-</strong></span> 
     </span>
    </p>
   </div>
   <div class='ocr_carea' id='block_1_35' title="bbox 541 3526 2122 3600">
    <p class='ocr_par' dir='ltr' id='par_1_35' title="bbox 541 3526 2122 3600">
     <span class='ocr_line' id='line_1_35' title="bbox 541 3526 2122 3600; baseline -0.001 -15"><span class='ocrx_word' id='word_1_260' title='bbox 541 3542 651 3585; x_wconf 88' lang='lat' dir='ltr'><strong>tum</strong></span> <span class='ocrx_word' id='word_1_261' title='bbox 680 3529 972 3600; x_wconf 87' lang='lat' dir='ltr'><strong>periculum</strong></span> <span class='ocrx_word' id='word_1_262' title='bbox 1009 3537 1063 3584; x_wconf 91' lang='lat' dir='ltr'><strong>et</strong></span> <span class='ocrx_word' id='word_1_263' title='bbox 1087 3535 1342 3599; x_wconf 89' lang='lat' dir='ltr'><strong>quantum</strong></span> <span class='ocrx_word' id='word_1_264' title='bbox 1369 3528 1564 3583; x_wconf 90' lang='lat' dir='ltr'><strong>malum</strong></span> <span class='ocrx_word' id='word_1_265' title='bbox 1591 3527 1690 3596; x_wconf 91' lang='lat' dir='ltr'><strong>sit,</strong></span> <span class='ocrx_word' id='word_1_266' title='bbox 1718 3526 1910 3584; x_wconf 89' lang='lat' dir='ltr'><strong>cadere</strong></span> <span class='ocrx_word' id='word_1_267' title='bbox 1935 3543 1964 3583; x_wconf 91' lang='lat' dir='ltr'><strong>a</strong></span> <span class='ocrx_word' id='word_1_268' title='bbox 1995 3543 2122 3600; x_wconf 86' lang='lat' dir='ltr'><strong>pro-</strong></span> 
     </span>
    </p>
   </div>
   <div class='ocr_carea' id='block_1_36' title="bbox 539 3618 2124 3694">
    <p class='ocr_par' dir='ltr' id='par_1_36' title="bbox 539 3618 2124 3694">
     <span class='ocr_line' id='line_1_36' title="bbox 539 3618 2124 3694; baseline 0 -17"><span class='ocrx_word' id='word_1_269' title='bbox 539 3621 746 3694; x_wconf 88' lang='lat' dir='ltr'><strong>posito,</strong></span> <span class='ocrx_word' id='word_1_270' title='bbox 775 3619 846 3675; x_wconf 93' lang='lat' dir='ltr'><strong>ob</strong></span> <span class='ocrx_word' id='word_1_271' title='bbox 881 3619 1063 3674; x_wconf 91' lang='lat' dir='ltr'><strong>oculos</strong></span> <span class='ocrx_word' id='word_1_272' title='bbox 1091 3618 1366 3688; x_wconf 89' lang='lat' dir='ltr'><strong>posuisse;</strong></span> <span class='ocrx_word' id='word_1_273' title='bbox 1407 3633 1469 3673; x_wconf 90' lang='lat' dir='ltr'><strong>ac</strong></span> <span class='ocrx_word' id='word_1_274' title='bbox 1503 3626 1625 3690; x_wconf 91' lang='lat' dir='ltr'><strong>post</strong></span> <span class='ocrx_word' id='word_1_275' title='bbox 1663 3618 1750 3673; x_wconf 90' lang='lat' dir='ltr'><strong>illa</strong></span> <span class='ocrx_word' id='word_1_276' title='bbox 1787 3618 2005 3675; x_wconf 89' lang='lat' dir='ltr'><strong>eosdem</strong></span> <span class='ocrx_word' id='word_1_277' title='bbox 2043 3620 2124 3677; x_wconf 92' lang='lat' dir='ltr'><strong>di-</strong></span> 
     </span>
    </p>
   </div>
   <div class='ocr_carea' id='block_1_37' title="bbox 540 3708 2123 3782">
    <p class='ocr_par' dir='ltr' id='par_1_37' title="bbox 540 3708 2123 3782">
     <span class='ocr_line' id='line_1_37' title="bbox 540 3708 2123 3782; baseline -0.001 -15"><span class='ocrx_word' id='word_1_278' title='bbox 540 3714 667 3767; x_wconf 93' lang='lat' dir='ltr'><strong>vino</strong></span> <span class='ocrx_word' id='word_1_279' title='bbox 696 3713 1002 3782; x_wconf 86' lang='lat' dir='ltr'><strong>permittere</strong></span> <span class='ocrx_word' id='word_1_280' title='bbox 1041 3708 1241 3782; x_wconf 87' lang='lat' dir='ltr'><strong>judicio</strong></span> <span class='ocrx_word' id='word_1_281' title='bbox 1271 3727 1284 3764; x_wconf 89' lang='lat'><strong>:</strong></span> <span class='ocrx_word' id='word_1_282' title='bbox 1313 3709 1440 3780; x_wconf 92' lang='lat' dir='ltr'><strong>ipsis</strong></span> <span class='ocrx_word' id='word_1_283' title='bbox 1481 3709 1762 3766; x_wconf 87' lang='lat' dir='ltr'><strong>clericatus</strong></span> <span class='ocrx_word' id='word_1_284' title='bbox 1801 3709 2039 3779; x_wconf 86' lang='lat' dir='ltr'><strong>polliceri</strong></span> <span class='ocrx_word' id='word_1_285' title='bbox 2065 3725 2123 3766; x_wconf 88' lang='lat' dir='ltr'><strong>se</strong></span> 
     </span>
    </p>
   </div>
   <div class='ocr_carea' id='block_1_38' title="bbox 542 3799 2126 3869">
    <p class='ocr_par' dir='ltr' id='par_1_38' title="bbox 542 3799 2126 3869">
     <span class='ocr_line' id='line_1_38' title="bbox 542 3799 2126 3869; baseline -0.001 -11"><span class='ocrx_word' id='word_1_286' title='bbox 542 3803 1001 3858; x_wconf 87' lang='lat' dir='ltr'><strong>conservationem</strong></span> <span class='ocrx_word' id='word_1_287' title='bbox 1040 3843 1056 3869; x_wconf 94' lang='lat'><strong>,</strong></span> <span class='ocrx_word' id='word_1_288' title='bbox 1099 3814 1284 3855; x_wconf 91' lang='lat' dir='ltr'><strong>eorum</strong></span> <span class='ocrx_word' id='word_1_289' title='bbox 1334 3814 1462 3854; x_wconf 91' lang='lat' dir='ltr'><strong>vero</strong></span> <span class='ocrx_word' id='word_1_290' title='bbox 1517 3813 1638 3855; x_wconf 90' lang='lat' dir='ltr'><strong>esse</strong></span> <span class='ocrx_word' id='word_1_291' title='bbox 1666 3841 1682 3868; x_wconf 91' lang='lat'><strong>,</strong></span> <span class='ocrx_word' id='word_1_292' title='bbox 1742 3814 1811 3854; x_wconf 91' lang='lat' dir='ltr'><strong>an</strong></span> <span class='ocrx_word' id='word_1_293' title='bbox 1863 3799 2126 3857; x_wconf 86' lang='lat' dir='ltr'><strong>felicitatis</strong></span> 
     </span>
    </p>
   </div>
   <div class='ocr_carea' id='block_1_39' title="bbox 544 3889 2124 3963">
    <p class='ocr_par' dir='ltr' id='par_1_39' title="bbox 544 3889 2124 3963">
     <span class='ocr_line' id='line_1_39' title="bbox 544 3889 2124 3963; baseline -0.001 -14"><span class='ocrx_word' id='word_1_294' title='bbox 544 3894 895 3950; x_wconf 70' lang='lat' dir='ltr'><strong>aeternitatem</strong></span> <span class='ocrx_word' id='word_1_295' title='bbox 965 3905 1182 3963; x_wconf 86' lang='lat' dir='ltr'><strong>sperare</strong></span> <span class='ocrx_word' id='word_1_296' title='bbox 1232 3890 1479 3962; x_wconf 90' lang='lat' dir='ltr'><strong>possint,</strong></span> <span class='ocrx_word' id='word_1_297' title='bbox 1542 3889 1824 3960; x_wconf 89' lang='lat' dir='ltr'><strong>dispicere.</strong></span> <span class='ocrx_word' id='word_1_298' title='bbox 1888 3889 2124 3948; x_wconf 88' lang='lat' dir='ltr'><strong>Orationi</strong></span> 
     </span>
    </p>
   </div>
   <div class='ocr_carea' id='block_1_40' title="bbox 542 3981 2127 4054">
    <p class='ocr_par' dir='ltr' id='par_1_40' title="bbox 542 3981 2127 4054">
     <span class='ocr_line' id='line_1_40' title="bbox 542 3981 2127 4054; baseline -0.001 -14"><span class='ocrx_word' id='word_1_299' title='bbox 542 3985 739 4041; x_wconf 89' lang='lat' dir='ltr'><strong>deinde</strong></span> <span class='ocrx_word' id='word_1_300' title='bbox 782 3983 941 4039; x_wconf 85' lang='lat' dir='ltr'><strong>ﬁnem</strong></span> <span class='ocrx_word' id='word_1_301' title='bbox 978 3983 1232 4054; x_wconf 85' lang='lat' dir='ltr'><strong>imponit,</strong></span> <span class='ocrx_word' id='word_1_302' title='bbox 1283 3981 1540 4052; x_wconf 91' lang='lat' dir='ltr'><strong>pollicens</strong></span> <span class='ocrx_word' id='word_1_303' title='bbox 1584 3981 1754 4051; x_wconf 90' lang='lat' dir='ltr'><strong>plebi,</strong></span> <span class='ocrx_word' id='word_1_304' title='bbox 1805 3981 1872 4036; x_wconf 90' lang='lat' dir='ltr'><strong>ad</strong></span> <span class='ocrx_word' id='word_1_305' title='bbox 1913 3996 2032 4037; x_wconf 89' lang='lat' dir='ltr'><strong>eam</strong></span> <span class='ocrx_word' id='word_1_306' title='bbox 2066 3997 2127 4038; x_wconf 90' lang='lat' dir='ltr'><strong>se</strong></span> 
     </span>
    </p>
   </div>
   <div class='ocr_carea' id='block_1_41' title="bbox 541 4071 2125 4146">
    <p class='ocr_par' dir='ltr' id='par_1_41' title="bbox 541 4071 2125 4146">
     <span class='ocr_line' id='line_1_41' title="bbox 541 4071 2125 4146; baseline -0.002 -15"><span class='ocrx_word' id='word_1_307' title='bbox 541 4084 664 4146; x_wconf 91' lang='lat' dir='ltr'><strong>post</strong></span> <span class='ocrx_word' id='word_1_308' title='bbox 691 4074 1041 4146; x_wconf 88' lang='lat' dir='ltr'><strong>Epiphaniam</strong></span> <span class='ocrx_word' id='word_1_309' title='bbox 1088 4073 1408 4140; x_wconf 91' lang='lat' dir='ltr'><strong>relaturum,</strong></span> <span class='ocrx_word' id='word_1_310' title='bbox 1453 4071 1702 4142; x_wconf 91' lang='lat' dir='ltr'><strong>quidnam</strong></span> <span class='ocrx_word' id='word_1_311' title='bbox 1742 4072 1809 4127; x_wconf 91' lang='lat' dir='ltr'><strong>de</strong></span> <span class='ocrx_word' id='word_1_312' title='bbox 1835 4073 1944 4128; x_wconf 89' lang='lat' dir='ltr'><strong>suis</strong></span> <span class='ocrx_word' id='word_1_313' title='bbox 1970 4073 2125 4128; x_wconf 85' lang='lat' dir='ltr'><strong>cleri-</strong></span> 
     </span>
    </p>
   </div>
   <div class='ocr_carea' id='block_1_42' title="bbox 541 4158 2124 4238">
    <p class='ocr_par' dir='ltr' id='par_1_42' title="bbox 541 4158 2124 4238">
     <span class='ocr_line' id='line_1_42' title="bbox 541 4158 2124 4238; baseline -0.001 -16"><span class='ocrx_word' id='word_1_314' title='bbox 541 4169 653 4234; x_wconf 87' lang='lat' dir='ltr'><strong>cis,</strong></span> <span class='ocrx_word' id='word_1_315' title='bbox 691 4168 757 4223; x_wconf 86' lang='lat' dir='ltr'><strong>de</strong></span> <span class='ocrx_word' id='word_1_316' title='bbox 785 4182 1010 4238; x_wconf 89' lang='lat' dir='ltr'><strong>quorum</strong></span> <span class='ocrx_word' id='word_1_317' title='bbox 1027 4165 1293 4235; x_wconf 80' lang='lat' dir='ltr'><strong>.obsequio</strong></span> <span class='ocrx_word' id='word_1_318' title='bbox 1333 4164 1464 4220; x_wconf 88' lang='lat' dir='ltr'><strong>nihil</strong></span> <span class='ocrx_word' id='word_1_319' title='bbox 1489 4158 1594 4219; x_wconf 82' lang='lat' dir='ltr'><strong>non</strong></span> <span class='ocrx_word' id='word_1_320' title='bbox 1633 4166 1994 4235; x_wconf 79' lang='lat' dir='ltr'><strong>exspectabat,</strong></span> <span class='ocrx_word' id='word_1_321' title='bbox 2018 4176 2124 4222; x_wconf 83' lang='lat' dir='ltr'><strong>sta-</strong></span> 
     </span>
    </p>
   </div>
   <div class='ocr_carea' id='block_1_43' title="bbox 542 4255 2124 4326">
    <p class='ocr_par' dir='ltr' id='par_1_43' title="bbox 542 4255 2124 4326">
     <span class='ocr_line' id='line_1_43' title="bbox 542 4255 2124 4326; baseline 0.002 -16"><span class='ocrx_word' id='word_1_322' title='bbox 542 4257 771 4323; x_wconf 88' lang='lat' dir='ltr'><strong>tuisset,</strong></span> <span class='ocrx_word' id='word_1_323' title='bbox 827 4257 1018 4326; x_wconf 89' lang='lat' dir='ltr'><strong>quidve</strong></span> <span class='ocrx_word' id='word_1_324' title='bbox 1065 4255 1132 4310; x_wconf 91' lang='lat' dir='ltr'><strong>de</strong></span> <span class='ocrx_word' id='word_1_325' title='bbox 1175 4255 1409 4310; x_wconf 85' lang='lat' dir='ltr'><strong>Januarii</strong></span> <span class='ocrx_word' id='word_1_326' title='bbox 1454 4255 1670 4322; x_wconf 90' lang='lat' dir='ltr'><strong>liberis,</strong></span> <span class='ocrx_word' id='word_1_327' title='bbox 1713 4256 1904 4326; x_wconf 88' lang='lat' dir='ltr'><strong>quibus</strong></span> <span class='ocrx_word' id='word_1_328' title='bbox 1941 4256 2124 4313; x_wconf 81' lang='lat' dir='ltr'><strong>infelix</strong></span> 
     </span>
    </p>
   </div>
   <div class='ocr_carea' id='block_1_44' title="bbox 546 4344 2127 4417">
    <p class='ocr_par' dir='ltr' id='par_1_44' title="bbox 546 4344 2127 4417">
     <span class='ocr_line' id='line_1_44' title="bbox 546 4344 2127 4417; baseline 0 -17"><span class='ocrx_word' id='word_1_329' title='bbox 546 4360 741 4417; x_wconf 86' lang='lat' dir='ltr'><strong>parens</strong></span> <span class='ocrx_word' id='word_1_330' title='bbox 770 4354 963 4416; x_wconf 66' lang='lat' dir='ltr'><strong>prteter</strong></span> <span class='ocrx_word' id='word_1_331' title='bbox 990 4345 1092 4399; x_wconf 91' lang='lat' dir='ltr'><strong>alia</strong></span> <span class='ocrx_word' id='word_1_332' title='bbox 1113 4344 1249 4398; x_wconf 87' lang='lat' dir='ltr'><strong>mala</strong></span> <span class='ocrx_word' id='word_1_333' title='bbox 1275 4345 1436 4399; x_wconf 90' lang='lat' dir='ltr'><strong>etiam</strong></span> <span class='ocrx_word' id='word_1_334' title='bbox 1463 4344 1609 4400; x_wconf 90' lang='lat' dir='ltr'><strong>litem</strong></span> <span class='ocrx_word' id='word_1_335' title='bbox 1632 4345 1935 4414; x_wconf 90' lang='lat' dir='ltr'><strong>reliquerat.</strong></span> <span class='ocrx_word' id='word_1_336' title='bbox 1963 4345 2127 4402; x_wconf 90' lang='lat' dir='ltr'><strong>Soror</strong></span> 
     </span>
    </p>
   </div>
   <div class='ocr_carea' id='block_1_45' title="bbox 543 4439 2122 4512">
    <p class='ocr_par' dir='ltr' id='par_1_45' title="bbox 543 4439 2122 4512">
     <span class='ocr_line' id='line_1_45' title="bbox 543 4439 2122 4512; baseline 0 -16"><span class='ocrx_word' id='word_1_337' title='bbox 543 4443 687 4497; x_wconf 91' lang='lat' dir='ltr'><strong>enim</strong></span> <span class='ocrx_word' id='word_1_338' title='bbox 717 4457 746 4497; x_wconf 91' lang='lat' dir='ltr'><strong>a</strong></span> <span class='ocrx_word' id='word_1_339' title='bbox 779 4451 928 4512; x_wconf 85' lang='lat' dir='ltr'><strong>patre</strong></span> <span class='ocrx_word' id='word_1_340' title='bbox 965 4439 1218 4512; x_wconf 90' lang='lat' dir='ltr'><strong>quidquid</strong></span> <span class='ocrx_word' id='word_1_341' title='bbox 1244 4439 1418 4495; x_wconf 89' lang='lat' dir='ltr'><strong>fuerat</strong></span> <span class='ocrx_word' id='word_1_342' title='bbox 1455 4439 1696 4494; x_wconf 90' lang='lat' dir='ltr'><strong>relictum</strong></span> <span class='ocrx_word' id='word_1_343' title='bbox 1718 4479 1734 4506; x_wconf 90' lang='lat'><strong>,</strong></span> <span class='ocrx_word' id='word_1_344' title='bbox 1780 4453 1934 4494; x_wconf 92' lang='lat' dir='ltr'><strong>suum</strong></span> <span class='ocrx_word' id='word_1_345' title='bbox 1973 4455 2122 4506; x_wconf 88' lang='lat' dir='ltr'><strong>esse,</strong></span> 
     </span>
    </p>
   </div>
   <div class='ocr_carea' id='block_1_46' title="bbox 544 4529 2128 4604">
    <p class='ocr_par' dir='ltr' id='par_1_46' title="bbox 544 4529 2128 4604">
     <span class='ocr_line' id='line_1_46' title="bbox 544 4529 2128 4604; baseline -0.002 -16"><span class='ocrx_word' id='word_1_346' title='bbox 544 4541 702 4604; x_wconf 90' lang='lat' dir='ltr'><strong>prout</strong></span> <span class='ocrx_word' id='word_1_347' title='bbox 718 4534 942 4602; x_wconf 88' lang='lat' dir='ltr'><strong>ipsemet</strong></span> <span class='ocrx_word' id='word_1_348' title='bbox 958 4541 1063 4587; x_wconf 91' lang='lat' dir='ltr'><strong>tam</strong></span> <span class='ocrx_word' id='word_1_349' title='bbox 1085 4546 1226 4602; x_wconf 71' lang='lat' dir='ltr'><strong>saepe</strong></span> <span class='ocrx_word' id='word_1_350' title='bbox 1242 4531 1617 4597; x_wconf 81' lang='lat' dir='ltr'><strong>aﬂirmaverat,</strong></span> <span class='ocrx_word' id='word_1_351' title='bbox 1631 4530 1985 4586; x_wconf 88' lang='lat' dir='ltr'><strong>contendebat</strong></span> <span class='ocrx_word' id='word_1_352' title='bbox 1999 4546 2013 4596; x_wconf 96' lang='lat'><strong>;</strong></span> <span class='ocrx_word' id='word_1_353' title='bbox 2028 4529 2128 4586; x_wconf 85' lang='lat' dir='ltr'><strong>fra-</strong></span> 
     </span>
    </p>
   </div>
   <div class='ocr_carea' id='block_1_47' title="bbox 550 4621 2126 4693">
    <p class='ocr_par' dir='ltr' id='par_1_47' title="bbox 550 4621 2126 4693">
     <span class='ocr_line' id='line_1_47' title="bbox 550 4621 2126 4693; baseline -0.001 -14"><span class='ocrx_word' id='word_1_354' title='bbox 550 4634 632 4680; x_wconf 90' lang='lat' dir='ltr'><strong>ter</strong></span> <span class='ocrx_word' id='word_1_355' title='bbox 659 4639 783 4681; x_wconf 84' lang='lat' dir='ltr'><strong>vero</strong></span> <span class='ocrx_word' id='word_1_356' title='bbox 802 4624 1067 4680; x_wconf 84' lang='lat' dir='ltr'><strong>nitebatur</strong></span> <span class='ocrx_word' id='word_1_357' title='bbox 1085 4630 1404 4679; x_wconf 85' lang='lat' dir='ltr'><strong>testamento</strong></span> <span class='ocrx_word' id='word_1_358' title='bbox 1426 4621 1610 4692; x_wconf 89' lang='lat' dir='ltr'><strong>patris,</strong></span> <span class='ocrx_word' id='word_1_359' title='bbox 1629 4622 1719 4692; x_wconf 89' lang='lat' dir='ltr'><strong>qui</strong></span> <span class='ocrx_word' id='word_1_360' title='bbox 1746 4621 1813 4677; x_wconf 92' lang='lat' dir='ltr'><strong>de</strong></span> <span class='ocrx_word' id='word_1_361' title='bbox 1841 4621 1938 4678; x_wconf 89' lang='lat' dir='ltr'><strong>hac</strong></span> <span class='ocrx_word' id='word_1_362' title='bbox 1965 4637 2126 4693; x_wconf 82' lang='lat' dir='ltr'><strong>pecu-</strong></span> 
     </span>
    </p>
   </div>
   <div class='ocr_carea' id='block_1_48' title="bbox 553 4713 2128 4785">
    <p class='ocr_par' dir='ltr' id='par_1_48' title="bbox 553 4713 2128 4785">
     <span class='ocr_line' id='line_1_48' title="bbox 553 4713 2128 4785; baseline 0.001 -18"><span class='ocrx_word' id='word_1_363' title='bbox 553 4715 638 4767; x_wconf 90' lang='lat' dir='ltr'><strong>nia</strong></span> <span class='ocrx_word' id='word_1_364' title='bbox 655 4723 901 4784; x_wconf 88' lang='lat' dir='ltr'><strong>tanquam</strong></span> <span class='ocrx_word' id='word_1_365' title='bbox 929 4715 996 4770; x_wconf 90' lang='lat' dir='ltr'><strong>de</strong></span> <span class='ocrx_word' id='word_1_366' title='bbox 1025 4715 1267 4785; x_wconf 87' lang='lat' dir='ltr'><strong>pr0pria,</strong></span> <span class='ocrx_word' id='word_1_367' title='bbox 1292 4728 1397 4768; x_wconf 91' lang='lat' dir='ltr'><strong>non</strong></span> <span class='ocrx_word' id='word_1_368' title='bbox 1428 4721 1602 4768; x_wconf 90' lang='lat' dir='ltr'><strong>autem</strong></span> <span class='ocrx_word' id='word_1_369' title='bbox 1633 4720 1883 4783; x_wconf 86' lang='lat' dir='ltr'><strong>tanquam</strong></span> <span class='ocrx_word' id='word_1_370' title='bbox 1910 4713 1976 4768; x_wconf 93' lang='lat' dir='ltr'><strong>de</strong></span> <span class='ocrx_word' id='word_1_371' title='bbox 2007 4714 2128 4769; x_wconf 79' lang='lat' dir='ltr'><strong>tiliae</strong></span> 
     </span>
    </p>
   </div>
   <div class='ocr_carea' id='block_1_49' title="bbox 553 4805 2127 4876">
    <p class='ocr_par' dir='ltr' id='par_1_49' title="bbox 553 4805 2127 4876">
     <span class='ocr_line' id='line_1_49' title="bbox 553 4805 2127 4876; baseline 0.001 -17"><span class='ocrx_word' id='word_1_372' title='bbox 553 4805 817 4874; x_wconf 89' lang='lat' dir='ltr'><strong>deposito,</strong></span> <span class='ocrx_word' id='word_1_373' title='bbox 836 4805 962 4876; x_wconf 88' lang='lat' dir='ltr'><strong>quid</strong></span> <span class='ocrx_word' id='word_1_374' title='bbox 979 4805 1092 4861; x_wconf 82' lang='lat' dir='ltr'><strong>ﬁeri</strong></span> <span class='ocrx_word' id='word_1_375' title='bbox 1109 4806 1270 4860; x_wconf 90' lang='lat' dir='ltr'><strong>vellet</strong></span> <span class='ocrx_word' id='word_1_376' title='bbox 1283 4805 1644 4860; x_wconf 88' lang='lat' dir='ltr'><strong>mandaverat.</strong></span> <span class='ocrx_word' id='word_1_377' title='bbox 1665 4805 1906 4861; x_wconf 87' lang='lat' dir='ltr'><strong>Decrevit</strong></span> <span class='ocrx_word' id='word_1_378' title='bbox 1915 4815 2127 4861; x_wconf 87' lang='lat' dir='ltr'><strong>sanctus</strong></span> 
     </span>
    </p>
   </div>
   <div class='ocr_carea' id='block_1_50' title="bbox 549 4894 2129 4967">
    <p class='ocr_par' dir='ltr' id='par_1_50' title="bbox 549 4894 2129 4967">
     <span class='ocr_line' id='line_1_50' title="bbox 549 4894 2129 4967; baseline 0.002 -19"><span class='ocrx_word' id='word_1_379' title='bbox 549 4894 752 4948; x_wconf 67' lang='lat' dir='ltr'><strong>Praesul</strong></span> <span class='ocrx_word' id='word_1_380' title='bbox 784 4896 934 4967; x_wconf 88' lang='lat' dir='ltr'><strong>quasi</strong></span> <span class='ocrx_word' id='word_1_381' title='bbox 973 4895 1272 4949; x_wconf 90' lang='lat' dir='ltr'><strong>communis</strong></span> <span class='ocrx_word' id='word_1_382' title='bbox 1309 4909 1502 4964; x_wconf 89' lang='lat' dir='ltr'><strong>parens</strong></span> <span class='ocrx_word' id='word_1_383' title='bbox 1535 4896 1951 4950; x_wconf 90' lang='lat' dir='ltr'><strong>controversiam</strong></span> <span class='ocrx_word' id='word_1_384' title='bbox 1993 4895 2129 4952; x_wconf 91' lang='lat' dir='ltr'><strong>hanc</strong></span> 
     </span>
    </p>
   </div>
   <div class='ocr_carea' id='block_1_51' title="bbox 549 4983 2126 5055">
    <p class='ocr_par' dir='ltr' id='par_1_51' title="bbox 549 4983 2126 5055">
     <span class='ocr_line' id='line_1_51' title="bbox 549 4983 2126 5055; baseline 0.003 -16"><span class='ocrx_word' id='word_1_385' title='bbox 549 4983 800 5039; x_wconf 90' lang='lat' dir='ltr'><strong>dirimere</strong></span> <span class='ocrx_word' id='word_1_386' title='bbox 819 5025 832 5049; x_wconf 93' lang='lat'><strong>,</strong></span> <span class='ocrx_word' id='word_1_387' title='bbox 865 4999 927 5039; x_wconf 89' lang='lat' dir='ltr'><strong>ac</strong></span> <span class='ocrx_word' id='word_1_388' title='bbox 951 4984 1172 5054; x_wconf 90' lang='lat' dir='ltr'><strong>probum</strong></span> <span class='ocrx_word' id='word_1_389' title='bbox 1197 4986 1423 5055; x_wconf 90' lang='lat' dir='ltr'><strong>aliquem</strong></span> <span class='ocrx_word' id='word_1_390' title='bbox 1448 4986 1621 5041; x_wconf 91' lang='lat' dir='ltr'><strong>virum</strong></span> <span class='ocrx_word' id='word_1_391' title='bbox 1647 5001 1922 5043; x_wconf 89' lang='lat' dir='ltr'><strong>assumere</strong></span> <span class='ocrx_word' id='word_1_392' title='bbox 1948 5003 2126 5043; x_wconf 88' lang='lat' dir='ltr'><strong>secum</strong></span> 
     </span>
    </p>
   </div>
   <div class='ocr_carea' id='block_1_52' title="bbox 548 5073 2129 5145">
    <p class='ocr_par' dir='ltr' id='par_1_52' title="bbox 548 5073 2129 5145">
     <span class='ocr_line' id='line_1_52' title="bbox 548 5073 2129 5145; baseline 0.003 -15"><span class='ocrx_word' id='word_1_393' title='bbox 548 5091 618 5130; x_wconf 87' lang='lat' dir='ltr'><strong>ex</strong></span> <span class='ocrx_word' id='word_1_394' title='bbox 645 5074 792 5129; x_wconf 90' lang='lat' dir='ltr'><strong>laicis</strong></span> <span class='ocrx_word' id='word_1_395' title='bbox 810 5115 825 5136; x_wconf 86' lang='lat'><strong>,</strong></span> <span class='ocrx_word' id='word_1_396' title='bbox 850 5082 909 5129; x_wconf 90' lang='lat' dir='ltr'><strong>ut</strong></span> <span class='ocrx_word' id='word_1_397' title='bbox 935 5073 1076 5128; x_wconf 90' lang='lat' dir='ltr'><strong>illam</strong></span> <span class='ocrx_word' id='word_1_398' title='bbox 1108 5075 1397 5130; x_wconf 87' lang='lat' dir='ltr'><strong>secundum</strong></span> <span class='ocrx_word' id='word_1_399' title='bbox 1426 5076 1688 5145; x_wconf 64' lang='lat' dir='ltr'><strong>aequitatis</strong></span> <span class='ocrx_word' id='word_1_400' title='bbox 1713 5093 1950 5132; x_wconf 85' lang='lat' dir='ltr'><strong>normam</strong></span> <span class='ocrx_word' id='word_1_401' title='bbox 1973 5079 2129 5135; x_wconf 90' lang='lat' dir='ltr'><strong>simul</strong></span> 
     </span>
    </p>
   </div>
   <div class='ocr_carea' id='block_1_53' title="bbox 556 5165 2128 5238">
    <p class='ocr_par' dir='ltr' id='par_1_53' title="bbox 556 5165 2128 5238">
     <span class='ocr_line' id='line_1_53' title="bbox 556 5165 2128 5238; baseline 0.003 -17"><span class='ocrx_word' id='word_1_402' title='bbox 556 5165 907 5236; x_wconf 70' lang='lat' dir='ltr'><strong>dﬁudicarent</strong></span> <span class='ocrx_word' id='word_1_403' title='bbox 937 5165 1128 5236; x_wconf 88' lang='lat' dir='ltr'><strong>(Serm.</strong></span> <span class='ocrx_word' id='word_1_404' title='bbox 1162 5166 1287 5230; x_wconf 73' lang='lat'><strong>355,</strong></span> <span class='ocrx_word' id='word_1_405' title='bbox 1316 5183 1368 5220; x_wconf 79' lang='grc' dir='ltr'><strong>η.</strong></span> <span class='ocrx_word' id='word_1_406' title='bbox 1393 5165 1470 5238; x_wconf 77' lang='lat'><strong>5).</strong></span> <span class='ocrx_word' id='word_1_407' title='bbox 1502 5168 1570 5221; x_wconf 89' lang='lat' dir='ltr'><strong>At</strong></span> <span class='ocrx_word' id='word_1_408' title='bbox 1601 5182 1723 5222; x_wconf 89' lang='lat' dir='ltr'><strong>eum</strong></span> <span class='ocrx_word' id='word_1_409' title='bbox 1750 5169 1850 5238; x_wconf 91' lang='lat' dir='ltr'><strong>ipsi</strong></span> <span class='ocrx_word' id='word_1_410' title='bbox 1873 5169 2128 5226; x_wconf 82' lang='lat' dir='ltr'><strong>liberave-</strong></span> 
     </span>
    </p>
   </div>
   <div class='ocr_carea' id='block_1_54' title="bbox 554 5257 2130 5332">
    <p class='ocr_par' dir='ltr' id='par_1_54' title="bbox 554 5257 2130 5332">
     <span class='ocr_line' id='line_1_54' title="bbox 554 5257 2130 5332; baseline 0.003 -20"><span class='ocrx_word' id='word_1_411' title='bbox 554 5265 680 5312; x_wconf 84' lang='lat' dir='ltr'><strong>runt</strong></span> <span class='ocrx_word' id='word_1_412' title='bbox 701 5257 803 5312; x_wconf 93' lang='lat' dir='ltr'><strong>hoc</strong></span> <span class='ocrx_word' id='word_1_413' title='bbox 825 5257 1040 5311; x_wconf 90' lang='lat' dir='ltr'><strong>labore:</strong></span> <span class='ocrx_word' id='word_1_414' title='bbox 1068 5271 1181 5312; x_wconf 90' lang='lat' dir='ltr'><strong>rem</strong></span> <span class='ocrx_word' id='word_1_415' title='bbox 1207 5258 1377 5312; x_wconf 89' lang='lat' dir='ltr'><strong>amice</strong></span> <span class='ocrx_word' id='word_1_416' title='bbox 1400 5269 1831 5327; x_wconf 90' lang='lat' dir='ltr'><strong>composuerunt,</strong></span> <span class='ocrx_word' id='word_1_417' title='bbox 1860 5262 2130 5332; x_wconf 91' lang='lat' dir='ltr'><strong>secutique</strong></span> 
     </span>
    </p>
   </div>
   <div class='ocr_carea' id='block_1_55' title="bbox 555 5346 2181 5420">
    <p class='ocr_par' dir='ltr' id='par_1_55' title="bbox 555 5346 2181 5420">
     <span class='ocr_line' id='line_1_55' title="bbox 555 5346 2181 5420; baseline 0.001 -16"><span class='ocrx_word' id='word_1_418' title='bbox 555 5357 679 5404; x_wconf 88' lang='lat' dir='ltr'><strong>sunt</strong></span> <span class='ocrx_word' id='word_1_419' title='bbox 706 5347 983 5403; x_wconf 87' lang='lat' dir='ltr'><strong>consilium</strong></span> <span class='ocrx_word' id='word_1_420' title='bbox 1009 5346 1147 5401; x_wconf 88' lang='lat' dir='ltr'><strong>beati</strong></span> <span class='ocrx_word' id='word_1_421' title='bbox 1177 5346 1324 5411; x_wconf 77' lang='lat' dir='ltr'><strong>Viri,</strong></span> <span class='ocrx_word' id='word_1_422' title='bbox 1356 5356 1413 5401; x_wconf 92' lang='lat' dir='ltr'><strong>ut</strong></span> <span class='ocrx_word' id='word_1_423' title='bbox 1441 5347 1579 5403; x_wconf 90' lang='lat' dir='ltr'><strong>inter</strong></span> <span class='ocrx_word' id='word_1_424' title='bbox 1612 5362 1672 5403; x_wconf 89' lang='lat' dir='ltr'><strong>se</strong></span> <span class='ocrx_word' id='word_1_425' title='bbox 1710 5350 1984 5418; x_wconf 80' lang='lat' dir='ltr'><strong>pecuniam</strong></span> <span class='ocrx_word' id='word_1_426' title='bbox 2012 5366 2133 5420; x_wconf 86' lang='lat' dir='ltr'><strong>par-</strong></span> <span class='ocrx_word' id='word_1_427' title='bbox 2177 5357 2181 5362; x_wconf 81' lang='lat'><strong><em>‘</em></strong></span> 
     </span>
    </p>
   </div>
   <div class='ocr_carea' id='block_1_56' title="bbox 554 5436 2131 5512">
    <p class='ocr_par' dir='ltr' id='par_1_56' title="bbox 554 5436 2131 5512">
     <span class='ocr_line' id='line_1_56' title="bbox 554 5436 2131 5512; baseline 0 -16"><span class='ocrx_word' id='word_1_428' title='bbox 554 5442 815 5504; x_wconf 88' lang='lat' dir='ltr'><strong>tirentur,</strong></span> <span class='ocrx_word' id='word_1_429' title='bbox 840 5437 1111 5494; x_wconf 88' lang='lat' dir='ltr'><strong>suadentis</strong></span> <span class='ocrx_word' id='word_1_430' title='bbox 1133 5437 1326 5512; x_wconf 87' lang='lat' dir='ltr'><strong>(Serm.</strong></span> <span class='ocrx_word' id='word_1_431' title='bbox 1373 5437 1511 5504; x_wconf 75' lang='lat'><strong>356,</strong></span> <span class='ocrx_word' id='word_1_432' title='bbox 1557 5455 1611 5492; x_wconf 83' lang='grc' dir='ltr'><strong>η.</strong></span> <span class='ocrx_word' id='word_1_433' title='bbox 1653 5436 1765 5512; x_wconf 80' lang='grc' dir='ltr'><strong>Η).</strong></span> <span class='ocrx_word' id='word_1_434' title='bbox 1796 5438 1975 5509; x_wconf 86' lang='lat' dir='ltr'><strong>Neque</strong></span> <span class='ocrx_word' id='word_1_435' title='bbox 2000 5456 2131 5496; x_wconf 89' lang='lat' dir='ltr'><strong>vero</strong></span> 
     </span>
    </p>
   </div>
   <div class='ocr_carea' id='block_1_57' title="bbox 557 5529 2132 5604">
    <p class='ocr_par' dir='ltr' id='par_1_57' title="bbox 557 5529 2132 5604">
     <span class='ocr_line' id='line_1_57' title="bbox 557 5529 2132 5604; baseline 0.001 -17"><span class='ocrx_word' id='word_1_436' title='bbox 557 5533 677 5603; x_wconf 89' lang='lat' dir='ltr'><strong>plus</strong></span> <span class='ocrx_word' id='word_1_437' title='bbox 699 5529 897 5604; x_wconf 84' lang='lat' dir='ltr'><strong>negotii</strong></span> <span class='ocrx_word' id='word_1_438' title='bbox 921 5530 1094 5586; x_wconf 89' lang='lat' dir='ltr'><strong>eidem</strong></span> <span class='ocrx_word' id='word_1_439' title='bbox 1123 5529 1440 5586; x_wconf 88' lang='lat' dir='ltr'><strong>facessivere</strong></span> <span class='ocrx_word' id='word_1_440' title='bbox 1466 5529 1549 5585; x_wconf 89' lang='lat' dir='ltr'><strong>sui</strong></span> <span class='ocrx_word' id='word_1_441' title='bbox 1573 5529 1786 5598; x_wconf 92' lang='lat' dir='ltr'><strong>clerici;</strong></span> <span class='ocrx_word' id='word_1_442' title='bbox 1821 5529 1916 5586; x_wconf 90' lang='lat' dir='ltr'><strong>sed</strong></span> <span class='ocrx_word' id='word_1_443' title='bbox 1946 5546 2132 5589; x_wconf 91' lang='lat' dir='ltr'><strong>omnes</strong></span> 
     </span>
    </p>
   </div>
   <div class='ocr_carea' id='block_1_58' title="bbox 555 5623 2132 5697">
    <p class='ocr_par' dir='ltr' id='par_1_58' title="bbox 555 5623 2132 5697">
     <span class='ocr_line' id='line_1_58' title="bbox 555 5623 2132 5697; baseline 0.001 -17"><span class='ocrx_word' id='word_1_444' title='bbox 555 5627 648 5681; x_wconf 91' lang='lat' dir='ltr'><strong>ille</strong></span> <span class='ocrx_word' id='word_1_445' title='bbox 671 5626 1044 5696; x_wconf 84' lang='lat' dir='ltr'><strong>presbyteros,</strong></span> <span class='ocrx_word' id='word_1_446' title='bbox 1087 5623 1372 5690; x_wconf 89' lang='lat' dir='ltr'><strong>diaconos,</strong></span> <span class='ocrx_word' id='word_1_447' title='bbox 1413 5623 1798 5691; x_wconf 90' lang='lat' dir='ltr'><strong>subdiaconos,</strong></span> <span class='ocrx_word' id='word_1_448' title='bbox 1837 5624 2132 5697; x_wconf 86' lang='lat' dir='ltr'><strong>horumque</strong></span> 
     </span>
    </p>
   </div>
   <div class='ocr_carea' id='block_1_59' title="bbox 557 5714 2132 5786">
    <p class='ocr_par' dir='ltr' id='par_1_59' title="bbox 557 5714 2132 5786">
     <span class='ocr_line' id='line_1_59' title="bbox 557 5714 2132 5786; baseline 0.001 -15"><span class='ocrx_word' id='word_1_449' title='bbox 557 5729 622 5771; x_wconf 84' lang='lat' dir='ltr'><strong>ex</strong></span> <span class='ocrx_word' id='word_1_450' title='bbox 656 5715 844 5771; x_wconf 87' lang='lat' dir='ltr'><strong>ordine</strong></span> <span class='ocrx_word' id='word_1_451' title='bbox 877 5714 1161 5770; x_wconf 87' lang='lat' dir='ltr'><strong>Patricium</strong></span> <span class='ocrx_word' id='word_1_452' title='bbox 1200 5722 1447 5785; x_wconf 89' lang='lat' dir='ltr'><strong>nepotem</strong></span> <span class='ocrx_word' id='word_1_453' title='bbox 1485 5729 1669 5782; x_wconf 89' lang='lat' dir='ltr'><strong>suum,</strong></span> <span class='ocrx_word' id='word_1_454' title='bbox 1705 5715 1890 5786; x_wconf 89' lang='lat' dir='ltr'><strong>quales</strong></span> <span class='ocrx_word' id='word_1_455' title='bbox 1922 5715 2132 5773; x_wconf 88' lang='lat' dir='ltr'><strong>volebat</strong></span> 
     </span>
    </p>
   </div>
   <div class='ocr_carea' id='block_1_60' title="bbox 560 5807 2131 5877">
    <p class='ocr_par' dir='ltr' id='par_1_60' title="bbox 560 5807 2131 5877">
     <span class='ocr_line' id='line_1_60' title="bbox 560 5807 2131 5877; baseline 0.002 -14"><span class='ocrx_word' id='word_1_456' title='bbox 560 5808 777 5877; x_wconf 87' lang='lat' dir='ltr'><strong>reperit,</strong></span> <span class='ocrx_word' id='word_1_457' title='bbox 805 5807 905 5863; x_wconf 90' lang='lat' dir='ltr'><strong>hoc</strong></span> <span class='ocrx_word' id='word_1_458' title='bbox 929 5817 1027 5872; x_wconf 82' lang='lat' dir='ltr'><strong>est,</strong></span> <span class='ocrx_word' id='word_1_459' title='bbox 1054 5823 1237 5866; x_wconf 90' lang='lat' dir='ltr'><strong>eorum</strong></span> <span class='ocrx_word' id='word_1_460' title='bbox 1262 5808 1526 5865; x_wconf 88' lang='lat' dir='ltr'><strong>neminem</strong></span> <span class='ocrx_word' id='word_1_461' title='bbox 1549 5822 1652 5864; x_wconf 88' lang='lat' dir='ltr'><strong>non</strong></span> <span class='ocrx_word' id='word_1_462' title='bbox 1674 5809 1848 5864; x_wconf 92' lang='lat' dir='ltr'><strong>animo</strong></span> <span class='ocrx_word' id='word_1_463' title='bbox 1868 5818 1919 5864; x_wconf 88' lang='lat' dir='ltr'><strong>et</strong></span> <span class='ocrx_word' id='word_1_464' title='bbox 1947 5809 2131 5866; x_wconf 86' lang='lat' dir='ltr'><strong>volun-</strong></span> 
     </span>
    </p>
   </div>
   <div class='ocr_carea' id='block_1_61' title="bbox 1687 396 3735 475">
    <p class='ocr_par' dir='ltr' id='par_1_61' title="bbox 1687 396 3735 475">
     <span class='ocr_line' id='line_1_61' title="bbox 1687 396 3735 475; baseline 0.003 -19"><span class='ocrx_word' id='word_1_465' title='bbox 1687 400 1860 456; x_wconf 82' lang='lat' dir='ltr'><strong>&#39;VITA</strong></span> <span class='ocrx_word' id='word_1_466' title='bbox 1899 400 1956 458; x_wconf 86' lang='lat' dir='ltr'><strong>S.</strong></span> <span class='ocrx_word' id='word_1_467' title='bbox 1998 396 2364 456; x_wconf 81' lang='lat' dir='ltr'><strong>AUGUSTINI</strong></span> <span class='ocrx_word' id='word_1_468' title='bbox 2402 397 2723 459; x_wconf 83' lang='lat' dir='ltr'><strong>EPISCOPI.</strong></span> <span class='ocrx_word' id='word_1_469' title='bbox 3656 414 3735 475; x_wconf 71' lang='lat'><strong>556</strong></span> 
     </span>
    </p>
   </div>
   <div class='ocr_carea' id='block_1_62' title="bbox 2227 513 3734 598">
    <p class='ocr_par' dir='ltr' id='par_1_62' title="bbox 2227 513 3734 598">
     <span class='ocr_line' id='line_1_62' title="bbox 2227 513 3734 598; baseline 0.01 -31"><span class='ocrx_word' id='word_1_470' title='bbox 2227 521 2334 568; x_wconf 91' lang='lat' dir='ltr'><strong>tate</strong></span> <span class='ocrx_word' id='word_1_471' title='bbox 2358 528 2644 585; x_wconf 91' lang='lat' dir='ltr'><strong>pauperem</strong></span> <span class='ocrx_word' id='word_1_472' title='bbox 2670 513 2828 589; x_wconf 83' lang='lat' dir='ltr'><strong>(Ibid.</strong></span> <span class='ocrx_word' id='word_1_473' title='bbox 2847 557 2864 583; x_wconf 91' lang='lat'><strong>,</strong></span> <span class='ocrx_word' id='word_1_474' title='bbox 2893 533 2947 571; x_wconf 79' lang='grc' dir='ltr'><strong>η.</strong></span> <span class='ocrx_word' id='word_1_475' title='bbox 2977 516 3054 590; x_wconf 81' lang='lat'><strong>‘5).</strong></span> <span class='ocrx_word' id='word_1_476' title='bbox 3078 517 3290 574; x_wconf 87' lang='lat' dir='ltr'><strong>Etenim</strong></span> <span class='ocrx_word' id='word_1_477' title='bbox 3318 520 3362 575; x_wconf 91' lang='lat' dir='ltr'><strong>si</strong></span> <span class='ocrx_word' id='word_1_478' title='bbox 3389 521 3502 592; x_wconf 83' lang='lat' dir='ltr'><strong>quis</strong></span> <span class='ocrx_word' id='word_1_479' title='bbox 3524 524 3734 598; x_wconf 76' lang='lat' dir='ltr'><strong>quidpiam</strong></span> 
     </span>
    </p>
   </div>
   <div class='ocr_carea' id='block_1_63' title="bbox 2225 607 3807 689">
    <p class='ocr_par' dir='ltr' id='par_1_63' title="bbox 2225 607 3807 689">
     <span class='ocr_line' id='line_1_63' title="bbox 2225 607 3807 689; baseline 0.009 -26"><span class='ocrx_word' id='word_1_480' title='bbox 2225 607 2423 665; x_wconf 86' lang='lat' dir='ltr'><strong>habere</strong></span> <span class='ocrx_word' id='word_1_481' title='bbox 2447 611 2883 680; x_wconf 87' lang='lat' dir='ltr'><strong>permittebatur,</strong></span> <span class='ocrx_word' id='word_1_482' title='bbox 2915 613 3041 669; x_wconf 89' lang='lat' dir='ltr'><strong>illud</strong></span> <span class='ocrx_word' id='word_1_483' title='bbox 3083 615 3332 686; x_wconf 86' lang='lat' dir='ltr'><strong>religiosa</strong></span> <span class='ocrx_word' id='word_1_484' title='bbox 3358 616 3536 689; x_wconf 85' lang='lat' dir='ltr'><strong>piaque</strong></span> <span class='ocrx_word' id='word_1_485' title='bbox 3555 627 3735 682; x_wconf 66' lang='lat' dir='ltr'><strong>necesa&#39;.</strong></span> <span class='ocrx_word' id='word_1_486' title='bbox 3806 611 3807 614; x_wconf 39' lang='grc'><em>“</em></span> 
     </span>
    </p>
   </div>
   <div class='ocr_carea' id='block_1_64' title="bbox 2224 701 3736 781">
    <p class='ocr_par' dir='ltr' id='par_1_64' title="bbox 2224 701 3736 781">
     <span class='ocr_line' id='line_1_64' title="bbox 2224 701 3736 781; baseline 0.009 -26"><span class='ocrx_word' id='word_1_487' title='bbox 2224 707 2335 756; x_wconf 89' lang='lat' dir='ltr'><strong>tate</strong></span> <span class='ocrx_word' id='word_1_488' title='bbox 2357 701 2653 770; x_wconf 88' lang='lat' dir='ltr'><strong>retinebat,</strong></span> <span class='ocrx_word' id='word_1_489' title='bbox 2691 703 2914 760; x_wconf 89' lang='lat' dir='ltr'><strong>aliorum</strong></span> <span class='ocrx_word' id='word_1_490' title='bbox 2952 719 3108 761; x_wconf 88' lang='lat' dir='ltr'><strong>causa</strong></span> <span class='ocrx_word' id='word_1_491' title='bbox 3129 746 3146 773; x_wconf 92' lang='lat'><strong>,</strong></span> <span class='ocrx_word' id='word_1_492' title='bbox 3186 719 3296 761; x_wconf 93' lang='lat' dir='ltr'><strong>non</strong></span> <span class='ocrx_word' id='word_1_493' title='bbox 3322 723 3417 763; x_wconf 87' lang='lat' dir='ltr'><strong>sua</strong></span> <span class='ocrx_word' id='word_1_494' title='bbox 3435 749 3450 772; x_wconf 95' lang='lat'><strong>,</strong></span> <span class='ocrx_word' id='word_1_495' title='bbox 3483 725 3634 781; x_wconf 88' lang='lat' dir='ltr'><strong>neque</strong></span> <span class='ocrx_word' id='word_1_496' title='bbox 3661 717 3736 775; x_wconf 72' lang='lat' dir='ltr'><strong>ulla</strong></span> 
     </span>
    </p>
   </div>
   <div class='ocr_carea' id='block_1_65' title="bbox 2222 789 3736 864">
    <p class='ocr_par' dir='ltr' id='par_1_65' title="bbox 2222 789 3736 864">
     <span class='ocr_line' id='line_1_65' title="bbox 2222 789 3736 864; baseline 0.011 -20"><span class='ocrx_word' id='word_1_497' title='bbox 2222 789 2277 844; x_wconf 92' lang='lat' dir='ltr'><strong>in</strong></span> <span class='ocrx_word' id='word_1_498' title='bbox 2304 791 2578 846; x_wconf 86' lang='lat' dir='ltr'><strong>avaritiam</strong></span> <span class='ocrx_word' id='word_1_499' title='bbox 2620 792 2997 864; x_wconf 89' lang='lat' dir='ltr'><strong>propensione.</strong></span> <span class='ocrx_word' id='word_1_500' title='bbox 3039 793 3301 861; x_wconf 87' lang='lat' dir='ltr'><strong>Quocirca</strong></span> <span class='ocrx_word' id='word_1_501' title='bbox 3339 811 3518 854; x_wconf 87' lang='lat' dir='ltr'><strong>omnes</strong></span> <span class='ocrx_word' id='word_1_502' title='bbox 3543 803 3736 863; x_wconf 78' lang='lat' dir='ltr'><strong>socialem</strong></span> 
     </span>
    </p>
   </div>
   <div class='ocr_carea' id='block_1_66' title="bbox 2223 879 3737 959">
    <p class='ocr_par' dir='ltr' id='par_1_66' title="bbox 2223 879 3737 959">
     <span class='ocr_line' id='line_1_66' title="bbox 2223 879 3737 959; baseline 0.011 -25"><span class='ocrx_word' id='word_1_503' title='bbox 2223 879 2290 935; x_wconf 91' lang='lat' dir='ltr'><strong>de</strong></span> <span class='ocrx_word' id='word_1_504' title='bbox 2310 881 2516 952; x_wconf 89' lang='lat' dir='ltr'><strong>integro</strong></span> <span class='ocrx_word' id='word_1_505' title='bbox 2543 881 2705 937; x_wconf 89' lang='lat' dir='ltr'><strong>vitam</strong></span> <span class='ocrx_word' id='word_1_506' title='bbox 2730 881 2960 952; x_wconf 86' lang='lat' dir='ltr'><strong>amplexi</strong></span> <span class='ocrx_word' id='word_1_507' title='bbox 2982 893 3131 949; x_wconf 91' lang='lat' dir='ltr'><strong>sunt,</strong></span> <span class='ocrx_word' id='word_1_508' title='bbox 3171 884 3390 956; x_wconf 66' lang='lat' dir='ltr'><strong>laetique</strong></span> <span class='ocrx_word' id='word_1_509' title='bbox 3413 902 3643 959; x_wconf 86' lang='lat' dir='ltr'><strong>excepere</strong></span> <span class='ocrx_word' id='word_1_510' title='bbox 3661 893 3737 951; x_wconf 72' lang='lat' dir='ltr'><strong>Viri</strong></span> 
     </span>
    </p>
   </div>
   <div class='ocr_carea' id='block_1_67' title="bbox 2223 971 3807 1054">
    <p class='ocr_par' dir='ltr' id='par_1_67' title="bbox 2223 971 3807 1054">
     <span class='ocr_line' id='line_1_67' title="bbox 2223 971 3807 1054; baseline 0.009 -29"><span class='ocrx_word' id='word_1_511' title='bbox 2223 971 2392 1027; x_wconf 91' lang='lat' dir='ltr'><strong>sancti</strong></span> <span class='ocrx_word' id='word_1_512' title='bbox 2417 972 2724 1042; x_wconf 87' lang='lat' dir='ltr'><strong>consilium,</strong></span> <span class='ocrx_word' id='word_1_513' title='bbox 2765 988 2873 1045; x_wconf 89' lang='lat' dir='ltr'><strong>quo</strong></span> <span class='ocrx_word' id='word_1_514' title='bbox 2895 989 2928 1030; x_wconf 91' lang='lat' dir='ltr'><strong>e</strong></span> <span class='ocrx_word' id='word_1_515' title='bbox 2953 975 3276 1032; x_wconf 73' lang='lat' dir='ltr'><strong>clerimrum</strong></span> <span class='ocrx_word' id='word_1_516' title='bbox 3311 977 3432 1033; x_wconf 90' lang='lat' dir='ltr'><strong>albo</strong></span> <span class='ocrx_word' id='word_1_517' title='bbox 3461 993 3625 1038; x_wconf 87' lang='lat' dir='ltr'><strong>omnes</strong></span> <span class='ocrx_word' id='word_1_518' title='bbox 3644 1000 3734 1054; x_wconf 81' lang='lat' dir='ltr'><strong>eos,</strong></span> <span class='ocrx_word' id='word_1_519' title='bbox 3761 1013 3763 1018; x_wconf 60' lang='grc' dir='ltr'><em>ι</em></span> <span class='ocrx_word' id='word_1_520' title='bbox 3806 1007 3807 1054; x_wconf 49' lang='grc' dir='ltr'>ξ</span> 
     </span>
    </p>
   </div>
   <div class='ocr_carea' id='block_1_68' title="bbox 2223 1062 3807 1145">
    <p class='ocr_par' dir='ltr' id='par_1_68' title="bbox 2223 1062 3807 1145">
     <span class='ocr_line' id='line_1_68' title="bbox 2223 1062 3807 1145; baseline 0.011 -28"><span class='ocrx_word' id='word_1_521' title='bbox 2223 1063 2315 1132; x_wconf 92' lang='lat' dir='ltr'><strong>qui</strong></span> <span class='ocrx_word' id='word_1_522' title='bbox 2377 1062 2630 1137; x_wconf 90' lang='lat' dir='ltr'><strong>deinceps</strong></span> <span class='ocrx_word' id='word_1_523' title='bbox 2654 1066 2926 1136; x_wconf 82' lang='lat' dir='ltr'><strong>pmprium</strong></span> <span class='ocrx_word' id='word_1_524' title='bbox 2982 1066 3182 1125; x_wconf 88' lang='lat' dir='ltr'><strong>habere</strong></span> <span class='ocrx_word' id='word_1_525' title='bbox 3244 1069 3736 1145; x_wconf 85' lang='lat' dir='ltr'><strong>deprehenderentur,</strong></span> 
     </span>
    </p>
   </div>
   <div class='ocr_carea' id='block_1_69' title="bbox 2225 1155 3340 1232">
    <p class='ocr_par' dir='ltr' id='par_1_69' title="bbox 2225 1155 3340 1232">
     <span class='ocr_line' id='line_1_69' title="bbox 2225 1155 3340 1232; baseline 0.007 -24"><span class='ocrx_word' id='word_1_526' title='bbox 2225 1168 2526 1224; x_wconf 86' lang='lat' dir='ltr'><strong>expungere</strong></span> <span class='ocrx_word' id='word_1_527' title='bbox 2550 1155 2896 1213; x_wconf 88' lang='lat' dir='ltr'><strong>constituerat</strong></span> <span class='ocrx_word' id='word_1_528' title='bbox 2925 1157 3110 1228; x_wconf 89' lang='lat' dir='ltr'><strong>(Ibid.,</strong></span> <span class='ocrx_word' id='word_1_529' title='bbox 3139 1177 3196 1214; x_wconf 85' lang='grc' dir='ltr'><strong>η.</strong></span> <span class='ocrx_word' id='word_1_530' title='bbox 3224 1159 3340 1232; x_wconf 74' lang='grc'><strong>14).</strong></span> 
     </span>
    </p>
   </div>
   <div class='ocr_carea' id='block_1_70' title="bbox 2293 1245 3731 1322">
    <p class='ocr_par' dir='ltr' id='par_1_70' title="bbox 2293 1245 3731 1322">
     <span class='ocr_line' id='line_1_70' title="bbox 2293 1245 3731 1322; baseline 0.01 -23"><span class='ocrx_word' id='word_1_531' title='bbox 2293 1247 2347 1300; x_wconf 79' lang='grc'><strong>4.</strong></span> <span class='ocrx_word' id='word_1_532' title='bbox 2389 1245 2677 1304; x_wconf 86' lang='lat' dir='ltr'><strong>Transacto</strong></span> <span class='ocrx_word' id='word_1_533' title='bbox 2721 1247 2880 1320; x_wconf 88' lang='lat' dir='ltr'><strong>igitur</strong></span> <span class='ocrx_word' id='word_1_534' title='bbox 2919 1249 3233 1322; x_wconf 69' lang='lat' dir='ltr'><strong>Epiphania:</strong></span> <span class='ocrx_word' id='word_1_535' title='bbox 3262 1251 3398 1307; x_wconf 83' lang='lat' dir='ltr'><strong>festo</strong></span> <span class='ocrx_word' id='word_1_536' title='bbox 3431 1264 3585 1322; x_wconf 85' lang='lat' dir='ltr'><strong>gratos</strong></span> <span class='ocrx_word' id='word_1_537' title='bbox 3613 1258 3731 1316; x_wconf 75' lang='lat' dir='ltr'><strong>hosce</strong></span> 
     </span>
    </p>
   </div>
   <div class='ocr_carea' id='block_1_71' title="bbox 2225 1337 3733 1417">
    <p class='ocr_par' dir='ltr' id='par_1_71' title="bbox 2225 1337 3733 1417">
     <span class='ocr_line' id='line_1_71' title="bbox 2225 1337 3733 1417; baseline 0.01 -27"><span class='ocrx_word' id='word_1_538' title='bbox 2225 1337 2441 1392; x_wconf 91' lang='lat' dir='ltr'><strong>nuntios</strong></span> <span class='ocrx_word' id='word_1_539' title='bbox 2457 1339 2670 1408; x_wconf 90' lang='lat' dir='ltr'><strong>populo,</strong></span> <span class='ocrx_word' id='word_1_540' title='bbox 2690 1339 3134 1410; x_wconf 88' lang='lat' dir='ltr'><strong>quemadmodum</strong></span> <span class='ocrx_word' id='word_1_541' title='bbox 3155 1350 3276 1396; x_wconf 90' lang='lat' dir='ltr'><strong>erat</strong></span> <span class='ocrx_word' id='word_1_542' title='bbox 3294 1343 3558 1413; x_wconf 90' lang='lat' dir='ltr'><strong>pollicitus,</strong></span> <span class='ocrx_word' id='word_1_543' title='bbox 3576 1350 3733 1417; x_wconf 89' lang='lat' dir='ltr'><strong>retulit;</strong></span> 
     </span>
    </p>
   </div>
   <div class='ocr_carea' id='block_1_72' title="bbox 2225 1428 3736 1502">
    <p class='ocr_par' dir='ltr' id='par_1_72' title="bbox 2225 1428 3736 1502">
     <span class='ocr_line' id='line_1_72' title="bbox 2225 1428 3736 1502; baseline 0.011 -22"><span class='ocrx_word' id='word_1_544' title='bbox 2225 1435 2284 1481; x_wconf 91' lang='lat' dir='ltr'><strong>ut</strong></span> <span class='ocrx_word' id='word_1_545' title='bbox 2317 1428 2564 1497; x_wconf 91' lang='lat' dir='ltr'><strong>quoniam</strong></span> <span class='ocrx_word' id='word_1_546' title='bbox 2605 1429 2830 1484; x_wconf 90' lang='lat' dir='ltr'><strong>aliorum</strong></span> <span class='ocrx_word' id='word_1_547' title='bbox 2858 1430 3072 1500; x_wconf 90' lang='lat' dir='ltr'><strong>quidem</strong></span> <span class='ocrx_word' id='word_1_548' title='bbox 3099 1431 3379 1502; x_wconf 89' lang='lat' dir='ltr'><strong>laudibus,</strong></span> <span class='ocrx_word' id='word_1_549' title='bbox 3425 1435 3612 1493; x_wconf 85' lang='lat' dir='ltr'><strong>aliorum</strong></span> <span class='ocrx_word' id='word_1_550' title='bbox 3639 1457 3736 1496; x_wconf 82' lang='lat' dir='ltr'><strong>vero</strong></span> 
     </span>
    </p>
   </div>
   <div class='ocr_carea' id='block_1_73' title="bbox 2224 1512 3734 1592">
    <p class='ocr_par' dir='ltr' id='par_1_73' title="bbox 2224 1512 3734 1592">
     <span class='ocr_line' id='line_1_73' title="bbox 2224 1512 3734 1592; baseline 0.01 -21"><span class='ocrx_word' id='word_1_551' title='bbox 2224 1515 2711 1587; x_wconf 87' lang='lat' dir='ltr'><strong>criminationibus,</strong></span> <span class='ocrx_word' id='word_1_552' title='bbox 2758 1535 2878 1589; x_wconf 61' lang='lat' dir='ltr'><strong>quae</strong></span> <span class='ocrx_word' id='word_1_553' title='bbox 2923 1535 3017 1576; x_wconf 87' lang='lat' dir='ltr'><strong>sua</strong></span> <span class='ocrx_word' id='word_1_554' title='bbox 3052 1521 3293 1577; x_wconf 90' lang='lat' dir='ltr'><strong>conditio</strong></span> <span class='ocrx_word' id='word_1_555' title='bbox 3335 1512 3472 1592; x_wconf 84' lang='lat' dir='ltr'><strong>erat,</strong></span> <span class='ocrx_word' id='word_1_556' title='bbox 3514 1526 3734 1588; x_wconf 75' lang='lat' dir='ltr'><strong>obnoxium</strong></span> 
     </span>
    </p>
   </div>
   <div class='ocr_carea' id='block_1_74' title="bbox 2225 1609 3733 1693">
    <p class='ocr_par' dir='ltr' id='par_1_74' title="bbox 2225 1609 3733 1693">
     <span class='ocr_line' id='line_1_74' title="bbox 2225 1609 3733 1693; baseline 0.009 -30"><span class='ocrx_word' id='word_1_557' title='bbox 2225 1623 2342 1664; x_wconf 92' lang='lat' dir='ltr'><strong>sese</strong></span> <span class='ocrx_word' id='word_1_558' title='bbox 2371 1609 2726 1681; x_wconf 88' lang='lat' dir='ltr'><strong>intelligebat;</strong></span> <span class='ocrx_word' id='word_1_559' title='bbox 2757 1612 2845 1682; x_wconf 92' lang='lat' dir='ltr'><strong>qui</strong></span> <span class='ocrx_word' id='word_1_560' title='bbox 2883 1628 2942 1669; x_wconf 92' lang='lat' dir='ltr'><strong>se</strong></span> <span class='ocrx_word' id='word_1_561' title='bbox 2966 1612 3290 1684; x_wconf 85' lang='lat' dir='ltr'><strong>diligebant,</strong></span> <span class='ocrx_word' id='word_1_562' title='bbox 3324 1617 3516 1686; x_wconf 89' lang='lat' dir='ltr'><strong>pudore</strong></span> <span class='ocrx_word' id='word_1_563' title='bbox 3543 1635 3629 1674; x_wconf 89' lang='lat' dir='ltr'><strong>non</strong></span> <span class='ocrx_word' id='word_1_564' title='bbox 3647 1639 3733 1693; x_wconf 83' lang='lat' dir='ltr'><strong>per-</strong></span> 
     </span>
    </p>
   </div>
   <div class='ocr_carea' id='block_1_75' title="bbox 2225 1700 3731 1774">
    <p class='ocr_par' dir='ltr' id='par_1_75' title="bbox 2225 1700 3731 1774">
     <span class='ocr_line' id='line_1_75' title="bbox 2225 1700 3731 1774; baseline 0.01 -20"><span class='ocrx_word' id='word_1_565' title='bbox 2225 1700 2573 1756; x_wconf 87' lang='lat' dir='ltr'><strong>funderentur</strong></span> <span class='ocrx_word' id='word_1_566' title='bbox 2601 1702 2668 1756; x_wconf 91' lang='lat' dir='ltr'><strong>ab</strong></span> <span class='ocrx_word' id='word_1_567' title='bbox 2696 1704 2775 1757; x_wconf 90' lang='lat' dir='ltr'><strong>eis</strong></span> <span class='ocrx_word' id='word_1_568' title='bbox 2795 1744 2808 1768; x_wconf 94' lang='lat'><strong>,</strong></span> <span class='ocrx_word' id='word_1_569' title='bbox 2839 1718 2869 1758; x_wconf 89' lang='lat' dir='ltr'><strong>a</strong></span> <span class='ocrx_word' id='word_1_570' title='bbox 2889 1704 3079 1774; x_wconf 84' lang='lat' dir='ltr'><strong>quibus</strong></span> <span class='ocrx_word' id='word_1_571' title='bbox 3114 1721 3224 1760; x_wconf 90' lang='lat' dir='ltr'><strong>non</strong></span> <span class='ocrx_word' id='word_1_572' title='bbox 3253 1708 3535 1764; x_wconf 84' lang='lat' dir='ltr'><strong>amabatur.</strong></span> <span class='ocrx_word' id='word_1_573' title='bbox 3559 1711 3731 1771; x_wconf 86' lang='lat' dir='ltr'><strong>Primum</strong></span> 
     </span>
    </p>
   </div>
   <div class='ocr_carea' id='block_1_76' title="bbox 2224 1791 3731 1868">
    <p class='ocr_par' dir='ltr' id='par_1_76' title="bbox 2224 1791 3731 1868">
     <span class='ocr_line' id='line_1_76' title="bbox 2224 1791 3731 1868; baseline 0.011 -23"><span class='ocrx_word' id='word_1_574' title='bbox 2224 1791 2400 1862; x_wconf 91' lang='lat' dir='ltr'><strong>itaque</strong></span> <span class='ocrx_word' id='word_1_575' title='bbox 2415 1792 2574 1862; x_wconf 90' lang='lat' dir='ltr'><strong>jussit</strong></span> <span class='ocrx_word' id='word_1_576' title='bbox 2593 1792 2853 1849; x_wconf 87' lang='lat' dir='ltr'><strong>Lazarum</strong></span> <span class='ocrx_word' id='word_1_577' title='bbox 2875 1794 3155 1851; x_wconf 90' lang='lat' dir='ltr'><strong>diaconum</strong></span> <span class='ocrx_word' id='word_1_578' title='bbox 3179 1813 3248 1853; x_wconf 90' lang='lat' dir='ltr'><strong>ex</strong></span> <span class='ocrx_word' id='word_1_579' title='bbox 3270 1798 3615 1868; x_wconf 83' lang='lat' dir='ltr'><strong>Apostolorum</strong></span> <span class='ocrx_word' id='word_1_580' title='bbox 3631 1806 3731 1861; x_wconf 75' lang='lat' dir='ltr'><strong>Actis</strong></span> 
     </span>
    </p>
   </div>
   <div class='ocr_carea' id='block_1_77' title="bbox 2224 1883 3728 1958">
    <p class='ocr_par' dir='ltr' id='par_1_77' title="bbox 2224 1883 3728 1958">
     <span class='ocr_line' id='line_1_77' title="bbox 2224 1883 3728 1958; baseline 0.009 -22"><span class='ocrx_word' id='word_1_581' title='bbox 2224 1883 2400 1937; x_wconf 90' lang='lat' dir='ltr'><strong>locum</strong></span> <span class='ocrx_word' id='word_1_582' title='bbox 2425 1898 2547 1938; x_wconf 91' lang='lat' dir='ltr'><strong>eum</strong></span> <span class='ocrx_word' id='word_1_583' title='bbox 2567 1925 2582 1951; x_wconf 94' lang='lat'><strong>,</strong></span> <span class='ocrx_word' id='word_1_584' title='bbox 2607 1884 2692 1938; x_wconf 91' lang='lat' dir='ltr'><strong>ubi</strong></span> <span class='ocrx_word' id='word_1_585' title='bbox 2721 1884 3038 1942; x_wconf 86' lang='lat' dir='ltr'><strong>describitur</strong></span> <span class='ocrx_word' id='word_1_586' title='bbox 3058 1889 3358 1958; x_wconf 91' lang='lat' dir='ltr'><strong>primorum</strong></span> <span class='ocrx_word' id='word_1_587' title='bbox 3387 1891 3728 1951; x_wconf 84' lang='lat' dir='ltr'><strong>Christianorum</strong></span> 
     </span>
    </p>
   </div>
   <div class='ocr_carea' id='block_1_78' title="bbox 2224 1973 3729 2055">
    <p class='ocr_par' dir='ltr' id='par_1_78' title="bbox 2224 1973 3729 2055">
     <span class='ocr_line' id='line_1_78' title="bbox 2224 1973 3729 2055; baseline 0.009 -28"><span class='ocrx_word' id='word_1_588' title='bbox 2224 1973 2348 2039; x_wconf 88' lang='lat' dir='ltr'><strong>vita,</strong></span> <span class='ocrx_word' id='word_1_589' title='bbox 2382 1973 2450 2028; x_wconf 92' lang='lat' dir='ltr'><strong>ad</strong></span> <span class='ocrx_word' id='word_1_590' title='bbox 2477 1989 2632 2045; x_wconf 90' lang='lat' dir='ltr'><strong>quam</strong></span> <span class='ocrx_word' id='word_1_591' title='bbox 2659 1976 2870 2046; x_wconf 93' lang='lat' dir='ltr'><strong>quidem</strong></span> <span class='ocrx_word' id='word_1_592' title='bbox 2896 1977 3027 2033; x_wconf 85' lang='lat' dir='ltr'><strong>cieri</strong></span> <span class='ocrx_word' id='word_1_593' title='bbox 3049 1980 3130 2034; x_wconf 91' lang='lat' dir='ltr'><strong>sui</strong></span> <span class='ocrx_word' id='word_1_594' title='bbox 3159 1995 3340 2035; x_wconf 88' lang='lat' dir='ltr'><strong>mores</strong></span> <span class='ocrx_word' id='word_1_595' title='bbox 3365 1981 3571 2054; x_wconf 82' lang='lat' dir='ltr'><strong>dirigere</strong></span> <span class='ocrx_word' id='word_1_596' title='bbox 3587 1987 3729 2055; x_wconf 78' lang='lat' dir='ltr'><strong>cogita-</strong></span> 
     </span>
    </p>
   </div>
   <div class='ocr_carea' id='block_1_79' title="bbox 2223 2066 3726 2146">
    <p class='ocr_par' dir='ltr' id='par_1_79' title="bbox 2223 2066 3726 2146">
     <span class='ocr_line' id='line_1_79' title="bbox 2223 2066 3726 2146; baseline 0.006 -24"><span class='ocrx_word' id='word_1_597' title='bbox 2223 2066 2334 2130; x_wconf 90' lang='lat' dir='ltr'><strong>bat,</strong></span> <span class='ocrx_word' id='word_1_598' title='bbox 2367 2067 2624 2132; x_wconf 89' lang='lat' dir='ltr'><strong>recitare;</strong></span> <span class='ocrx_word' id='word_1_599' title='bbox 2657 2082 2814 2137; x_wconf 91' lang='lat' dir='ltr'><strong>quem</strong></span> <span class='ocrx_word' id='word_1_600' title='bbox 2841 2067 3015 2123; x_wconf 92' lang='lat' dir='ltr'><strong>locum</strong></span> <span class='ocrx_word' id='word_1_601' title='bbox 3057 2070 3279 2141; x_wconf 90' lang='lat' dir='ltr'><strong>insuper</strong></span> <span class='ocrx_word' id='word_1_602' title='bbox 3308 2072 3419 2142; x_wconf 87' lang='lat' dir='ltr'><strong>ipse</strong></span> <span class='ocrx_word' id='word_1_603' title='bbox 3445 2089 3626 2145; x_wconf 90' lang='lat' dir='ltr'><strong>quoque</strong></span> <span class='ocrx_word' id='word_1_604' title='bbox 3645 2092 3726 2146; x_wconf 88' lang='lat' dir='ltr'><strong>pro-</strong></span> 
     </span>
    </p>
   </div>
   <div class='ocr_carea' id='block_1_80' title="bbox 2225 2157 3726 2230">
    <p class='ocr_par' dir='ltr' id='par_1_80' title="bbox 2225 2157 3726 2230">
     <span class='ocr_line' id='line_1_80' title="bbox 2225 2157 3726 2230; baseline 0.007 -18"><span class='ocrx_word' id='word_1_605' title='bbox 2225 2157 2500 2212; x_wconf 90' lang='lat' dir='ltr'><strong>nuntiavit.</strong></span> <span class='ocrx_word' id='word_1_606' title='bbox 2554 2158 2756 2214; x_wconf 85' lang='lat' dir='ltr'><strong>Deinde</strong></span> <span class='ocrx_word' id='word_1_607' title='bbox 2800 2159 3118 2215; x_wconf 90' lang='lat' dir='ltr'><strong>clericorum</strong></span> <span class='ocrx_word' id='word_1_608' title='bbox 3166 2177 3387 2218; x_wconf 90' lang='lat' dir='ltr'><strong>suorum</strong></span> <span class='ocrx_word' id='word_1_609' title='bbox 3427 2167 3651 2230; x_wconf 86' lang='lat' dir='ltr'><strong>omnium,</strong></span> <span class='ocrx_word' id='word_1_610' title='bbox 3673 2170 3726 2223; x_wconf 73' lang='lat' dir='ltr'><strong>vel</strong></span> 
     </span>
    </p>
   </div>
   <div class='ocr_carea' id='block_1_81' title="bbox 2224 2250 3725 2321">
    <p class='ocr_par' dir='ltr' id='par_1_81' title="bbox 2224 2250 3725 2321">
     <span class='ocr_line' id='line_1_81' title="bbox 2224 2250 3725 2321; baseline 0.005 -17"><span class='ocrx_word' id='word_1_611' title='bbox 2224 2250 2314 2320; x_wconf 91' lang='lat' dir='ltr'><strong>qui</strong></span> <span class='ocrx_word' id='word_1_612' title='bbox 2354 2250 2614 2321; x_wconf 85' lang='lat' dir='ltr'><strong>legitimas</strong></span> <span class='ocrx_word' id='word_1_613' title='bbox 2654 2251 2724 2307; x_wconf 96' lang='lat' dir='ltr'><strong>ob</strong></span> <span class='ocrx_word' id='word_1_614' title='bbox 2759 2266 2946 2308; x_wconf 89' lang='lat' dir='ltr'><strong>causas</strong></span> <span class='ocrx_word' id='word_1_615' title='bbox 2974 2253 3206 2309; x_wconf 91' lang='lat' dir='ltr'><strong>necdum</strong></span> <span class='ocrx_word' id='word_1_616' title='bbox 3250 2256 3463 2310; x_wconf 90' lang='lat' dir='ltr'><strong>omnino</strong></span> <span class='ocrx_word' id='word_1_617' title='bbox 3501 2257 3631 2313; x_wconf 86' lang='lat' dir='ltr'><strong>rebus</strong></span> <span class='ocrx_word' id='word_1_618' title='bbox 3655 2260 3725 2312; x_wconf 86' lang='lat' dir='ltr'><strong>suis</strong></span> 
     </span>
    </p>
   </div>
   <div class='ocr_carea' id='block_1_82' title="bbox 2225 2344 3724 2420">
    <p class='ocr_par' dir='ltr' id='par_1_82' title="bbox 2225 2344 3724 2420">
     <span class='ocr_line' id='line_1_82' title="bbox 2225 2344 3724 2420; baseline 0.007 -24"><span class='ocrx_word' id='word_1_619' title='bbox 2225 2344 2530 2400; x_wconf 89' lang='lat' dir='ltr'><strong>renuntiare</strong></span> <span class='ocrx_word' id='word_1_620' title='bbox 2558 2353 2858 2415; x_wconf 88' lang='lat' dir='ltr'><strong>potuerant,</strong></span> <span class='ocrx_word' id='word_1_621' title='bbox 2882 2346 2964 2401; x_wconf 90' lang='lat' dir='ltr'><strong>vel</strong></span> <span class='ocrx_word' id='word_1_622' title='bbox 2989 2347 3078 2417; x_wconf 93' lang='lat' dir='ltr'><strong>qui</strong></span> <span class='ocrx_word' id='word_1_623' title='bbox 3101 2348 3293 2418; x_wconf 85' lang='lat' dir='ltr'><strong>injuria</strong></span> <span class='ocrx_word' id='word_1_624' title='bbox 3317 2351 3565 2420; x_wconf 88' lang='lat' dir='ltr'><strong>proprium</strong></span> <span class='ocrx_word' id='word_1_625' title='bbox 3587 2353 3724 2406; x_wconf 80' lang='lat' dir='ltr'><strong>habere</strong></span> 
     </span>
    </p>
   </div>
   <div class='ocr_carea' id='block_1_83' title="bbox 2224 2431 3725 2511">
    <p class='ocr_par' dir='ltr' id='par_1_83' title="bbox 2224 2431 3725 2511">
     <span class='ocr_line' id='line_1_83' title="bbox 2224 2431 3725 2511; baseline 0.004 -23"><span class='ocrx_word' id='word_1_626' title='bbox 2224 2431 2552 2500; x_wconf 89' lang='lat' dir='ltr'><strong>dicebantur,</strong></span> <span class='ocrx_word' id='word_1_627' title='bbox 2584 2435 2887 2506; x_wconf 88' lang='lat' dir='ltr'><strong>singillatim</strong></span> <span class='ocrx_word' id='word_1_628' title='bbox 2914 2436 3178 2492; x_wconf 89' lang='lat' dir='ltr'><strong>rationem</strong></span> <span class='ocrx_word' id='word_1_629' title='bbox 3211 2438 3454 2493; x_wconf 87' lang='lat' dir='ltr'><strong>reddidit.</strong></span> <span class='ocrx_word' id='word_1_630' title='bbox 3482 2439 3561 2494; x_wconf 80' lang='lat' dir='ltr'><strong>llis</strong></span> <span class='ocrx_word' id='word_1_631' title='bbox 3586 2441 3639 2494; x_wconf 81' lang='lat' dir='ltr'><strong>ita</strong></span> <span class='ocrx_word' id='word_1_632' title='bbox 3663 2455 3725 2511; x_wconf 72' lang='lat' dir='ltr'><strong>ge-</strong></span> 
     </span>
    </p>
   </div>
   <div class='ocr_carea' id='block_1_84' title="bbox 2225 2525 3723 2601">
    <p class='ocr_par' dir='ltr' id='par_1_84' title="bbox 2225 2525 3723 2601">
     <span class='ocr_line' id='line_1_84' title="bbox 2225 2525 3723 2601; baseline 0.006 -23"><span class='ocrx_word' id='word_1_633' title='bbox 2225 2526 2342 2590; x_wconf 87' lang='lat' dir='ltr'><strong>stis,</strong></span> <span class='ocrx_word' id='word_1_634' title='bbox 2370 2525 2635 2580; x_wconf 90' lang='lat' dir='ltr'><strong>licentiam</strong></span> <span class='ocrx_word' id='word_1_635' title='bbox 2657 2543 2758 2597; x_wconf 91' lang='lat' dir='ltr'><strong>qua</strong></span> <span class='ocrx_word' id='word_1_636' title='bbox 2781 2538 3142 2597; x_wconf 88' lang='lat' dir='ltr'><strong>concesserat,</strong></span> <span class='ocrx_word' id='word_1_637' title='bbox 3167 2538 3228 2585; x_wconf 92' lang='lat' dir='ltr'><strong>ut</strong></span> <span class='ocrx_word' id='word_1_638' title='bbox 3248 2531 3352 2585; x_wconf 87' lang='lat' dir='ltr'><strong>illis</strong></span> <span class='ocrx_word' id='word_1_639' title='bbox 3376 2539 3512 2586; x_wconf 79' lang='lat' dir='ltr'><strong>extra</strong></span> <span class='ocrx_word' id='word_1_640' title='bbox 3538 2532 3723 2601; x_wconf 61' lang='lat' dir='ltr'><strong>episcopi</strong></span> 
     </span>
    </p>
   </div>
   <div class='ocr_carea' id='block_1_85' title="bbox 2225 2615 3724 2687">
    <p class='ocr_par' dir='ltr' id='par_1_85' title="bbox 2225 2615 3724 2687">
     <span class='ocr_line' id='line_1_85' title="bbox 2225 2615 3724 2687; baseline 0.003 -17"><span class='ocrx_word' id='word_1_641' title='bbox 2225 2615 2439 2671; x_wconf 90' lang='lat' dir='ltr'><strong>domum</strong></span> <span class='ocrx_word' id='word_1_642' title='bbox 2453 2616 2518 2670; x_wconf 91' lang='lat' dir='ltr'><strong>de</strong></span> <span class='ocrx_word' id='word_1_643' title='bbox 2535 2621 2747 2687; x_wconf 89' lang='lat' dir='ltr'><strong>proprio</strong></span> <span class='ocrx_word' id='word_1_644' title='bbox 2763 2617 2945 2674; x_wconf 89' lang='lat' dir='ltr'><strong>liceret</strong></span> <span class='ocrx_word' id='word_1_645' title='bbox 2960 2620 3164 2687; x_wconf 89' lang='lat' dir='ltr'><strong>vivere,</strong></span> <span class='ocrx_word' id='word_1_646' title='bbox 3183 2621 3472 2676; x_wconf 85' lang='lat' dir='ltr'><strong>revocavit:</strong></span> <span class='ocrx_word' id='word_1_647' title='bbox 3489 2620 3724 2675; x_wconf 72' lang='lat' dir='ltr'><strong>declaravit-</strong></span> 
     </span>
    </p>
   </div>
   <div class='ocr_carea' id='block_1_86' title="bbox 2223 2707 3722 2778">
    <p class='ocr_par' dir='ltr' id='par_1_86' title="bbox 2223 2707 3722 2778">
     <span class='ocr_line' id='line_1_86' title="bbox 2223 2707 3722 2778; baseline 0.005 -18"><span class='ocrx_word' id='word_1_648' title='bbox 2223 2723 2347 2778; x_wconf 91' lang='lat' dir='ltr'><strong>que,</strong></span> <span class='ocrx_word' id='word_1_649' title='bbox 2376 2707 2799 2778; x_wconf 89' lang='lat' dir='ltr'><strong>quandoquidem</strong></span> <span class='ocrx_word' id='word_1_650' title='bbox 2830 2725 3015 2767; x_wconf 90' lang='lat' dir='ltr'><strong>omnes</strong></span> <span class='ocrx_word' id='word_1_651' title='bbox 3041 2712 3092 2766; x_wconf 92' lang='lat' dir='ltr'><strong>in</strong></span> <span class='ocrx_word' id='word_1_652' title='bbox 3125 2713 3378 2768; x_wconf 91' lang='lat' dir='ltr'><strong>socialem</strong></span> <span class='ocrx_word' id='word_1_653' title='bbox 3398 2713 3542 2768; x_wconf 89' lang='lat' dir='ltr'><strong>vitam</strong></span> <span class='ocrx_word' id='word_1_654' title='bbox 3561 2728 3722 2768; x_wconf 80' lang='lat' dir='ltr'><strong>consen-</strong></span> 
     </span>
    </p>
   </div>
   <div class='ocr_carea' id='block_1_87' title="bbox 2224 2796 3720 2874">
    <p class='ocr_par' dir='ltr' id='par_1_87' title="bbox 2224 2796 3720 2874">
     <span class='ocr_line' id='line_1_87' title="bbox 2224 2796 3720 2874; baseline 0.004 -25"><span class='ocrx_word' id='word_1_655' title='bbox 2224 2796 2439 2862; x_wconf 89' lang='lat' dir='ltr'><strong>sissent,</strong></span> <span class='ocrx_word' id='word_1_656' title='bbox 2463 2797 2699 2868; x_wconf 87' lang='lat' dir='ltr'><strong>quisquis</strong></span> <span class='ocrx_word' id='word_1_657' title='bbox 2720 2798 3082 2869; x_wconf 89' lang='lat' dir='ltr'><strong>deprehensus</strong></span> <span class='ocrx_word' id='word_1_658' title='bbox 3101 2801 3265 2858; x_wconf 85' lang='lat' dir='ltr'><strong>fuerit</strong></span> <span class='ocrx_word' id='word_1_659' title='bbox 3286 2804 3478 2858; x_wconf 86' lang='lat' dir='ltr'><strong>habens</strong></span> <span class='ocrx_word' id='word_1_660' title='bbox 3503 2803 3720 2874; x_wconf 86' lang='lat' dir='ltr'><strong>proprium,</strong></span> 
     </span>
    </p>
   </div>
   <div class='ocr_carea' id='block_1_88' title="bbox 2224 2889 3804 2966">
    <p class='ocr_par' dir='ltr' id='par_1_88' title="bbox 2224 2889 3804 2966">
     <span class='ocr_line' id='line_1_88' title="bbox 2224 2889 3804 2966; baseline 0.001 -22"><span class='ocrx_word' id='word_1_661' title='bbox 2224 2902 2344 2944; x_wconf 86' lang='lat' dir='ltr'><strong>eum</strong></span> <span class='ocrx_word' id='word_1_662' title='bbox 2373 2903 2403 2942; x_wconf 91' lang='lat' dir='ltr'><strong>a</strong></span> <span class='ocrx_word' id='word_1_663' title='bbox 2433 2903 2494 2944; x_wconf 91' lang='lat' dir='ltr'><strong>se</strong></span> <span class='ocrx_word' id='word_1_664' title='bbox 2512 2889 2744 2944; x_wconf 86' lang='lat' dir='ltr'><strong>clericali</strong></span> <span class='ocrx_word' id='word_1_665' title='bbox 2768 2891 2934 2962; x_wconf 89' lang='lat' dir='ltr'><strong>gradu</strong></span> <span class='ocrx_word' id='word_1_666' title='bbox 2957 2891 3227 2964; x_wconf 88' lang='lat' dir='ltr'><strong>dejectum</strong></span> <span class='ocrx_word' id='word_1_667' title='bbox 3255 2895 3338 2950; x_wconf 91' lang='lat' dir='ltr'><strong>iri.</strong></span> <span class='ocrx_word' id='word_1_668' title='bbox 3368 2893 3622 2966; x_wconf 78' lang='lat' dir='ltr'><strong>Interpellet</strong></span> <span class='ocrx_word' id='word_1_669' title='bbox 3640 2910 3720 2946; x_wconf 73' lang='grc' dir='ltr'><strong>σοι·</strong></span> <span class='ocrx_word' id='word_1_670' title='bbox 3799 2929 3804 2962; x_wconf 51' lang='grc' dir='ltr'>ε</span> 
     </span>
    </p>
   </div>
   <div class='ocr_carea' id='block_1_89' title="bbox 2227 2981 3804 3056">
    <p class='ocr_par' dir='ltr' id='par_1_89' title="bbox 2227 2981 3804 3056">
     <span class='ocr_line' id='line_1_89' title="bbox 2227 2981 3804 3056; baseline 0.003 -23"><span class='ocrx_word' id='word_1_671' title='bbox 2227 2988 2305 3034; x_wconf 90' lang='lat' dir='ltr'><strong>tra</strong></span> <span class='ocrx_word' id='word_1_672' title='bbox 2333 2996 2412 3034; x_wconf 87' lang='lat' dir='ltr'><strong>me</strong></span> <span class='ocrx_word' id='word_1_673' title='bbox 2433 3022 2447 3048; x_wconf 92' lang='lat'><strong>,</strong></span> <span class='ocrx_word' id='word_1_674' title='bbox 2479 2981 2552 3034; x_wconf 90' lang='lat' dir='ltr'><strong>ait</strong></span> <span class='ocrx_word' id='word_1_675' title='bbox 2577 2981 2670 3036; x_wconf 82' lang='lat' dir='ltr'><strong>Vir</strong></span> <span class='ocrx_word' id='word_1_676' title='bbox 2693 2992 2908 3037; x_wconf 88' lang='lat' dir='ltr'><strong>sanctus</strong></span> <span class='ocrx_word' id='word_1_677' title='bbox 2926 3025 2941 3048; x_wconf 93' lang='lat'><strong>,</strong></span> <span class='ocrx_word' id='word_1_678' title='bbox 2971 2985 3109 3040; x_wconf 88' lang='lat' dir='ltr'><strong>mille</strong></span> <span class='ocrx_word' id='word_1_679' title='bbox 3132 2987 3349 3041; x_wconf 87' lang='lat' dir='ltr'><strong>concilia</strong></span> <span class='ocrx_word' id='word_1_680' title='bbox 3367 3029 3381 3055; x_wconf 90' lang='lat'><strong>,</strong></span> <span class='ocrx_word' id='word_1_681' title='bbox 3417 2986 3583 3056; x_wconf 79' lang='lat' dir='ltr'><strong>naviget</strong></span> <span class='ocrx_word' id='word_1_682' title='bbox 3600 2993 3722 3038; x_wconf 78' lang='lat' dir='ltr'><strong>contra</strong></span> <span class='ocrx_word' id='word_1_683' title='bbox 3801 2987 3804 3002; x_wconf 81' lang='lat'><strong><em>’</em></strong></span> 
     </span>
    </p>
   </div>
   <div class='ocr_carea' id='block_1_90' title="bbox 2225 3071 3807 3148">
    <p class='ocr_par' dir='ltr' id='par_1_90' title="bbox 2225 3071 3807 3148">
     <span class='ocr_line' id='line_1_90' title="bbox 2225 3071 3807 3148; baseline 0.001 -23"><span class='ocrx_word' id='word_1_684' title='bbox 2225 3087 2306 3125; x_wconf 88' lang='lat' dir='ltr'><strong>me</strong></span> <span class='ocrx_word' id='word_1_685' title='bbox 2338 3087 2434 3141; x_wconf 88' lang='lat' dir='ltr'><strong>quo</strong></span> <span class='ocrx_word' id='word_1_686' title='bbox 2472 3071 2715 3136; x_wconf 81' lang='lat' dir='ltr'><strong>voluerit;</strong></span> <span class='ocrx_word' id='word_1_687' title='bbox 2756 3074 2819 3126; x_wconf 93' lang='lat' dir='ltr'><strong>sit</strong></span> <span class='ocrx_word' id='word_1_688' title='bbox 2849 3083 2980 3128; x_wconf 80' lang='lat' dir='ltr'><strong>certe</strong></span> <span class='ocrx_word' id='word_1_689' title='bbox 3020 3076 3104 3129; x_wconf 89' lang='lat' dir='ltr'><strong>ubi</strong></span> <span class='ocrx_word' id='word_1_690' title='bbox 3146 3077 3366 3147; x_wconf 87' lang='lat' dir='ltr'><strong>potuerit</strong></span> <span class='ocrx_word' id='word_1_691' title='bbox 3389 3094 3407 3130; x_wconf 87' lang='lat'><em>:</em></span> <span class='ocrx_word' id='word_1_692' title='bbox 3443 3075 3720 3147; x_wconf 79' lang='lat' dir='ltr'><strong>adjurabitate</strong></span> 
     </span>
    </p>
   </div>
   <div class='ocr_carea' id='block_1_91' title="bbox 2225 3159 3808 3240">
    <p class='ocr_par' dir='ltr' id='par_1_91' title="bbox 2225 3159 3808 3240">
     <span class='ocr_line' id='line_1_91' title="bbox 2225 3159 3808 3240; baseline -0.001 -26"><span class='ocrx_word' id='word_1_693' title='bbox 2225 3159 2392 3229; x_wconf 86' lang='lat' dir='ltr'><strong>Deus,</strong></span> <span class='ocrx_word' id='word_1_694' title='bbox 2420 3171 2472 3215; x_wconf 89' lang='lat' dir='ltr'><strong>ut</strong></span> <span class='ocrx_word' id='word_1_695' title='bbox 2503 3162 2588 3216; x_wconf 89' lang='lat' dir='ltr'><strong>ubi</strong></span> <span class='ocrx_word' id='word_1_696' title='bbox 2615 3179 2704 3233; x_wconf 85' lang='lat' dir='ltr'><strong>ego</strong></span> <span class='ocrx_word' id='word_1_697' title='bbox 2738 3165 3001 3235; x_wconf 79' lang='lat' dir='ltr'><strong>episcOpus</strong></span> <span class='ocrx_word' id='word_1_698' title='bbox 3033 3182 3171 3233; x_wconf 89' lang='lat' dir='ltr'><strong>sum,</strong></span> <span class='ocrx_word' id='word_1_699' title='bbox 3214 3168 3302 3221; x_wconf 88' lang='lat' dir='ltr'><strong>ille</strong></span> <span class='ocrx_word' id='word_1_700' title='bbox 3338 3167 3530 3221; x_wconf 72' lang='lat' dir='ltr'><strong>clericus</strong></span> <span class='ocrx_word' id='word_1_701' title='bbox 3556 3178 3718 3218; x_wconf 66' lang='lat' dir='ltr'><strong>annos</strong></span> 
     </span>
    </p>
   </div>
   <div class='ocr_carea' id='block_1_92' title="bbox 2228 3252 3804 3328">
    <p class='ocr_par' dir='ltr' id='par_1_92' title="bbox 2228 3252 3804 3328">
     <span class='ocr_line' id='line_1_92' title="bbox 2228 3252 3804 3328; baseline -0.001 -23"><span class='ocrx_word' id='word_1_702' title='bbox 2228 3252 2404 3320; x_wconf 84' lang='lat' dir='ltr'><strong>possit.</strong></span> <span class='ocrx_word' id='word_1_703' title='bbox 2429 3253 2674 3319; x_wconf 82' lang='lat' dir='ltr'><strong>Audistis,</strong></span> <span class='ocrx_word' id='word_1_704' title='bbox 2701 3255 2967 3309; x_wconf 86' lang='lat' dir='ltr'><strong>audierunt</strong></span> <span class='ocrx_word' id='word_1_705' title='bbox 2991 3270 3009 3309; x_wconf 93' lang='lat'><strong><em>:</em></strong></span> <span class='ocrx_word' id='word_1_706' title='bbox 3034 3257 3123 3309; x_wconf 86' lang='lat' dir='ltr'><strong>sed</strong></span> <span class='ocrx_word' id='word_1_707' title='bbox 3149 3274 3297 3328; x_wconf 86' lang='lat' dir='ltr'><strong>spero</strong></span> <span class='ocrx_word' id='word_1_708' title='bbox 3324 3259 3375 3311; x_wconf 87' lang='lat' dir='ltr'><strong>in</strong></span> <span class='ocrx_word' id='word_1_709' title='bbox 3397 3257 3539 3310; x_wconf 80' lang='lat' dir='ltr'><strong>Deum</strong></span> <span class='ocrx_word' id='word_1_710' title='bbox 3556 3262 3717 3308; x_wconf 74' lang='lat' dir='ltr'><strong>nostrum</strong></span> <span class='ocrx_word' id='word_1_711' title='bbox 3799 3265 3804 3326; x_wconf 74' lang='grc' dir='ltr'>ς</span> 
     </span>
    </p>
   </div>
   <div class='ocr_carea' id='block_1_93' title="bbox 2226 3335 3807 3418">
    <p class='ocr_par' dir='ltr' id='par_1_93' title="bbox 2226 3335 3807 3418">
     <span class='ocr_line' id='line_1_93' title="bbox 2226 3335 3807 3418; baseline -0.002 -22"><span class='ocrx_word' id='word_1_712' title='bbox 2226 3353 2273 3397; x_wconf 85' lang='lat' dir='ltr'><strong>et</strong></span> <span class='ocrx_word' id='word_1_713' title='bbox 2310 3343 2705 3397; x_wconf 86' lang='lat' dir='ltr'><strong>misericordiam</strong></span> <span class='ocrx_word' id='word_1_714' title='bbox 2743 3346 2852 3416; x_wconf 87' lang='lat' dir='ltr'><strong>ejus</strong></span> <span class='ocrx_word' id='word_1_715' title='bbox 2871 3387 2887 3412; x_wconf 94' lang='lat'><strong>,</strong></span> <span class='ocrx_word' id='word_1_716' title='bbox 2929 3347 3048 3416; x_wconf 84' lang='lat' dir='ltr'><strong>quia</strong></span> <span class='ocrx_word' id='word_1_717' title='bbox 3076 3349 3207 3400; x_wconf 89' lang='lat' dir='ltr'><strong>sicut</strong></span> <span class='ocrx_word' id='word_1_718' title='bbox 3246 3348 3586 3418; x_wconf 72' lang='lat' dir='ltr'><strong>dispositionem</strong></span> <span class='ocrx_word' id='word_1_719' title='bbox 3608 3355 3718 3394; x_wconf 62' lang='lat' dir='ltr'><strong>mea</strong></span> 
     </span>
    </p>
   </div>
   <div class='ocr_carea' id='block_1_94' title="bbox 2225 3434 3807 3509">
    <p class='ocr_par' dir='ltr' id='par_1_94' title="bbox 2225 3434 3807 3509">
     <span class='ocr_line' id='line_1_94' title="bbox 2225 3434 3807 3509; baseline 0.001 -22"><span class='ocrx_word' id='word_1_720' title='bbox 2225 3434 2376 3488; x_wconf 88' lang='lat' dir='ltr'><strong>istam</strong></span> <span class='ocrx_word' id='word_1_721' title='bbox 2399 3435 2624 3489; x_wconf 79' lang='lat' dir='ltr'><strong>hilariter</strong></span> <span class='ocrx_word' id='word_1_722' title='bbox 2647 3448 2963 3508; x_wconf 86' lang='lat' dir='ltr'><strong>acceperunt,</strong></span> <span class='ocrx_word' id='word_1_723' title='bbox 2987 3439 3059 3491; x_wconf 87' lang='lat' dir='ltr'><strong>sic</strong></span> <span class='ocrx_word' id='word_1_724' title='bbox 3079 3455 3194 3493; x_wconf 86' lang='lat' dir='ltr'><strong>eam</strong></span> <span class='ocrx_word' id='word_1_725' title='bbox 3223 3455 3346 3509; x_wconf 87' lang='lat' dir='ltr'><strong>pure</strong></span> <span class='ocrx_word' id='word_1_726' title='bbox 3373 3439 3634 3507; x_wconf 78' lang='lat' dir='ltr'><strong>ﬁdeliterque</strong></span> <span class='ocrx_word' id='word_1_727' title='bbox 3647 3448 3715 3484; x_wconf 66' lang='grc' dir='ltr'><strong>δεῖ·</strong></span> <span class='ocrx_word' id='word_1_728' title='bbox 3797 3434 3807 3488; x_wconf 79' lang='lat' dir='ltr'>J</span> 
     </span>
    </p>
   </div>
   <div class='ocr_carea' id='block_1_95' title="bbox 2226 3523 3807 3614">
    <p class='ocr_par' dir='ltr' id='par_1_95' title="bbox 2226 3523 3807 3614">
     <span class='ocr_line' id='line_1_95' title="bbox 2226 3523 3807 3614; baseline 0.003 -36"><span class='ocrx_word' id='word_1_729' title='bbox 2226 3524 2410 3579; x_wconf 79' lang='lat' dir='ltr'><strong>vabunt</strong></span> <span class='ocrx_word' id='word_1_730' title='bbox 2437 3524 2650 3599; x_wconf 89' lang='lat' dir='ltr'><strong>(Ibid.).</strong></span> <span class='ocrx_word' id='word_1_731' title='bbox 2679 3525 2866 3582; x_wconf 88' lang='lat' dir='ltr'><strong>Initum</strong></span> <span class='ocrx_word' id='word_1_732' title='bbox 2894 3543 3103 3599; x_wconf 91' lang='lat' dir='ltr'><strong>quoque</strong></span> <span class='ocrx_word' id='word_1_733' title='bbox 3130 3529 3273 3585; x_wconf 86' lang='lat' dir='ltr'><strong>inter</strong></span> <span class='ocrx_word' id='word_1_734' title='bbox 3295 3528 3507 3585; x_wconf 84' lang='lat' dir='ltr'><strong>Januarii</strong></span> <span class='ocrx_word' id='word_1_735' title='bbox 3534 3525 3637 3578; x_wconf 83' lang='lat' dir='ltr'><strong>ﬁlios</strong></span> <span class='ocrx_word' id='word_1_736' title='bbox 3657 3537 3716 3591; x_wconf 77' lang='lat' dir='ltr'><strong>pa-</strong></span> 
     </span>
    </p>
   </div>
   <div class='ocr_carea' id='block_1_96' title="bbox 2227 3620 3800 3690">
    <p class='ocr_par' dir='ltr' id='par_1_96' title="bbox 2227 3620 3800 3690">
     <span class='ocr_line' id='line_1_96' title="bbox 2227 3620 3800 3690; baseline -0.003 -19"><span class='ocrx_word' id='word_1_737' title='bbox 2227 3624 2371 3671; x_wconf 92' lang='lat' dir='ltr'><strong>ctum</strong></span> <span class='ocrx_word' id='word_1_738' title='bbox 2415 3626 2709 3685; x_wconf 89' lang='lat' dir='ltr'><strong>memorat;</strong></span> <span class='ocrx_word' id='word_1_739' title='bbox 2740 3629 2861 3689; x_wconf 91' lang='lat' dir='ltr'><strong>post</strong></span> <span class='ocrx_word' id='word_1_740' title='bbox 2898 3634 3017 3689; x_wconf 81' lang='lat' dir='ltr'><strong>quae</strong></span> <span class='ocrx_word' id='word_1_741' title='bbox 3047 3620 3229 3675; x_wconf 90' lang='lat' dir='ltr'><strong>subdit</strong></span> <span class='ocrx_word' id='word_1_742' title='bbox 3267 3635 3470 3690; x_wconf 81' lang='lat' dir='ltr'><strong>sperare</strong></span> <span class='ocrx_word' id='word_1_743' title='bbox 3503 3632 3575 3680; x_wconf 85' lang='lat' dir='ltr'><strong>se,</strong></span> <span class='ocrx_word' id='word_1_744' title='bbox 3607 3626 3672 3667; x_wconf 84' lang='lat' dir='ltr'><strong>eos</strong></span> <span class='ocrx_word' id='word_1_745' title='bbox 3695 3623 3717 3662; x_wconf 64' lang='grc' dir='ltr'><em>ι</em></span> <span class='ocrx_word' id='word_1_746' title='bbox 3797 3661 3800 3668; x_wconf 93' lang='grc'>.</span> 
     </span>
    </p>
   </div>
   <div class='ocr_carea' id='block_1_97' title="bbox 2227 3695 3804 3784">
    <p class='ocr_par' dir='ltr' id='par_1_97' title="bbox 2227 3695 3804 3784">
     <span class='ocr_line' id='line_1_97' title="bbox 2227 3695 3804 3784; baseline -0.004 -21"><span class='ocrx_word' id='word_1_747' title='bbox 2227 3708 2416 3779; x_wconf 90' lang='lat' dir='ltr'><strong>quibus</strong></span> <span class='ocrx_word' id='word_1_748' title='bbox 2460 3709 2713 3780; x_wconf 86' lang='lat' dir='ltr'><strong>diligitur,</strong></span> <span class='ocrx_word' id='word_1_749' title='bbox 2744 3710 2992 3766; x_wconf 90' lang='lat' dir='ltr'><strong>audacter</strong></span> <span class='ocrx_word' id='word_1_750' title='bbox 3021 3711 3259 3766; x_wconf 82' lang='lat' dir='ltr'><strong>laetitiam</strong></span> <span class='ocrx_word' id='word_1_751' title='bbox 3287 3725 3428 3766; x_wconf 90' lang='lat' dir='ltr'><strong>suam</strong></span> <span class='ocrx_word' id='word_1_752' title='bbox 3466 3714 3708 3764; x_wconf 84' lang='lat' dir='ltr'><strong>testaturos,</strong></span> 
     </span>
    </p>
   </div>
   <div class='ocr_carea' id='block_1_98' title="bbox 2229 3799 3710 3872">
    <p class='ocr_par' dir='ltr' id='par_1_98' title="bbox 2229 3799 3710 3872">
     <span class='ocr_line' id='line_1_98' title="bbox 2229 3799 3710 3872; baseline -0.005 -19"><span class='ocrx_word' id='word_1_753' title='bbox 2229 3801 2358 3854; x_wconf 90' lang='lat' dir='ltr'><strong>alios</strong></span> <span class='ocrx_word' id='word_1_754' title='bbox 2383 3809 2555 3854; x_wconf 90' lang='lat' dir='ltr'><strong>autem</strong></span> <span class='ocrx_word' id='word_1_755' title='bbox 2587 3799 2824 3856; x_wconf 91' lang='lat' dir='ltr'><strong>dolorem</strong></span> <span class='ocrx_word' id='word_1_756' title='bbox 2855 3815 3006 3856; x_wconf 90' lang='lat' dir='ltr'><strong>suum</strong></span> <span class='ocrx_word' id='word_1_757' title='bbox 3037 3817 3318 3872; x_wconf 90' lang='lat' dir='ltr'><strong>pressuros</strong></span> <span class='ocrx_word' id='word_1_758' title='bbox 3338 3799 3558 3854; x_wconf 89' lang='lat' dir='ltr'><strong>silentio:</strong></span> <span class='ocrx_word' id='word_1_759' title='bbox 3583 3804 3710 3847; x_wconf 80' lang='lat' dir='ltr'><strong>verum</strong></span> 
     </span>
    </p>
   </div>
   <div class='ocr_carea' id='block_1_99' title="bbox 2229 3885 3712 3962">
    <p class='ocr_par' dir='ltr' id='par_1_99' title="bbox 2229 3885 3712 3962">
     <span class='ocr_line' id='line_1_99' title="bbox 2229 3885 3712 3962; baseline -0.007 -18"><span class='ocrx_word' id='word_1_760' title='bbox 2229 3889 2272 3944; x_wconf 94' lang='lat' dir='ltr'><strong>si</strong></span> <span class='ocrx_word' id='word_1_761' title='bbox 2308 3890 2398 3960; x_wconf 89' lang='lat' dir='ltr'><strong>qui</strong></span> <span class='ocrx_word' id='word_1_762' title='bbox 2426 3890 2561 3957; x_wconf 86' lang='lat' dir='ltr'><strong>sint,</strong></span> <span class='ocrx_word' id='word_1_763' title='bbox 2590 3891 2679 3959; x_wconf 93' lang='lat' dir='ltr'><strong>qui</strong></span> <span class='ocrx_word' id='word_1_764' title='bbox 2720 3891 2882 3945; x_wconf 93' lang='lat' dir='ltr'><strong>velint</strong></span> <span class='ocrx_word' id='word_1_765' title='bbox 2911 3891 2963 3945; x_wconf 93' lang='lat' dir='ltr'><strong>in</strong></span> <span class='ocrx_word' id='word_1_766' title='bbox 2999 3906 3057 3945; x_wconf 91' lang='lat' dir='ltr'><strong>se</strong></span> <span class='ocrx_word' id='word_1_767' title='bbox 3090 3892 3358 3962; x_wconf 87' lang='lat' dir='ltr'><strong>quidpiam</strong></span> <span class='ocrx_word' id='word_1_768' title='bbox 3387 3888 3654 3943; x_wconf 83' lang='lat' dir='ltr'><strong>deblaterare</strong></span> <span class='ocrx_word' id='word_1_769' title='bbox 3678 3885 3712 3930; x_wconf 72' lang='lat' dir='ltr'><strong>et</strong></span> 
     </span>
    </p>
   </div>
   <div class='ocr_carea' id='block_1_100' title="bbox 2229 3968 3712 4052">
    <p class='ocr_par' dir='ltr' id='par_1_100' title="bbox 2229 3968 3712 4052">
     <span class='ocr_line' id='line_1_100' title="bbox 2229 3968 3712 4052; baseline -0.007 -18"><span class='ocrx_word' id='word_1_770' title='bbox 2229 3980 2492 4046; x_wconf 81' lang='lat' dir='ltr'><strong>cavillari,</strong></span> <span class='ocrx_word' id='word_1_771' title='bbox 2524 3994 2620 4036; x_wconf 88' lang='lat' dir='ltr'><strong>eos</strong></span> <span class='ocrx_word' id='word_1_772' title='bbox 2643 3994 2701 4035; x_wconf 88' lang='lat' dir='ltr'><strong>se</strong></span> <span class='ocrx_word' id='word_1_773' title='bbox 2735 3980 2974 4049; x_wconf 88' lang='lat' dir='ltr'><strong>publice,</strong></span> <span class='ocrx_word' id='word_1_774' title='bbox 3009 3982 3269 4052; x_wconf 91' lang='lat' dir='ltr'><strong>siquidem</strong></span> <span class='ocrx_word' id='word_1_775' title='bbox 3301 3981 3350 4036; x_wconf 91' lang='lat' dir='ltr'><strong>id</strong></span> <span class='ocrx_word' id='word_1_776' title='bbox 3376 3995 3453 4034; x_wconf 84' lang='lat' dir='ltr'><strong>res</strong></span> <span class='ocrx_word' id='word_1_777' title='bbox 3477 3968 3712 4045; x_wconf 62' lang='lat' dir='ltr'><strong>exigeren-</strong></span> 
     </span>
    </p>
   </div>
   <div class='ocr_carea' id='block_1_101' title="bbox 2229 4067 3708 4147">
    <p class='ocr_par' dir='ltr' id='par_1_101' title="bbox 2229 4067 3708 4147">
     <span class='ocr_line' id='line_1_101' title="bbox 2229 4067 3708 4147; baseline -0.006 -20"><span class='ocrx_word' id='word_1_778' title='bbox 2229 4071 2435 4136; x_wconf 89' lang='lat' dir='ltr'><strong>deatur,</strong></span> <span class='ocrx_word' id='word_1_779' title='bbox 2449 4070 2839 4126; x_wconf 88' lang='lat' dir='ltr'><strong>confutaturum</strong></span> <span class='ocrx_word' id='word_1_780' title='bbox 2856 4070 3014 4144; x_wconf 91' lang='lat' dir='ltr'><strong>(Ibid.</strong></span> <span class='ocrx_word' id='word_1_781' title='bbox 3026 4112 3041 4139; x_wconf 88' lang='lat'><strong>,</strong></span> <span class='ocrx_word' id='word_1_782' title='bbox 3059 4090 3112 4127; x_wconf 83' lang='grc' dir='ltr'><strong>η.</strong></span> <span class='ocrx_word' id='word_1_783' title='bbox 3134 4074 3158 4127; x_wconf 81' lang='lat' dir='ltr'><strong>l</strong></span> <span class='ocrx_word' id='word_1_784' title='bbox 3175 4072 3247 4147; x_wconf 82' lang='lat' dir='ltr'><strong>i).</strong></span> <span class='ocrx_word' id='word_1_785' title='bbox 3269 4073 3387 4125; x_wconf 82' lang='lat' dir='ltr'><strong>Ante</strong></span> <span class='ocrx_word' id='word_1_786' title='bbox 3404 4067 3550 4122; x_wconf 85' lang='lat' dir='ltr'><strong>oculos</strong></span> <span class='ocrx_word' id='word_1_787' title='bbox 3566 4069 3708 4118; x_wconf 65' lang='lat' dir='ltr'><strong>vestros.</strong></span> 
     </span>
    </p>
   </div>
   <div class='ocr_carea' id='block_1_102' title="bbox 2231 4149 3710 4233">
    <p class='ocr_par' dir='ltr' id='par_1_102' title="bbox 2231 4149 3710 4233">
     <span class='ocr_line' id='line_1_102' title="bbox 2231 4149 3710 4233; baseline -0.009 -17"><span class='ocrx_word' id='word_1_788' title='bbox 2231 4161 2429 4232; x_wconf 87' lang='lat' dir='ltr'><strong>inquit,</strong></span> <span class='ocrx_word' id='word_1_789' title='bbox 2470 4160 2584 4215; x_wconf 80' lang='lat' dir='ltr'><strong>volo</strong></span> <span class='ocrx_word' id='word_1_790' title='bbox 2612 4161 2674 4216; x_wconf 87' lang='lat' dir='ltr'><strong>sit</strong></span> <span class='ocrx_word' id='word_1_791' title='bbox 2715 4162 2815 4215; x_wconf 84' lang='lat' dir='ltr'><strong>vita</strong></span> <span class='ocrx_word' id='word_1_792' title='bbox 2843 4171 3030 4217; x_wconf 89' lang='lat' dir='ltr'><strong>nostra.</strong></span> <span class='ocrx_word' id='word_1_793' title='bbox 3065 4162 3187 4217; x_wconf 88' lang='lat' dir='ltr'><strong>Scio</strong></span> <span class='ocrx_word' id='word_1_794' title='bbox 3215 4163 3329 4233; x_wconf 84' lang='lat' dir='ltr'><strong>quia</strong></span> <span class='ocrx_word' id='word_1_795' title='bbox 3353 4164 3587 4230; x_wconf 65' lang='lat' dir='ltr'><strong>querentes</strong></span> <span class='ocrx_word' id='word_1_796' title='bbox 3603 4149 3710 4204; x_wconf 75' lang='lat' dir='ltr'><strong>licen-</strong></span> 
     </span>
    </p>
   </div>
   <div class='ocr_carea' id='block_1_103' title="bbox 2234 4238 3804 4322">
    <p class='ocr_par' dir='ltr' id='par_1_103' title="bbox 2234 4238 3804 4322">
     <span class='ocr_line' id='line_1_103' title="bbox 2234 4238 3804 4322; baseline -0.011 -16"><span class='ocrx_word' id='word_1_797' title='bbox 2234 4253 2354 4306; x_wconf 85' lang='lat' dir='ltr'><strong>tiam</strong></span> <span class='ocrx_word' id='word_1_798' title='bbox 2381 4253 2511 4307; x_wconf 86' lang='lat' dir='ltr'><strong>male</strong></span> <span class='ocrx_word' id='word_1_799' title='bbox 2547 4253 2794 4322; x_wconf 78' lang='lat' dir='ltr'><strong>faciendi,</strong></span> <span class='ocrx_word' id='word_1_800' title='bbox 2825 4262 3054 4322; x_wconf 67' lang='lat' dir='ltr'><strong>quaerunt</strong></span> <span class='ocrx_word' id='word_1_801' title='bbox 3096 4253 3192 4307; x_wconf 87' lang='lat' dir='ltr'><strong>sibi</strong></span> <span class='ocrx_word' id='word_1_802' title='bbox 3220 4251 3438 4322; x_wconf 69' lang='lat' dir='ltr'><strong>exentpla</strong></span> <span class='ocrx_word' id='word_1_803' title='bbox 3465 4243 3574 4299; x_wconf 82' lang='lat' dir='ltr'><strong>male</strong></span> <span class='ocrx_word' id='word_1_804' title='bbox 3597 4238 3710 4291; x_wconf 76' lang='lat' dir='ltr'><strong>rim-</strong></span> <span class='ocrx_word' id='word_1_805' title='bbox 3801 4249 3804 4291; x_wconf 46' lang='grc' dir='ltr'>ἡ</span> 
     </span>
    </p>
   </div>
   <div class='ocr_carea' id='block_1_104' title="bbox 2232 4333 3706 4413">
    <p class='ocr_par' dir='ltr' id='par_1_104' title="bbox 2232 4333 3706 4413">
     <span class='ocr_line' id='line_1_104' title="bbox 2232 4333 3706 4413; baseline -0.009 -17"><span class='ocrx_word' id='word_1_806' title='bbox 2232 4344 2377 4410; x_wconf 89' lang='lat' dir='ltr'><strong>tium,</strong></span> <span class='ocrx_word' id='word_1_807' title='bbox 2415 4353 2461 4397; x_wconf 91' lang='lat' dir='ltr'><strong>et</strong></span> <span class='ocrx_word' id='word_1_808' title='bbox 2484 4343 2666 4398; x_wconf 88' lang='lat' dir='ltr'><strong>multos</strong></span> <span class='ocrx_word' id='word_1_809' title='bbox 2693 4342 2964 4413; x_wconf 74' lang='lat' dir='ltr'><strong>infamant,</strong></span> <span class='ocrx_word' id='word_1_810' title='bbox 2991 4352 3046 4397; x_wconf 89' lang='lat' dir='ltr'><strong>ut</strong></span> <span class='ocrx_word' id='word_1_811' title='bbox 3073 4345 3234 4398; x_wconf 83' lang='lat' dir='ltr'><strong>socios</strong></span> <span class='ocrx_word' id='word_1_812' title='bbox 3259 4340 3484 4398; x_wconf 85' lang='lat' dir='ltr'><strong>invenisse</strong></span> <span class='ocrx_word' id='word_1_813' title='bbox 3505 4333 3706 4387; x_wconf 69' lang='lat' dir='ltr'><strong>videantur.</strong></span> 
     </span>
    </p>
   </div>
   <div class='ocr_carea' id='block_1_105' title="bbox 2231 4419 3704 4513">
    <p class='ocr_par' dir='ltr' id='par_1_105' title="bbox 2231 4419 3704 4513">
     <span class='ocr_line' id='line_1_105' title="bbox 2231 4419 3704 4513; baseline -0.007 -25"><span class='ocrx_word' id='word_1_814' title='bbox 2231 4433 2356 4488; x_wconf 87' lang='lat' dir='ltr'><strong>Ideo</strong></span> <span class='ocrx_word' id='word_1_815' title='bbox 2385 4433 2518 4504; x_wconf 87' lang='lat' dir='ltr'><strong>quod</strong></span> <span class='ocrx_word' id='word_1_816' title='bbox 2547 4444 2773 4487; x_wconf 85' lang='lat' dir='ltr'><strong>nostrum</strong></span> <span class='ocrx_word' id='word_1_817' title='bbox 2810 4443 2917 4500; x_wconf 90' lang='lat' dir='ltr'><strong>est,</strong></span> <span class='ocrx_word' id='word_1_818' title='bbox 2963 4433 3170 4505; x_wconf 81' lang='lat' dir='ltr'><strong>fecimus</strong></span> <span class='ocrx_word' id='word_1_819' title='bbox 3193 4450 3212 4488; x_wconf 89' lang='lat'><strong><em>:</em></strong></span> <span class='ocrx_word' id='word_1_820' title='bbox 3237 4434 3345 4506; x_wconf 82' lang='lat' dir='ltr'><strong>plus</strong></span> <span class='ocrx_word' id='word_1_821' title='bbox 3375 4427 3486 4500; x_wconf 78' lang='lat' dir='ltr'><strong>quid</strong></span> <span class='ocrx_word' id='word_1_822' title='bbox 3514 4419 3704 4513; x_wconf 55' lang='grc' dir='ltr'><strong>[αιέὲααξξν</strong></span> 
     </span>
    </p>
   </div>
   <div class='ocr_carea' id='block_1_106' title="bbox 2233 4505 3705 4582">
    <p class='ocr_par' dir='ltr' id='par_1_106' title="bbox 2233 4505 3705 4582">
     <span class='ocr_line' id='line_1_106' title="bbox 2233 4505 3705 4582; baseline -0.007 -2"><span class='ocrx_word' id='word_1_823' title='bbox 2233 4544 2332 4580; x_wconf 87' lang='lat' dir='ltr'><strong>non</strong></span> <span class='ocrx_word' id='word_1_824' title='bbox 2369 4525 2622 4580; x_wconf 82' lang='lat' dir='ltr'><strong>habemus.</strong></span> <span class='ocrx_word' id='word_1_825' title='bbox 2657 4525 2786 4580; x_wconf 82' lang='lat' dir='ltr'><strong>Ante</strong></span> <span class='ocrx_word' id='word_1_826' title='bbox 2819 4527 2993 4581; x_wconf 86' lang='lat' dir='ltr'><strong>oculos</strong></span> <span class='ocrx_word' id='word_1_827' title='bbox 3017 4537 3204 4582; x_wconf 82' lang='lat' dir='ltr'><strong>vestros</strong></span> <span class='ocrx_word' id='word_1_828' title='bbox 3238 4505 3417 4582; x_wconf 83' lang='lat' dir='ltr'><strong>sumus.</strong></span> <span class='ocrx_word' id='word_1_829' title='bbox 3457 4512 3615 4573; x_wconf 61' lang='lat' dir='ltr'><strong>Nulli“</strong></span> <span class='ocrx_word' id='word_1_830' title='bbox 3633 4505 3705 4558; x_wconf 62' lang='grc' dir='ltr'><strong>(ιη’</strong></span> 
     </span>
    </p>
   </div>
   <div class='ocr_carea' id='block_1_107' title="bbox 2223 4595 3702 4691">
    <p class='ocr_par' dir='ltr' id='par_1_107' title="bbox 2223 4595 3702 4691">
     <span class='ocr_line' id='line_1_107' title="bbox 2223 4595 3702 4691; baseline -0.012 -19"><span class='ocrx_word' id='word_1_831' title='bbox 2223 4619 2353 4690; x_wconf 78' lang='lat' dir='ltr'><strong>quid</strong></span> <span class='ocrx_word' id='word_1_832' title='bbox 2373 4617 2731 4684; x_wconf 84' lang='lat' dir='ltr'><strong>desideramus,</strong></span> <span class='ocrx_word' id='word_1_833' title='bbox 2765 4620 2862 4673; x_wconf 85' lang='lat' dir='ltr'><strong>nisi</strong></span> <span class='ocrx_word' id='word_1_834' title='bbox 2889 4618 3018 4672; x_wconf 86' lang='lat' dir='ltr'><strong>bona</strong></span> <span class='ocrx_word' id='word_1_835' title='bbox 3045 4636 3200 4691; x_wconf 88' lang='lat' dir='ltr'><strong>opera</strong></span> <span class='ocrx_word' id='word_1_836' title='bbox 3225 4627 3377 4674; x_wconf 81' lang='lat' dir='ltr'><strong>vestra</strong></span> <span class='ocrx_word' id='word_1_837' title='bbox 3397 4609 3552 4685; x_wconf 69' lang='lat' dir='ltr'><strong>(Ibid,</strong></span> <span class='ocrx_word' id='word_1_838' title='bbox 3570 4622 3609 4658; x_wconf 78' lang='lat' dir='ltr'><strong>ir.</strong></span> <span class='ocrx_word' id='word_1_839' title='bbox 3627 4595 3702 4691; x_wconf 52' lang='lat' dir='ltr'><strong>l9}.</strong></span> 
     </span>
    </p>
   </div>
   <div class='ocr_carea' id='block_1_108' title="bbox 2234 4686 3704 4780">
    <p class='ocr_par' dir='ltr' id='par_1_108' title="bbox 2234 4686 3704 4780">
     <span class='ocr_line' id='line_1_108' title="bbox 2234 4686 3704 4780; baseline -0.014 -18"><span class='ocrx_word' id='word_1_840' title='bbox 2234 4708 2312 4762; x_wconf 83' lang='lat' dir='ltr'><strong>Ex</strong></span> <span class='ocrx_word' id='word_1_841' title='bbox 2341 4709 2441 4763; x_wconf 92' lang='lat' dir='ltr'><strong>hoc</strong></span> <span class='ocrx_word' id='word_1_842' title='bbox 2473 4723 2719 4764; x_wconf 91' lang='lat' dir='ltr'><strong>sermone</strong></span> <span class='ocrx_word' id='word_1_843' title='bbox 2746 4725 3068 4780; x_wconf 89' lang='lat' dir='ltr'><strong>cognoscere</strong></span> <span class='ocrx_word' id='word_1_844' title='bbox 3091 4719 3175 4766; x_wconf 90' lang='lat' dir='ltr'><strong>est</strong></span> <span class='ocrx_word' id='word_1_845' title='bbox 3194 4753 3209 4778; x_wconf 91' lang='lat'><strong>,</strong></span> <span class='ocrx_word' id='word_1_846' title='bbox 3241 4723 3342 4780; x_wconf 84' lang='lat' dir='ltr'><strong>quo</strong></span> <span class='ocrx_word' id='word_1_847' title='bbox 3375 4701 3575 4776; x_wconf 87' lang='lat' dir='ltr'><strong>plerique</strong></span> <span class='ocrx_word' id='word_1_848' title='bbox 3592 4686 3704 4747; x_wconf 83' lang='lat' dir='ltr'><strong>cleri-</strong></span> 
     </span>
    </p>
   </div>
   <div class='ocr_carea' id='block_1_109' title="bbox 2237 4781 3700 4872">
    <p class='ocr_par' dir='ltr' id='par_1_109' title="bbox 2237 4781 3700 4872">
     <span class='ocr_line' id='line_1_109' title="bbox 2237 4781 3700 4872; baseline -0.01 -16"><span class='ocrx_word' id='word_1_849' title='bbox 2237 4816 2418 4856; x_wconf 88' lang='lat' dir='ltr'><strong>corum</strong></span> <span class='ocrx_word' id='word_1_850' title='bbox 2441 4801 2555 4872; x_wconf 85' lang='lat' dir='ltr'><strong>ejus</strong></span> <span class='ocrx_word' id='word_1_851' title='bbox 2576 4803 2628 4856; x_wconf 91' lang='lat' dir='ltr'><strong>in</strong></span> <span class='ocrx_word' id='word_1_852' title='bbox 2653 4810 2792 4858; x_wconf 88' lang='lat' dir='ltr'><strong>statu</strong></span> <span class='ocrx_word' id='word_1_853' title='bbox 2815 4811 3013 4858; x_wconf 91' lang='lat' dir='ltr'><strong>essent.</strong></span> <span class='ocrx_word' id='word_1_854' title='bbox 3038 4803 3167 4858; x_wconf 82' lang='lat' dir='ltr'><strong>Nam</strong></span> <span class='ocrx_word' id='word_1_855' title='bbox 3189 4804 3256 4858; x_wconf 85' lang='lat' dir='ltr'><strong>de</strong></span> <span class='ocrx_word' id='word_1_856' title='bbox 3275 4801 3372 4856; x_wconf 89' lang='lat' dir='ltr'><strong>illis</strong></span> <span class='ocrx_word' id='word_1_857' title='bbox 3393 4795 3501 4851; x_wconf 87' lang='lat' dir='ltr'><strong>solis</strong></span> <span class='ocrx_word' id='word_1_858' title='bbox 3520 4781 3700 4856; x_wconf 62' lang='lat' dir='ltr'><strong>loquitur.</strong></span> 
     </span>
    </p>
   </div>
   <div class='ocr_carea' id='block_1_110' title="bbox 2235 4875 3699 4964">
    <p class='ocr_par' dir='ltr' id='par_1_110' title="bbox 2235 4875 3699 4964">
     <span class='ocr_line' id='line_1_110' title="bbox 2235 4875 3699 4964; baseline -0.012 -16"><span class='ocrx_word' id='word_1_859' title='bbox 2235 4893 2288 4948; x_wconf 90' lang='lat' dir='ltr'><strong>in</strong></span> <span class='ocrx_word' id='word_1_860' title='bbox 2323 4893 2514 4964; x_wconf 90' lang='lat' dir='ltr'><strong>quibus</strong></span> <span class='ocrx_word' id='word_1_861' title='bbox 2539 4892 2780 4948; x_wconf 91' lang='lat' dir='ltr'><strong>nonnihil</strong></span> <span class='ocrx_word' id='word_1_862' title='bbox 2814 4893 3227 4963; x_wconf 88' lang='lat' dir='ltr'><strong>reprehensione</strong></span> <span class='ocrx_word' id='word_1_863' title='bbox 3254 4892 3452 4960; x_wconf 87' lang='lat' dir='ltr'><strong>dignum</strong></span> <span class='ocrx_word' id='word_1_864' title='bbox 3483 4875 3699 4964; x_wconf 73' lang='lat' dir='ltr'><strong>videbth-</strong></span> 
     </span>
    </p>
   </div>
   <div class='ocr_carea' id='block_1_111' title="bbox 2235 4963 3804 5064">
    <p class='ocr_par' dir='ltr' id='par_1_111' title="bbox 2235 4963 3804 5064">
     <span class='ocr_line' id='line_1_111' title="bbox 2235 4963 3804 5064; baseline -0.008 -25"><span class='ocrx_word' id='word_1_865' title='bbox 2235 4985 2566 5055; x_wconf 85' lang='lat' dir='ltr'><strong>Quapropter</strong></span> <span class='ocrx_word' id='word_1_866' title='bbox 2591 4985 2731 5055; x_wconf 91' lang='lat' dir='ltr'><strong>quod</strong></span> <span class='ocrx_word' id='word_1_867' title='bbox 2766 4985 2832 5040; x_wconf 93' lang='lat' dir='ltr'><strong>ad</strong></span> <span class='ocrx_word' id='word_1_868' title='bbox 2859 4984 3196 5056; x_wconf 89' lang='lat' dir='ltr'><strong>presbyteros</strong></span> <span class='ocrx_word' id='word_1_869' title='bbox 3221 4999 3338 5040; x_wconf 88' lang='lat' dir='ltr'><strong>suos</strong></span> <span class='ocrx_word' id='word_1_870' title='bbox 3361 4979 3550 5034; x_wconf 78' lang='lat' dir='ltr'><strong>attinet,</strong></span> <span class='ocrx_word' id='word_1_871' title='bbox 3581 4963 3701 5064; x_wconf 46' lang='lat' dir='ltr'><strong>idum:</strong></span> 
     </span>
    </p>
   </div>
   <div class='ocr_carea' id='block_1_112' title="bbox 2236 5051 3804 5152">
    <p class='ocr_par' dir='ltr' id='par_1_112' title="bbox 2236 5051 3804 5152">
     <span class='ocr_line' id='line_1_112' title="bbox 2236 5051 3804 5152; baseline -0.003 -20"><span class='ocrx_word' id='word_1_872' title='bbox 2236 5077 2502 5134; x_wconf 83' lang='lat' dir='ltr'><strong>lurnmodo</strong></span> <span class='ocrx_word' id='word_1_873' title='bbox 2526 5087 2815 5142; x_wconf 90' lang='lat' dir='ltr'><strong>asseverat,</strong></span> <span class='ocrx_word' id='word_1_874' title='bbox 2845 5093 2959 5146; x_wconf 89' lang='lat' dir='ltr'><strong>eos,</strong></span> <span class='ocrx_word' id='word_1_875' title='bbox 2985 5078 3235 5149; x_wconf 83' lang='lat' dir='ltr'><strong>quidquid</strong></span> <span class='ocrx_word' id='word_1_876' title='bbox 3263 5076 3325 5132; x_wconf 90' lang='lat' dir='ltr'><strong>de</strong></span> <span class='ocrx_word' id='word_1_877' title='bbox 3350 5051 3700 5152; x_wconf 38' lang='lat' dir='ltr'><strong>ipsorumﬁllﬂf“?</strong></span> 
     </span>
    </p>
   </div>
   <div class='ocr_carea' id='block_1_113' title="bbox 2239 5148 3698 5242">
    <p class='ocr_par' dir='ltr' id='par_1_113' title="bbox 2239 5148 3698 5242">
     <span class='ocr_line' id='line_1_113' title="bbox 2239 5148 3698 5242; baseline -0.001 -19"><span class='ocrx_word' id='word_1_878' title='bbox 2239 5169 2392 5240; x_wconf 88' lang='lat' dir='ltr'><strong>vulgo</strong></span> <span class='ocrx_word' id='word_1_879' title='bbox 2409 5169 2655 5239; x_wconf 88' lang='lat' dir='ltr'><strong>jactetur,</strong></span> <span class='ocrx_word' id='word_1_880' title='bbox 2681 5182 2937 5240; x_wconf 89' lang='lat' dir='ltr'><strong>pauperes</strong></span> <span class='ocrx_word' id='word_1_881' title='bbox 2956 5148 3094 5236; x_wconf 85' lang='lat' dir='ltr'><strong>esse,</strong></span> <span class='ocrx_word' id='word_1_882' title='bbox 3119 5148 3179 5223; x_wconf 84' lang='lat' dir='ltr'><strong>ac</strong></span> <span class='ocrx_word' id='word_1_883' title='bbox 3200 5167 3318 5223; x_wconf 89' lang='lat' dir='ltr'><strong>nihil</strong></span> <span class='ocrx_word' id='word_1_884' title='bbox 3338 5171 3494 5218; x_wconf 79' lang='lat' dir='ltr'><strong>secum</strong></span> <span class='ocrx_word' id='word_1_885' title='bbox 3511 5148 3698 5242; x_wconf 37' lang='lat' dir='ltr'><strong>adipi&quot;?</strong></span> 
     </span>
    </p>
   </div>
   <div class='ocr_carea' id='block_1_114' title="bbox 2235 5237 3800 5338">
    <p class='ocr_par' dir='ltr' id='par_1_114' title="bbox 2235 5237 3800 5338">
     <span class='ocr_line' id='line_1_114' title="bbox 2235 5237 3800 5338; baseline -0.012 -21"><span class='ocrx_word' id='word_1_886' title='bbox 2235 5237 2540 5318; x_wconf 77' lang='lat' dir='ltr'><strong>societatem</strong></span> <span class='ocrx_word' id='word_1_887' title='bbox 2584 5237 2851 5329; x_wconf 80' lang='lat' dir='ltr'><strong>attulisse,</strong></span> <span class='ocrx_word' id='word_1_888' title='bbox 2893 5263 2993 5316; x_wconf 91' lang='lat' dir='ltr'><strong>nisi</strong></span> <span class='ocrx_word' id='word_1_889' title='bbox 3041 5265 3234 5333; x_wconf 87' lang='lat' dir='ltr'><strong>ipsam,</strong></span> <span class='ocrx_word' id='word_1_890' title='bbox 3275 5271 3369 5328; x_wconf 87' lang='lat' dir='ltr'><strong>qua</strong></span> <span class='ocrx_word' id='word_1_891' title='bbox 3409 5237 3696 5338; x_wconf 91' lang='lat' dir='ltr'><strong>nihil</strong></span> 
     </span>
    </p>
   </div>
   <div class='ocr_carea' id='block_1_115' title="bbox 2238 5326 3692 5421">
    <p class='ocr_par' dir='ltr' id='par_1_115' title="bbox 2238 5326 3692 5421">
     <span class='ocr_line' id='line_1_115' title="bbox 2238 5326 3692 5421; baseline -0.008 -12"><span class='ocrx_word' id='word_1_892' title='bbox 2238 5361 2345 5420; x_wconf 88' lang='lat' dir='ltr'><strong>est,</strong></span> <span class='ocrx_word' id='word_1_893' title='bbox 2385 5353 2714 5408; x_wconf 84' lang='lat' dir='ltr'><strong>charitatem.</strong></span> <span class='ocrx_word' id='word_1_894' title='bbox 2775 5326 3082 5407; x_wconf 78' lang='lat' dir='ltr'><strong>subdiaconi</strong></span> <span class='ocrx_word' id='word_1_895' title='bbox 3142 5326 3317 5421; x_wconf 76' lang='lat' dir='ltr'><strong>pariter</strong></span> <span class='ocrx_word' id='word_1_896' title='bbox 3357 5345 3568 5415; x_wconf 67' lang='grc' dir='ltr'><strong>ρανρσεδ</strong></span> <span class='ocrx_word' id='word_1_897' title='bbox 3595 5326 3692 5421; x_wconf 59' lang='lat' dir='ltr'><strong>&quot;mf</strong></span> 
     </span>
    </p>
   </div>
   <div class='ocr_carea' id='block_1_116' title="bbox 2237 5415 3691 5517">
    <p class='ocr_par' dir='ltr' id='par_1_116' title="bbox 2237 5415 3691 5517">
     <span class='ocr_line' id='line_1_116' title="bbox 2237 5415 3691 5517; baseline 0 -18"><span class='ocrx_word' id='word_1_898' title='bbox 2237 5415 2346 5500; x_wconf 84' lang='lat' dir='ltr'><strong>Deo</strong></span> <span class='ocrx_word' id='word_1_899' title='bbox 2388 5446 2638 5517; x_wconf 87' lang='lat' dir='ltr'><strong>propitio,</strong></span> <span class='ocrx_word' id='word_1_900' title='bbox 2685 5447 2880 5516; x_wconf 86' lang='lat' dir='ltr'><strong>inquit,</strong></span> <span class='ocrx_word' id='word_1_901' title='bbox 2923 5415 3305 5500; x_wconf 75' lang='lat' dir='ltr'><strong>miscricordiam</strong></span> <span class='ocrx_word' id='word_1_902' title='bbox 3349 5433 3431 5489; x_wconf 67' lang='grc' dir='ltr'><strong>υιδ</strong></span> 
     </span>
    </p>
   </div>
   <div class='ocr_carea' id='block_1_117' title="bbox 2239 5497 3692 5616">
    <p class='ocr_par' dir='ltr' id='par_1_117' title="bbox 2239 5497 3692 5616">
     <span class='ocr_line' id='line_1_117' title="bbox 2239 5497 3692 5616; baseline -0.008 -28"><span class='ocrx_word' id='word_1_903' title='bbox 2239 5497 2890 5616; x_wconf 46' lang='grc' dir='ltr'><strong>ἰγὶιάετέρεξγᾶεξαιὶῖῌάιέ</strong></span> <span class='ocrx_word' id='word_1_904' title='bbox 2927 5497 3108 5591; x_wconf 50' lang='lat' dir='ltr'><strong>tum</strong></span> <span class='ocrx_word' id='word_1_905' title='bbox 3127 5497 3160 5590; x_wconf 64' lang='grc' dir='ltr'><em>ζ</em></span> <span class='ocrx_word' id='word_1_906' title='bbox 3175 5497 3330 5590; x_wconf 78' lang='lat' dir='ltr'><strong>nullas</strong></span> <span class='ocrx_word' id='word_1_907' title='bbox 3353 5497 3692 5616; x_wconf 53' lang='lat' dir='ltr'><strong>babeulcfltf‘:</strong></span> 
     </span>
    </p>
   </div>
   <div class='ocr_carea' id='block_1_118' title="bbox 2237 5600 3689 5700">
    <p class='ocr_par' dir='ltr' id='par_1_118' title="bbox 2237 5600 3689 5700">
     <span class='ocr_line' id='line_1_118' title="bbox 2237 5600 3689 5700; baseline -0.005 -17"><span class='ocrx_word' id='word_1_908' title='bbox 2237 5637 2390 5694; x_wconf 87' lang='lat' dir='ltr'><strong>tates,</strong></span> <span class='ocrx_word' id='word_1_909' title='bbox 2419 5600 2657 5698; x_wconf 47' lang='lat' dir='ltr'><strong>[inierunt</strong></span> <span class='ocrx_word' id='word_1_910' title='bbox 2691 5600 2867 5684; x_wconf 81' lang='lat' dir='ltr'><strong>mundi</strong></span> <span class='ocrx_word' id='word_1_911' title='bbox 2898 5629 3209 5700; x_wconf 81' lang='lat' dir='ltr'><strong>cupiditates.</strong></span> <span class='ocrx_word' id='word_1_912' title='bbox 3255 5622 3410 5678; x_wconf 71' lang='lat' dir='ltr'><strong>Vivent</strong></span> <span class='ocrx_word' id='word_1_913' title='bbox 3434 5600 3689 5700; x_wconf 45' lang='lat' dir='ltr'><strong>nfMWﬁ&#39;</strong></span> 
     </span>
    </p>
   </div>
   <div class='ocr_carea' id='block_1_119' title="bbox 2237 5677 3688 5788">
    <p class='ocr_par' dir='ltr' id='par_1_119' title="bbox 2237 5677 3688 5788">
     <span class='ocr_line' id='line_1_119' title="bbox 2237 5677 3688 5788; baseline -0.008 -14"><span class='ocrx_word' id='word_1_914' title='bbox 2237 5677 2470 5775; x_wconf 52' lang='lat' dir='ltr'><strong>societ&#39;a&#39;te</strong></span> <span class='ocrx_word' id='word_1_915' title='bbox 2492 5719 2762 5786; x_wconf 87' lang='lat' dir='ltr'><strong>communi,</strong></span> <span class='ocrx_word' id='word_1_916' title='bbox 2793 5735 2936 5774; x_wconf 87' lang='lat' dir='ltr'><strong>nemo</strong></span> <span class='ocrx_word' id='word_1_917' title='bbox 2961 5677 3043 5774; x_wconf 67' lang='lat' dir='ltr'><strong>eos</strong></span> <span class='ocrx_word' id='word_1_918' title='bbox 3070 5713 3316 5788; x_wconf 85' lang='lat' dir='ltr'><strong>distinguit</strong></span> <span class='ocrx_word' id='word_1_919' title='bbox 3337 5706 3392 5762; x_wconf 88' lang='lat' dir='ltr'><strong>ab</strong></span> <span class='ocrx_word' id='word_1_920' title='bbox 3414 5695 3514 5788; x_wconf 63' lang='grc' dir='ltr'><strong>ἔαξε.</strong></span> 
     </span>
    </p>
   </div>
   <div class='ocr_carea' id='block_1_120' title="bbox 2236 5777 3684 5882">
    <p class='ocr_par' dir='ltr' id='par_1_120' title="bbox 2236 5777 3684 5882">
     <span class='ocr_line' id='line_1_120' title="bbox 2236 5777 3684 5882; baseline -0.029 0"><span class='ocrx_word' id='word_1_921' title='bbox 2236 5812 2357 5882; x_wconf 68' lang='lat' dir='ltr'><strong>Wid</strong></span> <span class='ocrx_word' id='word_1_922' title='bbox 2391 5811 2678 5866; x_wconf 80' lang='lat' dir='ltr'><strong>attulerunt.</strong></span> <span class='ocrx_word' id='word_1_923' title='bbox 2711 5777 2980 5867; x_wconf 63' lang='lat' dir='ltr'><strong>Cbaritatis</strong></span> <span class='ocrx_word' id='word_1_924' title='bbox 3016 5811 3176 5864; x_wconf 82' lang='lat' dir='ltr'><strong>unitas</strong></span> <span class='ocrx_word' id='word_1_925' title='bbox 3214 5777 3504 5879; x_wconf 46' lang='lat' dir='ltr'><strong>{imponenda</strong></span> <span class='ocrx_word' id='word_1_926' title='bbox 3535 5785 3591 5832; x_wconf 68' lang='grc' dir='ltr'><strong>(τι</strong></span> <span class='ocrx_word' id='word_1_927' title='bbox 3617 5777 3684 5823; x_wconf 61' lang='grc' dir='ltr'><strong>’θ’</strong></span> 
     </span>
    </p>
   </div>
  </div>
