1929 3203
107 205 152 234 tm
487 192 492 199 '
710 199 810 228 LIBER
830 198 995 228 ocravus.

102 261 290 292 maculanda
298 260 451 287 Iuereditatis
459 260 553 294 (Serm.
562 259 645 287 5567i.
653 259 692 293 8).
709 259 745 285 Ex
758 259 874 286 diaconis

104 314 183 338 autem
197 307 218 335 si
236 307 280 342 qui
300 306 369 334 forte
390 310 519 333 venerant
533 306 559 332 in
578 305 755 339 suspicionem
776 304 873 331 deserti

104 353 216 391 propositi
227 351 258 379 ad
273 351 424 379 habendum
438 351 587 386 proprium;
605 350 655 377 hoc
669 350 702 377 ab
717 350 773 377 istis
787 350 874 376 nomi-

104 399 176 428 natim
191 397 391 433 singillatimque
404 397 521 432 purgatis
539 396 638 423 crimen
657 396 790 423 amolitur.
810 395 875 422 Ora-

105 446 192 474 tionem
213 443 325 478 denique
350 442 407 470 finit
432 443 458 469 in
485 443 541 469 haec
561 442 661 469 verba:
682 441 762 468 Nemo
785 442 874 468 taceret

105 499 177 519 mor
193 489 256 516 Dei:
267 490 326 524 quia
340 497 393 515 non
411 488 510 523 expedit
530 488 704 515 lacerantibus.
727 488 810 514 Servis
828 488 875 514 Dei

105 537 290 572 quidemmerces
309 536 382 571 falsis
394 534 587 561 detractionibus
608 535 693 561 crescit
703 544 712 567 ;
731 535 773 561 sed
788 537 875 561 crescit

106 583 171 610 etiam
190 589 255 616 patrm
276 580 474 607 detrahentibus.
499 580 625 607 Nolumus
649 588 707 606 cum
728 581 874 606 detrimento

107 634 178 657 eam
189 636 298 663 magnam
314 627 405 654 habere
416 627 563 653 mercedem.
582 626 607 652 Μ
610 627 666 652 irtus
680 626 713 652 ibi
729 626 872 658 habeamus,

108 679 206 702 attamen
215 673 337 700 vobiscum
347 672 382 699 ibi
391 680 521 707 regnemus
530 671 622 705 (Ibid,
638 680 664 698 η.
679 672 732 705 15).

17 730 22 749 ι
138 719 160 746 5.
174 717 271 746 Curatio
285 717 368 745 Paulo
382 722 408 744 et
422 717 544 744 Palladi-.2
556 718 605 743 hoc
620 717 712 743 eodem
724 724 792 743 anno
806 717 873 743 divi—

106 765 168 794 nitus
177 771 295 793 concessa
308 768 368 796 est;
383 763 452 798 quod
466 763 571 798 quidem
587 763 741 789 miraculum
757 770 807 789 non
826 763 874 789 fuit

106 811 212 843 uteris,
224 817 280 845 qua:
293 814 355 836 tunc
369 808 496 843 temporis
509 808 577 842 apud
592 808 737 842 Hipponem
753 815 798 841 per
812 808 872 834 Ste-

105 857 175 894 phni
183 856 298 892 martyris
310 855 434 890 reliquias
446 855 511 881 facta
526 859 586 880 sunt
597 853 646 888 (De
655 854 726 879 Civil.
738 853 793 883 Dei,
802 853 871 884 1.22,

105 902 263 938 e.8,n.20,in
271 907 324 929 not.
333 901 492 936 llincvero),
500 900 567 935 quod
577 900 609 927 ad
619 908 673 927 rem
683 901 815 934 grandius,
827 901 873 927 sed

106 954 155 978 tam
166 949 254 977 chrum
269 952 347 983 atque
367 947 470 974 illustre
482 967 489 979 ,
505 950 533 973 ut
548 947 573 973 in
589 954 619 973 ea
633 946 697 973 urbe
712 947 873 980 reperiretur

25 991 34 1021 ὲ
110 995 196 1027 nntius,
211 994 250 1029 qui
267 993 316 1021 hoc
341 1001 394 1020 non
415 992 526 1019 vidisset
552 992 594 1018 vel
615 992 759 1023 didicisset,
787 992 874 1018 nullus

27 1045 38 1076 θ
111 1041 152 1076 qui
173 1039 272 1067 oblivisci
302 1038 356 1066 ulla
390 1039 491 1065 ratione
521 1042 611 1072 posset
636 1037 730 1071 (Ibid.,
759 1046 783 1063 η.
815 1038 871 1071 22).

29 1088 38 1118 ε
105 1085 219 1114 Caesarea:
244 1085 270 1111 in
301 1083 467 1118 Cappadocia
500 1083 598 1109 familia
622 1087 679 1110 erat
702 1091 754 1109 non
771 1083 873 1117 ignobi-

28 1094 42 1135 ἱ

17 1270 45 1358 i

20 1822 60 2004 l

12 2004 46 2140 l

14 2140 31 2186 ι

14 2186 26 2232 ι

13 2232 25 2278 l

3 2551 23 2599 l'

1 2599 21 2735 ξ

6 2735 74 2829 \

118 2874 302 2895 ..πυ-ιω,
323 2874 377 2896 quo
390 2874 419 2889 ne
434 2874 457 2897 μι

39 2874 68 3172 ἶ
119 2904 259 2941 παίω,
272 2914 335 2936 cum
349 2907 456 2943 nequoi

106 1131 147 1164 lis,
163 1138 237 1166 eaque
250 1130 338 1158 liberis
353 1130 455 1162 decem,
472 1129 595 1156 nimirum
625 1134 726 1163 septem
748 1129 873 1156 masculis

103 1184 133 1204 ac
153 1175 245 1203 fetuinis
285 1175 369 1202 tribus
406 1179 548 1205 constans;
584 1174 651 1200 inter
678 1181 743 1207 quos
778 1174 873 1200 Paulus

103 1225 194 1250 sanun
213 1220 259 1248 sibi
290 1220 388 1253 locum,
409 1219 523 1246 Palladia
551 1219 691 1253 septimum
712 1219 871 1245 vindicabat.

102 1264 203 1301 (inﬂigit
222 1269 308 1292 autem
332 1269 362 1291 ut
379 1269 453 1299 patre
471 1263 612 1295 defuncto,
635 1271 686 1290 non
709 1264 797 1290 multis
817 1269 875 1297 post

102 1311 163 1339 illius
175 1311 272 1338 obitum
283 1310 388 1342 diebus,
404 1317 463 1337 cum
479 1310 573 1336 fratres
587 1316 678 1335 omnes
688 1309 758 1336 domi
774 1315 872 1340 essent,

103 1361 157 1384 nu
167 1356 292 1383 maximus
307 1360 417 1383 matrem
432 1354 537 1382 viduam
550 1354 673 1389 gravibus
686 1359 763 1388 atque
780 1354 874 1381 intole-

47 1403 56 1413 ⁸
105 1401 306 1429 mdiuﬁiceret
319 1401 438 1436 injuriis,
454 1401 479 1427 in
491 1404 592 1427 tantum
607 1404 631 1426 ut
644 1400 668 1426 ei
684 1400 761 1426 etiam
781 1408 874 1428 manus

104 1447 281 1476 mdubitaret
293 1447 408 1478 inferre;
425 1447 497 1474 nullo
510 1447 616 1473 interim
641 1454 655 1473 e
674 1446 809 1478 fratribus,
826 1455 874 1473 nc-

101 1501 150 1530 qne
163 1494 319 1530 impietatem
337 1494 407 1521 illam
428 1497 553 1526 curante,
579 1500 662 1527 neque
681 1493 761 1520 verbo
781 1494 873 1520 saltem

105 1539 181 1568 hirta
195 1540 322 1567 insaniam
340 1543 488 1566 coercente.
511 1538 583 1565 Hanc
604 1543 656 1565 tam
673 1543 788 1565 atrocem
804 1539 874 1572 inju-

105 1585 264 1613 riarntnulier
277 1585 369 1612 infelix
383 1584 554 1612 acerbissime
573 1584 646 1616 tulit,
664 1585 696 1610 ita
712 1589 740 1610 ut
758 1584 808 1610 illis
823 1585 875 1610 ira-

107 1630 195 1659 cundi:
210 1631 342 1663 motibus,
358 1631 402 1665 qui
425 1631 499 1657 sexui
521 1630 561 1656 isti
584 1638 709 1664 perquam
734 1630 875 1656 familiares

109 1681 167 1710 aut,
178 1682 288 1705 esttrans
305 1677 427 1704 dolorem
442 1684 517 1703 suum
532 1677 621 1703 ulcisci
639 1677 813 1711 primogenita
828 1684 876 1702 suo

109 1720 156 1749 (in
166 1721 328 1758 imprecando
337 1722 514 1749 constituerit.
528 1721 591 1748 Cum
605 1727 688 1748 autem
704 1723 737 1747 ad
747 1723 811 1747 sacri
826 1722 876 1747 Ba‘

112 1767 214 1802 ﬁniatis
224 1769 327 1804 fontem,
343 1768 426 1803 inquit
441 1769 466 1794 in
483 1767 571 1794 libello
585 1768 727 1794 curationis
743 1775 796 1794 sua:
814 1768 876 1794 Pau-

103 1811 153 1846 λι,
168 1819 216 1848 pou
231 1813 356 1849 gallorum
373 1819 461 1840 cantus
474 1818 609 1839 memorato
625 1814 677 1846 [ilio
691 1822 736 1839 suo
751 1814 814 1839 iram
830 1813 876 1839 Dei

112 1858 255 1894 ilpreoattmt
275 1864 439 1895 properaret;
459 1864 517 1885 tunc
538 1859 559 1885 ei
581 1860 662 1885 nescio
675 1860 729 1892 quis
749 1860 774 1885 in
793 1860 877 1892 patrui

112 1905 350 1937 matridmilitudine,
366 1910 391 1931 ut
402 1905 560 1939 intelligitur,
572 1904 670 1931 dromon
684 1906 800 1937 occurrit,
813 1910 834 1930 et
845 1905 875 1931 ab

112 1950 273 1985 “prior,qu
286 1955 413 1986 pergeret,
429 1951 565 1984 requisivit.
582 1950 628 1976 Cui
645 1951 704 1982 illa,
721 1952 754 1976 ad
770 1952 875 1977 maledi-

113 1995 200 2023 Mm
219 1996 270 2030 ﬁlio
285 2004 333 2023 suo
355 1996 384 2022 ob
405 1996 585 2022 intolerabilem
606 1997 779 2022 contumeliam
800 2006 826 2023 sc
841 1998 877 2023 ire

113 2041 227 2076 ηιμηάι.
243 2041 312 2068 Tunc
326 2046 410 2068 autem
422 2041 465 2067 ille
475 2042 599 2073 inimicus,
615 2043 733 2076 quoniam
750 2043 775 2068 in
790 2043 875 2069 multe-

112 2085 143 2112 ἡ
159 2087 224 2114 uide
243 2087 382 2114 ineaniente
403 2087 484 2113 locum
507 2087 580 2121 facile
601 2088 710 2113 invenire
730 2088 826 2122 potuit,
851 2092 877 2114 ut

113 2132 387 2166 “malediceret,
410 2134 539 2167 persuasit.
558 2133 610 2159 Illa
624 2138 707 2159 autem
721 2134 825 2168 vipereis
838 2135 877 2160 in-

116 2177 347 2212 Mcomiliie,
359 2187 458 2206 sacrum
466 2182 559 2214 fontem
573 2180 703 2214 provoluta
713 2180 840 2213 corripuit.
853 2185 876 2206 et

104 2224 196 2257 τηρεε
207 2225 310 2253 crinibus
327 2226 476 2260 nudatisque
490 2225 604 2252 uberibus
618 2226 663 2252 hoc
680 2234 695 2251 a
711 2225 763 2252 Deo
778 2227 876 2260 potissi-

114 2275 169 2296 η-
179 2272 313 2306 postulauit,
328 2276 355 2298 ut
366 2276 475 2298 extorres
488 2272 570 2306 patria
584 2276 606 2297 et
621 2272 797 2298 circumeuntes
813 2273 874 2297 alio»

101 2319 254 2351 -.-umte,
276 2325 350 2345 omne
373 2317 501 2344 hominum
524 2325 601 2351 genus
624 2322 707 2344 nostro
732 2323 877 2344 teneremus

113 2362 209 2397 “pla
220 2362 313 2398 (Serm.
327 2362 402 2398 522).
419 2362 526 2390 Precem
536 2384 542 2393 ,
557 2371 635 2397 quam
649 2363 672 2390 ei
691 2363 766 2390 dolor
780 2372 876 2398 sugge-

108 2405 183 2440 litat,
192 2408 288 2436 audivit
300 2409 381 2441 Deus,
391 2413 418 2435 et
428 2408 595 2443 quantumvis
606 2409 732 2435 scelerata
744 2409 786 2434 illa
798 2408 874 2441 foret,

106 2454 222 2481 ιιι-ιω
236 2460 266 2481 ea
280 2461 374 2488 passus
385 2458 426 2480 est
438 2453 541 2480 exorari
553 2462 559 2478 :
576 2453 672 2487 quippe
685 2461 744 2480 cum
762 2454 782 2480 is
796 2454 877 2480 unde-

107 2500 209 2534 Magno
221 2499 307 2534 justus
321 2499 371 2532 sit,
389 2499 494 2526 nonnisi
506 2499 604 2532 justum
623 2499 704 2533 ipsius
717 2499 816 2533 judicio
832 2499 878 2525 ba-

107 2539 248 2579 Vbtripotast
265 2545 291 2572 in
307 2545 376 2571 ﬁlios
393 2544 520 2571 adversus
533 2548 643 2571 matrem
663 2544 804 2578 impietatis
818 2553 877 2572 reos

107 2586 311 2618 (ωηιξη.
336 2589 418 2624 Major
439 2594 500 2616 natu
521 2597 536 2617 e
560 2589 670 2624 vestigio
692 2590 740 2616 fuit
762 2594 877 2616 tremore

113 2631 213 2662 ἣνῆίῆ
225 2640 374 2670 arreptus,
388 2643 441 2670 quo
454 2635 505 2670 ipsi
516 2636 596 2662 etiam
613 2635 680 2662 inter
692 2635 876 2663 dormiendum

116 2678 213 2707 hin
223 2680 417 2716 quatiohantur.
431 2680 497 2707 Tum
511 2681 578 2707 alios
595 2681 687 2708 fratres
702 2688 860 2716 sororesque
869 2703 875 2713 ,

116 2723 236 2752 “dum
247 2725 368 2753 ordinent
380 2733 432 2761 quo
444 2726 496 2753 nati
508 2730 593 2759 erant,
607 2727 675 2753 intra
689 2735 767 2752 unum
780 2734 877 2754 annum

108 2763 244 2798 iam
259 2777 354 2799 omnes
366 2778 445 2806 pinna
456 2772 583 2806 corripuit
598 2771 648 2807 (De
665 2771 737 2798 Civil.
757 2771 817 2802 Dei,
832 2772 875 2798 lib.

100 2808 152 2845 ’λλ
161 2820 212 2850 Olp-
223 2815 250 2850 l,
265 2824 292 2844 tt.
305 2815 363 2852 ἥ).
379 2816 474 2844 Misera
488 2823 520 2844 ac
531 2817 669 2844 maledicta
681 2824 773 2851 parcns
786 2824 818 2844 eo
830 2825 878 2852 pu-

108 2856 302 2895 iam,
323 2868 377 2896 quo
390 2869 419 2889 se
433 2862 580 2897 promptius
603 2862 757 2897 pleniusque
774 2862 879 2890 videbat

119 2904 259 2941 “tam,
272 2914 335 2936 cum
349 2914 435 2943 neque
447 2907 588 2943 impietatis
604 2916 659 2937 sure
673 2909 860 2936 conscientiam
869 2929 877 2942 ,

1244 168 1292 180 1“.

1661 202 1714 233 538

928 266 1014 293 neque
1025 259 1195 294 opprobrium
1212 259 1349 287 hominum
1360 259 1430 289 ferre
1446 259 1545 289 diutius
1558 265 1659 296 posset,
1672 262 1713 290 la-

926 311 994 338 queo
1006 308 1096 339 guttur
1108 305 1257 340 astringens
1265 325 1273 339 ,
1286 304 1433 333 luctuosam
1444 306 1525 334 vitam
1538 307 1653 335 termino
1667 307 1712 335 fu-

926 350 1041 377 nestiore
1054 350 1183 379 conclusit
1196 351 1291 387 (Serm.
1303 351 1377 386 322).
1390 351 1423 380 Et
1434 352 1473 380 sic
1483 360 1533 380 una
1545 352 1643 382 familia
1656 358 1712 382 tum

926 395 1004 429 ﬁlios,
1018 404 1098 432 quem
1116 396 1244 425 honorem
1256 397 1485 433 obedientiamque
1496 400 1650 433 parentibus
1662 400 1712 429 de-

926 441 1032 475 berent,
1048 442 1170 475 edocuit,
1188 446 1244 470 tum
1260 447 1394 478 parentes,
1416 450 1450 470 ne
1461 443 1502 470 sui
1515 444 1629 472 nominis
1642 445 1711 474 obli-

926 488 1100 521 viscerentur.
1124 496 1191 516 neve
1213 488 1354 516 iracundiae
1377 488 1478 524 impetu
1502 496 1562 517 sese
1586 490 1712 521 adversus

928 533 996 561 ﬁlios
1017 534 1101 570 abripi
1120 534 1255 568 sinerent,
1270 534 1416 563 admonuit.
1439 534 1527 563 Liberi
1539 542 1710 571 conspectum

926 580 1021 607 civium
1029 587 1136 608 suorum
1145 580 1172 607 in
1180 580 1292 615 lugendo
1300 580 1346 608 illo
1354 584 1424 608 statu
1432 588 1484 608 non
1492 580 1617 615 ferentes,
1626 583 1712 617 patria

926 630 1107 659 excesserunt,
1116 629 1144 653 et
1149 625 1217 653 alius
1226 625 1288 659 alio,
1298 630 1376 661 prout
1384 626 1478 661 cuique
1486 627 1591 662 placuit,
1601 627 1712 663 profecti

925 675 1003 703 sunt;
1024 675 1102 706 atque
1123 671 1157 698 ad
1175 678 1236 698 eum
1258 671 1366 699 modum
1390 676 1445 699 toto
1464 679 1532 707 pene
1550 673 1713 708 vagabantur

926 715 991 743 orbe
1010 715 1147 749 Romano,
1170 716 1304 743 miseriam
1325 723 1400 743 suam
1418 716 1536 745 omnium
1556 717 1712 748 exhibentes

925 760 1009 788 oculis
1030 760 1081 795 (De
1096 760 1169 788 Ciuit.
1185 760 1242 794 Dei,
1257 761 1301 788 lib.
1316 761 1361 794 22,
1379 770 1437 797 cap.
1450 763 1478 793 8,
1492 771 1519 789 η.
1532 762 1590 798 22),
1607 772 1711 793 necnon

925 806 1055 840 superbos
1078 806 1200 841 exemplo
1219 807 1339 842 supplicii
1363 807 1406 835 sui
1424 807 1588 837 deterrentes
1607 809 1711 844 (Serm.

926 851 987 884 525,
1009 860 1035 878 η.
1051 852 1090 887 1).
1106 851 1244 880 Secundus
1262 852 1371 880 fratrum
1391 853 1524 881 Ravenna:
1542 855 1712 891 reliquiarum

925 897 1008 924 sancti
1019 897 1165 930 Laurentii,
1173 905 1231 932 qua:
1239 898 1292 926 illic
1298 905 1389 926 recens
1396 898 1532 927 collocata:
1540 899 1653 934 fuerant,
1660 908 1711 936 ope

925 943 1064 970 sanitatem
1078 944 1254 978 recuperavit.
1268 943 1364 972 Paulus
1374 951 1405 972 ac
1415 944 1531 973 Palladia
1541 946 1599 973 loca
1610 947 1710 981 omnia,

925 987 952 1014 in
965 987 1060 1023 quibus
1074 988 1129 1015 fieri
1141 988 1267 1016 miracula
1278 988 1440 1023 dicerentur,
1453 997 1549 1025 magno
1561 991 1653 1019 salutis
1664 1000 1708 1020 re-

925 1033 1054 1068 cipienda
1064 1033 1195 1061 desiderio
1205 1034 1323 1069 petituri,
1333 1041 1394 1062 sese
1403 1035 1453 1062 vite
1463 1036 1639 1064 committunt.
1652 1037 1711 1071 Quo

925 1078 1038 1112 factum,
1054 1083 1083 1106 ut
1099 1078 1178 1106 variis
1191 1079 1219 1106 in
1232 1079 1384 1114 regionibus
1405 1080 1511 1108 miseria
1525 1088 1570 1108 sua
1590 1082 1710 1111 celebres

925 1124 1078 1152 evaderent.
1089 1124 1192 1152 Petiere
1201 1124 1270 1152 inter
1279 1124 1343 1152 alias
1353 1125 1432 1153 urbes
1441 1126 1577 1154 Anconem
1589 1127 1615 1155 in
1626 1128 1711 1162 Italia,

925 1173 1006 1204 atque
1018 1169 1120 1197 Uzalim
1136 1170 1163 1197 in
1177 1169 1280 1203 Africa.
1296 1174 1434 1205 utramque
1448 1175 1556 1207 propter
1569 1172 1639 1200 beati
1651 1173 1711 1201 Ste-

926 1218 1007 1252 phani
1021 1218 1147 1246 miracula
1164 1217 1304 1253 insignem.
1318 1218 1504 1246 Verumtamen
1519 1219 1546 1247 in
1560 1224 1653 1248 neutra
1667 1228 1712 1248 re-

926 1263 998 1290 stitui
1012 1263 1038 1290 in
1058 1263 1197 1298 pristinum
1211 1267 1308 1291 statum
1325 1267 1449 1299 potuere;
1464 1269 1510 1292 aut
1524 1265 1611 1300 potius
1627 1266 1711 1300 Deus,

927 1309 970 1343 qui
984 1309 1056 1336 nullo
1069 1309 1174 1344 negotio
1185 1309 1209 1337 id
1219 1313 1324 1345 poterat
1333 1314 1469 1344 praestare,
1480 1310 1574 1345 noluit,
1587 1311 1712 1346 Hipponi-

927 1355 1010 1390 Regio
1032 1355 1203 1390 spectandam
1226 1355 1363 1390 utriusque
1380 1355 1543 1384 curationem
1564 1363 1712 1385 reservans.

927 1400 1015 1434 Quare
1027 1400 1090 1428 illud
1104 1401 1143 1428 cis
1155 1400 1312 1436 signiﬁcavit
1324 1400 1463 1428 manifesta
1474 1401 1586 1436 quadam
1600 1402 1658 1437 ipso
1667 1402 1714 1430 ka-

928 1446 1064 1474 lendarum
1079 1446 1258 1481 jauuariarum
1278 1445 1322 1473 die
1335 1446 1453 1478 visione,
1471 1454 1531 1481 qua:
1550 1447 1634 1474 tribus
1652 1452 1715 1476 ante

928 1492 1079 1525 mensibus,
1102 1499 1180 1527 quam
1205 1491 1256 1519 hoc
1277 1491 1369 1526 ﬁeret,
1384 1491 1488 1519 accidit.
1512 1492 1553 1519 Ait
1574 1493 1639 1520 enim
1652 1493 1715 1520 nti/ﬁ

928 1538 1039 1572 quidam,
1056 1543 1085 1565 ut
1095 1537 1271 1572 Augustinum
1281 1537 1418 1573 alloquens
1428 1537 1525 1565 Paulus
1534 1538 1580 1566 ille
1592 1542 1713 1574 testatur,

928 1589 1029 1619 aspectu
1042 1584 1126 1611 clarus
1136 1604 1142 1616 ,
1156 1589 1179 1611 et
1190 1584 1298 1611 candido
1309 1584 1377 1610 crine
1388 1584 1549 1618 uenerabilis,
1567 1585 1635 1621 quod
1648 1586 1715 1613 intra

929 1631 1029 1658 tertium
1044 1638 1153 1657 mensem
1167 1630 1309 1657 desiderata
1324 1634 1385 1658 esset
1398 1630 1458 1657 mihi
1472 1631 1567 1658 sanitas
1583 1631 1713 1665 adfutura.

929 1677 1019 1704 Sorori
1032 1681 1115 1704 autem
1132 1684 1193 1704 mm
1208 1677 1235 1703 in
1247 1677 1341 1703 visions
1353 1676 1482 1704 Sanctitas
1494 1681 1537 1703 tua
1546 1676 1573 1703 in
1584 1685 1614 1704 ea
1626 1677 1714 1712 efﬁgie,

927 1724 956 1750 in
968 1731 1018 1758 qua
1030 1727 1053 1750 te
1070 1726 1202 1758 prasente:
1216 1722 1341 1756 uidentur,
1356 1722 1474 1758 apparuit
1489 1730 1498 1749 :
1511 1731 1555 1757 per
1567 1722 1633 1758 quod
1645 1724 1716 1751 nobis

929 1770 1096 1805 signiﬁcatum
1115 1773 1152 1796 est
1170 1769 1204 1796 ad
1220 1769 1296 1796 ictum
1314 1769 1397 1796 locum
1416 1777 1462 1796 nos
1484 1769 1568 1796 uenire
1589 1769 1712 1797 debuisse.

930 1813 1000 1841 Nam
1021 1818 1044 1841 et
1057 1822 1102 1849 ego
1114 1814 1299 1842 Beatitudinem
1316 1819 1384 1841 tuam
1398 1814 1490 1850 saepius
1504 1819 1590 1850 postea
1603 1815 1717 1843 videbam

929 1867 974 1894 per
991 1859 1055 1886 alias
1073 1859 1184 1886 civitates
1204 1859 1231 1886 in
1254 1859 1358 1892 itinere,
1384 1867 1433 1894 quo
1455 1859 1626 1893 cernebamus,
1642 1860 1717 1887 talem

930 1914 1043 1941 prorsus,
1056 1905 1157 1941 qualem
1165 1906 1240 1933 modo
1250 1905 1386 1940 conspicio.
1399 1905 1526 1932 Admoniti
1538 1914 1597 1941 ergo
1610 1906 1718 1933 evidenti

929 1951 1076 1979 auctoritate
1092 1951 1178 1978 divina
1193 1951 1227 1978 ad
1244 1951 1309 1977 hanc
1325 1951 1435 1977 venimus
1451 1950 1574 1977 civitatem
1592 1955 1650 1977 ante
1663 1950 1717 1978 dies

929 1998 1008 2033 ferme
1020 1997 1160 2032 quindecim
1172 1996 1268 2032 (Serm.
1282 1995 1357 2030 522),
1373 1995 1498 2022 nimirum
1508 1995 1613 2022 circiter
1622 1999 1716 2023 octavo

929 2042 989 2069 idus
1010 2041 1127 2069 martias.
1145 2041 1193 2068 llic
1213 2040 1307 2068 diebus
1333 2040 1444 2075 singulis
1470 2039 1624 2072 ecclesiam,
1639 2044 1666 2067 et
1688 2039 1716 2067 in

928 2095 960 2116 ea
982 2087 1137 2115 memoriam
1158 2086 1241 2114 sancti
1264 2085 1391 2121 Stephani
1411 2084 1629 2119 frequentabant,
1651 2084 1717 2112 fusis

931 2133 1055 2169 lacrymis
1076 2136 1276 2168 comprecantes
1296 2131 1396 2163 Deum,
1421 2134 1450 2157 ut
1463 2135 1490 2157 et
1508 2130 1557 2157 sibi
1580 2135 1716 2164 peccatum

933 2179 1094 2213 ignosceret,
1118 2182 1145 2205 et
1165 2180 1282 2212 optatam
1303 2175 1482 2203 valetudinem
1503 2175 1661 2202 restitueret.
1684 2175 1716 2202 Et

932 2224 995 2255 illic,
1011 2228 1037 2250 et
1045 2230 1211 2258 quacumque
1224 2222 1306 2254 ibant,
1320 2220 1509 2248 convertebant
1523 2220 1548 2246 in
1559 2227 1589 2246 se
1602 2219 1716 2246 civitatis

929 2274 1075 2304 aspectum.
1092 2269 1125 2295 Et
1138 2267 1276 2299 nonnulli,
1295 2267 1340 2301 qui
1361 2273 1407 2293 eos
1426 2266 1488 2292 alibi
1503 2264 1636 2298 viderant,
1651 2272 1715 2292 cau-

930 2322 1037 2349 samque
1051 2313 1172 2341 tremoris
1183 2320 1276 2340 eorum
1290 2316 1427 2345 noverant,
1443 2311 1512 2343 aliis,
1526 2315 1554 2338 ut
1563 2311 1658 2346 cuique
1671 2319 1717 2346 po-

930 2363 1025 2391 terant,
1038 2358 1187 2385 indicabant
1197 2357 1246 2392 (De
1256 2356 1327 2384 Civil.
1337 2355 1395 2390 Dei,
1408 2356 1451 2383 lib.
1460 2355 1505 2387 22,
1517 2363 1573 2390 cap.
1584 2356 1611 2388 8,
1621 2364 1646 2382 η.
1656 2355 1716 2391 22).

964 2404 991 2432 6.
1007 2404 1084 2431 Venit
1097 2408 1123 2431 et
1137 2403 1246 2435 Pascha,
1262 2407 1341 2438 atque
1355 2402 1413 2437 ipso
1428 2402 1470 2430 die
1482 2401 1616 2430 dominico
1627 2410 1716 2436 mane,

930 2458 989 2478 cum
1002 2450 1056 2484 jam
1067 2449 1190 2484 frequens
1203 2449 1315 2484 populus
1328 2455 1445 2483 praesens
1458 2453 1538 2480 esset,
1554 2453 1581 2476 et
1593 2448 1644 2476 loci
1657 2456 1718 2476 san-

930 2497 964 2524 cti
975 2496 1116 2527 cancellos,
1132 2495 1175 2523 ubi
1189 2495 1343 2531 martyrium
1362 2498 1429 2527 erat,
1443 2494 1511 2521 idem
1523 2495 1627 2529 juvenis
1638 2502 1718 2522 orans

931 2546 1044 2575 teneret,
1053 2546 1159 2576 repente
1168 2544 1314 2576 prostratus
1321 2544 1372 2572 est,
1385 2545 1411 2567 et
1418 2539 1557 2567 dormienti
1567 2540 1718 2567 simillimus

928 2587 1010 2622 jacuit
1026 2595 1032 2613 :
1048 2594 1101 2614 non
1112 2591 1199 2614 tamen
1215 2590 1346 2617 tremens,
1360 2585 1427 2612 sicut
1440 2585 1519 2612 etiam
1535 2592 1581 2620 per
1593 2592 1717 2612 somnum

930 2634 1041 2661 solebat.
1066 2632 1238 2667 Stupentibus
1251 2631 1296 2666 qui
1310 2630 1436 2663 aderant,
1453 2635 1531 2665 atque
1544 2630 1602 2657 aliis
1617 2638 1717 2665 paven-

930 2679 1000 2706 tibus
1012 2699 1018 2711 ,
1032 2677 1092 2705 aliis
1104 2677 1252 2705 dolentibus
1263 2697 1270 2709 ,
1284 2684 1344 2704 cum
1358 2683 1418 2704 eum
1431 2675 1537 2711 quidam
1551 2675 1649 2703 vellent
1661 2675 1716 2702 eri-

930 2733 1002 2761 gere,
1016 2724 1135 2753 nonnulli
1150 2724 1354 2759 prohibuerunt.
1367 2727 1394 2750 et
1408 2723 1494 2758 potius
1507 2722 1606 2749 exitum
1620 2727 1716 2754 exspe-

929 2772 1055 2800 ctandum
1069 2779 1129 2799 esse
1142 2771 1266 2799 dixerunt
1276 2768 1378 2806 (lbid.).
1391 2768 1450 2804 Ipse
1462 2773 1549 2795 autem
1563 2767 1716 2793 alienatusa
1731 2764 1732 2769 “

930 2825 1028 2851 sensu,
1043 2817 1089 2844 ubi
1110 2822 1172 2844 tunc
1195 2815 1275 2844 fuerit
1288 2815 1409 2842 nescivit.
1434 2814 1544 2845 Verum,
1564 2819 1624 2839 cum
1636 2811 1717 2846 paulo

931 2867 991 2898 post
1011 2862 1187 2895 surrexisset,
1212 2862 1351 2889 liberatum
1370 2867 1399 2886 se
1415 2859 1449 2886 ab
1470 2857 1611 2892 agitatione
1630 2855 1674 2883 illa
1688 2860 1716 2883 et

932 2908 1049 2944 perfecte
1067 2911 1187 2936 sanatum
1199 2913 1258 2934 esse
1272 2904 1392 2939 cognovit
1412 2902 1508 2939 (Serm.
1525 2900 1598 2937 522).
1624 2899 1715 2933 Stabat
