3858 6412
629 431 738 493 ω

630 552 886 609 cessaria:
913 569 1033 609 nam
1056 551 1183 607 mihi
1207 551 1390 624 «ﬁcit
1414 550 1716 607 conscientia
1736 567 1866 604 mea.
1892 551 2031 605 Emit
2058 557 2208 607 etiam

629 644 868 714 spatium,
914 643 1089 715 pergit
1130 644 1476 716 Augustinus,
1519 642 1584 696 ab
1623 642 1722 697 ista
1760 651 1930 712 postea
1955 641 2202 708 Ecclesia,

543 745 551 754 ‘
629 744 812 791 nolunt
854 735 1008 802 vobis,
1041 743 1087 790 et
1111 751 1204 790 sua
1233 735 1444 806 pecunia
1471 733 1741 804 wdiﬁcaeit
1772 733 2008 799 domum;
2037 743 2083 788 et
2109 733 2205 788 hoc

629 827 803 883 nostis.
825 828 955 882 Ante
974 843 1162 898 paucos
1187 827 1294 882 dies
1310 828 1603 897 priusquam
1634 841 1913 882 sermonem
1947 825 2009 880 de
2033 826 2128 879 hac
2151 841 2208 880 re

629 920 858 975 haberem
890 920 1141 975 vobiscum
1161 960 1176 982 ,
1205 936 1316 974 eam
1347 919 1552 974 donavit
1579 917 1841 973 Ecclesiae.
1870 917 2206 988 Exspectabat

638 1011 772 1065 enim
799 1019 854 1064 ut
892 1026 1003 1064 eam
1048 995 1323 1078 perﬁceret,
1367 1017 1415 1064 et
1452 1012 1722 1080 perfectam
1762 1008 1989 1064 donaret.
2023 1008 2206 1064 Fabri-

627 1101 780 1156 candi
809 1109 976 1156 autem
1005 1101 1212 1156 domum
1239 1101 1507 1156 necessitas
1532 1100 1610 1155 illi
1630 1100 1770 1154 nulla
1799 1109 1935 1164 erat,
1967 1100 2065 1156 nisi
2086 1100 2206 1170 quia

628 1193 865 1264 cogitavit
887 1201 1096 1246 matrem
1121 1209 1264 1246 suam
1291 1193 1386 1246 huc
1416 1209 1522 1247 esse
1546 1201 1837 1256 venturam;
1863 1193 1907 1246 si
1933 1201 2097 1246 autem
2120 1208 2203 1246 ve-

626 1285 797 1350 nisset,
827 1285 881 1338 in
901 1301 953 1338 re
971 1285 1066 1354 ﬁlii
1089 1286 1167 1339 sui
1193 1284 1437 1340 habitaret
1465 1301 1483 1339 :
1505 1285 1655 1339 modo
1680 1287 1723 1340 si
1749 1286 1955 1350 uenerit,
1974 1287 2029 1340 in
2057 1302 2206 1358 opere

624 1375 722 1444 ﬁlii
744 1375 820 1430 sui
849 1375 1108 1429 habitabit.
1151 1373 1508 1430 Testimonium
1534 1375 1580 1429 ei
1605 1374 1836 1445 perhibeo
1856 1417 1870 1442 ,
1903 1392 2096 1446 pauper
2123 1393 2203 1430 re.

625 1469 858 1522 mansit:
892 1469 979 1522 sed
1010 1469 1063 1522 in
1105 1468 1366 1523 charitatis
1405 1469 1715 1539 possessione
1759 1469 2046 1539 permansit.
2094 1469 2202 1522 Ali-

622 1561 711 1630 qui
751 1561 934 1615 servuli
971 1561 1015 1614 ei
1059 1561 1234 1632 reliqui
1272 1565 1501 1632 fuerant,
1535 1561 1650 1632 jam
1689 1561 1888 1632 quidem
1929 1562 1984 1614 in
2027 1577 2204 1615 mona-

623 1654 773 1709 sterio
800 1655 1042 1718 viventes,
1071 1670 1195 1724 quos
1233 1663 1400 1708 tamen
1439 1652 1601 1709 Gestis
1637 1653 1984 1708 ecclesiasticis
2024 1669 2202 1708 manu-

623 1745 868 1798 missurus
902 1755 972 1799 est
1008 1745 1174 1798 hodie.
1212 1743 1377 1800 Nemo
1411 1761 1527 1815 ergo
1557 1745 1723 1810 dicat,
1757 1746 1892 1798 dives
1916 1753 2034 1798 est:
2056 1760 2201 1798 nemo

621 1838 898 1901 existimet,
928 1853 1068 1892 nemo
1096 1838 1228 1891 male
1253 1837 1511 1906 loquatur,
1543 1853 1686 1890 nemo
1714 1853 1768 1890 se
1791 1836 1958 1906 ipsum
1981 1836 2058 1890 vel
2085 1836 2200 1890 ani-

628 1944 764 1982 mam
783 1943 928 1981 suam
954 1929 1057 1982 suis
1076 1927 1302 1982 dentibus
1323 1926 1495 1980 leniet.
1539 1926 1810 1981 Pecuniam
1839 1927 2032 1981 nullam
2057 1925 2202 1981 habet

623 2027 890 2084 servatam,
905 2018 1098 2072 utinam
1107 2033 1256 2087 quant
1275 2017 1416 2070 debet
1435 2017 1686 2071 restituat!
1707 2016 1903 2087 (Serm.
1921 2016 2044 2082 556,
2060 2016 2200 2087 n.7.)

691 2132 744 2187 5.
799 2130 909 2186 Hoc
957 2130 1098 2200 apud
1142 2129 1532 2200 Hipponensem
1582 2129 1789 2198 plebem
1831 2130 2199 2185 testimonium

621 2224 814 2280 servati
840 2224 1008 2278 sancti
1040 2223 1294 2293 pr0positi
1325 2223 1535 2280 Eraclio
1561 2222 1733 2277 adhuc
1783 2224 1921 2278 inter
1944 2222 2200 2278 diaconos

619 2315 912 2370 constituto
950 2313 1098 2370 dedit
1123 2315 1479 2385 Augustinus;
1508 2313 1647 2369 illius
1676 2313 1814 2368 haud
1851 2313 2009 2369 dubie
2034 2315 2200 2369 virtus

619 2407 1004 2462 incrementum
1035 2405 1102 2461 ab
1127 2420 1192 2460 eo
1217 2415 1456 2476 tempore
1499 2421 1605 2460 non
1653 2403 1920 2460 modicum
1947 2414 2192 2476 ceperat,

617 2497 830 2569 quando
858 2499 1004 2553 illum
1031 2497 1389 2568 Hipponensis
1411 2497 1724 2568 Episcopus,
1755 2512 1861 2552 non
1888 2498 2047 2552 modo
2073 2515 2197 2569 pre-

618 2590 868 2664 spyterali
899 2604 1119 2644 munere
1148 2588 1365 2660 dignum
1387 2587 1660 2658 judicavit,
1697 2603 1881 2644 verum
1904 2589 2061 2644 etiam
2093 2590 2195 2646 sibi

617 2681 887 2750 adoptavit
916 2681 968 2736 in
996 2693 1380 2736 successorem.
1411 2679 1521 2735 Hoc
1547 2679 1760 2750 populo,
1799 2681 1873 2734 uti
1921 2680 2152 2735 diximus
2173 2723 2187 2745 ,

615 2769 926 2837 declaravit,
963 2780 1016 2826 et
1046 2771 1096 2825 in
1128 2771 1343 2826 nomine
1372 2769 1565 2826 Christi
1599 2770 1664 2825 ad
1705 2769 1836 2824 illud
1884 2785 2076 2825 munus
2099 2771 2195 2826 de-

615 2861 842 2932 signavit
873 2862 892 2932 (
911 2861 1078 2932 Epist.
1102 2861 1228 2926 215,
1263 2879 1314 2914 n.
1348 2861 1419 2931 5)
1455 2879 1467 2914 :
1497 2870 1658 2931 atque
1683 2870 1743 2914 ut
1764 2860 1948 2916 eadem
1971 2861 2060 2916 illa
2085 2877 2192 2929 res,

619 2937 761 3023 quod
789 2953 977 3007 attinet
1010 2950 1076 3005 ad
1102 2951 1344 3006 homines
1369 2992 1384 3016 ,
1417 2951 1566 3006 ﬁrma
1595 2960 1811 3021 rataque
1838 2959 2098 3016 maneret,
2129 2951 2197 3006 ad

615 3044 982 3097 auctoritatem
1023 3042 1380 3097 authenticam
1420 3041 1559 3096 actui
1603 3041 2006 3107 conciliandam,
2037 3041 2198 3110 jussit

615 3149 646 3188 a
673 3133 895 3188 notariis
913 3133 1310 3198 ecclesiasticis,
1334 3140 1390 3187 et
1417 3146 1508 3186 sua
1534 3132 1696 3200 ipsius
1722 3132 1899 3196 verba,
1934 3140 1988 3187 et
2017 3133 2196 3202 populi

615 3224 717 3278 sibi
745 3223 1113 3294 respondentis
1151 3222 1560 3278 acclamationes
1583 3263 1596 3286 ,
1645 3221 1767 3275 stilo
1812 3223 2003 3293 excipi.
2043 3221 2196 3289 Quod

619 3330 750 3370 vero
776 3314 842 3369 ad
870 3314 1153 3368 voluntatis
1185 3312 1377 3367 divinae
1417 3313 1606 3382 placita
1634 3327 1698 3367 ac
1719 3311 1958 3378 decreta,
1985 3313 2194 3384 plebem

615 3405 944 3472 adhortatur,
983 3414 1040 3458 ut
1078 3405 1276 3472 junctis
1315 3403 1562 3475 precibus
1585 3447 1599 3470 ,
1656 3419 1843 3460 eorum
1892 3422 2009 3476 qum
2051 3407 2192 3463 Deus

616 3497 668 3554 in
692 3495 821 3566 ipsis
839 3504 1088 3566 operatus
1108 3495 1298 3562 fuerat,
1319 3494 1778 3552 conﬁrmationem
1799 3497 1864 3552 ab
1883 3487 2068 3552 eodem
2092 3499 2192 3553 im-

615 3595 827 3660 petrare
853 3596 1092 3658 satagaut
1115 3604 1128 3640 :
1159 3586 1268 3641 Hoc
1283 3603 1400 3658 ergo
1428 3585 1559 3654 volo,
1584 3587 1769 3658 inquit,
1795 3587 1887 3641 hoc
1910 3607 1942 3641 a
1969 3589 2188 3645 Domino

614 3681 724 3737 Deo
750 3691 918 3736 nostro
941 3696 1073 3735 nunc
1100 3682 1248 3736 etiam
1273 3681 1327 3734 in
1354 3689 1498 3734 (etate
1531 3681 1716 3752 frigida
1737 3683 1860 3735 uotis
1888 3684 2190 3753 ferventibus

614 3789 797 3846 posco;
817 3773 909 3828 hoc
923 3785 976 3827 ut
997 3790 1186 3828 mecum
1205 3774 1376 3840 oretis,
1402 3774 1658 3841 exhortor,
1676 3773 1942 3840 admoneo,
1965 3792 2104 3846 rogo,
2136 3787 2190 3832 ut

613 3867 834 3921 omnium
846 3866 896 3920 in
910 3865 1225 3937 paceChristi
1235 3866 1430 3920 collatis
1442 3867 1729 3935 ctconﬂatis
1746 3867 1992 3921 mentibus
2009 3869 2190 3938 conﬁr-

611 3969 712 4013 met
735 3957 886 4025 Deus,
904 3959 1037 4027 quod
1052 3967 1284 4029 aperatus
1304 3968 1374 4012 est
1389 3958 1442 4010 in
1462 3958 1620 4011 nobis.
1644 3957 1745 4022 Qui
1762 3959 1892 4012 misit
1913 3959 2034 4012 mihi
2049 3977 2184 4022 eum,

610 4060 765 4105 servet
784 4066 921 4115 eum,
938 4059 1093 4104 seruet
1108 4047 1426 4113 incolumem,
1450 4058 1605 4103 servet
1630 4049 1738 4103 sine
1762 4050 2001 4115 crimine;
2025 4062 2077 4104 ut
2103 4053 2191 4123 qui

611 4143 731 4212 facit
764 4139 1002 4210 gaudium
1025 4139 1247 4204 viventis,
1273 4139 1439 4192 locum
1461 4140 1693 4209 suppleat
1719 4141 1976 4194 morientis
1994 4139 2183 4210 (Ibid.,

611 4249 663 4286 n.
687 4232 773 4302 2).
805 4231 1097 4286 Ardentius
1128 4239 1287 4301 atque
1311 4229 1505 4285 aﬁ‘cctu
1534 4231 1740 4300 plenius
1766 4233 1895 4286 nihil
1927 4233 2184 4303 reperias.

610 4325 911 4381 Heraclium
942 4338 1103 4394 porro
1129 4323 1228 4378 sibi
1251 4336 1615 4378 successorem
1645 4323 1951 4394 designasse
1975 4333 2188 4381 conten-

611 4427 712 4481 tus,
739 4416 1044 4486 episcopum
1075 4429 1197 4469 cum
1225 4413 1527 4468 consecrari
1558 4413 1742 4478 noluit,
1773 4414 1824 4468 in
1856 4415 1955 4469 hoc
1982 4417 2190 4472 scilicet

606 4518 882 4580 peccatum
930 4520 1052 4561 esse
1094 4504 1426 4567 existimans,
1471 4503 1611 4574 quod
1655 4504 1775 4558 vivo
1808 4504 2023 4560 Valerio
2071 4507 2184 4576 ipse

608 4602 795 4656 inisset
812 4607 1154 4656 consecratus
1172 4597 1357 4671 (Ibid.,
1379 4614 1468 4652 nn.
1497 4597 1551 4666 4,
1574 4595 1651 4670 5).
1673 4596 1824 4652 Illum
1848 4599 2005 4668 igitur
2027 4603 2077 4654 in
2099 4615 2187 4654 or-

608 4692 730 4748 dine
775 4692 1121 4762 presbyterali
1159 4691 1326 4747 voluit
1354 4705 1631 4746 remanere
1651 4731 1666 4754 ,
1695 4689 1860 4746 nihilo
1886 4700 2063 4746 tamen
2097 4707 2186 4746 se-

607 4785 723 4840 cius
743 4800 901 4840 omne
917 4784 1247 4855 negotiorum
1276 4783 1480 4854 pondus
1496 4783 1546 4838 in
1565 4783 1813 4840 eumdem
1827 4784 2070 4851 contulit,
2089 4799 2186 4855 po-

612 4877 791 4948 pulum
821 4877 1128 4942 obsecrans,
1170 4890 1368 4945 perque
1409 4873 1675 4930 Christum
1727 4875 2083 4946 obstringens,
2130 4886 2187 4930 ut

611 4969 666 5026 in
704 4969 1094 5042 emergen‘tibus
1134 4969 1360 5038 negotiis
1391 4967 1599 5024 adirent
1625 4967 1694 5022 ad
1722 4967 2047 5031 Heraclium,
2076 4982 2184 5039 quo

605 5062 684 5115 eis
729 5061 840 5131 ipse
889 5077 988 5132 pro
1028 5075 1122 5116 sua
1167 5058 1427 5129 sapientia
1455 5059 1790 5128 provideret,
1811 5060 1953 5114 vela
1979 5075 2038 5116 se
2068 5069 2185 5114 tan-

540 5139 546 5151 ”
604 5165 761 5221 quam
785 5165 815 5204 a
839 5158 1010 5220 patre,
1037 5149 1123 5202 ubi
1151 5147 1506 5202 necessarium
1536 5148 1794 5215 haberet,
1823 5150 2104 5204 consilium
2131 5161 2186 5206 et

607 5239 858 5294 auxilium
882 5247 1146 5308 posceret.
1177 5236 1292 5293 Non
1321 5237 1464 5292 enim
1485 5238 1749 5308 cogitabat
1770 5253 1867 5293 suo
1893 5255 1952 5294 se
1981 5241 2174 5310 populo

607 5327 943 5390 subtrahere,
968 5337 1059 5382 aut
1083 5327 1132 5382 ei
1163 5327 1268 5382 ullo
1306 5335 1460 5396 pacto
1498 5327 1688 5383 deesse
1719 5326 1771 5381 in
1812 5330 2129 5385 necessariis
2162 5349 2175 5384 :

608 5429 659 5475 at
701 5417 801 5474 sibi
831 5415 1193 5473 tantummodo
1218 5418 1451 5486 quietem
1481 5417 1709 5487 aliquam
1739 5433 1806 5472 eo
1832 5418 2010 5474 animo
2030 5435 2177 5489 quae-

607 5509 778 5576 rebat,
811 5524 915 5564 non
963 5516 1022 5563 ut
1064 5507 1320 5563 otiaretur
1349 5521 1411 5561 ac
1439 5522 1532 5578 per
1561 5506 1820 5563 desidiam
1867 5515 2074 5579 tempus
2105 5521 2182 5566 te-

605 5611 784 5668 reret,
815 5599 912 5656 sed
939 5607 996 5655 ut
1023 5613 1080 5654 se
1109 5606 1297 5663 totum,
1332 5598 1506 5670 quoad
1543 5597 1596 5654 in
1641 5598 1741 5654 hac
1769 5599 1875 5654 vita
1902 5613 2183 5671 superesse

541 5689 546 5693 ’
607 5694 752 5750 Deus
790 5690 1127 5757 concederet,
1157 5689 1549 5760 Scripturarum
1577 5690 1753 5746 studio
1781 5691 2036 5748 traderet.
2063 5692 2182 5750 iam

607 5795 731 5841 ante
762 5800 795 5840 a
823 5785 976 5841 nobis
1004 5783 1340 5840 observatum
1380 5793 1491 5852 est,
1519 5783 1624 5840 duo
1663 5785 1887 5841 concilia
1924 5785 2182 5843 Numidiae

609 5884 665 5932 et
688 5875 1030 5948 Carthaginis
1055 5875 1228 5936 eidem
1257 5883 1380 5935 ante
1425 5890 1622 5949 paucos
1659 5890 1824 5937 annos
1851 5877 2179 5936 commisisse

1779 434 1935 492 VITA
1971 435 2028 493 S.
2069 434 2433 495 AUGUSTINI
2470 437 2788 496 EPISCOPI.
3683 466 3752 526 ω

2318 551 2454 608 hanc
2479 555 2823 623 provinciam.
2848 555 2906 612 In
2931 571 3048 614 eam
3069 573 3180 616 rem
3205 562 3414 635 populus
3430 567 3494 624 illi
3515 571 3751 642 qttinosdiu

2312 659 2408 714 per
2452 644 2811 703 hebdomadas
2851 649 3086 721 singulas
3126 667 3459 714 concesserat.
3499 659 3654 721 Verum
3687 685 3752 728 non

2309 736 2401 792 diu
2431 737 2571 792 istud
2606 748 2876 796 servatum
2905 753 2989 797 est
3024 761 3038 798 :
3068 759 3236 815 neque
3275 747 3436 805 minus
3461 765 3591 809 mane
3611 772 3750 825 quam:

2309 829 2534 900 prandio
2565 846 2754 888 causas
2779 833 2965 890 audire
2989 835 3081 891 Vir
3107 846 3314 895 sanctus
3337 843 3603 913 cogebatur.
3627 849 3676 904 Et
3692 852 3752 909 hoc

2307 920 2523 990 quidem
2569 922 2685 990 iuit,
2727 940 2824 981 cur
2849 925 2990 996 plebi
3027 929 3359 999 supplicaret,
3399 935 3569 992 molem
3601 938 3699 996 hanc
3723 945 3754 1000 in

2308 1011 2610 1068 Heraclium
2669 1016 2942 1074 transferri
2991 1019 3210 1088 sineret,
3255 1035 3579 1098 annuerctque
3615 1050 3754 1105 :quan

2309 1105 2616 1174 petitionem
2671 1109 2802 1164 nihil
2850 1121 3092 1168 cunctata
3137 1115 3284 1184 plebs
3333 1128 3517 1188 gratam
3543 1138 3602 1179 se
3630 1125 3757 1186 habere

2307 1195 2622 1266 signiﬁcavit
2646 1197 2828 1271 (Ibid.,
2856 1219 2909 1256 n.
2931 1203 3010 1272 5).
3036 1203 3192 1260 Petiit
3212 1206 3418 1264 demum
3439 1212 3704 1283 Augustinus,
3723 1231 3760 1275 ut

2306 1288 2395 1357 qui
2443 1299 2680 1359 possent,
2723 1307 2903 1348 rerum
2943 1295 2998 1349 in
3038 1298 3312 1366 praesentia
3356 1310 3588 1370 gestarum
3621 1309 3758 1364 tabulas

2306 1381 2673 1453 obsignarent,
2701 1399 2868 1456 eaque
2893 1389 3071 1444 omnia
3099 1390 3319 1460 populus
3347 1393 3517 1450 ultimo
3535 1409 3608 1454 suo
3625 1400 3759 1454 suifra-

2303 1474 2391 1544 gio
2417 1478 2798 1544 communiret;
2828 1479 2968 1550 quod
2998 1490 3052 1536 et
3078 1480 3269 1538 factum
3297 1494 3378 1540 est
3405 1487 3529 1542 illico
3555 1491 3672 1544 variis
3697 1507 3758 1546 ac-

2303 1566 2725 1634 clamationibus,
2774 1587 2905 1640 quas
2955 1572 3169 1642 quidem
3213 1574 3264 1629 in
3313 1576 3548 1648 episcopis
3586 1581 3759 1651 eligend

2304 1660 2545 1729 usurpari
2570 1661 2771 1724 solitas,
2793 1677 2921 1718 vero
2940 1664 3113 1719 simile
3137 1674 3220 1719 est
3234 1665 3408 1737 (Ibid.,
3438 1685 3486 1722 n.
3511 1669 3574 1739 6).
3591 1669 3673 1725 Sub
3687 1673 3759 1727 hac

2305 1749 2398 1807 Vir
2438 1762 2653 1810 sanctus
2691 1757 2923 1825 perrexit
2947 1756 3014 1812 ad
3048 1757 3374 1815 oﬁ‘erendum
3398 1761 3758 1835 sacriﬁcium,»

2302 1843 2428 1913 pulo
2454 1844 2604 1913 prius
2631 1845 2870 1916 impense
2891 1847 3186 1925 admonito,
3215 1859 3271 1905 ut
3298 1864 3453 1906 sacrm
3477 1852 3606 1922 hujus
3625 1856 3756 1925 suppli-

2304 1935 2524 1990 cationis
2555 1935 2684 1991 hora
2713 1952 2773 1992 se
2811 1919 3039 2010 quisque
3061 1940 3127 1996 ab
3155 1941 3276 1996 aliis
3303 1943 3439 1998 curis
3470 1919 3752 2010 πευθώ-,ἀρ

2303 2025 2490 2080 sedulo
2535 2041 2634 2096 pro
2680 2027 3007 2098 Hipponensi
3034 2031 3292 2100 Ecclesia,
3318 2048 3412 2103 pro
3442 2049 3494 2090 se
3516 2044 3639 2106 atque
3658 2036 3758 2090 lien-

2302 2115 2407 2170 clio
2433 2127 2774 2187 precarentur
2808 2117 2991 2193 (Ibid.,
3019 2139 3071 2175 n.
3097 2123 3171 2192 7).
3191 2123 3385 2179 Ethice
3409 2139 3547 2194 porro
3567 2126 3755 2182 continent

2302 2205 2524 2278 hujusce
2543 2222 2834 2266 conventus
2861 2221 2998 2279 acta,
3020 2229 3138 2284 quae
3161 2215 3301 2270 inter
3325 2215 3670 2287 Augustinianas
3687 2220 3758 2288 θρὶ-
3817 2223 3819 2228 '

2301 2299 2466 2355 stolas
2493 2301 2690 2356 inserta
2709 2313 2850 2358 sunt.
2875 2304 3074 2360 Extant
3100 2305 3332 2362 Heraclii
3351 2309 3606 2380 presbyteri
3629 2324 3760 2364 sentio-
3813 2317 3818 2368 ἔ

2301 2407 2396 2446 nes
2421 2391 2528 2447 duo
2556 2411 2570 2448 :
2598 2411 2732 2449 unus
2747 2396 3044 2467 Augustino
3068 2410 3333 2468 praesente
3359 2401 3561 2467 habitus,
3581 2404 3712 2473 isquo
3726 2419 3760 2457 se

2301 2481 2388 2538 ille
2417 2485 2736 2554 praedicandi
2753 2488 2899 2543 verbi
2925 2489 3019 2545 Dei
3042 2493 3366 2560 provinciam
3387 2509 3536 2565 nuper
3554 2495 3761 2564 suscepisse

2301 2572 2616 2632 necessitate
2643 2581 2998 2650 compulsum,
3027 2592 3189 2654 atque
3235 2585 3362 2641 illud
3400 2587 3500 2656 jam
3525 2595 3620 2642 ante
3638 2585 3762 2656 pradi-
3807 2653 3810 2658 _

2299 2678 2424 2721 care
2441 2669 2668 2738 coepisse
2691 2671 3003 2742 proﬁtetur;
3032 2675 3169 2731 alter
3195 2676 3262 2731 de
3292 2678 3458 2732 verbis
3481 2677 3660 2743 Domini,
3679 2676 3762 2731 llat-
3805 2665 3810 2698 ⁷

2300 2755 2423 2811 ιὴωί
2445 2759 2615 2828 capite
2641 2760 2848 2819 decimo
2871 2775 3082 2834 quarto,
3114 2767 3207 2822 ubi
3234 2768 3476 2824 Dominus
3494 2785 3623 2840 super
3655 2782 3758 2839 aqtns

2300 2848 2632 2917 ambulavit,
2674 2860 2729 2908 et
2772 2853 2961 2911 Petrus
3009 2857 3273 2913 titubavit.
3317 2859 3594 2915 Maximinus
3625 2859 3762 2914 Arianae
3803 2895 3808 2918 -.

2299 2948 2459 2995 sectae
2487 2941 2785 3014 episcopus,
2807 2946 2898 3016 qui
2932 2948 3030 3002 sub
3054 2947 3198 3004 idem
3225 2959 3428 3021 tempus
3451 2951 3686 3022 Hipponem
3706 2964 3764 3004 re.

2299 3030 2397 3097 nit,
2425 3031 2684 3104 principio
2727 3035 3041 3108 disceptavit
3078 3055 3202 3096 cum
3244 3042 3480 3099 Heraclio
3517 3044 3602 3102 sive
3621 3041 3762 3096 Eraclio
3801 3047 3806 3086 ὲ

2300 3121 2648 3194 presbytero,
2705 3142 2802 3198 per
2855 3145 3013 3199 quem
3058 3143 3242 3202 postea
3284 3134 3395 3205 ipse
3433 3135 3685 3204 Augustinus
3723 3131 3766 3185 ad
3803 3139 3819 3206 y

2299 3213 2584 3270 ineundum
2612 3232 2731 3273 cum
2781 3220 2966 3276 eodem
3017 3222 3272 3280 hmretico
3307 3225 3590 3296 colloquium
3622 3229 3765 3278 vocatus
3805 3231 3808 3264 i

2298 3316 2383 3360 est
2409 3306 2630 3376 (Collat.
2657 3325 2772 3363 cum
2793 3309 3100 3380 Maximino,
3130 3331 3185 3368 n.
3222 3314 3306 3389 1).

2369 3397 2420 3451 4.
2450 3397 2594 3452 Libri
2622 3399 2688 3454 ad
2720 3401 3011 3457 monachos
3037 3404 3410 3462 Adrumetinos
3436 3422 3582 3475 neque
3604 3413 3688 3474 post
3705 3404 3764 3454 hoc

2299 3497 2528 3558 tempus,
2547 3506 2719 3562 neque
2745 3501 2870 3549 ante
2899 3495 3185 3566 conscripti
3205 3479 3363 3553 sunt‘:
3386 3491 3765 3569 quandoquidemin
3805 3505 3810 3538 ξ

2298 3577 2778 3637 Retractationibus
2802 3584 2942 3640 circa
2970 3599 3171 3641 annum
3206 3587 3702 3660 quadringentesimum
3719 3582 3764 3634 ti-

2295 3671 2555 3740 gcsinmm
2582 3673 2867 3742 septimum
2899 3674 3055 3731 editis
3081 3678 3596 3749 comprehenduntur,
3631 3681 3768 3729 ncclk
3805 3739 3808 3748 ι

2296 3779 2419 3819 men
2443 3763 2512 3817 ibi
2533 3765 2635 3819 nisi
2657 3766 2901 3821 ultimum
2924 3769 3098 3824 locum
3121 3780 3399 3842 occupant.
3422 3771 3534 3826 Erat
3549 3781 3671 3838 porro
3682 3759 3767 3832 apti
3805 3785 3810 3822 ;

2295 3853 2642 3909 Adrumetum
2667 3897 2681 3921 ,
2713 3856 2981 3914 civitatem
3024 3859 3078 3914 in
3123 3861 3381 3918 Bizaccna
3425 3859 3648 3933 provincia
3680 3853 3765 3909 cole
3811 3885 3813 3933 ε

2296 3945 2463 4008 brcm,
2497 3949 2879 4004 monachorum
2907 3955 3276 4023 congregatio,
3303 3956 3384 4010 cui
3407 3931 3519 4009 tunc
3540 3952 3666 4007 abbas
3685 3961 3767 4018 Ρη·

2294 4046 2408 4092 erat
2435 4038 2762 4094 Valentinus.
2791 4040 2926 4096 Cum
2947 4059 3015 4098 ex
3035 4048 3153 4113 ejus
3178 4046 3402 4101 alumnis
3426 4044 3608 4116 quidam
3627 4039 3767 4095 nomine
3807 4038 3814 4130 ι

2296 4129 2484 4185 Florus
2505 4173 2520 4198 ,
2557 4131 2622 4186 ad
2661 4133 2843 4189 urbem
2876 4134 3214 4202 Uzalensem,
3239 4154 3355 4209 qua:
3381 4138 3530 4210 patria
3559 4135 3682 4206 ipsius
3695 4130 3765 4192 luit.
3809 4167 3811 4210 ἰ

2293 4237 2394 4274 una
2423 4237 2542 4276 cum
2576 4221 2755 4279 Felice
2778 4224 3143 4282 Adrumctina:
3172 4230 3299 4285 item
3323 4223 3768 4299 congregationism-

2291 4312 2462 4368 nacho
2483 4314 2733 4378 venisset,
2761 4315 2806 4368 is
2830 4327 3094 4386 repertam
3135 4320 3244 4376 illic
3270 4321 3532 4392 Augustini
3555 4318 3609 4371 ad
3629 4315 3766 4370 Sixtum

2293 4403 2566 4472 epistolam
2597 4404 2789 4477 (Epist.
2823 4407 2975 4480 194),
3023 4409 3260 4468 dictante
3285 4414 3465 4469 eodem
3493 4410 3644 4473 Felice,
3673 4413 3768 4458 ιηη·

2293 4493 2500 4562 scripsit
2537 4495 2714 4566 (Apud
2758 4497 3112 4570 Augustinum,
3134 4501 3300 4573 Epist.
3348 4503 3466 4566 2l6,
3504 4519 3547 4555 η.
3577 4496 3636 4570 9).
3668 4493 3770 4548 Hanc
3807 4511 3809 4573 Ι

2291 4600 2436 4651 vero,
2455 4601 2573 4641 cum
2597 4588 2944 4646 Adrumetum
2964 4592 3119 4648 allata
3150 4606 3313 4663 esset,
3340 4598 3390 4652 in
3411 4597 3604 4651 alienum
3619 4597 3766 4643 sensum

2291 4686 2580 4746 rapuerunt
2609 4681 2848 4735 nonnulli
2873 4722 2889 4746 ,
2917 4683 3152 4753 quinque
3199 4685 3415 4742 forsitan
3443 4693 3523 4740 aut
3547 4697 3628 4737 non
3658 4674 3767 4731 multo

2289 4767 2470 4836 plures
2500 4769 2778 4835 monachi,
2810 4771 2899 4842 qui
2927 4773 2995 4827 ab
3021 4775 3180 4830 sociis
3203 4777 3313 4832 suis
3334 4819 3350 4843 ,
3380 4791 3501 4847 quos
3523 4771 3675 4828 rectius
3693 4762 3768 4832 θυί-
3805 4805 3807 4847 ;

2291 4859 2478 4915 stolam
2525 4861 2828 4933 intelligere
2871 4874 3074 4920 certum
3105 4879 3241 4933 erat,
3265 4865 3617 4924 contendebant
3635 4863 3686 4916 ita
3705 4859 3768 4910 tle-

2292 4950 2430 5005 l'endi
2460 4953 2702 5021 gratiam,
2730 4963 2786 5007 ut
2820 4954 3045 5010 liberum
3094 4959 3367 5014 arbitrium
3409 4958 3708 5012 adimeretur;
3733 4951 3769 4997 εί

2289 5058 2620 5116 consequens
2646 5055 2809 5112 esset,
2854 5047 3134 5105 Dominum
3175 5053 3228 5106 in
3267 5062 3494 5109 extremo
3524 5045 3772 5120 judicium!

2291 5135 2618 5191 redditurum
2675 5138 2959 5210 unicuique
3009 5143 3297 5198 secundum
3340 5157 3488 5214 Opera
3512 5133 3658 5208 cjus(

2290 5243 2340 5281 n.
2375 5229 2453 5298 ὅ).
2503 5228 2910 5299 ingravescente
2942 5233 2992 5286 in
3023 5233 3140 5288 dies
3169 5235 3409 5299 discidio,
3433 5250 3540 5290 cum
3563 5223 3768 5299 etiamimi

2289 5319 2443 5389 periti
2470 5319 2540 5373 illi
2568 5319 2620 5374 in
2663 5320 2952 5376 monachos
2998 5322 3304 5380 innocentes
3332 5322 3563 5379 invidiam

3807 3955 3814 4130 ι

3805 3953 3814 4130 .L

3805 4829 3808 5039 Ι

3741 5039 3808 5185 fi

3666 5223 3768 5281 nim‘

3666 5330 3688 5369 ιι
3756 5321 3766 5382 Ῐ

3666 5397 3770 5478 asoti

3666 5511 3696 5550 ts

3721 5626 3804 6328 1

3659 5129 3740 5186 ibid

2291 5501 2394 5557 ﬁcii
2424 5501 2504 5558 sui
2531 5517 2671 5570 esse,
2700 5501 2856 5574 hujus
2898 5505 2972 5560 rei
3021 5507 3230 5562 tandem
3258 5505 3570 5561 Valentinum
3594 5494 3696 5554 alibi

2289 5593 2595 5650 admonere.
2630 5595 2725 5650 llic
2768 5596 3046 5667 epistolam
3092 5599 3228 5654 illam
3260 5613 3380 5655 vere
3415 5581 3760 5668 Augustinieﬁﬁ

2289 5703 2455 5758 eaque
2483 5702 2589 5742 non
2627 5688 2784 5744 aliam
2827 5705 2986 5762 quam
3016 5692 3358 5748 orthodoxam
3397 5688 3652 5746 doctrinam

2289 5779 2507 5834 minime
2529 5779 2778 5836 dubitans
2803 5823 2818 5847 ,
2840 5783 3074 5839 animum
3101 5783 3304 5840 induxit
3345 5795 3540 5855 operam
3577 5775 3706 5834 dare.

2293 5873 2483 5946 impias
2512 5872 2628 5932 illas
2653 5876 2970 5947 quaestiones
2997 5878 3065 5936 ab
3090 5878 3292 5938 inscitia
3317 5871 3625 5950 quorumdam
3643 5882 3670 5925 ο
3685 5861 3743 5920 συί
