1929 3206
57 181 102 215 53

55 239 151 268 alumnis
163 236 291 273 profectas
303 234 416 262 auferret
429 233 512 270 (Apud
520 234 586 269 Aug.
596 232 714 268 Ep.216,
730 242 755 261 η.
768 233 810 269 t):

52 291 148 320 eamque
156 283 187 310 ob
194 288 300 309 causam
317 280 387 308 misit
399 279 432 306 ad
443 278 570 306 Evodium
584 278 739 307 Uzalensem
757 279 813 313 epi-

53 337 154 365 scopum,
162 328 228 355 illius
235 333 317 361 super
324 325 364 352 his
370 324 555 359 qumstionibus
560 324 686 359 rescripta
693 323 812 359 ﬂagitans

52 376 120 412 (ibat.
127 374 160 409 5).
168 373 214 401 Ubi
220 372 349 407 comperit
358 371 546 402 Evodius,esse
552 370 812 398 interAdrumctinos

52 420 173 451 monachos
185 423 234 446 tam
245 417 416 445 vehementes
428 424 508 452 super
518 416 601 452 gratia
619 420 647 444 et
667 416 752 444 libero
769 423 811 443 ar-

52 467 115 496 bitrio
126 465 163 493 vel
174 464 218 492 Dei
239 463 342 498 iustitia
363 462 561 495 contentiones,
577 462 726 497 rescripsit,
740 462 811 497 quod

52 514 92 549 ipsi
108 510 211 539 veritatis
233 508 392 544 indagationi
415 507 561 540 studerent,
583 508 634 535 sibi
657 508 761 543 probari
785 507 811 535 id

19 564 24 569 '
52 558 146 594 quidem,
157 562 243 583 verum
259 554 376 582 studium
389 553 459 581 istud
477 558 600 588 oportere
620 552 654 580 ab
670 553 811 588 asperitate

52 605 110 633 omni
118 609 140 632 et
149 601 318 631 contentione
328 608 387 628 esse
399 600 531 632 alienum;
546 607 561 628 e
574 599 742 627 contentione
756 604 810 626 tur-

54 653 92 679 bas
104 649 171 681 nasci,
183 648 216 675 ab
227 654 321 674 amore
331 651 419 674 autem
431 645 551 673 veritatis
562 645 685 680 pietatem
700 645 807 679 requiri.

54 697 103 724 Dein
114 694 156 722 illis
166 692 310 721 secundum
327 691 466 726 Augustini
480 690 628 718 doctrinam
642 689 762 724 exponit,
779 690 811 716 li-

52 742 124 770 berum
134 739 264 767 arbitrium
277 745 339 765 esse
352 737 459 772 quidem
475 737 501 763 in
515 736 638 769 homine,
659 735 706 763 sed
720 743 736 762 a
749 742 810 770 per—

53 790 129 822 petrata
147 783 235 812 Adami
248 782 329 817 culpa
343 782 460 809 saucium
475 786 554 816 atque
568 781 702 809 inﬁrmum
712 801 719 813 ,
732 781 809 815 eique

52 830 141 858 sanando
158 829 286 857 Christum
310 828 474 855 Salvatorem
497 827 606 854 missum
627 826 717 853 fuisse.
741 826 807 852 Tum

51 875 125 904 additis
136 875 197 902 hanc
211 874 236 900 in
251 880 307 901 rem
323 873 381 899 aliis
395 872 561 899 documentis
571 893 577 901 ,
600 872 658 898 illos
673 871 806 903 admonet,

49 920 164 957 siqmudo
176 920 241 947 inter
259 918 402 953 legendum
424 918 595 944 illustriorum
611 918 725 944 virorum
744 917 810 943 smi-

48 972 85 1002 pta
94 966 195 994 incidunt
205 965 230 992 in
243 972 275 992 ea
289 972 352 999 qua:
367 963 507 990 difﬁculter
522 963 677 997 intelligant,
694 970 744 988 non
760 962 807 988 de-

49 1012 103 1040 bere
118 1012 178 1047 ipsos
194 1010 391 1046 praecipitanter
406 1009 431 1036 in
454 1016 545 1035 eorum
561 1008 806 1035 condenmationcm

48 1058 110 1090 ferri,
121 1056 290 1088 sedoratione,
308 1060 339 1082 ut.
352 1055 442 1082 eadem
458 1055 499 1081 illa
515 1058 602 1081 tuente
618 1058 799 1088 ass‘cquantur,

48 1102 193 1130 mutendch
205 1101 289 1136 (Tom.
305 1101 353 1134 10,
368 1100 450 1135 Epist.
468 1100 566 1127 Valent.
581 1101 614 1126 ad
626 1101 701 1134 Aug.,
715 1100 738 1125 in
754 1105 805 1125 not.

11 1181 15 1192 _
48 1146 184 1184 Κεεαίρδίι.)

74 1196 95 1223 5.
110 1195 279 1230 lmperitorum
295 1194 417 1229 querelis
436 1201 486 1220 nec
507 1192 599 1219 Evodii
622 1193 737 1227 episcopi
764 1201 806 1218 rc-

16 1260 17 1267 .
48 1240 286 1277 sponsio,nec.etiam
299 1247 316 1266 a
332 1239 429 1266 Sabino
450 1243 541 1265 sancto
561 1238 674 1272 quodam
697 1239 807 1273 presby-

50 1286 150 1315 terodata
172 1287 197 1314 in
217 1286 361 1321 epistolam
375 1307 382 1319 ,
396 1285 428 1312 de
443 1293 493 1319 qua
506 1285 711 1319 disceptabatur,
728 1293 808 1319 expo-

50 1333 93 1361 sitio
103 1333 215 1361 satisfecit
231 1332 332 1369 (Epist.
356 1332 408 1359 216
420 1352 427 1365 ,
451 1341 476 1358 η.
499 1331 537 1367 5).
551 1332 617 1358 lliuc
633 1332 806 1366 Augustinum

50 1378 159 1414 ipnnnmet
184 1386 339 1406 convenere
360 1378 428 1410 duo,
451 1377 608 1405 Cresconius
632 1379 757 1405 duntaxat
782 1383 809 1405 ct

49 1422 111 1458 tua,
123 1423 181 1451 alius
199 1424 241 1451 hic
252 1424 365 1458 quidem
385 1423 419 1450 ab
432 1430 463 1450 eo
482 1423 526 1457 qui
546 1422 615 1449 Flori
637 1431 726 1450 comes
739 1423 808 1457 apud

50 1467 126 1497 llul'm
140 1470 234 1502 fuerat;
258 1474 343 1504 atque
365 1469 460 1495 horum
479 1468 591 1495 duorum
614 1468 730 1495 discessu
744 1489 751 1501 ,
764 1469 807 1495 alii

49 1512 134 1541 hirritu
150 1515 228 1550 quieti
250 1518 450 1542 remanserunt.
477 1513 554 1548 Apud
577 1518 695 1540 sanetum
712 1515 807 1541 Docto-

51 1561 223 1596 lanceaquein
244 1565 311 1588 sunt
327 1560 378 1593 isti,
395 1560 505 1595 gratiam
522 1560 560 1587 sic
573 1561 709 1594 przedicari
725 1570 739 1588 a
751 1563 809 1596 qui-

51 1603 134 1633 Mm
145 1614 159 1634 e
169 1606 223 1633 suis
237 1605 381 1638 fratribus,
396 1610 424 1631 ut
438 1605 471 1631 ab
488 1605 519 1632 iis
534 1609 560 1632 et
576 1610 685 1640 negetur
697 1606 808 1633 liberum

52 1650 170 1685 arbitrium,
186 1656 211 1679 et
225 1651 382 1679 afﬁrmetur
397 1658 444 1677 nos
463 1658 495 1678 ex
510 1651 607 1677 nostris
629 1651 752 1685 operibus
764 1652 809 1685 ju-

52 1694 205 1725 itattdosnon
218 1705 278 1725 esse
292 1707 298 1724 :
318 1704 334 1723 a
349 1697 464 1731 pluribus
480 1701 566 1724 tamen
581 1697 640 1723 aliis
654 1705 713 1723 eum
726 1698 809 1731 gratia

52 1739 135 1770 liberum
154 1743 291 1771 arbitrium
313 1742 422 1777 agnosci
444 1742 531 1769 testati
551 1746 613 1769 sunt
629 1742 724 1777 (Epist.
746 1742 808 1775 9H,

52 1794 73 1814 tt.
83 1786 111 1823 ι).
119 1788 192 1817 iidem
208 1789 322 1824 insuper
339 1788 458 1815 excitate
476 1788 544 1821 apud
557 1796 587 1815 se
605 1788 810 1822 perturbationis

53 1835 162 1862 0min
176 1835 282 1863 Florum
299 1834 495 1861 transferebant
515 1834 608 1868 (lbid.,
623 1843 649 1860 η.
673 1835 711 1867 6).
732 1834 810 1861 Suam

53 1878 144 1914 Wand
156 1881 255 1909 Sixtum
271 1881 416 1916 epistolam
436 1880 485 1907 illis
499 1887 588 1907 Curam
612 1880 732 1914 exposuit
755 1880 809 1906 Au-

53 1925 144 1960 μειίωι
153 1926 246 1963 (Epist.
258 1927 317 1954 215
331 1947 338 1960 ,
350 1935 376 1953 It.
399 1927 434 1960 ι),
449 1934 479 1953 ac
490 1930 615 1960 praeterea
629 1926 765 1960 epistolam
779 1926 811 1953 ad

54 1967 187 2006 Matinum
199 1977 225 2000 et
236 1973 297 2008 ejus
319 1972 529 2006 congregationis
545 1971 688 1998 monachos
708 1972 812 2006 scripsit

53 2014 170 2045 inertium
187 2018 258 2046 illam
282 2018 320 2045 de
333 2017 468 2044 voluntate
488 2021 514 2043 et
534 2016 617 2051 gratia
638 2017 810 2051 qua-stionem

55 2057 199 2098 magici).
213 2063 249 2090 lbi
265 2062 394 2098 rogabat,
409 2061 458 2088 sibi
476 2061 542 2088 mitti
563 2061 679 2094 Florum,
695 2061 719 2088 id
733 2062 811 2088 nimi-

14 2101 17 2138 ξ
53 2106 250 2142 mmujectans,
262 2107 338 2143 quod
355 2115 400 2134 res
418 2111 492 2139 erat,
512 2107 638 2134 adversus
659 2108 731 2133 illum
753 2108 812 2134 ideo

56 2151 178 2181 “multari
188 2154 347 2185 nonnullos,
365 2152 434 2187 quod
457 2160 508 2179 non
529 2153 592 2179 satis
611 2152 643 2179 ab
663 2152 693 2178 iis
715 2153 810 2179 intelli-

54 2200 213 2230 κατακαίῃ
224 2199 414 2228 difﬁcillimam
430 2198 601 2233 qumslionem
622 2203 649 2224 et
667 2198 757 2232 paucis
774 2198 812 2224 in-

56 2241 186 2277 lelligihiletn
203 2246 310 2274 solvere
331 2248 410 2279 atque
425 2244 540 2271 enodare
561 2248 700 2271 conaretur
718 2243 811 2278 (Epist.

55 2284 132 2320 ευ.»
141 2289 175 2325 6).
189 2291 335 2326 Epistolallt
351 2290 419 2317 hanc
433 2289 539 2316 tradidit
550 2289 685 2316 monachis
699 2289 810 2315 reditum

56 2334 177 2366 Militis
190 2336 215 2364 in
229 2336 423 2364 monasterium
439 2343 534 2367 suum,
550 2335 593 2362 ubi
617 2334 726 2367 Pascha,
743 2334 812 2369 quod

56 2375 160 2409 locum
175 2381 435 2417 quadringentesimo
449 2381 577 2415 vigesimo
591 2381 703 2415 septimo
716 2380 742 2406 in
758 2385 812 2407 ter-

58 2421 298 2463 lilllltttouasapriles
317 2426 468 2459 incidebat,
483 2426 641 2453 celebraturi
662 2429 746 2452 erant.
764 2425 813 2452 \‘e-

56 2470 143 2498 mret
153 2471 282 2507 quidpiam
303 2480 337 2500 ne
353 2472 584 2507 proﬁciscerentur
598 2471 758 2503 intercessit,
772 2471 812 2498 vel

44 2510 256 2552 nihmnstinus
274 2517 410 2552 aliquanto
425 2517 522 2543 diutius
543 2516 577 2543 ob
599 2516 624 2543 id
646 2516 730 2543 solum
744 2516 812 2550 apud

57 2561 176 2595 eum.
190 2567 326 2591 utcontra
347 2570 442 2590 novam
468 2563 589 2590 haeresim
613 2563 812 2598 Pelagianorum

231 2608 264 2636 ad
285 2616 349 2636 suos
372 2608 488 2636 redirent
512 2608 700 2643 (Epist.215,
721 2617 746 2635 η.
767 2609 811 2644 1).

59 2644 292 2688 Wmulta,
304 2654 445 2690 epistolam
462 2654 494 2681 iis
508 2654 618 2681 alteram
637 2653 722 2681 adhuc
740 2653 813 2681 dedit

47 2691 240 2733 .Ilﬁalentinum
252 2704 280 2728 et
297 2699 356 2734 ejus
377 2699 538 2732 monachos,
554 2707 619 2734 quos
633 2699 666 2726 de
688 2699 765 2726 Floro
780 2699 811 2726 ad

59 2737 235 2780 Emittit!
254 2752 357 2773 rursum
382 2745 523 2780 compellat
544 2744 571 2772 in
592 2744 648 2772 lucc
666 2745 744 2772 verba
761 2753 766 2770 :
782 2744 811 2771 Si

151 2787 214 2818 ποιίι
225 2797 328 2825 mereor,
342 2790 424 2818 ueniat
434 2790 468 2816 ad
482 2798 520 2817 me
531 2792 607 2825 frater
617 2789 709 2816 Florus
718 2788 809 2824 (Ibid.,

200 2834 276 2864 etiam
289 2823 336 2872 per
355 2835 463 2864 eosdem
478 2823 548 2863 misit
561 2836 673 2863 duorum
685 2823 811 2862 concilio-

330 2882 474 2920 provinciae
496 2887 522 2911 et
545 2882 682 2916 Numidiae,
707 2888 808 2910 necnon

10 2952 290 3199 [αι

697 173 797 206 LIBER
816 172 981 206 OCTAVUS.

866 234 984 269 quinque
998 230 1183 270 episcoporum
1199 234 1232 262 ad
1245 229 1426 264 Innocentium
1439 230 1577 272 epistolas,
1590 246 1652 268 cum

867 279 951 306 tribus
973 278 1092 314 ejusdem
1116 287 1191 315 papae
1213 281 1365 315 responsis;
1390 281 1516 317 epistolas
1547 291 1654 319 quoque

864 324 980 352 Africani
992 325 1098 353 concilii
1108 326 1142 353 ad
1154 326 1300 360 Zosimum,
1314 332 1340 355 et
1354 327 1453 356 Zosimi
1465 328 1498 356 ad
1512 330 1651 358 universos

865 369 946 397 totius
959 370 1032 397 orbis
1050 371 1205 406 episcopos;
1220 371 1334 406 denique
1350 373 1454 400 concilii
1477 374 1588 408 plenarii
1612 379 1652 403 to-

865 414 917 443 tius
931 415 1029 443 Africze
1039 416 1247 444 constitutiones
1268 416 1393 445 adversus
1407 425 1513 446 errores
1533 419 1652 455 Pelagia-

863 467 913 488 nos
930 470 936 488 :
954 468 1013 495 qua:
1025 462 1113 489 omnia
1128 461 1180 488 illis
1195 461 1332 496 dirigenda
1346 468 1406 489 esse
1417 462 1544 496 credidit,
1556 465 1652 499 quibus

862 513 1054 541 cognoscerent
1076 507 1298 543 quemadmodum
1327 508 1457 536 catholica
1485 509 1603 538 Ecclesia
1624 512 1651 538 in

862 551 910 579 Dei
923 552 1104 580 misericordia
1119 553 1267 588 Pelagianae
1284 553 1393 582 haeresis
1409 562 1509 583 venena
1521 556 1653 592 depulerit

862 596 943 630 Ibid,
966 606 993 624 η.
1015 598 1055 634 2).
1079 598 1127 626 llis
1148 598 1249 626 addidit
1275 606 1375 627 novum
1388 599 1422 627 de
1437 599 1488 628 hac
1508 600 1565 635 ipsa
1578 609 1652 636 qua:-

862 642 958 676 stionc,
973 643 1044 671 circa
1056 651 1135 679 quam
1154 644 1324 679 laborabant,
1339 645 1466 680 scriptum
1481 646 1497 673 ὲ
1511 654 1541 674 se
1556 647 1651 676 librum

862 687 888 714 in
900 695 992 715 eorum
1006 689 1117 723 gratiam
1130 709 1137 722 ,
1150 689 1192 716 cui
1215 690 1318 717 titulum
1340 690 1445 722 indidit,
1464 690 1505 718 De
1518 690 1606 719 Gratia
1627 697 1651 720 et

862 732 953 760 Libero
969 734 1089 767 Arbitrio,
1106 735 1140 761 ad
1159 734 1320 762 Valentinum
1336 740 1428 763 etcum
1441 736 1485 763 illo
1497 738 1651 771 monachos;

862 779 905 807 ubi
918 779 1083 808 demonstrat
1102 781 1207 816 quidem
1222 782 1347 816 copiose,
1368 782 1490 811 homines
1511 784 1593 811 libero
1605 793 1650 812 ar-

861 825 939 853 bitrio
947 834 1006 855 esse
1020 827 1153 862 pmditos,
1165 827 1212 856 sed
1222 827 1272 855 hoc
1280 828 1363 856 multo
1376 829 1521 864 copiosius,
1536 830 1650 858 liberum

860 871 962 899 scilicet
986 872 1124 900 arbitrium
1146 877 1238 908 gratia:
1260 873 1384 909 praesidio
1407 873 1561 902 destitutum
1585 875 1651 904 nihil

861 924 939 951 posse
956 926 962 944 :
977 922 1056 953 atque
1076 918 1109 945 ad
1130 919 1189 953 ejus
1203 919 1344 947 lectionem
1365 927 1411 947 eos
1426 919 1569 948 exhortans
1589 922 1626 949 ait
1642 930 1648 948 :

860 962 974 998 Repetite
987 965 1091 992 assidue
1109 965 1201 992 librum
1219 966 1313 998 istum;
1332 970 1354 993 et
1375 967 1398 993 si
1419 967 1559 1003 intelligi“;
1572 988 1579 1001 ,
1597 968 1650 995 Deo

859 1009 957 1044 gratias
970 1011 1056 1044 agite;
1070 1010 1111 1037 ubi
1123 1015 1209 1037 autem
1227 1019 1277 1038 non
1293 1010 1442 1046 intelligitis,
1454 1017 1523 1039 orate
1536 1017 1563 1039 ut
1575 1013 1650 1040 intel-

860 1054 943 1089 ligatt's
953 1063 962 1081 :
977 1055 1045 1081 dabit
1056 1055 1122 1082 enim
1139 1056 1207 1082 vobis
1218 1055 1342 1083 Dominus
1358 1057 1510 1084 intellectum
1526 1057 1575 1094 (De
1583 1057 1651 1086 Gra-

860 1099 895 1126 tia
907 1104 931 1126 et
943 1099 1031 1127 Libero
1041 1100 1162 1134 Arbitrio,
1174 1109 1201 1127 η.
1215 1101 1271 1142 46).
1283 1101 1389 1129 lluncce
1398 1102 1494 1130 librum
1509 1108 1535 1130 et
1545 1104 1595 1131 alia
1606 1112 1652 1132 su-

859 1152 906 1180 pra
931 1151 1077 1174 memorata
1101 1147 1286 1180 instrumenta,
1312 1155 1371 1182 quae
1395 1147 1428 1175 ad
1451 1148 1651 1183 Pelagianorum

860 1190 1111 1219 condemnationem
1135 1191 1311 1226 spectabant,
1337 1192 1484 1226 monachis,
1513 1201 1560 1228 per
1584 1202 1651 1229 quos

860 1236 1051 1270 mittebantur,
1076 1240 1137 1265 ante
1160 1237 1306 1265 discessum
1327 1238 1354 1265 in
1377 1239 1518 1273 praesentia
1539 1239 1650 1275 legerat,

860 1289 965 1309 necnon
978 1281 1102 1317 Cypriani
1114 1283 1213 1317 pariter
1227 1283 1323 1311 librum
1344 1283 1370 1311 in
1386 1283 1538 1312 Orationem
1559 1285 1651 1313 Domi-

861 1328 957 1360 nicam,
974 1328 1002 1355 in
1014 1335 1067 1363 quo
1082 1332 1191 1356 sanctus
1207 1328 1253 1356 ille
1267 1334 1368 1364 martyr
1379 1329 1490 1364 gratiam
1505 1329 1652 1358 luculenter

860 1372 1039 1401 commendat.

897 1420 923 1446 6.
939 1419 1079 1454 Augustini
1105 1419 1205 1447 litteras
1220 1419 1368 1454 librumque
1382 1419 1431 1447 sibi
1454 1424 1481 1447 et
1493 1420 1549 1447 suis
1564 1420 1652 1448 fratri-

860 1465 911 1493 bus
925 1469 1103 1500 nuucupatum
1116 1472 1146 1492 ea
1160 1472 1211 1500 qua
1228 1473 1276 1500 par
1288 1469 1346 1492 erat
1365 1466 1534 1493 veneratione
1548 1467 1653 1501 accepit

862 1511 1015 1538 Valentinus
1034 1517 1139 1545 :neque
1158 1510 1307 1543 commisit,
1336 1511 1398 1546 quin
1416 1511 1524 1539 fratrem
1546 1512 1652 1540 Florum

862 1555 894 1583 ad
907 1556 980 1583 illurn
998 1556 1128 1587 mitteret;
1150 1554 1209 1582 data
1225 1555 1331 1590 insuper
1343 1556 1454 1591 epistola
1467 1556 1554 1592 (Apud
1567 1558 1653 1593 Augu-

862 1602 965 1636 slittum,
982 1600 1065 1636 Epist.
1076 1600 1138 1636 216)
1153 1619 1161 1632 ,
1176 1608 1227 1635 qua
1241 1600 1267 1627 id
1281 1608 1358 1628 omne
1370 1601 1440 1636 quod
1455 1602 1481 1629 in
1494 1603 1654 1631 monasterio

862 1655 910 1675 suo
923 1652 1027 1682 gestum
1042 1646 1137 1679 fuerat,
1152 1645 1276 1673 narrabat
1289 1650 1380 1673 sancto
1395 1646 1516 1680 Praisuli,
1530 1655 1562 1675 ac
1578 1655 1654 1676 suam

862 1693 946 1728 ipsius
961 1692 1040 1720 ﬁdem
1052 1712 1061 1725 ,
1077 1690 1197 1718 eamdem
1211 1695 1236 1718 et
1248 1691 1336 1718 fratris
1351 1691 1370 1718 F
1373 1692 1422 1719 lori
1435 1699 1496 1720 esse
1508 1692 1653 1725 afﬁrmans,

863 1738 1046 1773 proﬁtebatur.
1060 1737 1222 1772 Augustinus
1236 1736 1311 1764 lectis
1321 1736 1453 1764 Valentini
1469 1738 1574 1771 litteris,
1590 1747 1655 1773 quas

863 1783 944 1810 frater
958 1782 1052 1809 Florus
1065 1782 1161 1816 aliique
1176 1789 1235 1809 cum
1250 1789 1283 1809 co
1296 1781 1373 1809 simul
1391 1781 1423 1809 ad
1444 1783 1528 1817 ipsum
1543 1784 1654 1811 venien-

864 1833 904 1856 tes
917 1828 1062 1855 attulerant
1072 1849 1079 1859 .
1094 1828 1148 1862 egit
1162 1827 1217 1855 Deo
1235 1827 1333 1862 gratias
1344 1848 1350 1859 ,
1366 1827 1436 1862 quod
1456 1836 1548 1855 eorum
1564 1829 1589 1856 in
1604 1829 1656 1857 Do-

864 1874 936 1901 mino
947 1881 1039 1909 pacem
1052 1893 1058 1904 ,
1072 1877 1100 1900 et
1112 1873 1138 1899 in
1152 1872 1262 1900 veritate
1275 1872 1478 1900 consensionem
1488 1894 1495 1907 ,
1510 1877 1537 1901 et
1550 1873 1578 1900 in
1593 1873 1656 1902 elia-

866 1920 946 1946 ritate
965 1918 1130 1954 ﬂagrantiam
1143 1926 1176 1945 ex
1190 1917 1241 1945 illis
1254 1918 1421 1952 cognovisset
1434 1926 1441 1945 :
1454 1925 1545 1945 verum
1559 1917 1592 1946 de
1603 1918 1656 1946 Ira-

865 1970 905 1993 tre
915 1964 994 1991 Floro
1008 1963 1163 1991 nominatim
1174 1983 1181 1996 ,
1190 1962 1346 1990 catholicam
1358 1962 1383 1989 in
1394 1970 1427 1990 eo
1440 1962 1517 1990 fidem
1528 1963 1560 1990 de
1572 1964 1656 1998 gratia

864 2015 892 2038 ct
906 2012 991 2039 libero
1009 2011 1118 2038 arbitrio
1138 2010 1270 2037 invenisse
1294 2017 1323 2037 se
1338 2009 1440 2036 laetatus
1461 2014 1511 2036 est.
1538 2009 1610 2037 Unde
1628 2010 1655 2036 lii

868 2057 952 2093 potius
965 2056 1105 2092 corrigendi
1118 2060 1175 2083 sunt
1185 2075 1192 2089 ,
1206 2055 1252 2088 ait,
1273 2063 1333 2089 quos
1347 2054 1446 2089 quidem
1470 2054 1579 2089 propitio
1601 2054 1655 2082 Deo

866 2108 992 2130 correctos
1007 2110 1058 2130 esse
1075 2102 1132 2137 jam
1146 2100 1275 2134 existimo,
1289 2099 1332 2135 qui
1346 2107 1402 2126 eum
1418 2107 1468 2126 non
1485 2099 1655 2134 intelligebunt

867 2148 923 2184 (De
934 2147 1095 2183 Correptione
1109 2151 1131 2174 et
1155 2145 1252 2179 Gratia,
1271 2145 1353 2179 mut,
1374 2144 1419 2181 ‘2).
1435 2145 1543 2180 Accepit
1567 2150 1654 2174 tamen

868 2198 975 2222 sanctus
989 2193 1096 2227 Doctor,
1110 2192 1188 2228 idque
1205 2191 1314 2220 forsitan
1328 2198 1360 2219 ex
1376 2191 1433 2226 ipso
1446 2191 1525 2218 Floro
1534 2211 1542 2224 ,
1555 2199 1614 2219 esse
1627 2192 1654 2220 iu

864 2240 1053 2269 Adrumatensi
1075 2239 1237 2267 monasterio
1252 2237 1392 2274 quemdam
1405 2258 1412 2270 ,
1427 2238 1470 2272 qui
1485 2237 1584 2265 diceret
1601 2246 1607 2263 :
1623 2238 1654 2265 Si

864 2286 934 2314 Deus
957 2289 1074 2322 operatur
1094 2284 1121 2310 in
1143 2283 1214 2310 nobis
1235 2283 1296 2310 uelle
1309 2288 1332 2310 et
1344 2282 1443 2317 operari
1455 2302 1463 2314 ,
1487 2282 1655 2315 nequidquam

865 2332 1014 2368 principium
1026 2330 1069 2363 qui
1080 2333 1189 2364 praesunt
1199 2328 1259 2363 quid
1268 2327 1392 2362 agendum
1402 2327 1441 2354 vet
1452 2327 1598 2363 fugiendum
1610 2329 1654 2361 sit;

865 2382 908 2405 aut
919 2377 1008 2404 saltem
1023 2379 1154 2410 postquam
1166 2372 1233 2408 quod
1248 2372 1338 2399 bonum
1358 2377 1499 2406 rectumque
1512 2372 1544 2399 sit
1559 2381 1654 2407 prome-

866 2424 958 2458 perint,
970 2419 1141 2448 tautummodo
1154 2422 1225 2445 orent
1239 2417 1330 2451 Deum,
1352 2422 1379 2445 ut
1390 2417 1416 2444 id
1428 2417 1546 2453 discipuli
1559 2424 1653 2454 agant;

865 2477 914 2496 non
924 2472 1007 2495 autem
1018 2474 1058 2493 eos
1069 2464 1215 2500 corripiant,
1230 2464 1253 2491 si
1263 2471 1312 2490 mm
1321 2464 1429 2499 egerint,
1444 2472 1501 2491 cum
1518 2463 1586 2492 Deus
1604 2474 1655 2493 non

864 2514 914 2542 illis
929 2512 1023 2540 dederit
1033 2511 1113 2548 ipsam
1123 2530 1131 2543 ,
1144 2518 1193 2543 qua
1203 2513 1327 2545 praecepta
1337 2510 1390 2544 ejus
1403 2508 1478 2543 ﬁunt,
1494 2509 1594 2544 ﬁdelem
1607 2510 1655 2538 Dei

865 2564 888 2587 et
902 2558 1008 2594 proximi
1026 2556 1173 2584 charitatem
1188 2555 1414 2592 (Retractationum
1433 2555 1496 2582 libro
1509 2555 1543 2589 Ξ,
1561 2565 1584 2583 c.
1600 2557 1634 2584 67
1644 2578 1652 2592 ,

865 2604 904 2632 De
911 2603 1073 2638 Correptione
1084 2606 1107 2629 et
1119 2600 1217 2634 Gratia,
1232 2609 1258 2627 η.
1273 2599 1346 2637 3-6).
1359 2598 1392 2627 Ut
1404 2599 1455 2628 hoc
1467 2601 1545 2628 etiam
1560 2602 1653 2636 telum,

865 2658 917 2687 quo
930 2648 1041 2677 validius
1055 2647 1120 2675 nihil
1134 2647 1168 2675 ab
1178 2647 1210 2674 iis
1221 2646 1265 2682 qui
1277 2651 1380 2674 terrena
1394 2647 1499 2683 sapiunt
1508 2648 1654 2684 intorqueri

866 2704 944 2733 posse
961 2695 1097 2728 videatur,
1118 2702 1131 2721 a
1146 2693 1240 2721 tradita
1261 2692 1380 2721 doctrina
1399 2694 1490 2729 gratia:
1510 2694 1656 2729 depelleret

865 2742 1037 2778 Augustinus,
1064 2740 1175 2767 alterum
1194 2739 1309 2772 librum,
1333 2739 1377 2774 qui
1400 2738 1439 2767 De
1459 2739 1619 2775 Correptione
1630 2745 1654 2768 et

866 2789 955 2818 Gratia
967 2791 1140 2824 pramotatur,
1154 2786 1187 2813 ad
1201 2785 1309 2813 eosdem
1320 2785 1488 2813 Valentinum
1501 2789 1528 2812 et
1539 2793 1598 2812 cum
1607 2785 1653 2813 illo

865 2833 1011 2862 monachos
1023 2832 1142 2867 scripsit;
1156 2838 1208 2858 non
1224 2838 1276 2866 quo
1290 2829 1417 2858 adversus
1430 2837 1476 2857 eos
1490 2830 1572 2864 ipsos,
1586 2838 1653 2865 quo-

864 2887 925 2909 rum
937 2882 1038 2908 rcctum
1054 2880 1112 2913 erat
1132 2884 1179 2905 cor
1199 2883 1259 2904 cum
1281 2875 1345 2911 Deo,
1366 2874 1412 2903 sed
1433 2874 1562 2904 adversus
1583 2875 1656 2914 ipsa

851 2954 896 2972 ’,φη
923 2962 929 2963 κ
966 2960 968 2962 -
1031 2954 1070 2966 ..ψ
