3858 6412
581 314 688 394 ιιι

581 436 864 506 humanas.
896 437 1066 505 nteit.
1093 436 1444 508 oscitationes
1485 452 1584 508 pro
1621 439 1858 500 caelestis
1897 448 1954 494 et
1981 437 2175 502 divinae

579 530 766 600 gratias
811 527 1072 594 cbaritate
1105 537 1356 590 certaret.
1402 529 1535 592 Nam
1580 530 1668 604 ille
1717 531 1830 600 ipso
1858 529 2173 600 monachus,

580 620 733 690 cujus
779 620 958 684 animo
1001 630 1312 694 occurrerat
1365 621 1627 691 ejusmodi
1673 622 1922 692 cogitatio
1945 663 1961 688 ,
2008 621 2180 691 potuit
2217 673 2219 675 .

580 719 728 774 recto
756 713 810 768 in
841 712 1008 774 Deum
1035 713 1199 771 corde
1219 729 1325 773 non
1358 713 1429 773 ob
1453 713 1596 774 aliud
1627 722 1861 774 utentem
1887 713 1956 772 de
1993 713 2092 770 hac
2118 727 2180 770 re

579 819 731 866 suam
756 807 990 875 aperire,
1022 808 1124 865 nisi
1152 817 1209 864 ut
1233 809 1394 865 istum
1422 824 1636 880 quoque
1662 809 1862 868 nodum
1887 808 2177 865 solertissi-

578 912 700 956 mus
749 913 813 960 ac
860 899 1352 968 perspicaeissimus
1395 902 1582 972 gratia:
1631 901 1828 957 Doctor
1865 901 2176 970 explicaret.

578 988 850 1060 Explicuit
875 1003 1005 1050 sane
1039 1001 1294 1063 perquam
1333 993 1616 1064 diligenter
1644 995 1739 1050 Dei
1781 995 1995 1064 adjutus
2023 1010 2178 1051 reve-

585 1081 816 1153 latione;
845 1098 952 1154 quo
980 1084 1038 1139 tit
1065 1094 1121 1139 ut
1159 1101 1266 1140 non
1296 1085 1488 1155 injuria
1515 1086 1710 1148 librum
1745 1101 1904 1143 suum
1931 1087 2035 1142 hoc
2076 1087 2181 1142 tine

584 1174 871 1236 concludat
902 1195 913 1228 :
949 1175 1079 1242 Quae
1111 1192 1228 1231 cum
1261 1178 1334 1232 ita
1356 1178 1475 1242 sint,
1505 1194 1596 1232 nec
1620 1178 1786 1249 gratia
1815 1178 2042 1250 prohibet
2069 1191 2181 1232 con-

580 1268 882 1337 reptionem,
909 1285 998 1323 nec
1036 1272 1286 1340 correptio
1317 1280 1464 1342 negat
1507 1273 1726 1342 gratiam
1755 1287 1775 1337 ;
1799 1281 1847 1326 et
1875 1272 1990 1326 ideo
2013 1272 2085 1326 sic
2109 1281 2181 1326 est

584 1362 932 1432 principieuda
947 1363 1172 1432 justitia,
1196 1373 1250 1417 ut
1281 1381 1313 1418 a
1332 1361 1440 1419 Deo
1469 1366 1657 1435 gratia,
1687 1381 1791 1437 qua
1814 1365 1871 1424 id
1890 1365 2024 1436 quod
2051 1379 2183 1434 pra-

580 1452 768 1523 cipitur-
795 1453 906 1522 ﬁat,
947 1453 1087 1522 ﬁdeli
1117 1457 1348 1509 oratione
1382 1465 1649 1525 poscatur,
1697 1465 1744 1510 et
1786 1456 1880 1509 hoc
1909 1465 2174 1524 utrumque

581 1545 658 1598 ita
678 1545 1096 1616 faciendum'est,
1132 1555 1189 1600 ut
1236 1563 1394 1617 neque
1427 1549 1576 1617 justo
1614 1548 1863 1618 correptio
1899 1546 2183 1618 negligatur

585 1636 686 1708 (De
713 1636 1036 1709 Correptione
1078 1649 1123 1693 et
1150 1637 1361 1700 Gratia,
1397 1655 1449 1693 n.
1490 1638 1606 1708 49).
1652 1639 1748 1693 Hic
1790 1638 2006 1708 quidem
2048 1636 2183 1691 liber

582 1745 778 1801 parvus
806 1733 953 1787 mole
981 1739 1082 1798 est,
1117 1733 1211 1789 sed
1254 1733 1498 1795 doctrina
1544 1734 1832 1798 maximus;
1885 1741 2025 1786 totus
2068 1745 2184 1802 my-

582 1825 759 1879 steriis
781 1825 1030 1889 refertus,
1065 1825 1367 1880 universam
1397 1825 1592 1881 divina:
1617 1826 1802 1895 gratiae
1827 1823 2182 1884 mcenomiam

583 1915 752 1970 oculis
782 1915 995 1984 subjicit
1019 1955 1032 1978 ,
1065 1924 1122 1970 ut
1159 1915 1280 1985 jure
1322 1916 1518 1970 merito
1557 1931 1750 1970 aureus
1787 1931 1816 1970 a
1859 1913 2183 1970 doctissimis

584 2007 1056 2078 nuncupetur.Ego
1072 2005 1293 2077 quidem,
1308 2006 1718 2062 eminentissimi
1739 2007 1838 2060 viri
1856 2006 2014 2062 verba
2037 2014 2180 2071 sunt,

587 2097 719 2151 hunc
750 2097 938 2151 librum
963 2097 1099 2152 soleo
1126 2099 1387 2169 appellare
1415 2099 1622 2161 clausus,
1665 2113 1764 2167 qua
1799 2097 1865 2150 ud
1903 2098 2184 2151 uniuersam

583 2190 856 2260 Augustini
893 2191 954 2244 de
979 2190 1152 2243 diuina
1187 2189 1355 2261 gratia
1383 2199 1434 2260 et
1463 2189 1617 2242 libero
1653 2189 1864 2243 arbitrio
1901 2187 2184 2242 doctrinam

582 2284 752 2338 aditus
781 2285 1007 2353 aperitur
1033 2282 1236 2355 (Naris,
1262 2283 1502 2338 Historias
1525 2282 1705 2353 Pelag.
1731 2282 1816 2335 lib.
1839 2284 1893 2347 i,
1911 2298 2024 2351 cap.
2051 2280 2143 2350 25)
2167 2298 2179 2333 :

580 2393 738 2449 quem
778 2393 909 2434 sane
950 2379 1143 2432 librum
1187 2387 1403 2432 sanctus
1452 2379 1682 2447 Prosper
1725 2377 1920 2432 merito
1968 2377 2182 2446 plenum

580 2469 775 2524 divina:
803 2469 1134 2525 auctoritatis
1161 2471 1217 2524 in
1242 2470 1468 2538 epistola
1502 2468 1567 2523 ad
1599 2469 1954 2539 Augustinum
1983 2483 2185 2523 nuncn-

584 2564 734 2635 povit
762 2561 937 2633 (Apud
958 2562 1313 2634 Augustinum,
1337 2563 1502 2634 Epist.
1525 2561 1654 2627 225,
1687 2577 1738 2616 η.
1765 2561 1848 2632 2).

1219 2654 1449 2710 CAPUT
1490 2653 1600 2709 Vll.

586 2746 611 2801 l
645 2744 831 2801 Contra
847 2745 1114 2817 Pelagiani
1132 2747 1317 2800 erroris
1340 2747 1577 2817 reliquias
1593 2747 1647 2800 in
1676 2744 1829 2800 Vitali
1851 2747 2185 2818 deprehensas

667 2838 980 2909 Augustinus
1022 2847 1231 2909 pugnat,
1262 2847 1309 2892 et
1337 2838 1606 2892 sententias
1643 2836 1705 2890 de
1732 2838 1896 2909 gratia
1921 2838 2186 2892 duodecim

655 2931 868 3002 profert.
901 2928 936 2982 2
965 2926 1265 2983 Palatinum
1295 2937 1482 2993 monet,
1527 2929 1794 2999 petendum
1816 2945 1848 2982 a
1873 2928 1982 2984 Deo
2008 2931 2188 3001 gratia:

652 3024 962 3095 adjutorium
985 3025 1052 3078 ad
1089 3023 1506 3096 perseuerandum
1536 3024 1589 3078 in
1612 3024 1759 3077 bona.
1793 3023 1827 3078 5
1848 3022 2050 3096 Lepnrii
2065 3041 2186 3078 con-

657 3125 735 3168 tra
764 3115 915 3184 ﬁdem
964 3114 1337 3170 lncarnationis
1377 3124 1424 3169 et
1468 3116 1645 3186 gratia:
1687 3131 1882 3169 errores
1923 3116 1976 3169 in
2007 3115 2186 3172 Galliis

657 3205 983 3259 damnantur.
1035 3207 1068 3260 4
1108 3205 1188 3259 Ad
1234 3222 1412 3261 sanam
1443 3205 1595 3272 fidem
1637 3213 1900 3260 revocatur
1935 3205 2187 3278 Leporius

643 3311 810 3365 'opera
853 3295 1142 3366 Augustini.
1192 3296 1226 3350 5
1271 3295 1372 3348 Hic
1418 3295 1735 3349 recensendis
1782 3297 1887 3351 suis
1930 3298 2186 3367 opusculis

655 3389 919 3444 incumbit.
950 3388 983 3443 6
1015 3388 1296 3460 Speculum
1322 3403 1387 3442 ea:
1406 3389 1650 3442 universa:
1673 3388 1956 3460 Scriptura:
1978 3389 2100 3443 locis
2119 3390 2186 3442 ad

658 3481 1052 3553 conformandus
1097 3482 1175 3536 vel
1216 3481 1558 3536 emendandos
1612 3498 1773 3536 mores
1818 3482 2009 3538 idoneis
2036 3482 2179 3537 insti-

660 3574 776 3629 tuit.

660 3665 712 3720 1.
741 3664 896 3720 Circa
939 3665 1288 3736 qucestionem
1323 3664 1391 3720 de
1419 3664 1586 3735 gratia
1629 3664 1722 3720 Dei
1761 3673 1816 3720 ct
1844 3665 2014 3721 libero
2041 3665 2183 3720 arbi-

587 3755 692 3812 trio
720 3755 995 3812 laborabat
1017 3756 1198 3811 Vitalis
1228 3756 1465 3828 quidam,
1495 3757 1715 3828 perinde
1749 3767 1908 3828 atque
1935 3757 2184 3813 monachi

584 3847 1020 3904 Adrumetenses.
1061 3847 1150 3902 Vir
1170 3847 1259 3902 ille
1286 3847 1339 3902 in
1365 3847 1770 3919 Carthaginiensi
1793 3850 2030 3904 Ecclesia
2055 3865 2181 3904 eru-

583 3938 946 4010 ditus(Epist.
993 3938 1120 4006 217,
1153 3957 1207 3992 n.
1248 3936 1341 4012 ‘2),
1375 3954 1437 3994 ac
1464 3940 1583 3993 vita:
1628 3939 1848 3995 forsitan
1895 3955 2093 4010 genere
2119 3956 2182 3996 ac

587 4032 915 4104 professione
955 4033 1245 4087 monachus
1291 4040 1407 4087 erat
1431 4049 1446 4098 ;
1478 4034 1547 4087 ob
1576 4032 1734 4103 idque
1760 4047 1867 4086 non
1896 4033 1997 4086 alia
2024 4048 2181 4104 quam

587 4126 764 4184 fratris
781 4127 1135 4199 appellatione
1160 4125 1443 4180 decoratur
1464 4125 1531 4180 ab
1551 4126 1844 4196 Augustino
1870 4143 1883 4192 ;
1914 4125 2002 4196 qui
2020 4125 2179 4180 etiam

588 4227 649 4272 ut
668 4217 736 4271 ad
764 4217 906 4274 servi
929 4218 1043 4283 Dei,
1073 4217 1159 4274 cui
1176 4217 1399 4271 salutem
1421 4216 1566 4288 dicit,
1581 4231 1700 4272 sese
1722 4217 1938 4272 modum
1965 4232 2182 4288 compo-

589 4314 698 4373 nat,
732 4306 1049 4378 sibimetipsi
1077 4321 1231 4361 servo
1257 4306 1452 4360 Christi
1479 4321 1541 4361 ac
1569 4323 1661 4377 per
1686 4307 1859 4377 ipsum
1885 4323 2039 4363 servo
2068 4323 2180 4363 ser-

583 4416 770 4470 vorum
792 4400 958 4470 ipsius
976 4399 1182 4454 titulum
1199 4399 1381 4453 sumit.
1406 4397 1556 4453 Illum
1575 4399 1788 4468 quidem
1809 4415 1913 4454 non
1931 4401 2182 4457 credebat

585 4493 897 4552 hmreticum
936 4508 1055 4548 esse
1105 4492 1482 4572 Pelagianum;
1526 4491 1620 4548 scd
1667 4502 1772 4558 tam
1823 4494 2178 4551 orthodoxum

587 4600 708 4640 esse
736 4583 972 4654 volebat,
999 4592 1054 4640 ut
1082 4583 1213 4652 nihil
1244 4585 1394 4638 istius
1425 4583 1490 4638 ad
1519 4585 1688 4654 ipsum
1723 4587 1987 4652 transiret,
2018 4588 2095 4642 vel
2125 4588 2177 4642 in

583 4677 700 4750 ipso
747 4677 1142 4748 relinqueretur
1177 4677 1379 4732 erroris
1424 4674 1696 4752 (lbid.,n.
1743 4677 1869 4749 25').
1914 4677 2179 4748 Pelagiani

583 4768 769 4840 quippe
797 4767 967 4824 omnia
1011 4767 1078 4836 ad
1105 4767 1304 4836 ﬁdelem
1336 4769 1567 4842 piamque
1591 4768 1742 4824 vitam
1774 4769 2030 4824 hominum
2059 4787 2175 4842 per-

585 4861 794 4916 tinentia
819 4859 889 4918 ita
921 4861 1168 4930 tribuunt,
1203 4862 1372 4934 inquit
1411 4871 1624 4920 sanctus
1647 4862 1863 4927 Doctor,
1895 4863 2050 4916 libero
2092 4879 2178 4917 uo-

581 4953 790 5024 luntatis
829 4953 1057 5021 arbitrio,
1106 4963 1158 5006 ut
1201 4953 1434 5007 habenda
1481 4971 1543 5008 ea:
1569 4955 1730 5024 nobis,
1773 4973 1872 5010 non
1897 4973 1928 5010 a
1957 4954 2176 5020 Domino

584 5056 759 5117 putent
804 5063 908 5110 esse
931 5047 1183 5118 poscenda
1213 5063 1230 5100 :
1257 5055 1309 5100 tu
1356 5057 1540 5114 autem,
1573 5050 1616 5102 si
1637 5064 1695 5102 ea
1724 5066 1837 5119 quae
1863 5050 1924 5106 de
1957 5065 2003 5104 te
2023 5051 2175 5106 audio

584 5154 702 5194 uera
715 5149 852 5210 sunt,
871 5141 1069 5202 initium
1085 5140 1225 5208 ﬁdei,
1239 5141 1324 5204 ubi
1340 5148 1413 5195 est
1425 5141 1575 5194 etiam
1588 5141 1787 5202 initium
1804 5142 1963 5210 bona,
1989 5144 2081 5199 hoc
2106 5153 2175 5199 est

586 5232 687 5304 pice
727 5231 1019 5298 voluntatis,
1066 5248 1166 5287 non
1196 5234 1267 5294 vis
1295 5233 1484 5296 donum
1509 5250 1614 5296 esse
1655 5233 1750 5290 Dei
1772 5251 1792 5300 ;
1821 5236 1908 5290 sed
1944 5255 2007 5294 ea:
2033 5238 2175 5292 nobis

585 5340 678 5378 nos
703 5321 884 5392 habere
912 5323 1169 5386 contendis
1194 5333 1250 5390 ut
1280 5324 1480 5386 credere
1504 5321 1804 5396 incipiamus
1838 5342 1856 5380 .'
1880 5337 2057 5382 cwtera
2083 5345 2176 5383 au-

584 5424 682 5470 tem
709 5414 958 5486 religiosa
983 5415 1097 5473 uiue
1121 5416 1251 5470 bona
1282 5414 1446 5484 Deum
1464 5433 1554 5488 per
1577 5417 1793 5489 gratiam
1819 5435 1962 5472 suam
1975 5421 2089 5491 jam
2113 5439 2176 5478 ea:

583 5507 687 5586 ﬁde
705 5507 1012 5581 petentibus,
1037 5508 1394 5576 (lacerantibus,
1416 5508 1735 5580 pulsantibus
1761 5510 1948 5578 donare
1966 5528 2174 5570 consen-

582 5600 646 5655 tis
669 5597 719 5678 (1
725 5599 856 5668 bid.,
871 5616 922 5654 η.
938 5597 1248 5679 29).Vitalis
1269 5615 1395 5672 ergo
1416 5600 1622 5656 divinas
1642 5601 1980 5674 auctoritates
2005 5606 2172 5674 errori

582 5707 680 5766 suo
707 5691 1004 5750 contrarias
1047 5693 1151 5750 alio
1191 5692 1560 5766 detorquebat,
1607 5709 1676 5751 ne
1720 5709 1785 5750 ex
1815 5696 1924 5766 illis,
1946 5699 2170 5773 gratiam

583 5783 980 5843 Dei’adinitium
995 5801 1206 5859 quoque
1235 5784 1359 5843 fidei
1387 5801 1450 5844 ac
1479 5786 1580 5858 piae
1609 5785 1894 5846 vdluntatis
1920 5805 2167 5848 necessa-

1731 317 1889 381 VITA
1929 323 1986 386 S.
2027 309 2393 388 AUGUSTINI
2433 315 2754 391 EPISCOPI.
3668 341 3731 416 ω

2286 438 2418 498 riam
2434 452 2552 494 esse
2576 445 2869 502 constaret.
2899 435 3030 496 Nam
3047 436 3112 491 ad
3133 436 3257 496 illud
3274 437 3502 509 Apostoli,
3515 443 3733 529 Destutpl

2284 539 2521 599 operatur
2541 530 2594 584 in
2618 529 2752 588 vobis
2768 539 2817 586 et
2833 529 2955 586 velle
2969 537 3015 590 et
3027 529 3260 600 perticae
3280 529 3506 606 (Ριίιξρρο
3529 555 3575 608 ιι,
3596 543 3674 616 la),
3687 565 3731 612 η.

2285 621 2600 692 spondebat,
2629 638 2722 692 per
2751 622 2918 692 legem
2941 636 3111 686 δυεηι»
3139 637 3228 691 ρει·
3245 621 3735 702 Scripwmutulleun

2285 715 2494 785 operari
2512 724 2570 774 ut
2597 715 2844 781 velimus,
2863 730 2995 784 quas
3016 713 3101 774 vel
3121 713 3339 785 legimus
3357 718 3430 782 vel
3442 721 3635 788 audimus
3649 744 3664 796 ί
3680 734 3736 792 ιιι

2285 807 2364 864 eis
2380 807 2683 866 consentire
2709 807 2794 864 vel
2818 821 2926 868 non
2951 805 3270 874 consentire.
3288 808 3356 866 ita
3378 820 3580 876 nostrum
3598 832 3696 886 esse,
3706 834 3738 878 ut

2286 898 2332 954 si
2349 899 2574 962 velimus
2594 898 2705 964 ﬁat,
2732 899 2775 952 si
2793 906 2969 961 autem
2994 897 3240 966 nolimus.
3269 899 3388 958 nihil
3412 902 3460 958 in
3480 905 3603 968 nobis
3620 925 3739 980 apus-

2287 987 2487 1049 tionem
2505 989 2597 1048 Dei
2615 989 2790 1048 valere
2801 988 3057 1050 faciamus
3071 987 3256 1060 (Epist.
3274 989 3392 1059 217,
3412 1011 3459 1047 n.
3475 993 3537 1070 l).
3554 997 3740 1060 Nesseo“;

2288 1081 2738 1152 interpretabatur
2775 1080 3272 1152 Psalmographutn,
3319 1083 3494 1142 idcirco
3515 1087 3663 1148 dictum
3686 1110 3743 1164 pu-

2289 1183 2426 1239 tans.
2473 1190 2689 1246 gressus
2715 1175 2948 1239 hominis
2987 1175 3142 1244 dirigi
3168 1190 3198 1230 a
3225 1175 3454 1244 Domino,
3481 1188 3530 1236 ut
3549 1184 3651 1242 viam
3673 1189 3743 1258 ejus

2290 1267 2415 1323 velit
2437 1265 2605 1339 (Psal.
2629 1283 2814 1332 ιιιιινι,
2831 1267 2900 1324 εδ
2918 1268 2974 1340 );
3001 1269 3122 1340 quia
3150 1264 3264 1336 eius
3286 1270 3563 1342 doctrinam,
3581 1279 3746 1338 suasione

2289 1359 2641 1428 praecedente,
2670 1360 3030 1430 subsequente
3055 1359 3402 1421 consensione
3423 1374 3629 1434 sectatur;
3652 1372 3747 1440 quod

2288 1448 2532 1518 libertate
2580 1452 2806 1508 naturali
2840 1453 2885 1508 si
2907 1452 3018 1508 vult
3053 1452 3198 1520 facit,
3241 1454 3286 1511 si
3311 1471 3412 1510 non
3429 1455 3619 1520 rultnon
3651 1460 3747 1528 iacit,

2289 1559 2386 1613 pro
2413 1559 2476 1598 eo
2503 1543 2644 1615 quod
2690 1544 2894 1613 fecerit,
2935 1547 3211 1616 praemium
3239 1548 3320 1603 vel
3358 1548 3620 1619 supplicium
3650 1568 3748 1615 rece-

2291 1643 2492 1703 pturus.
2548 1635 2632 1690 Ad
2656 1637 2902 1692 eumdem
2957 1639 3197 1706 modum,
3229 1655 3322 1710 per
3361 1640 3512 1710 legem
3551 1641 3622 1698 Dei
3650 1654 3749 1714 atque

2288 1724 2583 1780 doctrinam
2605 1727 2998 1797 Scriptor-arum
3022 1731 3136 1784 tieri
3149 1730 3431 1796 dicebatur,
3445 1731 3563 1802 quod
3581 1735 3748 1806 scripula

2291 1827 2404 1886 est,
2444 1818 2780 1890 Prwparatur
2811 1822 3042 1877 uolunta
3081 1840 3115 1876 a
3156 1822 3373 1890 neruine
3409 1823 3564 1896 (Prov.
3580 1843 3662 1891 snt,
3682 1828 3745 1898 15):

2289 1925 2352 1966 ac
2406 1925 2510 1965 non
2577 1927 2671 1980 per
2721 1913 2984 1967 occultam
3044 1914 3436 1985 inspiratiouem
3492 1917 3636 1988 gratia
3679 1917 3745 1972 tu.

2287 2002 2486 2057 Corttra
2527 2002 2668 2058 hunc
2699 2002 2888 2060 Vitalis
2911 2020 3154 2061 errorem
3200 2008 3504 2078 Augustinus
3544 2009 3586 2063 in
3607 2010 3746 2078 spinula

2289 2095 2500 2150 circiter
2523 2095 2625 2150 hoc
2650 2105 2861 2168 tempus
2890 2098 2956 2153 ad
2983 2114 3104 2154 eum
3132 2101 3327 2171 scripta
3361 2101 3540 2171 profert
3561 2118 3747 2173 argumen-

2291 2194 2401 2241 tum
2429 2202 2494 2242 ex
2519 2189 2764 2258 precibus
2807 2189 3080 2256 Ecclesiae,
3105 2191 3312 2262 judicio
3349 2208 3457 2260 suo,
3483 2209 3534 2249 ac
3555 2209 3748 2265 requoque

2292 2278 2424 2347 ipsa,
2456 2293 2710 2350 perquam
2736 2282 2992 2351 validum,
3015 2293 3070 2338 et
3095 2285 3462 2354 persuadendo:
3480 2287 3642 2350 veritati
3659 2287 3750 2341 valde

2291 2368 2560 2424 idoneum.
2594 2370 2831 2428 Ecclesia
2863 2373 3059 2444 quippe
3093 2384 3148 2430 et
3187 2391 3285 2445 pro
3313 2377 3576 2433 inﬁdelibus
3605 2389 3703 2448 rogat
3718 2386 3751 2430 ut

2289 2468 2686 2528 convertantur,
2719 2472 2772 2518 et
2802 2477 2899 2534 pro
2934 2464 3122 2520 iisdem
3149 2468 3416 2523 conversis
3438 2468 3496 2522 ad
3529 2468 3650 2523 ﬁdem
3675 2483 3750 2538 gn-

2291 2554 2392 2618 tias
2417 2556 2523 2625 agit
2551 2571 2564 2617 ;
2593 2558 3043 2626 quemadmodum
3078 2568 3134 2613 et
3162 2575 3260 2630 pro
3288 2560 3410 2631 ipsis
3434 2561 3632 2616 ﬁdelibus
3648 2537 3752 2615 Deam

2293 2657 2553 2716 precatur,
2589 2657 2646 2702 ttt
2685 2649 2737 2702 in
2778 2664 2845 2704 eo
2881 2650 3022 2720 quod
3054 2665 3177 2707 esse
3206 2661 3470 2723 eruperunt
3500 2652 3592 2722 ejus
3613 2667 3753 2706 munem

3795 1953 3806 2478 l

2293 2749 2652 2807 perseverent.
2684 2741 2872 2811 Atqui,
2901 2743 3004 2808 ait,
3031 2744 3137 2798 hinc
3167 2763 3199 2798 a
3230 2745 3436 2801 Domino
3468 2746 3663 2817 poscenda
3690 2758 3754 2804 ut!
3795 2761 3799 2768 '

2293 2847 2392 2893 non
2423 2831 2628 2894 renuis;
2649 2831 2772 2901 quid
2799 2843 2973 2898 restat,
2997 2834 3156 2903 frater
3189 2811 3484 2905 Vitalis,
3505 2848 3551 2892 ut
3569 2837 3614 2891 ei
3643 2836 3752 2889 illati

2293 2922 2473 2976 donari
2499 2927 2720 2994 fatearis,
2766 2943 2798 2979 a
2833 2943 2932 2996 quo
2977 2901 3234 2997 poscenda
3277 2901 3378 2990 esse
3401 2930 3604 2986 cannulis
3623 2926 3752 3001 {Epil-

2291 3016 2416 3084 217,
2447 3035 2499 3070 n.
2524 3019 2560 3073 5
2587 3019 2718 3089 sqq).
2753 3013 2915 3090 Urget
2952 3023 3202 3078 eumdem
3242 3024 3530 3080 auctoritate
3549 2999 3754 3092 sanctiCy-

2294 3113 2462 3182 priani
2501 3113 2570 3167 de
2598 3113 2736 3169 libro
2765 3115 2816 3168 in
2847 3114 3153 3174 Orationem
3199 3119 3522 3183 Dominicam,
3546 3113 3755 3172 etlibrode

2294 3203 2628 3259 Mortalitate.
2676 3205 2897 3262 Monens
2938 3208 3130 3263 deinde
3167 3221 3246 3277 ιιι,
3280 3211 3321 3265 si
3353 3227 3465 3266 vere
3504 3210 3680 3262 volumus
3699 3205 3755 3259 ὁθ-

2294 3295 2511 3352 tendere
2538 3299 2761 3354 liberum
2807 3301 3104 3368 arbitrium,
3149 3319 3218 3358 ne
3249 3317 3577 3375 oppugnemus
3610 3299 3704 3354 unde
3720 3298 3756 3352 it
3791 3285 3806 3310 ³

2291 3390 2516 3446 liberum
2539 3434 2553 3458 ,
2600 3392 2758 3448 docet
2796 3394 3072 3449 arbitrium
3111 3411 3319 3463 eortun,
3364 3399 3443 3468 qui
3482 3394 3626 3450 ﬁdeles
3647 3393 3750 3457 ﬁunt,

2292 3496 2386 3551 per
2411 3451 2679 3538 Christum
2723 3485 2934 3540 liberari
2962 3501 2990 3539 a
3021 3451 3226 3543 diaboli
3252 3451 3509 3559 potestate,
3545 3496 3590 3540 ut
3611 3484 3672 3539 illo
3691 3451 3754 3536 nui

2291 3575 2613 3646 impediente
2657 3579 2875 3634 credant
2910 3579 2960 3633 in
3006 3581 3179 3650 ipsum
3226 3583 3383 3637 libera
3409 3576 3753 3642 voluntateouo-

2289 3645 2430 3722 niam
2456 3669 2668 3724 tandem
2694 3672 2918 3740 quaastio
2939 3645 3197 3729 adversus
3224 3675 3432 3729 Vitalcm
3457 3669 3669 3729 tractanda
3687 3667 3754 3720 llas

2289 3761 2505 3814 omnino
2529 3771 2664 3828 erat,
2711 3772 2891 3818 utrum
2919 3766 3186 3835 prmcedat
3215 3769 3397 3839 gratia,
3427 3783 3485 3821 an
3510 3764 3756 3832 subsequ

2290 3851 2518 3909 hominis
2548 3855 2895 3922 voluntatem,
2930 3858 3030 3912 hoc
3049 3869 3152 3925 est,
3187 3870 3359 3914 utrum
3375 3859 3512 3915 nobis
3537 3849 3755 3920 detonuit

2289 3944 2552 4011 volumus,
2597 3961 2665 4000 an
2713 3962 2807 4016 per
2849 3947 3015 4017 ipsam
3063 3948 3204 4004 Deus
3247 3951 3400 4006 etiam
3429 3949 3517 4004 hoc
3551 3944 3755 4004 efﬁciat!“

2287 4034 2548 4101 velimus;
2578 4039 2824 4107 proponit
2853 4037 2926 4093 illi
2957 4039 3240 4094 duodecim
3285 4040 3548 4096 sententias
3566 4035 3618 4092 de
3634 4029 3754 4106 gratia.

2287 4142 2405 4196 quae
2435 4137 2593 4182 totam
2636 4127 2772 4184 hanc
2813 4129 3162 4200 quzrstionem
3205 4133 3451 4186 dirimunt
3479 4149 3490 4185 :
3514 4143 3610 4183 cum
3630 4139 3678 4178 cx
3693 4118 3756 4174 illis

2291 4233 2395 4273 non
2423 4219 2593 4273 solum
2625 4221 2890 4285 omnibus,
2919 4219 3012 4276 sed
3038 4222 3198 4276 etiam
3222 4222 3433 4293 singulis
3456 4219 3503 4274 id
3524 4213 3754 4272 conﬁciatur,

2288 4320 2344 4366 ut
2372 4314 2723 4369 contiteamur
2751 4316 2914 4385 gratia
2945 4313 3040 4370 Dei
3073 4316 3349 4385 prazveniri
3387 4313 3614 4369 hominum
3637 4303 3757 4358 volun-

2288 4412 2426 4460 tates
2451 4422 2464 4470 ;
2498 4412 2554 4460 et
2581 4420 2676 4475 per
2720 4407 2855 4461 hanc
2880 4422 2970 4462 eas
2997 4408 3172 4477 potius
3218 4404 3508 4478 praeparari,
3541 4410 3656 4476 quam
3675 4405 3758 4462 Ρτθ·

2289 4506 2405 4567 pter
2444 4512 2626 4552 earum
2658 4500 2902 4553 meritum
2931 4499 3063 4554 dari.
3108 4499 3234 4555 Haec
3281 4493 3447 4553 autem
3486 4494 3542 4551 ad
3563 4495 3760 4546 numerum

2285 4589 2668 4645 duodenarium
2696 4590 2906 4661 redigit,
2931 4600 2986 4645 ιιι
3016 4590 3223 4646 facilius
3246 4589 3499 4646 memoriae
3518 4577 3756 4639 mandentur.

2285 4681 2689 4752 distinctiusque
2719 4690 3013 4738 teneantur.
3047 4665 3196 4750 Sese,
3227 4699 3343 4740 cum
3369 4683 3432 4737 sit
3456 4673 3642 4751 propitio
3661 4663 3758 4724 Ch’i‘

2285 4783 2368 4829 sto
2397 4774 2718 4829 christianos
2756 4777 3068 4846 catholicus,
3101 4778 3294 4848 asserit
3322 4774 3630 4831 indubitanter
3651 4763 3755 4822 scire.

2286 4865 2399 4920 haec
2421 4866 2507 4921 illa
2533 4867 2750 4922 totidem
2780 4867 3025 4938 dogmata
3048 4883 3166 4924 esse
3196 4867 3446 4924 catholica
3469 4872 3591 4919 extra
3609 4861 3759 4912 contro-

2285 4957 2508 5012 versiam
2537 4974 2746 5013 omnem
2775 4961 2963 5029 posita,
2991 4975 3020 5014 a
3043 4961 3232 5030 quibus
3252 4959 3494 5014 recedere
3513 4952 3788 5038 nequaquam.

2283 5049 2487 5117 liceret,
2521 5067 2704 5121 quaeve
2733 5051 2797 5105 ad
2837 5051 2993 5107 ﬁdem
3038 5053 3300 5124 pertinere
3343 5067 3404 5107 ne
3434 5045 3591 5104 Vitatis
3613 5036 3772 5130 quidqui

2283 5157 2578 5214 repugnare
2609 5151 2808 5218 posset.
2855 5145 2910 5198 Si
2951 5121 3124 5200 tamen
3165 5161 3228 5200 ex
3259 5145 3333 5199 eis
3370 5135 3558 5210 aliquod
3579 5121 3758 5189 esset,de

2283 5253 2386 5311 quo
2412 5247 2654 5294 censeret
2683 5237 3049 5302 dubitandum,
3078 5239 3295 5310 rogabat
3320 5236 3369 5291 id
3393 5234 3481 5294 sibi
3500 5221 3754 5300 significaret:

2281 5340 2340 5384 ιιι
2366 5330 2536 5398 eide
2569 5330 2681 5403 ipse
2711 5346 2804 5400 pro
2829 5347 2912 5398 ea,
2948 5347 3104 5402 quam
3135 5331 3378 5394 Dominus
3405 5326 3555 5384 daret,
3579 5312 3758 5382 facultate

2281 5425 2652 5494 responderet.
2675 5422 2888 5486 Interim
2911 5439 3026 5498 quae
3048 5434 3228 5479 contra
3251 5419 3473 5494 proferre
3496 5403 3755 5498 pomum?“

2283 5492 2490 5588 vitalis,
2533 5528 2588 5573 et
2636 5534 2755 5590 qua:
2799 5492 2988 5589 partim
3044 5492 3307 5592 protulere
3349 5493 3513 5586 postea
3538 5503 3612 5576 qui

2281 5611 2524 5670 dicuntur
2570 5609 2996 5684 Semipclagiani,
3030 5626 3088 5666 ea
3121 5610 3265 5664 diluit
3306 5616 3356 5662 et
3382 5594 3753 5684 evertitezftilfs

2279 5705 2460 5776 gratia:
2487 5670 2753 5757 defetisoi.
2790 5670 3024 5775 Daunique
3057 5703 3107 5757 in
3136 5709 3360 5758 extrema
3385 5670 3751 5778 epi3l9li'ilbcu'd:

2283 5768 2377 5862 dit,
2426 5793 2469 5849 si
2511 5794 2791 5849 contendat
2835 5793 2919 5849 ille
2941 5768 3048 5865 pro
3086 5794 3161 5852 eis
3191 5792 3274 5864 qui
3301 5773 3500 5846 credere
3530 5771 3691 5836 nolani:
3714 5768 3749 5819 ⁸⁵⁸
