  <div class='ocr_page' id='page_1' title='image "/cluster/home/n/w/nwhite01/storage/ocr_20150623/32/uva.x000669813/285.png"; bbox 0 0 3838 6258; ppageno 0'>
   <div class='ocr_carea' id='block_1_1' title="bbox 547 328 645 393">
    <p class='ocr_par' dir='ltr' id='par_1_1' title="bbox 547 328 645 393">
     <span class='ocr_line' id='line_1_1' title="bbox 547 328 645 393; baseline -0.031 0"><span class='ocrx_word' id='word_1_1' title='bbox 547 328 645 393; x_wconf 71' lang='grc'><strong>531</strong></span> 
     </span>
    </p>
   </div>
   <div class='ocr_carea' id='block_1_2' title="bbox 550 437 2121 511">
    <p class='ocr_par' dir='ltr' id='par_1_2' title="bbox 550 437 2121 511">
     <span class='ocr_line' id='line_1_2' title="bbox 550 437 2121 511; baseline -0.003 -9"><span class='ocrx_word' id='word_1_2' title='bbox 550 456 890 510; x_wconf 83' lang='lat' dir='ltr'><strong>consensum,</strong></span> <span class='ocrx_word' id='word_1_3' title='bbox 920 448 978 497; x_wconf 92' lang='lat' dir='ltr'><strong>ut</strong></span> <span class='ocrx_word' id='word_1_4' title='bbox 998 438 1077 497; x_wconf 84' lang='lat' dir='ltr'><strong>illi</strong></span> <span class='ocrx_word' id='word_1_5' title='bbox 1096 437 1547 506; x_wconf 91' lang='lat' dir='ltr'><strong>communionem,</strong></span> <span class='ocrx_word' id='word_1_6' title='bbox 1574 454 1678 511; x_wconf 91' lang='lat' dir='ltr'><strong>qua</strong></span> <span class='ocrx_word' id='word_1_7' title='bbox 1695 440 1928 511; x_wconf 87' lang='lat' dir='ltr'><strong>privatus</strong></span> <span class='ocrx_word' id='word_1_8' title='bbox 1956 442 2023 497; x_wconf 87' lang='lat' dir='ltr'><strong>ab</strong></span> <span class='ocrx_word' id='word_1_9' title='bbox 2044 443 2121 497; x_wconf 91' lang='lat' dir='ltr'><strong>eis</strong></span> 
     </span>
    </p>
   </div>
   <div class='ocr_carea' id='block_1_3' title="bbox 544 530 2121 602">
    <p class='ocr_par' dir='ltr' id='par_1_3' title="bbox 544 530 2121 602">
     <span class='ocr_line' id='line_1_3' title="bbox 544 530 2121 602; baseline -0.004 -8"><span class='ocrx_word' id='word_1_10' title='bbox 544 534 745 600; x_wconf 81' lang='lat' dir='ltr'><strong>fuerat.</strong></span> <span class='ocrx_word' id='word_1_11' title='bbox 790 535 1103 601; x_wconf 87' lang='lat' dir='ltr'><strong>restituant,</strong></span> <span class='ocrx_word' id='word_1_12' title='bbox 1148 532 1365 587; x_wconf 91' lang='lat' dir='ltr'><strong>minime</strong></span> <span class='ocrx_word' id='word_1_13' title='bbox 1410 530 1709 602; x_wconf 87' lang='lat' dir='ltr'><strong>signiﬁcant</strong></span> <span class='ocrx_word' id='word_1_14' title='bbox 1749 550 1762 585; x_wconf 91' lang='lat'>:</span> <span class='ocrx_word' id='word_1_15' title='bbox 1799 532 1892 587; x_wconf 87' lang='lat' dir='ltr'><strong>sed</strong></span> <span class='ocrx_word' id='word_1_16' title='bbox 1938 542 2121 589; x_wconf 89' lang='lat' dir='ltr'><strong>contra</strong></span> 
     </span>
    </p>
   </div>
   <div class='ocr_carea' id='block_1_4' title="bbox 544 623 2121 696">
    <p class='ocr_par' dir='ltr' id='par_1_4' title="bbox 544 623 2121 696">
     <span class='ocr_line' id='line_1_4' title="bbox 544 623 2121 696; baseline -0.004 -9"><span class='ocrx_word' id='word_1_17' title='bbox 544 630 787 687; x_wconf 93' lang='lat' dir='ltr'><strong>absolute</strong></span> <span class='ocrx_word' id='word_1_18' title='bbox 813 628 996 685; x_wconf 90' lang='lat' dir='ltr'><strong>dicunt</strong></span> <span class='ocrx_word' id='word_1_19' title='bbox 1036 625 1283 683; x_wconf 90' lang='lat' dir='ltr'><strong>eumdem</strong></span> <span class='ocrx_word' id='word_1_20' title='bbox 1325 640 1356 680; x_wconf 89' lang='lat' dir='ltr'><strong>a</strong></span> <span class='ocrx_word' id='word_1_21' title='bbox 1397 640 1457 680; x_wconf 89' lang='lat' dir='ltr'><strong>se</strong></span> <span class='ocrx_word' id='word_1_22' title='bbox 1492 623 1655 681; x_wconf 89' lang='lat' dir='ltr'><strong>fuisse</strong></span> <span class='ocrx_word' id='word_1_23' title='bbox 1692 632 1981 696; x_wconf 90' lang='lat' dir='ltr'><strong>receptum,</strong></span> <span class='ocrx_word' id='word_1_24' title='bbox 2022 626 2121 681; x_wconf 87' lang='lat' dir='ltr'><strong>rati</strong></span> 
     </span>
    </p>
   </div>
   <div class='ocr_carea' id='block_1_5' title="bbox 545 717 2122 794">
    <p class='ocr_par' dir='ltr' id='par_1_5' title="bbox 545 717 2122 794">
     <span class='ocr_line' id='line_1_5' title="bbox 545 717 2122 794; baseline -0.006 -13"><span class='ocrx_word' id='word_1_25' title='bbox 545 723 707 782; x_wconf 92' lang='lat' dir='ltr'><strong>dubio</strong></span> <span class='ocrx_word' id='word_1_26' title='bbox 737 721 942 794; x_wconf 84' lang='lat' dir='ltr'><strong>procul,</strong></span> <span class='ocrx_word' id='word_1_27' title='bbox 972 720 1183 793; x_wconf 86' lang='lat' dir='ltr'><strong>quando</strong></span> <span class='ocrx_word' id='word_1_28' title='bbox 1209 719 1254 775; x_wconf 88' lang='lat' dir='ltr'><strong>is</strong></span> <span class='ocrx_word' id='word_1_29' title='bbox 1279 733 1468 790; x_wconf 90' lang='lat' dir='ltr'><strong>pravas</strong></span> <span class='ocrx_word' id='word_1_30' title='bbox 1494 717 1770 789; x_wconf 83' lang='lat' dir='ltr'><strong>Opiniones</strong></span> <span class='ocrx_word' id='word_1_31' title='bbox 1796 718 1863 774; x_wconf 92' lang='lat' dir='ltr'><strong>ob</strong></span> <span class='ocrx_word' id='word_1_32' title='bbox 1892 734 2021 789; x_wconf 88' lang='lat' dir='ltr'><strong>quas</strong></span> <span class='ocrx_word' id='word_1_33' title='bbox 2044 719 2122 773; x_wconf 87' lang='lat' dir='ltr'><strong>in-</strong></span> 
     </span>
    </p>
   </div>
   <div class='ocr_carea' id='block_1_6' title="bbox 544 809 2123 882">
    <p class='ocr_par' dir='ltr' id='par_1_6' title="bbox 544 809 2123 882">
     <span class='ocr_line' id='line_1_6' title="bbox 544 809 2123 882; baseline -0.005 -9"><span class='ocrx_word' id='word_1_34' title='bbox 544 823 784 872; x_wconf 91' lang='lat' dir='ltr'><strong>currerat</strong></span> <span class='ocrx_word' id='word_1_35' title='bbox 828 812 1179 869; x_wconf 84' lang='lat' dir='ltr'><strong>damnationis</strong></span> <span class='ocrx_word' id='word_1_36' title='bbox 1223 826 1457 882; x_wconf 76' lang='lat' dir='ltr'><strong>poenam,</strong></span> <span class='ocrx_word' id='word_1_37' title='bbox 1490 809 1818 881; x_wconf 88' lang='lat' dir='ltr'><strong>ejuraverat,</strong></span> <span class='ocrx_word' id='word_1_38' title='bbox 1868 826 1925 866; x_wconf 91' lang='lat' dir='ltr'><strong>se</strong></span> <span class='ocrx_word' id='word_1_39' title='bbox 1968 824 2123 880; x_wconf 87' lang='lat' dir='ltr'><strong>posse</strong></span> 
     </span>
    </p>
   </div>
   <div class='ocr_carea' id='block_1_7' title="bbox 544 903 2122 975">
    <p class='ocr_par' dir='ltr' id='par_1_7' title="bbox 544 903 2122 975">
     <span class='ocr_line' id='line_1_7' title="bbox 544 903 2122 975; baseline -0.004 -11"><span class='ocrx_word' id='word_1_40' title='bbox 544 909 690 965; x_wconf 88' lang='lat' dir='ltr'><strong>illam</strong></span> <span class='ocrx_word' id='word_1_41' title='bbox 713 906 1027 964; x_wconf 79' lang='lat' dir='ltr'><strong>sententiam</strong></span> <span class='ocrx_word' id='word_1_42' title='bbox 1050 905 1254 969; x_wconf 91' lang='lat' dir='ltr'><strong>tollere,</strong></span> <span class='ocrx_word' id='word_1_43' title='bbox 1288 920 1385 961; x_wconf 89' lang='lat' dir='ltr'><strong>nec</strong></span> <span class='ocrx_word' id='word_1_44' title='bbox 1406 920 1524 959; x_wconf 90' lang='lat' dir='ltr'><strong>eum</strong></span> <span class='ocrx_word' id='word_1_45' title='bbox 1552 919 1672 959; x_wconf 87' lang='lat' dir='ltr'><strong>esse</strong></span> <span class='ocrx_word' id='word_1_46' title='bbox 1694 903 1759 958; x_wconf 88' lang='lat' dir='ltr'><strong>ad</strong></span> <span class='ocrx_word' id='word_1_47' title='bbox 1781 903 1979 975; x_wconf 90' lang='lat' dir='ltr'><strong>primos</strong></span> <span class='ocrx_word' id='word_1_48' title='bbox 2000 918 2122 958; x_wconf 91' lang='lat' dir='ltr'><strong>suos</strong></span> 
     </span>
    </p>
   </div>
   <div class='ocr_carea' id='block_1_8' title="bbox 540 993 2124 1070">
    <p class='ocr_par' dir='ltr' id='par_1_8' title="bbox 540 993 2124 1070">
     <span class='ocr_line' id='line_1_8' title="bbox 540 993 2124 1070; baseline -0.006 -15"><span class='ocrx_word' id='word_1_49' title='bbox 540 1000 749 1070; x_wconf 91' lang='lat' dir='ltr'><strong>judices</strong></span> <span class='ocrx_word' id='word_1_50' title='bbox 776 995 1170 1054; x_wconf 78' lang='lat' dir='ltr'><strong>remittendum.</strong></span> <span class='ocrx_word' id='word_1_51' title='bbox 1220 995 1299 1049; x_wconf 81' lang='lat' dir='ltr'><strong>Ex</strong></span> <span class='ocrx_word' id='word_1_52' title='bbox 1325 994 1481 1064; x_wconf 88' lang='lat' dir='ltr'><strong>hujus</strong></span> <span class='ocrx_word' id='word_1_53' title='bbox 1511 994 1751 1065; x_wconf 82' lang='lat' dir='ltr'><strong>epistolae</strong></span> <span class='ocrx_word' id='word_1_54' title='bbox 1793 993 1914 1047; x_wconf 90' lang='lat' dir='ltr'><strong>stilo</strong></span> <span class='ocrx_word' id='word_1_55' title='bbox 1942 1000 2124 1048; x_wconf 85' lang='lat' dir='ltr'><strong>censet</strong></span> 
     </span>
    </p>
   </div>
   <div class='ocr_carea' id='block_1_9' title="bbox 546 1085 2119 1158">
    <p class='ocr_par' dir='ltr' id='par_1_9' title="bbox 546 1085 2119 1158">
     <span class='ocr_line' id='line_1_9' title="bbox 546 1085 2119 1158; baseline -0.007 -11"><span class='ocrx_word' id='word_1_56' title='bbox 546 1091 774 1147; x_wconf 87' lang='lat' dir='ltr'><strong>Jacobus</strong></span> <span class='ocrx_word' id='word_1_57' title='bbox 801 1088 1114 1146; x_wconf 91' lang='lat' dir='ltr'><strong>Sirmundus</strong></span> <span class='ocrx_word' id='word_1_58' title='bbox 1139 1103 1255 1144; x_wconf 90' lang='lat' dir='ltr'><strong>eam</strong></span> <span class='ocrx_word' id='word_1_59' title='bbox 1292 1087 1359 1142; x_wconf 91' lang='lat' dir='ltr'><strong>ab</strong></span> <span class='ocrx_word' id='word_1_60' title='bbox 1383 1086 1677 1158; x_wconf 73' lang='lat' dir='ltr'><strong>Augustino</strong></span> <span class='ocrx_word' id='word_1_61' title='bbox 1706 1085 1953 1140; x_wconf 86' lang='lat' dir='ltr'><strong>dictatam</strong></span> <span class='ocrx_word' id='word_1_62' title='bbox 1982 1099 2119 1139; x_wconf 89' lang='lat' dir='ltr'><strong>esse.</strong></span> 
     </span>
    </p>
   </div>
   <div class='ocr_carea' id='block_1_10' title="bbox 621 1175 2121 1250">
    <p class='ocr_par' dir='ltr' id='par_1_10' title="bbox 621 1175 2121 1250">
     <span class='ocr_line' id='line_1_10' title="bbox 621 1175 2121 1250; baseline -0.007 -13"><span class='ocrx_word' id='word_1_63' title='bbox 621 1182 675 1237; x_wconf 82' lang='lat'><strong>5.</strong></span> <span class='ocrx_word' id='word_1_64' title='bbox 704 1181 953 1237; x_wconf 89' lang='lat' dir='ltr'><strong>Omnium</strong></span> <span class='ocrx_word' id='word_1_65' title='bbox 980 1180 1069 1250; x_wconf 86' lang='lat' dir='ltr'><strong>qui</strong></span> <span class='ocrx_word' id='word_1_66' title='bbox 1098 1179 1164 1233; x_wconf 90' lang='lat' dir='ltr'><strong>ab</strong></span> <span class='ocrx_word' id='word_1_67' title='bbox 1188 1177 1481 1247; x_wconf 77' lang='lat' dir='ltr'><strong>Augustino</strong></span> <span class='ocrx_word' id='word_1_68' title='bbox 1500 1175 2121 1232; x_wconf 85' lang='lat' dir='ltr'><strong>retractanturlibrorum</strong></span> 
     </span>
    </p>
   </div>
   <div class='ocr_carea' id='block_1_11' title="bbox 552 1262 2122 1339">
    <p class='ocr_par' dir='ltr' id='par_1_11' title="bbox 552 1262 2122 1339">
     <span class='ocr_line' id='line_1_11' title="bbox 552 1262 2122 1339; baseline -0.007 -11"><span class='ocrx_word' id='word_1_69' title='bbox 552 1271 744 1328; x_wconf 89' lang='lat' dir='ltr'><strong>seriem</strong></span> <span class='ocrx_word' id='word_1_70' title='bbox 767 1310 784 1336; x_wconf 97' lang='lat'><strong>,</strong></span> <span class='ocrx_word' id='word_1_71' title='bbox 813 1279 870 1324; x_wconf 90' lang='lat' dir='ltr'><strong>ut</strong></span> <span class='ocrx_word' id='word_1_72' title='bbox 896 1269 1004 1339; x_wconf 89' lang='lat' dir='ltr'><strong>jam</strong></span> <span class='ocrx_word' id='word_1_73' title='bbox 1034 1267 1463 1331; x_wconf 83' lang='lat' dir='ltr'><strong>observavimus,</strong></span> <span class='ocrx_word' id='word_1_74' title='bbox 1496 1265 1690 1322; x_wconf 89' lang='lat' dir='ltr'><strong>claudit</strong></span> <span class='ocrx_word' id='word_1_75' title='bbox 1715 1265 1848 1320; x_wconf 90' lang='lat' dir='ltr'><strong>liber</strong></span> <span class='ocrx_word' id='word_1_76' title='bbox 1881 1264 1947 1319; x_wconf 90' lang='lat' dir='ltr'><strong>de</strong></span> <span class='ocrx_word' id='word_1_77' title='bbox 1989 1262 2122 1319; x_wconf 88' lang='lat' dir='ltr'><strong>Cor-</strong></span> 
     </span>
    </p>
   </div>
   <div class='ocr_carea' id='block_1_12' title="bbox 546 1354 2121 1434">
    <p class='ocr_par' dir='ltr' id='par_1_12' title="bbox 546 1354 2121 1434">
     <span class='ocr_line' id='line_1_12' title="bbox 546 1354 2121 1434; baseline -0.008 -15"><span class='ocrx_word' id='word_1_78' title='bbox 546 1362 788 1434; x_wconf 90' lang='lat' dir='ltr'><strong>reptione</strong></span> <span class='ocrx_word' id='word_1_79' title='bbox 830 1369 883 1416; x_wconf 90' lang='lat' dir='ltr'><strong>et</strong></span> <span class='ocrx_word' id='word_1_80' title='bbox 932 1359 1134 1415; x_wconf 81' lang='lat' dir='ltr'><strong>Gratia.</strong></span> <span class='ocrx_word' id='word_1_81' title='bbox 1166 1357 1290 1413; x_wconf 87' lang='lat' dir='ltr'><strong>lude</strong></span> <span class='ocrx_word' id='word_1_82' title='bbox 1340 1372 1468 1412; x_wconf 91' lang='lat' dir='ltr'><strong>vero</strong></span> <span class='ocrx_word' id='word_1_83' title='bbox 1506 1371 1611 1411; x_wconf 91' lang='lat' dir='ltr'><strong>non</strong></span> <span class='ocrx_word' id='word_1_84' title='bbox 1662 1363 1859 1411; x_wconf 85' lang='lat' dir='ltr'><strong>temere</strong></span> <span class='ocrx_word' id='word_1_85' title='bbox 1885 1354 2121 1425; x_wconf 81' lang='lat' dir='ltr'><strong>colligas,</strong></span> 
     </span>
    </p>
   </div>
   <div class='ocr_carea' id='block_1_13' title="bbox 548 1446 2125 1520">
    <p class='ocr_par' dir='ltr' id='par_1_13' title="bbox 548 1446 2125 1520">
     <span class='ocr_line' id='line_1_13' title="bbox 548 1446 2125 1520; baseline -0.008 -8"><span class='ocrx_word' id='word_1_86' title='bbox 548 1456 690 1512; x_wconf 89' lang='lat' dir='ltr'><strong>hunc</strong></span> <span class='ocrx_word' id='word_1_87' title='bbox 720 1455 910 1510; x_wconf 92' lang='lat' dir='ltr'><strong>librum</strong></span> <span class='ocrx_word' id='word_1_88' title='bbox 951 1460 1003 1508; x_wconf 91' lang='lat' dir='ltr'><strong>et</strong></span> <span class='ocrx_word' id='word_1_89' title='bbox 1032 1451 1484 1508; x_wconf 84' lang='lat' dir='ltr'><strong>Retractationum</strong></span> <span class='ocrx_word' id='word_1_90' title='bbox 1528 1464 1660 1520; x_wconf 93' lang='lat' dir='ltr'><strong>opus</strong></span> <span class='ocrx_word' id='word_1_91' title='bbox 1686 1464 1791 1503; x_wconf 90' lang='lat' dir='ltr'><strong>uno</strong></span> <span class='ocrx_word' id='word_1_92' title='bbox 1833 1446 2125 1516; x_wconf 88' lang='lat' dir='ltr'><strong>eodemque</strong></span> 
     </span>
    </p>
   </div>
   <div class='ocr_carea' id='block_1_14' title="bbox 548 1537 2125 1619">
    <p class='ocr_par' dir='ltr' id='par_1_14' title="bbox 548 1537 2125 1619">
     <span class='ocr_line' id='line_1_14' title="bbox 548 1537 2125 1619; baseline -0.009 -15"><span class='ocrx_word' id='word_1_93' title='bbox 548 1544 932 1619; x_wconf 87' lang='lat' dir='ltr'><strong>propemodum</strong></span> <span class='ocrx_word' id='word_1_94' title='bbox 964 1553 1205 1615; x_wconf 88' lang='lat' dir='ltr'><strong>tempore</strong></span> <span class='ocrx_word' id='word_1_95' title='bbox 1230 1542 1460 1614; x_wconf 89' lang='lat' dir='ltr'><strong>perfecta</strong></span> <span class='ocrx_word' id='word_1_96' title='bbox 1501 1540 1664 1597; x_wconf 90' lang='lat' dir='ltr'><strong>fuisse</strong></span> <span class='ocrx_word' id='word_1_97' title='bbox 1684 1582 1700 1608; x_wconf 94' lang='lat'><strong>,</strong></span> <span class='ocrx_word' id='word_1_98' title='bbox 1731 1539 1829 1595; x_wconf 87' lang='lat' dir='ltr'><strong>sub</strong></span> <span class='ocrx_word' id='word_1_99' title='bbox 1856 1539 2014 1594; x_wconf 87' lang='lat' dir='ltr'><strong>ﬁnem</strong></span> <span class='ocrx_word' id='word_1_100' title='bbox 2043 1537 2125 1591; x_wconf 87' lang='lat' dir='ltr'><strong>vi-</strong></span> 
     </span>
    </p>
   </div>
   <div class='ocr_carea' id='block_1_15' title="bbox 550 1630 2123 1708">
    <p class='ocr_par' dir='ltr' id='par_1_15' title="bbox 550 1630 2123 1708">
     <span class='ocr_line' id='line_1_15' title="bbox 550 1630 2123 1708; baseline -0.008 -13"><span class='ocrx_word' id='word_1_101' title='bbox 550 1638 746 1695; x_wconf 90' lang='lat' dir='ltr'><strong>delicet</strong></span> <span class='ocrx_word' id='word_1_102' title='bbox 782 1638 905 1692; x_wconf 88' lang='lat' dir='ltr'><strong>anui</strong></span> <span class='ocrx_word' id='word_1_103' title='bbox 935 1635 1442 1708; x_wconf 89' lang='lat' dir='ltr'><strong>quadringentesimi</strong></span> <span class='ocrx_word' id='word_1_104' title='bbox 1468 1633 1706 1703; x_wconf 92' lang='lat' dir='ltr'><strong>vigesimi</strong></span> <span class='ocrx_word' id='word_1_105' title='bbox 1741 1631 1971 1703; x_wconf 86' lang='lat' dir='ltr'><strong>septimi.</strong></span> <span class='ocrx_word' id='word_1_106' title='bbox 1993 1630 2123 1685; x_wconf 84' lang='lat' dir='ltr'><strong>Nam</strong></span> 
     </span>
    </p>
   </div>
   <div class='ocr_carea' id='block_1_16' title="bbox 550 1723 2126 1793">
    <p class='ocr_par' dir='ltr' id='par_1_16' title="bbox 550 1723 2126 1793">
     <span class='ocr_line' id='line_1_16' title="bbox 550 1723 2126 1793; baseline -0.006 -9"><span class='ocrx_word' id='word_1_107' title='bbox 550 1728 651 1785; x_wconf 87' lang='lat' dir='ltr'><strong>etsi</strong></span> <span class='ocrx_word' id='word_1_108' title='bbox 685 1726 822 1783; x_wconf 85' lang='lat' dir='ltr'><strong>liber</strong></span> <span class='ocrx_word' id='word_1_109' title='bbox 848 1728 939 1782; x_wconf 90' lang='lat' dir='ltr'><strong>ille</strong></span> <span class='ocrx_word' id='word_1_110' title='bbox 967 1727 1019 1782; x_wconf 93' lang='lat' dir='ltr'><strong>in</strong></span> <span class='ocrx_word' id='word_1_111' title='bbox 1055 1725 1236 1782; x_wconf 86' lang='lat' dir='ltr'><strong>Galliis</strong></span> <span class='ocrx_word' id='word_1_112' title='bbox 1263 1734 1387 1781; x_wconf 89' lang='lat' dir='ltr'><strong>ante</strong></span> <span class='ocrx_word' id='word_1_113' title='bbox 1410 1724 1556 1779; x_wconf 90' lang='lat' dir='ltr'><strong>visus</strong></span> <span class='ocrx_word' id='word_1_114' title='bbox 1587 1723 1691 1790; x_wconf 91' lang='lat' dir='ltr'><strong>sit,</strong></span> <span class='ocrx_word' id='word_1_115' title='bbox 1724 1737 1880 1793; x_wconf 92' lang='lat' dir='ltr'><strong>quam</strong></span> <span class='ocrx_word' id='word_1_116' title='bbox 1911 1728 2126 1775; x_wconf 90' lang='lat' dir='ltr'><strong>sanctus</strong></span> 
     </span>
    </p>
   </div>
   <div class='ocr_carea' id='block_1_17' title="bbox 549 1811 2123 1893">
    <p class='ocr_par' dir='ltr' id='par_1_17' title="bbox 549 1811 2123 1893">
     <span class='ocr_line' id='line_1_17' title="bbox 549 1811 2123 1893; baseline -0.008 -18"><span class='ocrx_word' id='word_1_117' title='bbox 549 1818 747 1876; x_wconf 83' lang='lat' dir='ltr'><strong>Doctor</strong></span> <span class='ocrx_word' id='word_1_118' title='bbox 769 1817 1187 1893; x_wconf 80' lang='lat' dir='ltr'><strong>Retractatioues</strong></span> <span class='ocrx_word' id='word_1_119' title='bbox 1216 1814 1427 1870; x_wconf 90' lang='lat' dir='ltr'><strong>easdem</strong></span> <span class='ocrx_word' id='word_1_120' title='bbox 1450 1814 1750 1884; x_wconf 78' lang='lat' dir='ltr'><strong>vulgasset;</strong></span> <span class='ocrx_word' id='word_1_121' title='bbox 1780 1811 1919 1866; x_wconf 90' lang='lat' dir='ltr'><strong>hanc</strong></span> <span class='ocrx_word' id='word_1_122' title='bbox 1949 1818 2123 1864; x_wconf 89' lang='lat' dir='ltr'><strong>tamen</strong></span> 
     </span>
    </p>
   </div>
   <div class='ocr_carea' id='block_1_18' title="bbox 550 1901 2123 1977">
    <p class='ocr_par' dir='ltr' id='par_1_18' title="bbox 550 1901 2123 1977">
     <span class='ocr_line' id='line_1_18' title="bbox 550 1901 2123 1977; baseline -0.008 -11"><span class='ocrx_word' id='word_1_123' title='bbox 550 1907 1005 1975; x_wconf 91' lang='lat' dir='ltr'><strong>lucubrationem,</strong></span> <span class='ocrx_word' id='word_1_124' title='bbox 1060 1905 1319 1977; x_wconf 88' lang='lat' dir='ltr'><strong>siquidem</strong></span> <span class='ocrx_word' id='word_1_125' title='bbox 1357 1905 1517 1960; x_wconf 88' lang='lat' dir='ltr'><strong>libros</strong></span> <span class='ocrx_word' id='word_1_126' title='bbox 1564 1912 1746 1958; x_wconf 89' lang='lat' dir='ltr'><strong>contra</strong></span> <span class='ocrx_word' id='word_1_127' title='bbox 1784 1901 2123 1956; x_wconf 86' lang='lat' dir='ltr'><strong>Maximinum</strong></span> 
     </span>
    </p>
   </div>
   <div class='ocr_carea' id='block_1_19' title="bbox 549 1992 2125 2071">
    <p class='ocr_par' dir='ltr' id='par_1_19' title="bbox 549 1992 2125 2071">
     <span class='ocr_line' id='line_1_19' title="bbox 549 1992 2125 2071; baseline -0.008 -14"><span class='ocrx_word' id='word_1_128' title='bbox 549 2016 689 2057; x_wconf 85' lang='lat' dir='ltr'><strong>anno</strong></span> <span class='ocrx_word' id='word_1_129' title='bbox 709 1997 1226 2071; x_wconf 82' lang='lat' dir='ltr'><strong>quadringentesimo</strong></span> <span class='ocrx_word' id='word_1_130' title='bbox 1243 1997 1500 2067; x_wconf 88' lang='lat' dir='ltr'><strong>vigesimo</strong></span> <span class='ocrx_word' id='word_1_131' title='bbox 1525 2002 1712 2050; x_wconf 90' lang='lat' dir='ltr'><strong>octavo</strong></span> <span class='ocrx_word' id='word_1_132' title='bbox 1728 1992 1997 2049; x_wconf 90' lang='lat' dir='ltr'><strong>confectos</strong></span> <span class='ocrx_word' id='word_1_133' title='bbox 2022 2006 2125 2046; x_wconf 90' lang='lat' dir='ltr'><strong>nou</strong></span> 
     </span>
    </p>
   </div>
   <div class='ocr_carea' id='block_1_20' title="bbox 549 2084 2129 2164">
    <p class='ocr_par' dir='ltr' id='par_1_20' title="bbox 549 2084 2129 2164">
     <span class='ocr_line' id='line_1_20' title="bbox 549 2084 2129 2164; baseline -0.009 -14"><span class='ocrx_word' id='word_1_134' title='bbox 549 2090 982 2164; x_wconf 87' lang='lat' dir='ltr'><strong>comprehendit,</strong></span> <span class='ocrx_word' id='word_1_135' title='bbox 1010 2104 1169 2145; x_wconf 89' lang='lat' dir='ltr'><strong>nemo</strong></span> <span class='ocrx_word' id='word_1_136' title='bbox 1194 2087 1456 2160; x_wconf 84' lang='lat' dir='ltr'><strong>putaverit</strong></span> <span class='ocrx_word' id='word_1_137' title='bbox 1492 2085 1787 2141; x_wconf 89' lang='lat' dir='ltr'><strong>absolutam</strong></span> <span class='ocrx_word' id='word_1_138' title='bbox 1819 2084 1984 2138; x_wconf 92' lang='lat' dir='ltr'><strong>multo</strong></span> <span class='ocrx_word' id='word_1_139' title='bbox 2010 2091 2129 2153; x_wconf 90' lang='lat' dir='ltr'><strong>post</strong></span> 
     </span>
    </p>
   </div>
   <div class='ocr_carea' id='block_1_21' title="bbox 549 2173 2130 2252">
    <p class='ocr_par' dir='ltr' id='par_1_21' title="bbox 549 2173 2130 2252">
     <span class='ocr_line' id='line_1_21' title="bbox 549 2173 2130 2252; baseline -0.008 -13"><span class='ocrx_word' id='word_1_140' title='bbox 549 2191 791 2239; x_wconf 81' lang='lat' dir='ltr'><strong>exactum</strong></span> <span class='ocrx_word' id='word_1_141' title='bbox 822 2181 1151 2252; x_wconf 89' lang='lat' dir='ltr'><strong>superiorem</strong></span> <span class='ocrx_word' id='word_1_142' title='bbox 1183 2193 1378 2232; x_wconf 86' lang='lat' dir='ltr'><strong>annum</strong></span> <span class='ocrx_word' id='word_1_143' title='bbox 1402 2195 1415 2232; x_wconf 92' lang='lat'>:</span> <span class='ocrx_word' id='word_1_144' title='bbox 1439 2192 1612 2247; x_wconf 86' lang='lat' dir='ltr'><strong>neque</strong></span> <span class='ocrx_word' id='word_1_145' title='bbox 1646 2175 1806 2230; x_wconf 87' lang='lat' dir='ltr'><strong>etiam</strong></span> <span class='ocrx_word' id='word_1_146' title='bbox 1856 2174 1947 2229; x_wconf 91' lang='lat' dir='ltr'><strong>diu</strong></span> <span class='ocrx_word' id='word_1_147' title='bbox 1992 2173 2130 2227; x_wconf 86' lang='lat' dir='ltr'><strong>mul-</strong></span> 
     </span>
    </p>
   </div>
   <div class='ocr_carea' id='block_1_22' title="bbox 549 2263 2127 2346">
    <p class='ocr_par' dir='ltr' id='par_1_22' title="bbox 549 2263 2127 2346">
     <span class='ocr_line' id='line_1_22' title="bbox 549 2263 2127 2346; baseline -0.008 -17"><span class='ocrx_word' id='word_1_148' title='bbox 549 2281 710 2346; x_wconf 83' lang='lat' dir='ltr'><strong>toque</strong></span> <span class='ocrx_word' id='word_1_149' title='bbox 755 2281 878 2327; x_wconf 90' lang='lat' dir='ltr'><strong>ante</strong></span> <span class='ocrx_word' id='word_1_150' title='bbox 899 2313 912 2339; x_wconf 95' lang='lat'><strong>,</strong></span> <span class='ocrx_word' id='word_1_151' title='bbox 959 2269 1152 2342; x_wconf 90' lang='lat' dir='ltr'><strong>quippe</strong></span> <span class='ocrx_word' id='word_1_152' title='bbox 1179 2284 1299 2324; x_wconf 90' lang='lat' dir='ltr'><strong>cum</strong></span> <span class='ocrx_word' id='word_1_153' title='bbox 1331 2268 1385 2322; x_wconf 92' lang='lat' dir='ltr'><strong>in</strong></span> <span class='ocrx_word' id='word_1_154' title='bbox 1431 2267 1569 2321; x_wconf 92' lang='lat' dir='ltr'><strong>libro</strong></span> <span class='ocrx_word' id='word_1_155' title='bbox 1598 2266 1667 2321; x_wconf 95' lang='lat' dir='ltr'><strong>de</strong></span> <span class='ocrx_word' id='word_1_156' title='bbox 1697 2265 1942 2319; x_wconf 89' lang='lat' dir='ltr'><strong>Doctrina</strong></span> <span class='ocrx_word' id='word_1_157' title='bbox 1983 2263 2127 2319; x_wconf 84' lang='lat' dir='ltr'><strong>chri-</strong></span> 
     </span>
    </p>
   </div>
   <div class='ocr_carea' id='block_1_23' title="bbox 549 2356 2127 2436">
    <p class='ocr_par' dir='ltr' id='par_1_23' title="bbox 549 2356 2127 2436">
     <span class='ocr_line' id='line_1_23' title="bbox 549 2356 2127 2436; baseline -0.008 -13"><span class='ocrx_word' id='word_1_158' title='bbox 549 2368 722 2423; x_wconf 86' lang='lat' dir='ltr'><strong>stiana</strong></span> <span class='ocrx_word' id='word_1_159' title='bbox 745 2374 957 2436; x_wconf 90' lang='lat' dir='ltr'><strong>quarto,</strong></span> <span class='ocrx_word' id='word_1_160' title='bbox 980 2378 1137 2434; x_wconf 91' lang='lat' dir='ltr'><strong>quem</strong></span> <span class='ocrx_word' id='word_1_161' title='bbox 1161 2370 1273 2416; x_wconf 91' lang='lat' dir='ltr'><strong>tum</strong></span> <span class='ocrx_word' id='word_1_162' title='bbox 1290 2359 1443 2427; x_wconf 86' lang='lat' dir='ltr'><strong>fecit,</strong></span> <span class='ocrx_word' id='word_1_163' title='bbox 1469 2372 1589 2413; x_wconf 91' lang='lat' dir='ltr'><strong>cum</strong></span> <span class='ocrx_word' id='word_1_164' title='bbox 1618 2356 1908 2414; x_wconf 84' lang='lat' dir='ltr'><strong>secundum</strong></span> <span class='ocrx_word' id='word_1_165' title='bbox 1938 2357 2127 2412; x_wconf 90' lang='lat' dir='ltr'><strong>librum</strong></span> 
     </span>
    </p>
   </div>
   <div class='ocr_carea' id='block_1_24' title="bbox 553 2448 2129 2521">
    <p class='ocr_par' dir='ltr' id='par_1_24' title="bbox 553 2448 2129 2521">
     <span class='ocr_line' id='line_1_24' title="bbox 553 2448 2129 2521; baseline -0.009 -7"><span class='ocrx_word' id='word_1_166' title='bbox 553 2457 1006 2514; x_wconf 74' lang='lat' dir='ltr'><strong>Rctractationum</strong></span> <span class='ocrx_word' id='word_1_167' title='bbox 1033 2453 1119 2508; x_wconf 89' lang='lat' dir='ltr'><strong>vix</strong></span> <span class='ocrx_word' id='word_1_168' title='bbox 1140 2452 1428 2521; x_wconf 85' lang='lat' dir='ltr'><strong>inceperat,</strong></span> <span class='ocrx_word' id='word_1_169' title='bbox 1480 2448 1653 2504; x_wconf 87' lang='lat' dir='ltr'><strong>tradat</strong></span> <span class='ocrx_word' id='word_1_170' title='bbox 1689 2448 2009 2518; x_wconf 80' lang='lat' dir='ltr'><strong>Augustinus</strong></span> <span class='ocrx_word' id='word_1_171' title='bbox 2032 2462 2129 2502; x_wconf 88' lang='lat' dir='ltr'><strong>an-</strong></span> 
     </span>
    </p>
   </div>
   <div class='ocr_carea' id='block_1_25' title="bbox 553 2540 2131 2614">
    <p class='ocr_par' dir='ltr' id='par_1_25' title="bbox 553 2540 2131 2614">
     <span class='ocr_line' id='line_1_25' title="bbox 553 2540 2131 2614; baseline -0.008 -9"><span class='ocrx_word' id='word_1_172' title='bbox 553 2564 652 2606; x_wconf 84' lang='lat' dir='ltr'><strong>nos</strong></span> <span class='ocrx_word' id='word_1_173' title='bbox 680 2550 846 2604; x_wconf 80' lang='lat' dir='ltr'><strong>ferme</strong></span> <span class='ocrx_word' id='word_1_174' title='bbox 869 2555 991 2601; x_wconf 91' lang='lat' dir='ltr'><strong>octo</strong></span> <span class='ocrx_word' id='word_1_175' title='bbox 1018 2544 1103 2600; x_wconf 88' lang='lat' dir='ltr'><strong>vel</strong></span> <span class='ocrx_word' id='word_1_176' title='bbox 1129 2543 1355 2614; x_wconf 89' lang='lat' dir='ltr'><strong>amplius</strong></span> <span class='ocrx_word' id='word_1_177' title='bbox 1381 2540 1650 2598; x_wconf 79' lang='lat' dir='ltr'><strong>efﬂuxisse</strong></span> <span class='ocrx_word' id='word_1_178' title='bbox 1673 2582 1688 2609; x_wconf 93' lang='lat'><strong>,</strong></span> <span class='ocrx_word' id='word_1_179' title='bbox 1735 2555 1800 2595; x_wconf 83' lang='lat' dir='ltr'><strong>ex</strong></span> <span class='ocrx_word' id='word_1_180' title='bbox 1827 2556 1933 2611; x_wconf 94' lang='lat' dir='ltr'><strong>quo</strong></span> <span class='ocrx_word' id='word_1_181' title='bbox 1956 2540 2131 2595; x_wconf 62' lang='lat' dir='ltr'><strong>Cassa-</strong></span> 
     </span>
    </p>
   </div>
   <div class='ocr_carea' id='block_1_26' title="bbox 552 2631 2129 2708">
    <p class='ocr_par' dir='ltr' id='par_1_26' title="bbox 552 2631 2129 2708">
     <span class='ocr_line' id='line_1_26' title="bbox 552 2631 2129 2708; baseline -0.007 -11"><span class='ocrx_word' id='word_1_182' title='bbox 552 2656 700 2699; x_wconf 84' lang='lat' dir='ltr'><strong>ream</strong></span> <span class='ocrx_word' id='word_1_183' title='bbox 726 2653 910 2695; x_wconf 88' lang='lat' dir='ltr'><strong>mense</strong></span> <span class='ocrx_word' id='word_1_184' title='bbox 942 2636 1229 2708; x_wconf 89' lang='lat' dir='ltr'><strong>septembri</strong></span> <span class='ocrx_word' id='word_1_185' title='bbox 1257 2634 1382 2690; x_wconf 88' lang='lat' dir='ltr'><strong>anni</strong></span> <span class='ocrx_word' id='word_1_186' title='bbox 1408 2644 1526 2705; x_wconf 86' lang='lat' dir='ltr'><strong>post</strong></span> <span class='ocrx_word' id='word_1_187' title='bbox 1549 2631 2129 2704; x_wconf 83' lang='lat' dir='ltr'><strong>quadringentesimum</strong></span> 
     </span>
    </p>
   </div>
   <div class='ocr_carea' id='block_1_27' title="bbox 554 2724 2128 2809">
    <p class='ocr_par' dir='ltr' id='par_1_27' title="bbox 554 2724 2128 2809">
     <span class='ocr_line' id='line_1_27' title="bbox 554 2724 2128 2809; baseline -0.008 -20"><span class='ocrx_word' id='word_1_188' title='bbox 554 2732 745 2789; x_wconf 80' lang='lat' dir='ltr'><strong>decimi</strong></span> <span class='ocrx_word' id='word_1_189' title='bbox 769 2730 938 2787; x_wconf 90' lang='lat' dir='ltr'><strong>octavi</strong></span> <span class='ocrx_word' id='word_1_190' title='bbox 964 2728 1205 2809; x_wconf 83' lang='lat' dir='ltr'><strong>petierat.</strong></span> <span class='ocrx_word' id='word_1_191' title='bbox 1238 2728 1561 2797; x_wconf 83' lang='lat' dir='ltr'><strong>Augustinus</strong></span> <span class='ocrx_word' id='word_1_192' title='bbox 1580 2724 1891 2795; x_wconf 85' lang='lat' dir='ltr'><strong>jamdudum</strong></span> <span class='ocrx_word' id='word_1_193' title='bbox 1932 2739 2128 2795; x_wconf 91' lang='lat' dir='ltr'><strong>propo-</strong></span> 
     </span>
    </p>
   </div>
   <div class='ocr_carea' id='block_1_28' title="bbox 554 2816 2129 2891">
    <p class='ocr_par' dir='ltr' id='par_1_28' title="bbox 554 2816 2129 2891">
     <span class='ocr_line' id='line_1_28' title="bbox 554 2816 2129 2891; baseline -0.006 -10"><span class='ocrx_word' id='word_1_194' title='bbox 554 2832 771 2891; x_wconf 85' lang='lat' dir='ltr'><strong>suerat,</strong></span> <span class='ocrx_word' id='word_1_195' title='bbox 821 2836 945 2877; x_wconf 90' lang='lat' dir='ltr'><strong>suos</strong></span> <span class='ocrx_word' id='word_1_196' title='bbox 991 2834 1178 2877; x_wconf 89' lang='lat' dir='ltr'><strong>omnes</strong></span> <span class='ocrx_word' id='word_1_197' title='bbox 1217 2818 1421 2884; x_wconf 87' lang='lat' dir='ltr'><strong>libros,</strong></span> <span class='ocrx_word' id='word_1_198' title='bbox 1472 2816 1723 2888; x_wconf 89' lang='lat' dir='ltr'><strong>epistolas</strong></span> <span class='ocrx_word' id='word_1_199' title='bbox 1751 2831 1813 2870; x_wconf 90' lang='lat' dir='ltr'><strong>ac</strong></span> <span class='ocrx_word' id='word_1_200' title='bbox 1857 2830 2129 2871; x_wconf 89' lang='lat' dir='ltr'><strong>sermones</strong></span> 
     </span>
    </p>
   </div>
   <div class='ocr_carea' id='block_1_29' title="bbox 553 2906 2129 2983">
    <p class='ocr_par' dir='ltr' id='par_1_29' title="bbox 553 2906 2129 2983">
     <span class='ocr_line' id='line_1_29' title="bbox 553 2906 2129 2983; baseline -0.006 -13"><span class='ocrx_word' id='word_1_201' title='bbox 553 2915 786 2970; x_wconf 79' lang='lat' dir='ltr'><strong>adhibita</strong></span> <span class='ocrx_word' id='word_1_202' title='bbox 837 2911 1033 2983; x_wconf 82' lang='lat' dir='ltr'><strong>judicis</strong></span> <span class='ocrx_word' id='word_1_203' title='bbox 1086 2910 1367 2967; x_wconf 88' lang='lat' dir='ltr'><strong>severitate</strong></span> <span class='ocrx_word' id='word_1_204' title='bbox 1398 2922 1708 2973; x_wconf 85' lang='lat' dir='ltr'><strong>recensere;</strong></span> <span class='ocrx_word' id='word_1_205' title='bbox 1744 2921 1950 2962; x_wconf 86' lang='lat' dir='ltr'><strong>necnon</strong></span> <span class='ocrx_word' id='word_1_206' title='bbox 1977 2906 2129 2977; x_wconf 84' lang='lat' dir='ltr'><strong>rigidi</strong></span> 
     </span>
    </p>
   </div>
   <div class='ocr_carea' id='block_1_30' title="bbox 553 2998 2133 3074">
    <p class='ocr_par' dir='ltr' id='par_1_30' title="bbox 553 2998 2133 3074">
     <span class='ocr_line' id='line_1_30' title="bbox 553 2998 2133 3074; baseline -0.007 -11"><span class='ocrx_word' id='word_1_207' title='bbox 553 3006 792 3063; x_wconf 88' lang='lat' dir='ltr'><strong>censoris</strong></span> <span class='ocrx_word' id='word_1_208' title='bbox 822 3004 1011 3071; x_wconf 91' lang='lat' dir='ltr'><strong>instar,</strong></span> <span class='ocrx_word' id='word_1_209' title='bbox 1034 3001 1286 3074; x_wconf 89' lang='lat' dir='ltr'><strong>quidquid</strong></span> <span class='ocrx_word' id='word_1_210' title='bbox 1307 3000 1359 3055; x_wconf 92' lang='lat' dir='ltr'><strong>in</strong></span> <span class='ocrx_word' id='word_1_211' title='bbox 1388 2999 1494 3055; x_wconf 91' lang='lat' dir='ltr'><strong>illis</strong></span> <span class='ocrx_word' id='word_1_212' title='bbox 1518 2998 2013 3069; x_wconf 87' lang='lat' dir='ltr'><strong>reprehendendum</strong></span> <span class='ocrx_word' id='word_1_213' title='bbox 2038 3013 2133 3067; x_wconf 92' lang='lat' dir='ltr'><strong>pu-</strong></span> 
     </span>
    </p>
   </div>
   <div class='ocr_carea' id='block_1_31' title="bbox 555 3088 2133 3165">
    <p class='ocr_par' dir='ltr' id='par_1_31' title="bbox 555 3088 2133 3165">
     <span class='ocr_line' id='line_1_31' title="bbox 555 3088 2133 3165; baseline -0.004 -14"><span class='ocrx_word' id='word_1_214' title='bbox 555 3105 724 3159; x_wconf 88' lang='lat' dir='ltr'><strong>taret,</strong></span> <span class='ocrx_word' id='word_1_215' title='bbox 753 3094 1007 3165; x_wconf 91' lang='lat' dir='ltr'><strong>opusculo</strong></span> <span class='ocrx_word' id='word_1_216' title='bbox 1044 3092 1111 3148; x_wconf 90' lang='lat' dir='ltr'><strong>ad</strong></span> <span class='ocrx_word' id='word_1_217' title='bbox 1138 3092 1240 3148; x_wconf 92' lang='lat' dir='ltr'><strong>hoc</strong></span> <span class='ocrx_word' id='word_1_218' title='bbox 1267 3092 1437 3161; x_wconf 92' lang='lat' dir='ltr'><strong>ipsum</strong></span> <span class='ocrx_word' id='word_1_219' title='bbox 1463 3090 1700 3145; x_wconf 91' lang='lat' dir='ltr'><strong>instituto</strong></span> <span class='ocrx_word' id='word_1_220' title='bbox 1724 3090 1973 3160; x_wconf 87' lang='lat' dir='ltr'><strong>colligere</strong></span> <span class='ocrx_word' id='word_1_221' title='bbox 1995 3089 2014 3160; x_wconf 94' lang='lat'><strong>(</strong></span> <span class='ocrx_word' id='word_1_222' title='bbox 2033 3088 2133 3144; x_wconf 85' lang='lat' dir='ltr'><strong>Re-</strong></span> 
     </span>
    </p>
   </div>
   <div class='ocr_carea' id='block_1_32' title="bbox 558 3182 2129 3255">
    <p class='ocr_par' dir='ltr' id='par_1_32' title="bbox 558 3182 2129 3255">
     <span class='ocr_line' id='line_1_32' title="bbox 558 3182 2129 3255; baseline -0.002 -16"><span class='ocrx_word' id='word_1_223' title='bbox 558 3185 910 3242; x_wconf 82' lang='lat' dir='ltr'><strong>tractationum</strong></span> <span class='ocrx_word' id='word_1_224' title='bbox 961 3184 1192 3255; x_wconf 85' lang='lat' dir='ltr'><strong>prologo,</strong></span> <span class='ocrx_word' id='word_1_225' title='bbox 1234 3199 1286 3235; x_wconf 90' lang='lat' dir='ltr'><strong>n.</strong></span> <span class='ocrx_word' id='word_1_226' title='bbox 1318 3182 1344 3235; x_wconf 99' lang='grc'><strong>1</strong></span> <span class='ocrx_word' id='word_1_227' title='bbox 1372 3182 1391 3251; x_wconf 95' lang='grc'>)</span> <span class='ocrx_word' id='word_1_228' title='bbox 1420 3198 1433 3233; x_wconf 90' lang='lat'><strong>:</strong></span> <span class='ocrx_word' id='word_1_229' title='bbox 1464 3196 1563 3235; x_wconf 90' lang='lat' dir='ltr'><strong>nec</strong></span> <span class='ocrx_word' id='word_1_230' title='bbox 1590 3195 1719 3235; x_wconf 89' lang='lat' dir='ltr'><strong>sane</strong></span> <span class='ocrx_word' id='word_1_231' title='bbox 1748 3195 1914 3250; x_wconf 88' lang='lat' dir='ltr'><strong>pauca</strong></span> <span class='ocrx_word' id='word_1_232' title='bbox 1943 3189 2129 3248; x_wconf 91' lang='lat' dir='ltr'><strong>erant,</strong></span> 
     </span>
    </p>
   </div>
   <div class='ocr_carea' id='block_1_33' title="bbox 554 3260 2130 3344">
    <p class='ocr_par' dir='ltr' id='par_1_33' title="bbox 554 3260 2130 3344">
     <span class='ocr_line' id='line_1_33' title="bbox 554 3260 2130 3344; baseline -0.001 -16"><span class='ocrx_word' id='word_1_233' title='bbox 554 3290 673 3344; x_wconf 76' lang='lat' dir='ltr'><strong>qua:</strong></span> <span class='ocrx_word' id='word_1_234' title='bbox 704 3289 733 3327; x_wconf 89' lang='lat' dir='ltr'><strong>a</strong></span> <span class='ocrx_word' id='word_1_235' title='bbox 782 3287 840 3328; x_wconf 86' lang='lat' dir='ltr'><strong>se</strong></span> <span class='ocrx_word' id='word_1_236' title='bbox 882 3272 1022 3329; x_wconf 87' lang='lat' dir='ltr'><strong>dicta</strong></span> <span class='ocrx_word' id='word_1_237' title='bbox 1071 3273 1331 3342; x_wconf 90' lang='lat' dir='ltr'><strong>scriptave</strong></span> <span class='ocrx_word' id='word_1_238' title='bbox 1371 3260 1647 3329; x_wconf 72' lang='lat' dir='ltr'><strong>noluisset.</strong></span> <span class='ocrx_word' id='word_1_239' title='bbox 1687 3270 1991 3327; x_wconf 76' lang='lat' dir='ltr'><strong>Marcellino</strong></span> <span class='ocrx_word' id='word_1_240' title='bbox 2023 3273 2130 3341; x_wconf 89' lang='lat' dir='ltr'><strong>jam</strong></span> 
     </span>
    </p>
   </div>
   <div class='ocr_carea' id='block_1_34' title="bbox 554 3360 2134 3434">
    <p class='ocr_par' dir='ltr' id='par_1_34' title="bbox 554 3360 2134 3434">
     <span class='ocr_line' id='line_1_34' title="bbox 554 3360 2134 3434; baseline -0.003 -12"><span class='ocrx_word' id='word_1_241' title='bbox 554 3365 678 3422; x_wconf 89' lang='lat' dir='ltr'><strong>inde</strong></span> <span class='ocrx_word' id='word_1_242' title='bbox 707 3364 775 3419; x_wconf 90' lang='lat' dir='ltr'><strong>ab</strong></span> <span class='ocrx_word' id='word_1_243' title='bbox 811 3380 952 3419; x_wconf 89' lang='lat' dir='ltr'><strong>anno</strong></span> <span class='ocrx_word' id='word_1_244' title='bbox 977 3361 1496 3434; x_wconf 88' lang='lat' dir='ltr'><strong>quadringentesimo</strong></span> <span class='ocrx_word' id='word_1_245' title='bbox 1536 3360 1856 3418; x_wconf 90' lang='lat' dir='ltr'><strong>duodecimo</strong></span> <span class='ocrx_word' id='word_1_246' title='bbox 1906 3362 2134 3419; x_wconf 88' lang='lat' dir='ltr'><strong>testaba-</strong></span> 
     </span>
    </p>
   </div>
   <div class='ocr_carea' id='block_1_35' title="bbox 555 3452 2136 3527">
    <p class='ocr_par' dir='ltr' id='par_1_35' title="bbox 555 3452 2136 3527">
     <span class='ocr_line' id='line_1_35' title="bbox 555 3452 2136 3527; baseline -0.002 -14"><span class='ocrx_word' id='word_1_247' title='bbox 555 3466 662 3525; x_wconf 90' lang='lat' dir='ltr'><strong>tur,</strong></span> <span class='ocrx_word' id='word_1_248' title='bbox 690 3466 872 3527; x_wconf 90' lang='lat' dir='ltr'><strong>optare</strong></span> <span class='ocrx_word' id='word_1_249' title='bbox 923 3471 982 3511; x_wconf 91' lang='lat' dir='ltr'><strong>se</strong></span> <span class='ocrx_word' id='word_1_250' title='bbox 1023 3462 1082 3510; x_wconf 88' lang='lat' dir='ltr'><strong>ut</strong></span> <span class='ocrx_word' id='word_1_251' title='bbox 1109 3455 1415 3510; x_wconf 89' lang='lat' dir='ltr'><strong>incumbere</strong></span> <span class='ocrx_word' id='word_1_252' title='bbox 1444 3452 1565 3509; x_wconf 88' lang='lat' dir='ltr'><strong>huic</strong></span> <span class='ocrx_word' id='word_1_253' title='bbox 1594 3453 1764 3509; x_wconf 90' lang='lat' dir='ltr'><strong>labori</strong></span> <span class='ocrx_word' id='word_1_254' title='bbox 1806 3453 1905 3509; x_wconf 88' lang='lat' dir='ltr'><strong>sibi</strong></span> <span class='ocrx_word' id='word_1_255' title='bbox 1950 3453 2136 3510; x_wconf 86' lang='lat' dir='ltr'><strong>liceret</strong></span> 
     </span>
    </p>
   </div>
   <div class='ocr_carea' id='block_1_36' title="bbox 557 3546 2131 3621">
    <p class='ocr_par' dir='ltr' id='par_1_36' title="bbox 557 3546 2131 3621">
     <span class='ocr_line' id='line_1_36' title="bbox 557 3546 2131 3621; baseline -0.002 -17"><span class='ocrx_word' id='word_1_256' title='bbox 557 3550 755 3621; x_wconf 86' lang='lat' dir='ltr'><strong>(Epist.</strong></span> <span class='ocrx_word' id='word_1_257' title='bbox 818 3549 941 3615; x_wconf 73' lang='grc'><strong>145,</strong></span> <span class='ocrx_word' id='word_1_258' title='bbox 985 3565 1070 3602; x_wconf 87' lang='lat' dir='ltr'><strong>nn.</strong></span> <span class='ocrx_word' id='word_1_259' title='bbox 1102 3548 1156 3612; x_wconf 94' lang='lat'><strong>2,</strong></span> <span class='ocrx_word' id='word_1_260' title='bbox 1190 3547 1279 3618; x_wconf 81' lang='lat'><strong>&#39;5);</strong></span> <span class='ocrx_word' id='word_1_261' title='bbox 1320 3561 1425 3617; x_wconf 93' lang='lat' dir='ltr'><strong>quo</strong></span> <span class='ocrx_word' id='word_1_262' title='bbox 1479 3546 1653 3617; x_wconf 90' lang='lat' dir='ltr'><strong>palam</strong></span> <span class='ocrx_word' id='word_1_263' title='bbox 1693 3546 1926 3613; x_wconf 90' lang='lat' dir='ltr'><strong>faceret,</strong></span> <span class='ocrx_word' id='word_1_264' title='bbox 1976 3561 2131 3617; x_wconf 88' lang='lat' dir='ltr'><strong>quam</strong></span> 
     </span>
    </p>
   </div>
   <div class='ocr_carea' id='block_1_37' title="bbox 557 3638 2132 3711">
    <p class='ocr_par' dir='ltr' id='par_1_37' title="bbox 557 3638 2132 3711">
     <span class='ocr_line' id='line_1_37' title="bbox 557 3638 2132 3711; baseline -0.002 -13"><span class='ocrx_word' id='word_1_265' title='bbox 557 3658 663 3698; x_wconf 93' lang='lat' dir='ltr'><strong>non</strong></span> <span class='ocrx_word' id='word_1_266' title='bbox 694 3650 836 3697; x_wconf 90' lang='lat' dir='ltr'><strong>esset</strong></span> <span class='ocrx_word' id='word_1_267' title='bbox 864 3650 1110 3711; x_wconf 90' lang='lat' dir='ltr'><strong>acceptor</strong></span> <span class='ocrx_word' id='word_1_268' title='bbox 1140 3653 1382 3711; x_wconf 63' lang='lat' dir='ltr'><strong>personae</strong></span> <span class='ocrx_word' id='word_1_269' title='bbox 1411 3654 1541 3694; x_wconf 82' lang='lat' dir='ltr'><strong>suae.</strong></span> <span class='ocrx_word' id='word_1_270' title='bbox 1571 3639 1735 3710; x_wconf 84' lang='lat' dir='ltr'><strong>igitur</strong></span> <span class='ocrx_word' id='word_1_271' title='bbox 1755 3638 1982 3695; x_wconf 90' lang='lat' dir='ltr'><strong>indicem</strong></span> <span class='ocrx_word' id='word_1_272' title='bbox 2009 3655 2132 3711; x_wconf 88' lang='lat' dir='ltr'><strong>per-</strong></span> 
     </span>
    </p>
   </div>
   <div class='ocr_carea' id='block_1_38' title="bbox 558 3727 2133 3799">
    <p class='ocr_par' dir='ltr' id='par_1_38' title="bbox 558 3727 2133 3799">
     <span class='ocr_line' id='line_1_38' title="bbox 558 3727 2133 3799; baseline -0.003 -11"><span class='ocrx_word' id='word_1_273' title='bbox 558 3733 729 3789; x_wconf 80' lang='lat' dir='ltr'><strong>texuit</strong></span> <span class='ocrx_word' id='word_1_274' title='bbox 755 3731 1012 3786; x_wconf 89' lang='lat' dir='ltr'><strong>librorum</strong></span> <span class='ocrx_word' id='word_1_275' title='bbox 1038 3743 1250 3785; x_wconf 88' lang='lat' dir='ltr'><strong>suorum</strong></span> <span class='ocrx_word' id='word_1_276' title='bbox 1268 3771 1282 3795; x_wconf 92' lang='lat'><strong>,</strong></span> <span class='ocrx_word' id='word_1_277' title='bbox 1310 3743 1440 3799; x_wconf 92' lang='lat' dir='ltr'><strong>quos</strong></span> <span class='ocrx_word' id='word_1_278' title='bbox 1470 3727 1667 3784; x_wconf 90' lang='lat' dir='ltr'><strong>idcirco</strong></span> <span class='ocrx_word' id='word_1_279' title='bbox 1692 3729 1979 3785; x_wconf 91' lang='lat' dir='ltr'><strong>secundum</strong></span> <span class='ocrx_word' id='word_1_280' title='bbox 2009 3737 2133 3783; x_wconf 63' lang='lat' dir='ltr'><strong>aeta-</strong></span> 
     </span>
    </p>
   </div>
   <div class='ocr_carea' id='block_1_39' title="bbox 563 3819 2133 3892">
    <p class='ocr_par' dir='ltr' id='par_1_39' title="bbox 563 3819 2133 3892">
     <span class='ocr_line' id='line_1_39' title="bbox 563 3819 2133 3892; baseline -0.002 -15"><span class='ocrx_word' id='word_1_281' title='bbox 563 3832 673 3879; x_wconf 86' lang='lat' dir='ltr'><strong>tem</strong></span> <span class='ocrx_word' id='word_1_282' title='bbox 698 3821 951 3892; x_wconf 88' lang='lat' dir='ltr'><strong>cujusque</strong></span> <span class='ocrx_word' id='word_1_283' title='bbox 980 3819 1274 3886; x_wconf 85' lang='lat' dir='ltr'><strong>ordinavit,</strong></span> <span class='ocrx_word' id='word_1_284' title='bbox 1302 3828 1361 3874; x_wconf 91' lang='lat' dir='ltr'><strong>ut</strong></span> <span class='ocrx_word' id='word_1_285' title='bbox 1380 3819 1424 3874; x_wconf 91' lang='lat' dir='ltr'><strong>si</strong></span> <span class='ocrx_word' id='word_1_286' title='bbox 1453 3819 1642 3890; x_wconf 87' lang='lat' dir='ltr'><strong>quibus</strong></span> <span class='ocrx_word' id='word_1_287' title='bbox 1673 3820 1904 3889; x_wconf 88' lang='lat' dir='ltr'><strong>placeret</strong></span> <span class='ocrx_word' id='word_1_288' title='bbox 1919 3819 2133 3875; x_wconf 86' lang='lat' dir='ltr'><strong>eosdem</strong></span> 
     </span>
    </p>
   </div>
   <div class='ocr_carea' id='block_1_40' title="bbox 560 3912 2136 3986">
    <p class='ocr_par' dir='ltr' id='par_1_40' title="bbox 560 3912 2136 3986">
     <span class='ocr_line' id='line_1_40' title="bbox 560 3912 2136 3986; baseline -0.006 -10"><span class='ocrx_word' id='word_1_289' title='bbox 560 3935 630 3977; x_wconf 78' lang='lat' dir='ltr'><strong>ett</strong></span> <span class='ocrx_word' id='word_1_290' title='bbox 653 3918 745 3974; x_wconf 91' lang='lat' dir='ltr'><strong>illa</strong></span> <span class='ocrx_word' id='word_1_291' title='bbox 774 3915 911 3972; x_wconf 91' lang='lat' dir='ltr'><strong>serie</strong></span> <span class='ocrx_word' id='word_1_292' title='bbox 948 3916 1223 3981; x_wconf 89' lang='lat' dir='ltr'><strong>evolvere,</strong></span> <span class='ocrx_word' id='word_1_293' title='bbox 1266 3912 1534 3986; x_wconf 92' lang='lat' dir='ltr'><strong>quomodo</strong></span> <span class='ocrx_word' id='word_1_294' title='bbox 1569 3912 1851 3968; x_wconf 90' lang='lat' dir='ltr'><strong>scribendo</strong></span> <span class='ocrx_word' id='word_1_295' title='bbox 1877 3913 1990 3983; x_wconf 92' lang='lat' dir='ltr'><strong>ipse</strong></span> <span class='ocrx_word' id='word_1_296' title='bbox 2015 3927 2136 3983; x_wconf 89' lang='lat' dir='ltr'><strong>pro-</strong></span> 
     </span>
    </p>
   </div>
   <div class='ocr_carea' id='block_1_41' title="bbox 557 4003 2133 4075">
    <p class='ocr_par' dir='ltr' id='par_1_41' title="bbox 557 4003 2133 4075">
     <span class='ocr_line' id='line_1_41' title="bbox 557 4003 2133 4075; baseline -0.004 -9"><span class='ocrx_word' id='word_1_297' title='bbox 557 4008 781 4074; x_wconf 88' lang='lat' dir='ltr'><strong>fecerit,</strong></span> <span class='ocrx_word' id='word_1_298' title='bbox 818 4005 1242 4062; x_wconf 88' lang='lat' dir='ltr'><strong>animadvertere</strong></span> <span class='ocrx_word' id='word_1_299' title='bbox 1270 4004 1508 4060; x_wconf 87' lang='lat' dir='ltr'><strong>valerent</strong></span> <span class='ocrx_word' id='word_1_300' title='bbox 1530 4003 1983 4073; x_wconf 86' lang='lat' dir='ltr'><strong>(Retractationum</strong></span> <span class='ocrx_word' id='word_1_301' title='bbox 2013 4021 2133 4075; x_wconf 87' lang='lat' dir='ltr'><strong>pro-</strong></span> 
     </span>
    </p>
   </div>
   <div class='ocr_carea' id='block_1_42' title="bbox 557 4095 2135 4173">
    <p class='ocr_par' dir='ltr' id='par_1_42' title="bbox 557 4095 2135 4173">
     <span class='ocr_line' id='line_1_42' title="bbox 557 4095 2135 4173; baseline -0.005 -17"><span class='ocrx_word' id='word_1_302' title='bbox 557 4101 695 4173; x_wconf 77' lang='lat' dir='ltr'><strong>logo,</strong></span> <span class='ocrx_word' id='word_1_303' title='bbox 726 4116 781 4153; x_wconf 79' lang='grc' dir='ltr'>η.</span> <span class='ocrx_word' id='word_1_304' title='bbox 804 4096 879 4171; x_wconf 74' lang='lat'><strong>3).</strong></span> <span class='ocrx_word' id='word_1_305' title='bbox 903 4096 1179 4170; x_wconf 84' lang='lat' dir='ltr'><strong>Pr0pterea</strong></span> <span class='ocrx_word' id='word_1_306' title='bbox 1203 4113 1334 4151; x_wconf 88' lang='lat' dir='ltr'><strong>nunc</strong></span> <span class='ocrx_word' id='word_1_307' title='bbox 1362 4096 1493 4167; x_wconf 86' lang='lat' dir='ltr'><strong>facio</strong></span> <span class='ocrx_word' id='word_1_308' title='bbox 1524 4095 1692 4162; x_wconf 85' lang='lat' dir='ltr'><strong>libros,</strong></span> <span class='ocrx_word' id='word_1_309' title='bbox 1738 4096 1842 4161; x_wconf 92' lang='lat' dir='ltr'><strong>ait,</strong></span> <span class='ocrx_word' id='word_1_310' title='bbox 1877 4096 1931 4150; x_wconf 93' lang='lat' dir='ltr'><strong>in</strong></span> <span class='ocrx_word' id='word_1_311' title='bbox 1958 4095 2135 4167; x_wconf 78' lang='lat' dir='ltr'><strong>quibus</strong></span> 
     </span>
    </p>
   </div>
   <div class='ocr_carea' id='block_1_43' title="bbox 561 4188 2135 4261">
    <p class='ocr_par' dir='ltr' id='par_1_43' title="bbox 561 4188 2135 4261">
     <span class='ocr_line' id='line_1_43' title="bbox 561 4188 2135 4261; baseline -0.005 -14"><span class='ocrx_word' id='word_1_312' title='bbox 561 4189 806 4261; x_wconf 81' lang='lat' dir='ltr'><strong>opuscula</strong></span> <span class='ocrx_word' id='word_1_313' title='bbox 833 4206 944 4245; x_wconf 85' lang='lat' dir='ltr'><strong>mea</strong></span> <span class='ocrx_word' id='word_1_314' title='bbox 970 4188 1293 4243; x_wconf 87' lang='lat' dir='ltr'><strong>retractanda</strong></span> <span class='ocrx_word' id='word_1_315' title='bbox 1322 4188 1539 4259; x_wconf 78' lang='lat' dir='ltr'><strong>suscepi,</strong></span> <span class='ocrx_word' id='word_1_316' title='bbox 1571 4197 1625 4241; x_wconf 89' lang='lat' dir='ltr'><strong>ut</strong></span> <span class='ocrx_word' id='word_1_317' title='bbox 1650 4203 1741 4242; x_wconf 91' lang='lat' dir='ltr'><strong>nec</strong></span> <span class='ocrx_word' id='word_1_318' title='bbox 1778 4205 1856 4242; x_wconf 88' lang='lat' dir='ltr'><strong>me</strong></span> <span class='ocrx_word' id='word_1_319' title='bbox 1883 4188 2049 4258; x_wconf 86' lang='lat' dir='ltr'><strong>ipsum</strong></span> <span class='ocrx_word' id='word_1_320' title='bbox 2083 4188 2135 4240; x_wconf 88' lang='lat' dir='ltr'><strong>in</strong></span> 
     </span>
    </p>
   </div>
   <div class='ocr_carea' id='block_1_44' title="bbox 558 4278 2137 4350">
    <p class='ocr_par' dir='ltr' id='par_1_44' title="bbox 558 4278 2137 4350">
     <span class='ocr_line' id='line_1_44' title="bbox 558 4278 2137 4350; baseline -0.004 -12"><span class='ocrx_word' id='word_1_321' title='bbox 558 4281 789 4339; x_wconf 81' lang='lat' dir='ltr'><strong>omnibus</strong></span> <span class='ocrx_word' id='word_1_322' title='bbox 832 4297 911 4335; x_wconf 87' lang='lat' dir='ltr'><strong>me</strong></span> <span class='ocrx_word' id='word_1_323' title='bbox 964 4287 1186 4334; x_wconf 88' lang='lat' dir='ltr'><strong>secutum</strong></span> <span class='ocrx_word' id='word_1_324' title='bbox 1242 4279 1396 4350; x_wconf 87' lang='lat' dir='ltr'><strong>fuisse</strong></span> <span class='ocrx_word' id='word_1_325' title='bbox 1458 4278 1823 4342; x_wconf 78' lang='lat' dir='ltr'><strong>demonstrem;</strong></span> <span class='ocrx_word' id='word_1_326' title='bbox 1873 4279 1960 4332; x_wconf 86' lang='lat' dir='ltr'><strong>sed</strong></span> <span class='ocrx_word' id='word_1_327' title='bbox 2020 4294 2137 4347; x_wconf 78' lang='lat' dir='ltr'><strong>pro-</strong></span> 
     </span>
    </p>
   </div>
   <div class='ocr_carea' id='block_1_45' title="bbox 560 4367 2136 4444">
    <p class='ocr_par' dir='ltr' id='par_1_45' title="bbox 560 4367 2136 4444">
     <span class='ocr_line' id='line_1_45' title="bbox 560 4367 2136 4444; baseline -0.004 -15"><span class='ocrx_word' id='word_1_328' title='bbox 560 4375 784 4444; x_wconf 77' lang='lat' dir='ltr'><strong>ﬁcienter</strong></span> <span class='ocrx_word' id='word_1_329' title='bbox 831 4387 911 4427; x_wconf 89' lang='lat' dir='ltr'><strong>me</strong></span> <span class='ocrx_word' id='word_1_330' title='bbox 952 4370 1178 4427; x_wconf 69' lang='lat' dir='ltr'><strong>aristimo</strong></span> <span class='ocrx_word' id='word_1_331' title='bbox 1225 4367 1334 4423; x_wconf 86' lang='lat' dir='ltr'><strong>Deo</strong></span> <span class='ocrx_word' id='word_1_332' title='bbox 1382 4368 1647 4424; x_wconf 74' lang='lat' dir='ltr'><strong>miserante</strong></span> <span class='ocrx_word' id='word_1_333' title='bbox 1699 4369 1990 4438; x_wconf 73' lang='lat' dir='ltr'><strong>scripsisse,</strong></span> <span class='ocrx_word' id='word_1_334' title='bbox 2030 4384 2136 4422; x_wconf 89' lang='lat' dir='ltr'><strong>non</strong></span> 
     </span>
    </p>
   </div>
   <div class='ocr_carea' id='block_1_46' title="bbox 562 4459 2135 4535">
    <p class='ocr_par' dir='ltr' id='par_1_46' title="bbox 562 4459 2135 4535">
     <span class='ocr_line' id='line_1_46' title="bbox 562 4459 2135 4535; baseline -0.003 -16"><span class='ocrx_word' id='word_1_335' title='bbox 562 4474 725 4521; x_wconf 87' lang='lat' dir='ltr'><strong>tamen</strong></span> <span class='ocrx_word' id='word_1_336' title='bbox 770 4480 803 4517; x_wconf 92' lang='lat' dir='ltr'><strong>a</strong></span> <span class='ocrx_word' id='word_1_337' title='bbox 867 4460 1172 4535; x_wconf 79' lang='lat' dir='ltr'><strong>perfectione</strong></span> <span class='ocrx_word' id='word_1_338' title='bbox 1219 4459 1429 4530; x_wconf 73' lang='lat' dir='ltr'><strong>coepisse</strong></span> <span class='ocrx_word' id='word_1_339' title='bbox 1469 4498 1482 4513; x_wconf 94' lang='lat'><strong>.</strong></span> <span class='ocrx_word' id='word_1_340' title='bbox 1536 4459 1936 4529; x_wconf 83' lang='lat' dir='ltr'><strong>quandoquidem</strong></span> <span class='ocrx_word' id='word_1_341' title='bbox 1990 4475 2135 4514; x_wconf 89' lang='lat' dir='ltr'><strong>arro-</strong></span> 
     </span>
    </p>
   </div>
   <div class='ocr_carea' id='block_1_47' title="bbox 560 4549 2139 4625">
    <p class='ocr_par' dir='ltr' id='par_1_47' title="bbox 560 4549 2139 4625">
     <span class='ocr_line' id='line_1_47' title="bbox 560 4549 2139 4625; baseline -0.004 -15"><span class='ocrx_word' id='word_1_342' title='bbox 560 4556 763 4625; x_wconf 85' lang='lat' dir='ltr'><strong>gantius</strong></span> <span class='ocrx_word' id='word_1_343' title='bbox 805 4554 1000 4623; x_wconf 86' lang='lat' dir='ltr'><strong>loquor,</strong></span> <span class='ocrx_word' id='word_1_344' title='bbox 1045 4566 1198 4621; x_wconf 88' lang='lat' dir='ltr'><strong>quam</strong></span> <span class='ocrx_word' id='word_1_345' title='bbox 1260 4550 1425 4605; x_wconf 84' lang='lat' dir='ltr'><strong>verius</strong></span> <span class='ocrx_word' id='word_1_346' title='bbox 1448 4590 1462 4613; x_wconf 93' lang='lat'><strong>,</strong></span> <span class='ocrx_word' id='word_1_347' title='bbox 1506 4550 1550 4604; x_wconf 89' lang='lat' dir='ltr'><strong>si</strong></span> <span class='ocrx_word' id='word_1_348' title='bbox 1601 4549 1679 4603; x_wconf 79' lang='lat' dir='ltr'><strong>vel</strong></span> <span class='ocrx_word' id='word_1_349' title='bbox 1716 4566 1847 4604; x_wconf 89' lang='lat' dir='ltr'><strong>nunc</strong></span> <span class='ocrx_word' id='word_1_350' title='bbox 1871 4549 1984 4604; x_wconf 91' lang='lat' dir='ltr'><strong>dico</strong></span> <span class='ocrx_word' id='word_1_351' title='bbox 2004 4591 2018 4617; x_wconf 93' lang='lat'><strong>,</strong></span> <span class='ocrx_word' id='word_1_352' title='bbox 2060 4567 2139 4604; x_wconf 90' lang='lat' dir='ltr'><strong>me</strong></span> 
     </span>
    </p>
   </div>
   <div class='ocr_carea' id='block_1_48' title="bbox 562 4640 2140 4715">
    <p class='ocr_par' dir='ltr' id='par_1_48' title="bbox 562 4640 2140 4715">
     <span class='ocr_line' id='line_1_48' title="bbox 562 4640 2140 4715; baseline -0.002 -17"><span class='ocrx_word' id='word_1_353' title='bbox 562 4645 631 4698; x_wconf 85' lang='lat' dir='ltr'><strong>ad</strong></span> <span class='ocrx_word' id='word_1_354' title='bbox 687 4644 1039 4715; x_wconf 76' lang='lat' dir='ltr'><strong>perfectionem</strong></span> <span class='ocrx_word' id='word_1_355' title='bbox 1102 4643 1213 4697; x_wconf 86' lang='lat' dir='ltr'><strong>sine</strong></span> <span class='ocrx_word' id='word_1_356' title='bbox 1259 4640 1369 4696; x_wconf 81' lang='lat' dir='ltr'><strong>ulla</strong></span> <span class='ocrx_word' id='word_1_357' title='bbox 1408 4656 1575 4696; x_wconf 85' lang='lat' dir='ltr'><strong>errare</strong></span> <span class='ocrx_word' id='word_1_358' title='bbox 1633 4640 1886 4696; x_wconf 83' lang='lat' dir='ltr'><strong>scribendi</strong></span> <span class='ocrx_word' id='word_1_359' title='bbox 1925 4643 2040 4712; x_wconf 88' lang='lat' dir='ltr'><strong>jam</strong></span> <span class='ocrx_word' id='word_1_360' title='bbox 2086 4643 2140 4695; x_wconf 87' lang='lat' dir='ltr'><strong>in</strong></span> 
     </span>
    </p>
   </div>
   <div class='ocr_carea' id='block_1_49' title="bbox 504 4733 2139 4805">
    <p class='ocr_par' dir='ltr' id='par_1_49' title="bbox 504 4733 2139 4805">
     <span class='ocr_line' id='line_1_49' title="bbox 504 4733 2139 4805; baseline -0.001 -14"><span class='ocrx_word' id='word_1_361' title='bbox 504 4757 509 4762; x_wconf 82' lang='grc'><strong>-</strong></span> <span class='ocrx_word' id='word_1_362' title='bbox 564 4737 665 4791; x_wconf 88' lang='lat' dir='ltr'><strong>ista</strong></span> <span class='ocrx_word' id='word_1_363' title='bbox 689 4744 835 4791; x_wconf 65' lang='lat' dir='ltr'><strong>(etate</strong></span> <span class='ocrx_word' id='word_1_364' title='bbox 870 4734 1079 4789; x_wconf 79' lang='lat' dir='ltr'><strong>venisse.</strong></span> <span class='ocrx_word' id='word_1_365' title='bbox 1107 4733 1212 4789; x_wconf 86' lang='lat' dir='ltr'><strong>Sed</strong></span> <span class='ocrx_word' id='word_1_366' title='bbox 1235 4734 1437 4788; x_wconf 85' lang='lat' dir='ltr'><strong>interest</strong></span> <span class='ocrx_word' id='word_1_367' title='bbox 1480 4741 1719 4805; x_wconf 87' lang='lat' dir='ltr'><strong>quantum</strong></span> <span class='ocrx_word' id='word_1_368' title='bbox 1769 4743 1815 4789; x_wconf 83' lang='lat' dir='ltr'><strong>et</strong></span> <span class='ocrx_word' id='word_1_369' title='bbox 1860 4735 1913 4788; x_wconf 88' lang='lat' dir='ltr'><strong>in</strong></span> <span class='ocrx_word' id='word_1_370' title='bbox 1960 4734 2139 4805; x_wconf 84' lang='lat' dir='ltr'><strong>quibus</strong></span> 
     </span>
    </p>
   </div>
   <div class='ocr_carea' id='block_1_50' title="bbox 564 4825 2135 4898">
    <p class='ocr_par' dir='ltr' id='par_1_50' title="bbox 564 4825 2135 4898">
     <span class='ocr_line' id='line_1_50' title="bbox 564 4825 2135 4898; baseline 0 -17"><span class='ocrx_word' id='word_1_371' title='bbox 564 4825 713 4881; x_wconf 80' lang='lat' dir='ltr'><strong>rebus</strong></span> <span class='ocrx_word' id='word_1_372' title='bbox 779 4834 1008 4891; x_wconf 87' lang='lat' dir='ltr'><strong>erretur;</strong></span> <span class='ocrx_word' id='word_1_373' title='bbox 1076 4833 1123 4879; x_wconf 87' lang='lat' dir='ltr'><strong>et</strong></span> <span class='ocrx_word' id='word_1_374' title='bbox 1187 4840 1338 4895; x_wconf 88' lang='lat' dir='ltr'><strong>quam</strong></span> <span class='ocrx_word' id='word_1_375' title='bbox 1403 4826 1554 4896; x_wconf 78' lang='lat' dir='ltr'><strong>facile</strong></span> <span class='ocrx_word' id='word_1_376' title='bbox 1604 4826 1810 4898; x_wconf 86' lang='lat' dir='ltr'><strong>quisque</strong></span> <span class='ocrx_word' id='word_1_377' title='bbox 1883 4828 2135 4898; x_wconf 86' lang='lat' dir='ltr'><strong>corrigat,</strong></span> 
     </span>
    </p>
   </div>
   <div class='ocr_carea' id='block_1_51' title="bbox 566 4915 2139 4987">
    <p class='ocr_par' dir='ltr' id='par_1_51' title="bbox 566 4915 2139 4987">
     <span class='ocr_line' id='line_1_51' title="bbox 566 4915 2139 4987; baseline -0.001 -14"><span class='ocrx_word' id='word_1_378' title='bbox 566 4915 649 4973; x_wconf 80' lang='lat' dir='ltr'><strong>uel</strong></span> <span class='ocrx_word' id='word_1_379' title='bbox 687 4925 877 4987; x_wconf 85' lang='lat' dir='ltr'><strong>quanta</strong></span> <span class='ocrx_word' id='word_1_380' title='bbox 947 4915 1221 4986; x_wconf 85' lang='lat' dir='ltr'><strong>pertinacia</strong></span> <span class='ocrx_word' id='word_1_381' title='bbox 1276 4932 1424 4970; x_wconf 84' lang='lat' dir='ltr'><strong>suum</strong></span> <span class='ocrx_word' id='word_1_382' title='bbox 1483 4917 1750 4985; x_wconf 82' lang='lat' dir='ltr'><strong>defendere</strong></span> <span class='ocrx_word' id='word_1_383' title='bbox 1806 4928 2013 4973; x_wconf 87' lang='lat' dir='ltr'><strong>conetur</strong></span> <span class='ocrx_word' id='word_1_384' title='bbox 2058 4935 2139 4972; x_wconf 88' lang='lat' dir='ltr'><strong>er-</strong></span> 
     </span>
    </p>
   </div>
   <div class='ocr_carea' id='block_1_52' title="bbox 565 5005 2139 5080">
    <p class='ocr_par' dir='ltr' id='par_1_52' title="bbox 565 5005 2139 5080">
     <span class='ocr_line' id='line_1_52' title="bbox 565 5005 2139 5080; baseline 0 -17"><span class='ocrx_word' id='word_1_385' title='bbox 565 5024 754 5064; x_wconf 84' lang='lat' dir='ltr'><strong>rorem.</strong></span> <span class='ocrx_word' id='word_1_386' title='bbox 782 5005 939 5061; x_wconf 67' lang='lat' dir='ltr'><strong>Bonae</strong></span> <span class='ocrx_word' id='word_1_387' title='bbox 974 5008 1161 5078; x_wconf 77' lang='lat' dir='ltr'><strong>quippe</strong></span> <span class='ocrx_word' id='word_1_388' title='bbox 1192 5007 1298 5077; x_wconf 86' lang='lat' dir='ltr'><strong>spei</strong></span> <span class='ocrx_word' id='word_1_389' title='bbox 1330 5016 1404 5061; x_wconf 85' lang='lat' dir='ltr'><strong>est</strong></span> <span class='ocrx_word' id='word_1_390' title='bbox 1454 5007 1637 5075; x_wconf 80' lang='lat' dir='ltr'><strong>homo,</strong></span> <span class='ocrx_word' id='word_1_391' title='bbox 1680 5009 1725 5062; x_wconf 89' lang='lat' dir='ltr'><strong>si</strong></span> <span class='ocrx_word' id='word_1_392' title='bbox 1752 5025 1865 5063; x_wconf 80' lang='lat' dir='ltr'><strong>eum</strong></span> <span class='ocrx_word' id='word_1_393' title='bbox 1912 5010 1985 5064; x_wconf 84' lang='lat' dir='ltr'><strong>sic</strong></span> <span class='ocrx_word' id='word_1_394' title='bbox 2017 5025 2139 5080; x_wconf 90' lang='lat' dir='ltr'><strong>pro-</strong></span> 
     </span>
    </p>
   </div>
   <div class='ocr_carea' id='block_1_53' title="bbox 568 5099 2144 5171">
    <p class='ocr_par' dir='ltr' id='par_1_53' title="bbox 568 5099 2144 5171">
     <span class='ocr_line' id='line_1_53' title="bbox 568 5099 2144 5171; baseline 0 -17"><span class='ocrx_word' id='word_1_395' title='bbox 568 5101 814 5170; x_wconf 79' lang='lat' dir='ltr'><strong>ficientem</strong></span> <span class='ocrx_word' id='word_1_396' title='bbox 835 5099 940 5154; x_wconf 89' lang='lat' dir='ltr'><strong>dies</strong></span> <span class='ocrx_word' id='word_1_397' title='bbox 966 5099 1174 5154; x_wconf 77' lang='lat' dir='ltr'><strong>ultimus</strong></span> <span class='ocrx_word' id='word_1_398' title='bbox 1200 5099 1315 5153; x_wconf 73' lang='lat' dir='ltr'><strong>vita:</strong></span> <span class='ocrx_word' id='word_1_399' title='bbox 1339 5099 1491 5170; x_wconf 83' lang='lat' dir='ltr'><strong>hujus</strong></span> <span class='ocrx_word' id='word_1_400' title='bbox 1507 5099 1747 5155; x_wconf 82' lang='lat' dir='ltr'><strong>invenerit</strong></span> <span class='ocrx_word' id='word_1_401' title='bbox 1772 5142 1786 5166; x_wconf 95' lang='lat'><strong>,</strong></span> <span class='ocrx_word' id='word_1_402' title='bbox 1812 5110 1865 5155; x_wconf 86' lang='lat' dir='ltr'><strong>ut</strong></span> <span class='ocrx_word' id='word_1_403' title='bbox 1894 5100 2144 5171; x_wconf 84' lang='lat' dir='ltr'><strong>adjician-</strong></span> 
     </span>
    </p>
   </div>
   <div class='ocr_carea' id='block_1_54' title="bbox 568 5191 2143 5264">
    <p class='ocr_par' dir='ltr' id='par_1_54' title="bbox 568 5191 2143 5264">
     <span class='ocr_line' id='line_1_54' title="bbox 568 5191 2143 5264; baseline 0.001 -17"><span class='ocrx_word' id='word_1_404' title='bbox 568 5202 651 5247; x_wconf 80' lang='lat' dir='ltr'><strong>tur</strong></span> <span class='ocrx_word' id='word_1_405' title='bbox 685 5193 760 5259; x_wconf 87' lang='lat' dir='ltr'><strong>ei,</strong></span> <span class='ocrx_word' id='word_1_406' title='bbox 789 5192 1205 5263; x_wconf 43' lang='lat' dir='ltr'><strong>qute&#39;proﬁcienti</strong></span> <span class='ocrx_word' id='word_1_407' title='bbox 1233 5191 1537 5262; x_wconf 84' lang='lat' dir='ltr'><strong>defuerunt;</strong></span> <span class='ocrx_word' id='word_1_408' title='bbox 1563 5202 1611 5247; x_wconf 88' lang='lat' dir='ltr'><strong>et</strong></span> <span class='ocrx_word' id='word_1_409' title='bbox 1635 5195 1966 5264; x_wconf 80' lang='lat' dir='ltr'><strong>perﬁciendus</strong></span> <span class='ocrx_word' id='word_1_410' title='bbox 1992 5210 2143 5264; x_wconf 86' lang='lat' dir='ltr'><strong>quam</strong></span> 
     </span>
    </p>
   </div>
   <div class='ocr_carea' id='block_1_55' title="bbox 566 5281 2141 5357">
    <p class='ocr_par' dir='ltr' id='par_1_55' title="bbox 566 5281 2141 5357">
     <span class='ocr_line' id='line_1_55' title="bbox 566 5281 2141 5357; baseline 0 -18"><span class='ocrx_word' id='word_1_411' title='bbox 566 5283 849 5357; x_wconf 76' lang='lat' dir='ltr'><strong>puniendus</strong></span> <span class='ocrx_word' id='word_1_412' title='bbox 891 5284 1055 5354; x_wconf 87' lang='lat' dir='ltr'><strong>potius</strong></span> <span class='ocrx_word' id='word_1_413' title='bbox 1088 5282 1354 5355; x_wconf 82' lang='lat' dir='ltr'><strong>judicetur</strong></span> <span class='ocrx_word' id='word_1_414' title='bbox 1382 5281 1487 5356; x_wconf 92' lang='lat' dir='ltr'><strong>(De</strong></span> <span class='ocrx_word' id='word_1_415' title='bbox 1536 5281 1684 5338; x_wconf 89' lang='lat' dir='ltr'><strong>Dono</strong></span> <span class='ocrx_word' id='word_1_416' title='bbox 1744 5286 2141 5354; x_wconf 64' lang='lat' dir='ltr'><strong>perseverantia,</strong></span> 
     </span>
    </p>
   </div>
   <div class='ocr_carea' id='block_1_56' title="bbox 570 5372 2145 5446">
    <p class='ocr_par' dir='ltr' id='par_1_56' title="bbox 570 5372 2145 5446">
     <span class='ocr_line' id='line_1_56' title="bbox 570 5372 2145 5446; baseline 0.003 -18"><span class='ocrx_word' id='word_1_417' title='bbox 570 5390 624 5428; x_wconf 78' lang='grc' dir='ltr'>η.</span> <span class='ocrx_word' id='word_1_418' title='bbox 665 5373 782 5444; x_wconf 83' lang='lat'><strong>55).</strong></span> <span class='ocrx_word' id='word_1_419' title='bbox 833 5372 1020 5429; x_wconf 82' lang='lat' dir='ltr'><strong>Eidem</strong></span> <span class='ocrx_word' id='word_1_420' title='bbox 1073 5372 1313 5444; x_wconf 84' lang='lat' dir='ltr'><strong>catalogo</strong></span> <span class='ocrx_word' id='word_1_421' title='bbox 1354 5373 1592 5429; x_wconf 86' lang='lat' dir='ltr'><strong>inserere</strong></span> <span class='ocrx_word' id='word_1_422' title='bbox 1621 5373 1788 5428; x_wconf 89' lang='lat' dir='ltr'><strong>voluit</strong></span> <span class='ocrx_word' id='word_1_423' title='bbox 1813 5388 1904 5429; x_wconf 90' lang='lat' dir='ltr'><strong>eas</strong></span> <span class='ocrx_word' id='word_1_424' title='bbox 1934 5389 2145 5446; x_wconf 91' lang='lat' dir='ltr'><strong>quoque</strong></span> 
     </span>
    </p>
   </div>
   <div class='ocr_carea' id='block_1_57' title="bbox 570 5464 2144 5535">
    <p class='ocr_par' dir='ltr' id='par_1_57' title="bbox 570 5464 2144 5535">
     <span class='ocr_line' id='line_1_57' title="bbox 570 5464 2144 5535; baseline 0.001 -14"><span class='ocrx_word' id='word_1_425' title='bbox 570 5464 1075 5530; x_wconf 82' lang='lat' dir='ltr'><strong>commentationes,</strong></span> <span class='ocrx_word' id='word_1_426' title='bbox 1106 5478 1239 5534; x_wconf 89' lang='lat' dir='ltr'><strong>quas</strong></span> <span class='ocrx_word' id='word_1_427' title='bbox 1263 5470 1385 5535; x_wconf 89' lang='lat' dir='ltr'><strong>post</strong></span> <span class='ocrx_word' id='word_1_428' title='bbox 1410 5464 1816 5520; x_wconf 86' lang='lat' dir='ltr'><strong>conversionem</strong></span> <span class='ocrx_word' id='word_1_429' title='bbox 1841 5464 2014 5521; x_wconf 84' lang='lat' dir='ltr'><strong>adhuc</strong></span> <span class='ocrx_word' id='word_1_430' title='bbox 2051 5481 2144 5522; x_wconf 84' lang='lat' dir='ltr'><strong>ca-</strong></span> 
     </span>
    </p>
   </div>
   <div class='ocr_carea' id='block_1_58' title="bbox 574 5555 2143 5628">
    <p class='ocr_par' dir='ltr' id='par_1_58' title="bbox 574 5555 2143 5628">
     <span class='ocr_line' id='line_1_58' title="bbox 574 5555 2143 5628; baseline -0.001 -13"><span class='ocrx_word' id='word_1_431' title='bbox 574 5556 924 5615; x_wconf 83' lang='lat' dir='ltr'><strong>techumenus</strong></span> <span class='ocrx_word' id='word_1_432' title='bbox 940 5556 1201 5623; x_wconf 88' lang='lat' dir='ltr'><strong>ediderat,</strong></span> <span class='ocrx_word' id='word_1_433' title='bbox 1232 5570 1299 5613; x_wconf 90' lang='lat' dir='ltr'><strong>eo</strong></span> <span class='ocrx_word' id='word_1_434' title='bbox 1335 5555 1474 5628; x_wconf 92' lang='lat' dir='ltr'><strong>quod</strong></span> <span class='ocrx_word' id='word_1_435' title='bbox 1504 5556 1698 5626; x_wconf 87' lang='lat' dir='ltr'><strong>publici</strong></span> <span class='ocrx_word' id='word_1_436' title='bbox 1724 5555 1855 5627; x_wconf 84' lang='lat' dir='ltr'><strong>juris</strong></span> <span class='ocrx_word' id='word_1_437' title='bbox 1885 5555 2036 5613; x_wconf 76' lang='lat' dir='ltr'><strong>facta:</strong></span> <span class='ocrx_word' id='word_1_438' title='bbox 2055 5572 2143 5614; x_wconf 90' lang='lat' dir='ltr'><strong>es-</strong></span> 
     </span>
    </p>
   </div>
   <div class='ocr_carea' id='block_1_59' title="bbox 574 5647 2146 5722">
    <p class='ocr_par' dir='ltr' id='par_1_59' title="bbox 574 5647 2146 5722">
     <span class='ocr_line' id='line_1_59' title="bbox 574 5647 2146 5722; baseline -0.001 -13"><span class='ocrx_word' id='word_1_439' title='bbox 574 5661 725 5721; x_wconf 78' lang='lat' dir='ltr'><strong>sent,</strong></span> <span class='ocrx_word' id='word_1_440' title='bbox 753 5667 855 5709; x_wconf 90' lang='lat' dir='ltr'><strong>nec</strong></span> <span class='ocrx_word' id='word_1_441' title='bbox 902 5650 1018 5708; x_wconf 87' lang='lat' dir='ltr'><strong>sine</strong></span> <span class='ocrx_word' id='word_1_442' title='bbox 1066 5650 1241 5706; x_wconf 89' lang='lat' dir='ltr'><strong>fructu</strong></span> <span class='ocrx_word' id='word_1_443' title='bbox 1268 5650 1591 5721; x_wconf 86' lang='lat' dir='ltr'><strong>legerentur,</strong></span> <span class='ocrx_word' id='word_1_444' title='bbox 1618 5647 1780 5705; x_wconf 90' lang='lat' dir='ltr'><strong>modo</strong></span> <span class='ocrx_word' id='word_1_445' title='bbox 1814 5650 2054 5722; x_wconf 76' lang='lat' dir='ltr'><strong>quaedam</strong></span> <span class='ocrx_word' id='word_1_446' title='bbox 2092 5653 2146 5708; x_wconf 91' lang='lat' dir='ltr'><strong>in</strong></span> 
     </span>
    </p>
   </div>
   <div class='ocr_carea' id='block_1_60' title="bbox 579 5741 2141 5814">
    <p class='ocr_par' dir='ltr' id='par_1_60' title="bbox 579 5741 2141 5814">
     <span class='ocr_line' id='line_1_60' title="bbox 579 5741 2141 5814; baseline 0.002 -14"><span class='ocrx_word' id='word_1_447' title='bbox 579 5741 687 5800; x_wconf 74' lang='lat' dir='ltr'><strong>illis</strong></span> <span class='ocrx_word' id='word_1_448' title='bbox 706 5750 880 5800; x_wconf 64' lang='lat' dir='ltr'><strong>mata</strong></span> <span class='ocrx_word' id='word_1_449' title='bbox 900 5750 1303 5812; x_wconf 80' lang='lat' dir='ltr'><strong>excusarentur,</strong></span> <span class='ocrx_word' id='word_1_450' title='bbox 1344 5751 1436 5801; x_wconf 85' lang='lat' dir='ltr'><strong>aut</strong></span> <span class='ocrx_word' id='word_1_451' title='bbox 1482 5741 1669 5800; x_wconf 81' lang='lat' dir='ltr'><strong>saltem</strong></span> <span class='ocrx_word' id='word_1_452' title='bbox 1697 5756 1803 5799; x_wconf 81' lang='lat' dir='ltr'><strong>non</strong></span> <span class='ocrx_word' id='word_1_453' title='bbox 1835 5750 2141 5814; x_wconf 76' lang='lat' dir='ltr'><strong>putarentur</strong></span> 
     </span>
    </p>
   </div>
   <div class='ocr_carea' id='block_1_61' title="bbox 1643 324 3691 409">
    <p class='ocr_par' dir='ltr' id='par_1_61' title="bbox 1643 324 3691 409">
     <span class='ocr_line' id='line_1_61' title="bbox 1643 324 3691 409; baseline 0.002 -27"><span class='ocrx_word' id='word_1_454' title='bbox 1643 324 1799 382; x_wconf 84' lang='lat' dir='ltr'><strong>VITA</strong></span> <span class='ocrx_word' id='word_1_455' title='bbox 1839 327 1896 384; x_wconf 90' lang='lat' dir='ltr'><strong>S.</strong></span> <span class='ocrx_word' id='word_1_456' title='bbox 1939 324 2304 386; x_wconf 76' lang='lat' dir='ltr'><strong>AUGUSTINI</strong></span> <span class='ocrx_word' id='word_1_457' title='bbox 2347 326 2669 387; x_wconf 80' lang='lat' dir='ltr'><strong>EPISCOPI.</strong></span> <span class='ocrx_word' id='word_1_458' title='bbox 3620 352 3691 409; x_wconf 51' lang='grc' dir='ltr'><strong>εει</strong></span> 
     </span>
    </p>
   </div>
   <div class='ocr_carea' id='block_1_62' title="bbox 2229 444 3693 525">
    <p class='ocr_par' dir='ltr' id='par_1_62' title="bbox 2229 444 3693 525">
     <span class='ocr_line' id='line_1_62' title="bbox 2229 444 3693 525; baseline 0.016 -29"><span class='ocrx_word' id='word_1_459' title='bbox 2229 445 2595 515; x_wconf 89' lang='lat' dir='ltr'><strong>amplectenda</strong></span> <span class='ocrx_word' id='word_1_460' title='bbox 2624 444 3074 514; x_wconf 82' lang='lat' dir='ltr'><strong>(Retractationum</strong></span> <span class='ocrx_word' id='word_1_461' title='bbox 3092 461 3315 522; x_wconf 74' lang='lat' dir='ltr'><strong>prorogo,</strong></span> <span class='ocrx_word' id='word_1_462' title='bbox 3343 471 3389 508; x_wconf 82' lang='grc' dir='ltr'>η.</span> <span class='ocrx_word' id='word_1_463' title='bbox 3414 454 3484 525; x_wconf 77' lang='lat'><strong>3).</strong></span> <span class='ocrx_word' id='word_1_464' title='bbox 3507 460 3693 525; x_wconf 74' lang='lat' dir='ltr'><strong>Accurate</strong></span> 
     </span>
    </p>
   </div>
   <div class='ocr_carea' id='block_1_63' title="bbox 2230 535 3691 624">
    <p class='ocr_par' dir='ltr' id='par_1_63' title="bbox 2230 535 3691 624">
     <span class='ocr_line' id='line_1_63' title="bbox 2230 535 3691 624; baseline 0.012 -34"><span class='ocrx_word' id='word_1_465' title='bbox 2230 535 2285 590; x_wconf 92' lang='lat' dir='ltr'><strong>in</strong></span> <span class='ocrx_word' id='word_1_466' title='bbox 2314 537 2535 607; x_wconf 88' lang='lat' dir='ltr'><strong>singulis</strong></span> <span class='ocrx_word' id='word_1_467' title='bbox 2587 538 2880 609; x_wconf 90' lang='lat' dir='ltr'><strong>quibusque</strong></span> <span class='ocrx_word' id='word_1_468' title='bbox 2909 538 3153 609; x_wconf 90' lang='lat' dir='ltr'><strong>operibus</strong></span> <span class='ocrx_word' id='word_1_469' title='bbox 3177 583 3192 608; x_wconf 97' lang='lat'><strong>,</strong></span> <span class='ocrx_word' id='word_1_470' title='bbox 3240 557 3352 613; x_wconf 81' lang='lat' dir='ltr'><strong>quae</strong></span> <span class='ocrx_word' id='word_1_471' title='bbox 3395 548 3469 602; x_wconf 87' lang='lat' dir='ltr'><strong>vel</strong></span> <span class='ocrx_word' id='word_1_472' title='bbox 3502 565 3550 605; x_wconf 88' lang='lat' dir='ltr'><strong>se</strong></span> <span class='ocrx_word' id='word_1_473' title='bbox 3573 554 3691 624; x_wconf 85' lang='lat' dir='ltr'><strong>ipsum</strong></span> 
     </span>
    </p>
   </div>
   <div class='ocr_carea' id='block_1_64' title="bbox 2227 626 3694 717">
    <p class='ocr_par' dir='ltr' id='par_1_64' title="bbox 2227 626 3694 717">
     <span class='ocr_line' id='line_1_64' title="bbox 2227 626 3694 717; baseline 0.015 -37"><span class='ocrx_word' id='word_1_474' title='bbox 2227 626 2558 683; x_wconf 86' lang='lat' dir='ltr'><strong>oﬁ&#39;enderent</strong></span> <span class='ocrx_word' id='word_1_475' title='bbox 2581 670 2595 693; x_wconf 96' lang='lat'><strong>,</strong></span> <span class='ocrx_word' id='word_1_476' title='bbox 2652 629 2732 685; x_wconf 87' lang='lat' dir='ltr'><strong>vel</strong></span> <span class='ocrx_word' id='word_1_477' title='bbox 2785 631 2916 685; x_wconf 91' lang='lat' dir='ltr'><strong>alios</strong></span> <span class='ocrx_word' id='word_1_478' title='bbox 2967 630 3231 689; x_wconf 80' lang='lat' dir='ltr'><strong>oﬂ&#39;endere</strong></span> <span class='ocrx_word' id='word_1_479' title='bbox 3269 647 3491 708; x_wconf 89' lang='lat' dir='ltr'><strong>possent,</strong></span> <span class='ocrx_word' id='word_1_480' title='bbox 3516 642 3694 717; x_wconf 74' lang='lat' dir='ltr'><strong>adnotat,</strong></span> 
     </span>
    </p>
   </div>
   <div class='ocr_carea' id='block_1_65' title="bbox 2228 717 3693 798">
    <p class='ocr_par' dir='ltr' id='par_1_65' title="bbox 2228 717 3693 798">
     <span class='ocr_line' id='line_1_65' title="bbox 2228 717 3693 798; baseline 0.016 -27"><span class='ocrx_word' id='word_1_481' title='bbox 2228 717 2541 774; x_wconf 87' lang='lat' dir='ltr'><strong>illustrando</strong></span> <span class='ocrx_word' id='word_1_482' title='bbox 2562 719 2707 776; x_wconf 91' lang='lat' dir='ltr'><strong>locos</strong></span> <span class='ocrx_word' id='word_1_483' title='bbox 2728 721 2983 778; x_wconf 91' lang='lat' dir='ltr'><strong>obscuros</strong></span> <span class='ocrx_word' id='word_1_484' title='bbox 3001 737 3064 779; x_wconf 90' lang='lat' dir='ltr'><strong>ac</strong></span> <span class='ocrx_word' id='word_1_485' title='bbox 3078 724 3251 793; x_wconf 85' lang='lat' dir='ltr'><strong>pravis</strong></span> <span class='ocrx_word' id='word_1_486' title='bbox 3269 724 3693 798; x_wconf 84' lang='lat' dir='ltr'><strong>interpretationibus</strong></span> 
     </span>
    </p>
   </div>
   <div class='ocr_carea' id='block_1_66' title="bbox 2228 810 3696 897">
    <p class='ocr_par' dir='ltr' id='par_1_66' title="bbox 2228 810 3696 897">
     <span class='ocr_line' id='line_1_66' title="bbox 2228 810 3696 897; baseline 0.01 -33"><span class='ocrx_word' id='word_1_487' title='bbox 2228 810 2486 866; x_wconf 76' lang='lat' dir='ltr'><strong>obnoxios</strong></span> <span class='ocrx_word' id='word_1_488' title='bbox 2517 811 2716 882; x_wconf 83' lang='lat' dir='ltr'><strong>(Epist.</strong></span> <span class='ocrx_word' id='word_1_489' title='bbox 2746 811 2881 883; x_wconf 73' lang='grc'>224,</span> <span class='ocrx_word' id='word_1_490' title='bbox 2910 830 2956 867; x_wconf 90' lang='lat' dir='ltr'><strong>c.</strong></span> <span class='ocrx_word' id='word_1_491' title='bbox 2985 813 3095 887; x_wconf 89' lang='lat'><strong>2);</strong></span> <span class='ocrx_word' id='word_1_492' title='bbox 3123 824 3177 871; x_wconf 91' lang='lat' dir='ltr'><strong>et</strong></span> <span class='ocrx_word' id='word_1_493' title='bbox 3209 817 3498 888; x_wconf 89' lang='lat' dir='ltr'><strong>corrigendo</strong></span> <span class='ocrx_word' id='word_1_494' title='bbox 3516 823 3696 897; x_wconf 84' lang='lat' dir='ltr'><strong>quidquid</strong></span> 
     </span>
    </p>
   </div>
   <div class='ocr_carea' id='block_1_67' title="bbox 2228 903 3698 985">
    <p class='ocr_par' dir='ltr' id='par_1_67' title="bbox 2228 903 3698 985">
     <span class='ocr_line' id='line_1_67' title="bbox 2228 903 3698 985; baseline 0.011 -28"><span class='ocrx_word' id='word_1_495' title='bbox 2228 903 2296 958; x_wconf 89' lang='lat' dir='ltr'><strong>ab</strong></span> <span class='ocrx_word' id='word_1_496' title='bbox 2324 903 2893 985; x_wconf 59' lang='lat' dir='ltr'><strong>ecclesiasticaregula</strong></span> <span class='ocrx_word' id='word_1_497' title='bbox 2932 906 3158 962; x_wconf 88' lang='lat' dir='ltr'><strong>alienum</strong></span> <span class='ocrx_word' id='word_1_498' title='bbox 3188 908 3381 977; x_wconf 86' lang='lat' dir='ltr'><strong>putavit</strong></span> <span class='ocrx_word' id='word_1_499' title='bbox 3401 908 3698 984; x_wconf 75' lang='lat' dir='ltr'><strong>(Possidius,ia</strong></span> 
     </span>
    </p>
   </div>
   <div class='ocr_carea' id='block_1_68' title="bbox 2244 993 3699 1071">
    <p class='ocr_par' dir='ltr' id='par_1_68' title="bbox 2244 993 3699 1071">
     <span class='ocr_line' id='line_1_68' title="bbox 2244 993 3699 1071; baseline 0.01 -25"><span class='ocrx_word' id='word_1_500' title='bbox 2244 993 2355 1047; x_wconf 84' lang='lat' dir='ltr'><strong>Vita</strong></span> <span class='ocrx_word' id='word_1_501' title='bbox 2382 996 2662 1067; x_wconf 78' lang='lat' dir='ltr'><strong>Augustini,</strong></span> <span class='ocrx_word' id='word_1_502' title='bbox 2686 1013 2731 1049; x_wconf 91' lang='lat' dir='ltr'><strong>c.</strong></span> <span class='ocrx_word' id='word_1_503' title='bbox 2759 994 2866 1068; x_wconf 77' lang='grc'>28)</span> <span class='ocrx_word' id='word_1_504' title='bbox 2893 1011 2953 1052; x_wconf 90' lang='lat' dir='ltr'><strong>se</strong></span> <span class='ocrx_word' id='word_1_505' title='bbox 2989 996 3091 1051; x_wconf 86' lang='lat' dir='ltr'><strong>illis</strong></span> <span class='ocrx_word' id='word_1_506' title='bbox 3117 1005 3229 1052; x_wconf 86' lang='lat' dir='ltr'><strong>tum</strong></span> <span class='ocrx_word' id='word_1_507' title='bbox 3271 999 3600 1071; x_wconf 87' lang='lat' dir='ltr'><strong>immiscuisse,</strong></span> <span class='ocrx_word' id='word_1_508' title='bbox 3619 1022 3699 1063; x_wconf 84' lang='lat' dir='ltr'><strong>cum</strong></span> 
     </span>
    </p>
   </div>
   <div class='ocr_carea' id='block_1_69' title="bbox 2230 1085 3695 1153">
    <p class='ocr_par' dir='ltr' id='par_1_69' title="bbox 2230 1085 3695 1153">
     <span class='ocr_line' id='line_1_69' title="bbox 2230 1085 3695 1153; baseline 0.009 -13"><span class='ocrx_word' id='word_1_509' title='bbox 2230 1085 2485 1142; x_wconf 76' lang='lat' dir='ltr'><strong>Ecclesia:</strong></span> <span class='ocrx_word' id='word_1_510' title='bbox 2513 1103 2665 1142; x_wconf 89' lang='lat' dir='ltr'><strong>usum</strong></span> <span class='ocrx_word' id='word_1_511' title='bbox 2703 1088 2786 1144; x_wconf 93' lang='lat' dir='ltr'><strong>vel</strong></span> <span class='ocrx_word' id='word_1_512' title='bbox 2811 1086 3103 1143; x_wconf 90' lang='lat' dir='ltr'><strong>doctrinam</strong></span> <span class='ocrx_word' id='word_1_513' title='bbox 3134 1088 3354 1145; x_wconf 87' lang='lat' dir='ltr'><strong>necdum</strong></span> <span class='ocrx_word' id='word_1_514' title='bbox 3379 1092 3493 1148; x_wconf 82' lang='lat' dir='ltr'><strong>satis</strong></span> <span class='ocrx_word' id='word_1_515' title='bbox 3514 1106 3622 1151; x_wconf 84' lang='lat' dir='ltr'><strong>esset</strong></span> <span class='ocrx_word' id='word_1_516' title='bbox 3639 1113 3695 1153; x_wconf 79' lang='lat' dir='ltr'><strong>as-</strong></span> 
     </span>
    </p>
   </div>
   <div class='ocr_carea' id='block_1_70' title="bbox 2228 1178 3697 1252">
    <p class='ocr_par' dir='ltr' id='par_1_70' title="bbox 2228 1178 3697 1252">
     <span class='ocr_line' id='line_1_70' title="bbox 2228 1178 3697 1252; baseline 0.007 -20"><span class='ocrx_word' id='word_1_517' title='bbox 2228 1188 2461 1233; x_wconf 89' lang='lat' dir='ltr'><strong>secutus.</strong></span> <span class='ocrx_word' id='word_1_518' title='bbox 2495 1178 2814 1234; x_wconf 89' lang='lat' dir='ltr'><strong>Faciendum</strong></span> <span class='ocrx_word' id='word_1_519' title='bbox 2846 1178 2946 1234; x_wconf 89' lang='lat' dir='ltr'><strong>sibi</strong></span> <span class='ocrx_word' id='word_1_520' title='bbox 2995 1181 3221 1250; x_wconf 89' lang='lat' dir='ltr'><strong>putavit,</strong></span> <span class='ocrx_word' id='word_1_521' title='bbox 3261 1182 3458 1252; x_wconf 87' lang='lat' dir='ltr'><strong>quando</strong></span> <span class='ocrx_word' id='word_1_522' title='bbox 3494 1199 3547 1239; x_wconf 78' lang='lat' dir='ltr'><strong>ex</strong></span> <span class='ocrx_word' id='word_1_523' title='bbox 3568 1194 3623 1242; x_wconf 87' lang='lat' dir='ltr'><strong>tot</strong></span> <span class='ocrx_word' id='word_1_524' title='bbox 3645 1190 3697 1244; x_wconf 84' lang='lat' dir='ltr'><strong>lu-</strong></span> 
     </span>
    </p>
   </div>
   <div class='ocr_carea' id='block_1_71' title="bbox 2228 1269 3698 1347">
    <p class='ocr_par' dir='ltr' id='par_1_71' title="bbox 2228 1269 3698 1347">
     <span class='ocr_line' id='line_1_71' title="bbox 2228 1269 3698 1347; baseline 0.005 -23"><span class='ocrx_word' id='word_1_525' title='bbox 2228 1269 2595 1325; x_wconf 90' lang='lat' dir='ltr'><strong>cubrationum</strong></span> <span class='ocrx_word' id='word_1_526' title='bbox 2621 1285 2833 1326; x_wconf 90' lang='lat' dir='ltr'><strong>suarum</strong></span> <span class='ocrx_word' id='word_1_527' title='bbox 2855 1270 3113 1341; x_wconf 83' lang='lat' dir='ltr'><strong>exemplis</strong></span> <span class='ocrx_word' id='word_1_528' title='bbox 3141 1271 3275 1327; x_wconf 68' lang='lat' dir='ltr'><strong>nmvi</strong></span> <span class='ocrx_word' id='word_1_529' title='bbox 3293 1315 3307 1339; x_wconf 93' lang='lat'><strong>,</strong></span> <span class='ocrx_word' id='word_1_530' title='bbox 3341 1275 3425 1345; x_wconf 89' lang='lat' dir='ltr'><strong>qui</strong></span> <span class='ocrx_word' id='word_1_531' title='bbox 3446 1275 3698 1347; x_wconf 76' lang='lat' dir='ltr'><strong>irrepsennt,</strong></span> 
     </span>
    </p>
   </div>
   <div class='ocr_carea' id='block_1_72' title="bbox 2228 1362 3696 1432">
    <p class='ocr_par' dir='ltr' id='par_1_72' title="bbox 2228 1362 3696 1432">
     <span class='ocr_line' id='line_1_72' title="bbox 2228 1362 3696 1432; baseline 0.006 -15"><span class='ocrx_word' id='word_1_532' title='bbox 2228 1362 2455 1432; x_wconf 79' lang='lat' dir='ltr'><strong>expungi</strong></span> <span class='ocrx_word' id='word_1_533' title='bbox 2489 1377 2592 1417; x_wconf 92' lang='lat' dir='ltr'><strong>non</strong></span> <span class='ocrx_word' id='word_1_534' title='bbox 2633 1369 2884 1432; x_wconf 92' lang='lat' dir='ltr'><strong>possent,</strong></span> <span class='ocrx_word' id='word_1_535' title='bbox 2932 1372 2990 1417; x_wconf 92' lang='lat' dir='ltr'><strong>ut</strong></span> <span class='ocrx_word' id='word_1_536' title='bbox 3013 1378 3198 1419; x_wconf 91' lang='lat' dir='ltr'><strong>eorum</strong></span> <span class='ocrx_word' id='word_1_537' title='bbox 3256 1364 3537 1423; x_wconf 88' lang='lat' dir='ltr'><strong>admoneret</strong></span> <span class='ocrx_word' id='word_1_538' title='bbox 3568 1384 3696 1426; x_wconf 83' lang='lat' dir='ltr'><strong>omnes</strong></span> 
     </span>
    </p>
   </div>
   <div class='ocr_carea' id='block_1_73' title="bbox 2230 1453 3700 1528">
    <p class='ocr_par' dir='ltr' id='par_1_73' title="bbox 2230 1453 3700 1528">
     <span class='ocr_line' id='line_1_73' title="bbox 2230 1453 3700 1528; baseline 0.005 -21"><span class='ocrx_word' id='word_1_539' title='bbox 2230 1453 2501 1521; x_wconf 83' lang='lat' dir='ltr'><strong>homines,</strong></span> <span class='ocrx_word' id='word_1_540' title='bbox 2533 1462 2691 1525; x_wconf 91' lang='lat' dir='ltr'><strong>atque</strong></span> <span class='ocrx_word' id='word_1_541' title='bbox 2717 1456 2788 1511; x_wconf 84' lang='lat' dir='ltr'><strong>ita</strong></span> <span class='ocrx_word' id='word_1_542' title='bbox 2810 1471 2867 1511; x_wconf 90' lang='lat' dir='ltr'><strong>se</strong></span> <span class='ocrx_word' id='word_1_543' title='bbox 2902 1456 3013 1526; x_wconf 91' lang='lat' dir='ltr'><strong>ipse</strong></span> <span class='ocrx_word' id='word_1_544' title='bbox 3042 1456 3140 1511; x_wconf 89' lang='lat' dir='ltr'><strong>sub</strong></span> <span class='ocrx_word' id='word_1_545' title='bbox 3185 1456 3432 1526; x_wconf 90' lang='lat' dir='ltr'><strong>magistro</strong></span> <span class='ocrx_word' id='word_1_546' title='bbox 3454 1472 3543 1513; x_wconf 87' lang='lat' dir='ltr'><strong>uno</strong></span> <span class='ocrx_word' id='word_1_547' title='bbox 3560 1458 3700 1528; x_wconf 74' lang='lat' dir='ltr'><strong>judica-</strong></span> 
     </span>
    </p>
   </div>
   <div class='ocr_carea' id='block_1_74' title="bbox 2228 1545 3699 1620">
    <p class='ocr_par' dir='ltr' id='par_1_74' title="bbox 2228 1545 3699 1620">
     <span class='ocr_line' id='line_1_74' title="bbox 2228 1545 3699 1620; baseline 0.004 -21"><span class='ocrx_word' id='word_1_548' title='bbox 2228 1553 2312 1599; x_wconf 90' lang='lat' dir='ltr'><strong>ret</strong></span> <span class='ocrx_word' id='word_1_549' title='bbox 2334 1586 2349 1613; x_wconf 94' lang='lat'><strong>,</strong></span> <span class='ocrx_word' id='word_1_550' title='bbox 2381 1545 2531 1615; x_wconf 89' lang='lat' dir='ltr'><strong>cujus</strong></span> <span class='ocrx_word' id='word_1_551' title='bbox 2569 1546 2638 1601; x_wconf 89' lang='lat' dir='ltr'><strong>de</strong></span> <span class='ocrx_word' id='word_1_552' title='bbox 2673 1546 3053 1603; x_wconf 72' lang='lat' dir='ltr'><strong>offensionibus</strong></span> <span class='ocrx_word' id='word_1_553' title='bbox 3096 1545 3347 1617; x_wconf 89' lang='lat' dir='ltr'><strong>judicium</strong></span> <span class='ocrx_word' id='word_1_554' title='bbox 3389 1548 3574 1603; x_wconf 87' lang='lat' dir='ltr'><strong>evadere</strong></span> <span class='ocrx_word' id='word_1_555' title='bbox 3591 1566 3699 1620; x_wconf 87' lang='lat' dir='ltr'><strong>cupe-</strong></span> 
     </span>
    </p>
   </div>
   <div class='ocr_carea' id='block_1_75' title="bbox 2230 1636 3700 1712">
    <p class='ocr_par' dir='ltr' id='par_1_75' title="bbox 2230 1636 3700 1712">
     <span class='ocr_line' id='line_1_75' title="bbox 2230 1636 3700 1712; baseline 0.004 -21"><span class='ocrx_word' id='word_1_556' title='bbox 2230 1646 2313 1693; x_wconf 89' lang='lat' dir='ltr'><strong>ret</strong></span> <span class='ocrx_word' id='word_1_557' title='bbox 2345 1636 2799 1710; x_wconf 85' lang='lat' dir='ltr'><strong>(Retractationum</strong></span> <span class='ocrx_word' id='word_1_558' title='bbox 2835 1640 3043 1712; x_wconf 86' lang='lat' dir='ltr'><strong>prologo</strong></span> <span class='ocrx_word' id='word_1_559' title='bbox 3068 1681 3081 1707; x_wconf 93' lang='lat'><strong>,</strong></span> <span class='ocrx_word' id='word_1_560' title='bbox 3132 1656 3221 1693; x_wconf 87' lang='lat' dir='ltr'><strong>nn.</strong></span> <span class='ocrx_word' id='word_1_561' title='bbox 3265 1638 3319 1706; x_wconf 75' lang='lat'><strong>2,</strong></span> <span class='ocrx_word' id='word_1_562' title='bbox 3360 1638 3444 1711; x_wconf 81' lang='lat'><strong>5).</strong></span> <span class='ocrx_word' id='word_1_563' title='bbox 3482 1639 3545 1695; x_wconf 90' lang='lat' dir='ltr'><strong>Eo</strong></span> <span class='ocrx_word' id='word_1_564' title='bbox 3577 1640 3700 1697; x_wconf 84' lang='lat' dir='ltr'><strong>ductus</strong></span> 
     </span>
    </p>
   </div>
   <div class='ocr_carea' id='block_1_76' title="bbox 2230 1728 3701 1801">
    <p class='ocr_par' dir='ltr' id='par_1_76' title="bbox 2230 1728 3701 1801">
     <span class='ocr_line' id='line_1_76' title="bbox 2230 1728 3701 1801; baseline 0.004 -18"><span class='ocrx_word' id='word_1_565' title='bbox 2230 1728 2487 1796; x_wconf 90' lang='lat' dir='ltr'><strong>consilio,</strong></span> <span class='ocrx_word' id='word_1_566' title='bbox 2530 1730 2783 1801; x_wconf 90' lang='lat' dir='ltr'><strong>quidquid</strong></span> <span class='ocrx_word' id='word_1_567' title='bbox 2824 1732 3063 1795; x_wconf 87' lang='lat' dir='ltr'><strong>homines</strong></span> <span class='ocrx_word' id='word_1_568' title='bbox 3126 1746 3314 1801; x_wconf 87' lang='lat' dir='ltr'><strong>parum</strong></span> <span class='ocrx_word' id='word_1_569' title='bbox 3368 1731 3542 1786; x_wconf 87' lang='lat' dir='ltr'><strong>cordati</strong></span> <span class='ocrx_word' id='word_1_570' title='bbox 3572 1733 3701 1789; x_wconf 73' lang='lat' dir='ltr'><strong>dicturi</strong></span> 
     </span>
    </p>
   </div>
   <div class='ocr_carea' id='block_1_77' title="bbox 2232 1820 3701 1893">
    <p class='ocr_par' dir='ltr' id='par_1_77' title="bbox 2232 1820 3701 1893">
     <span class='ocr_line' id='line_1_77' title="bbox 2232 1820 3701 1893; baseline 0.003 -19"><span class='ocrx_word' id='word_1_571' title='bbox 2232 1829 2386 1874; x_wconf 89' lang='lat' dir='ltr'><strong>erant</strong></span> <span class='ocrx_word' id='word_1_572' title='bbox 2407 1863 2422 1888; x_wconf 91' lang='lat'><strong>,</strong></span> <span class='ocrx_word' id='word_1_573' title='bbox 2454 1820 2604 1876; x_wconf 87' lang='lat' dir='ltr'><strong>nihili</strong></span> <span class='ocrx_word' id='word_1_574' title='bbox 2647 1821 2791 1877; x_wconf 91' lang='lat' dir='ltr'><strong>fecit.</strong></span> <span class='ocrx_word' id='word_1_575' title='bbox 2844 1822 2977 1877; x_wconf 87' lang='lat' dir='ltr'><strong>Nam</strong></span> <span class='ocrx_word' id='word_1_576' title='bbox 3006 1822 3072 1877; x_wconf 93' lang='lat' dir='ltr'><strong>de</strong></span> <span class='ocrx_word' id='word_1_577' title='bbox 3115 1821 3454 1893; x_wconf 86' lang='lat' dir='ltr'><strong>prudentibus</strong></span> <span class='ocrx_word' id='word_1_578' title='bbox 3487 1822 3530 1877; x_wconf 89' lang='lat' dir='ltr'><strong>id</strong></span> <span class='ocrx_word' id='word_1_579' title='bbox 3566 1832 3701 1879; x_wconf 77' lang='lat' dir='ltr'><strong>certae</strong></span> 
     </span>
    </p>
   </div>
   <div class='ocr_carea' id='block_1_78' title="bbox 2231 1912 3701 1985">
    <p class='ocr_par' dir='ltr' id='par_1_78' title="bbox 2231 1912 3701 1985">
     <span class='ocr_line' id='line_1_78' title="bbox 2231 1912 3701 1985; baseline 0.003 -19"><span class='ocrx_word' id='word_1_580' title='bbox 2231 1912 2673 1983; x_wconf 76' lang='lat' dir='ltr'><strong>exploratumque</strong></span> <span class='ocrx_word' id='word_1_581' title='bbox 2696 1914 2955 1981; x_wconf 89' lang='lat' dir='ltr'><strong>habebat,</strong></span> <span class='ocrx_word' id='word_1_582' title='bbox 2984 1930 3079 1971; x_wconf 93' lang='lat' dir='ltr'><strong>eos</strong></span> <span class='ocrx_word' id='word_1_583' title='bbox 3120 1915 3223 1971; x_wconf 89' lang='lat' dir='ltr'><strong>sibi</strong></span> <span class='ocrx_word' id='word_1_584' title='bbox 3267 1916 3390 1970; x_wconf 93' lang='lat' dir='ltr'><strong>vitio</strong></span> <span class='ocrx_word' id='word_1_585' title='bbox 3414 1931 3627 1985; x_wconf 75' lang='lat' dir='ltr'><strong>nunqua-</strong></span> <span class='ocrx_word' id='word_1_586' title='bbox 3644 1916 3701 1970; x_wconf 79' lang='lat' dir='ltr'><strong>da-</strong></span> 
     </span>
    </p>
   </div>
   <div class='ocr_carea' id='block_1_79' title="bbox 2232 2004 3702 2078">
    <p class='ocr_par' dir='ltr' id='par_1_79' title="bbox 2232 2004 3702 2078">
     <span class='ocr_line' id='line_1_79' title="bbox 2232 2004 3702 2078; baseline 0.003 -20"><span class='ocrx_word' id='word_1_587' title='bbox 2232 2012 2380 2059; x_wconf 91' lang='lat' dir='ltr'><strong>turos</strong></span> <span class='ocrx_word' id='word_1_588' title='bbox 2402 2046 2417 2072; x_wconf 91' lang='lat'><strong>,</strong></span> <span class='ocrx_word' id='word_1_589' title='bbox 2449 2004 2589 2075; x_wconf 91' lang='lat' dir='ltr'><strong>quod</strong></span> <span class='ocrx_word' id='word_1_590' title='bbox 2616 2020 2825 2060; x_wconf 88' lang='lat' dir='ltr'><strong>errores</strong></span> <span class='ocrx_word' id='word_1_591' title='bbox 2851 2020 2975 2061; x_wconf 91' lang='lat' dir='ltr'><strong>suos</strong></span> <span class='ocrx_word' id='word_1_592' title='bbox 3006 2006 3192 2061; x_wconf 90' lang='lat' dir='ltr'><strong>humili</strong></span> <span class='ocrx_word' id='word_1_593' title='bbox 3218 2006 3462 2062; x_wconf 88' lang='lat' dir='ltr'><strong>modestia</strong></span> <span class='ocrx_word' id='word_1_594' title='bbox 3479 2008 3702 2078; x_wconf 80' lang='lat' dir='ltr'><strong>corrigeret,</strong></span> 
     </span>
    </p>
   </div>
   <div class='ocr_carea' id='block_1_80' title="bbox 2232 2097 3699 2171">
    <p class='ocr_par' dir='ltr' id='par_1_80' title="bbox 2232 2097 3699 2171">
     <span class='ocr_line' id='line_1_80' title="bbox 2232 2097 3699 2171; baseline 0.004 -20"><span class='ocrx_word' id='word_1_595' title='bbox 2232 2111 2350 2152; x_wconf 92' lang='lat' dir='ltr'><strong>cum</strong></span> <span class='ocrx_word' id='word_1_596' title='bbox 2390 2097 2455 2151; x_wconf 90' lang='lat' dir='ltr'><strong>ad</strong></span> <span class='ocrx_word' id='word_1_597' title='bbox 2504 2097 2879 2167; x_wconf 82' lang='lat' dir='ltr'><strong>perfectionem</strong></span> <span class='ocrx_word' id='word_1_598' title='bbox 2926 2098 3173 2155; x_wconf 88' lang='lat' dir='ltr'><strong>humanis</strong></span> <span class='ocrx_word' id='word_1_599' title='bbox 3226 2100 3420 2156; x_wconf 89' lang='lat' dir='ltr'><strong>viribus</strong></span> <span class='ocrx_word' id='word_1_600' title='bbox 3461 2101 3699 2171; x_wconf 81' lang='lat' dir='ltr'><strong>superiorem</strong></span> 
     </span>
    </p>
   </div>
   <div class='ocr_carea' id='block_1_81' title="bbox 2231 2188 3701 2263">
    <p class='ocr_par' dir='ltr' id='par_1_81' title="bbox 2231 2188 3701 2263">
     <span class='ocr_line' id='line_1_81' title="bbox 2231 2188 3701 2263; baseline 0.001 -19"><span class='ocrx_word' id='word_1_601' title='bbox 2231 2188 2331 2244; x_wconf 90' lang='lat' dir='ltr'><strong>sibi</strong></span> <span class='ocrx_word' id='word_1_602' title='bbox 2358 2203 2464 2243; x_wconf 93' lang='lat' dir='ltr'><strong>non</strong></span> <span class='ocrx_word' id='word_1_603' title='bbox 2502 2188 2737 2244; x_wconf 89' lang='lat' dir='ltr'><strong>licuisset</strong></span> <span class='ocrx_word' id='word_1_604' title='bbox 2765 2191 3037 2259; x_wconf 87' lang='lat' dir='ltr'><strong>pervenire</strong></span> <span class='ocrx_word' id='word_1_605' title='bbox 3060 2232 3075 2257; x_wconf 94' lang='lat'><strong>,</strong></span> <span class='ocrx_word' id='word_1_606' title='bbox 3108 2198 3167 2245; x_wconf 93' lang='lat' dir='ltr'><strong>ut</strong></span> <span class='ocrx_word' id='word_1_607' title='bbox 3196 2190 3393 2253; x_wconf 64' lang='lat' dir='ltr'><strong>scilicet</strong></span> <span class='ocrx_word' id='word_1_608' title='bbox 3417 2206 3628 2263; x_wconf 81' lang='lat' dir='ltr'><strong>nusquam</strong></span> <span class='ocrx_word' id='word_1_609' title='bbox 3648 2193 3701 2247; x_wconf 76' lang='lat' dir='ltr'><strong>la-</strong></span> 
     </span>
    </p>
   </div>
   <div class='ocr_carea' id='block_1_82' title="bbox 2233 2278 3704 2352">
    <p class='ocr_par' dir='ltr' id='par_1_82' title="bbox 2233 2278 3704 2352">
     <span class='ocr_line' id='line_1_82' title="bbox 2233 2278 3704 2352; baseline 0.002 -17"><span class='ocrx_word' id='word_1_610' title='bbox 2233 2279 2449 2335; x_wconf 88' lang='lat' dir='ltr'><strong>beretur</strong></span> <span class='ocrx_word' id='word_1_611' title='bbox 2472 2278 2659 2351; x_wconf 83' lang='lat' dir='ltr'><strong>(Epist.</strong></span> <span class='ocrx_word' id='word_1_612' title='bbox 2692 2280 2815 2346; x_wconf 76' lang='grc'><strong>145,</strong></span> <span class='ocrx_word' id='word_1_613' title='bbox 2856 2297 2945 2335; x_wconf 91' lang='lat' dir='ltr'><strong>nn.</strong></span> <span class='ocrx_word' id='word_1_614' title='bbox 2972 2280 3028 2348; x_wconf 81' lang='lat'><strong>2,</strong></span> <span class='ocrx_word' id='word_1_615' title='bbox 3083 2280 3163 2352; x_wconf 81' lang='lat'><strong>&#39;5).</strong></span> <span class='ocrx_word' id='word_1_616' title='bbox 3194 2281 3419 2337; x_wconf 90' lang='lat' dir='ltr'><strong>Primum</strong></span> <span class='ocrx_word' id='word_1_617' title='bbox 3456 2282 3609 2338; x_wconf 86' lang='lat' dir='ltr'><strong>librum</strong></span> <span class='ocrx_word' id='word_1_618' title='bbox 3628 2298 3704 2338; x_wconf 74' lang='lat' dir='ltr'><strong>san-</strong></span> 
     </span>
    </p>
   </div>
   <div class='ocr_carea' id='block_1_83' title="bbox 2233 2369 3703 2443">
    <p class='ocr_par' dir='ltr' id='par_1_83' title="bbox 2233 2369 3703 2443">
     <span class='ocr_line' id='line_1_83' title="bbox 2233 2369 3703 2443; baseline 0.002 -19"><span class='ocrx_word' id='word_1_619' title='bbox 2233 2378 2350 2424; x_wconf 91' lang='lat' dir='ltr'><strong>ctus</strong></span> <span class='ocrx_word' id='word_1_620' title='bbox 2378 2370 2575 2425; x_wconf 89' lang='lat' dir='ltr'><strong>Doctor</strong></span> <span class='ocrx_word' id='word_1_621' title='bbox 2600 2384 2665 2424; x_wconf 82' lang='lat' dir='ltr'><strong>ex</strong></span> <span class='ocrx_word' id='word_1_622' title='bbox 2693 2369 2756 2425; x_wconf 93' lang='lat' dir='ltr'><strong>iis</strong></span> <span class='ocrx_word' id='word_1_623' title='bbox 2784 2371 3104 2442; x_wconf 88' lang='lat' dir='ltr'><strong>composuit,</strong></span> <span class='ocrx_word' id='word_1_624' title='bbox 3123 2387 3245 2442; x_wconf 77' lang='lat' dir='ltr'><strong>qua:</strong></span> <span class='ocrx_word' id='word_1_625' title='bbox 3272 2380 3391 2427; x_wconf 88' lang='lat' dir='ltr'><strong>ante</strong></span> <span class='ocrx_word' id='word_1_626' title='bbox 3408 2372 3703 2443; x_wconf 78' lang='lat' dir='ltr'><strong>episcopatum;</strong></span> 
     </span>
    </p>
   </div>
   <div class='ocr_carea' id='block_1_84' title="bbox 2233 2460 3705 2535">
    <p class='ocr_par' dir='ltr' id='par_1_84' title="bbox 2233 2460 3705 2535">
     <span class='ocr_line' id='line_1_84' title="bbox 2233 2460 3705 2535; baseline 0 -20"><span class='ocrx_word' id='word_1_627' title='bbox 2233 2460 2521 2515; x_wconf 88' lang='lat' dir='ltr'><strong>secundum</strong></span> <span class='ocrx_word' id='word_1_628' title='bbox 2566 2476 2725 2526; x_wconf 89' lang='lat' dir='ltr'><strong>vero,</strong></span> <span class='ocrx_word' id='word_1_629' title='bbox 2768 2476 2830 2515; x_wconf 78' lang='lat' dir='ltr'><strong>ex</strong></span> <span class='ocrx_word' id='word_1_630' title='bbox 2870 2461 2934 2515; x_wconf 90' lang='lat' dir='ltr'><strong>iis</strong></span> <span class='ocrx_word' id='word_1_631' title='bbox 2962 2476 3081 2532; x_wconf 73' lang='lat' dir='ltr'><strong>qua:</strong></span> <span class='ocrx_word' id='word_1_632' title='bbox 3104 2462 3219 2533; x_wconf 90' lang='lat' dir='ltr'><strong>jam</strong></span> <span class='ocrx_word' id='word_1_633' title='bbox 3245 2463 3508 2535; x_wconf 89' lang='lat' dir='ltr'><strong>episcopus</strong></span> <span class='ocrx_word' id='word_1_634' title='bbox 3529 2464 3705 2519; x_wconf 76' lang='lat' dir='ltr'><strong>ediderat.</strong></span> 
     </span>
    </p>
   </div>
   <div class='ocr_carea' id='block_1_85' title="bbox 2235 2549 3705 2624">
    <p class='ocr_par' dir='ltr' id='par_1_85' title="bbox 2235 2549 3705 2624">
     <span class='ocr_line' id='line_1_85' title="bbox 2235 2549 3705 2624; baseline 0.003 -20"><span class='ocrx_word' id='word_1_635' title='bbox 2235 2549 2310 2604; x_wconf 87' lang='lat' dir='ltr'><strong>Ea</strong></span> <span class='ocrx_word' id='word_1_636' title='bbox 2343 2550 2544 2606; x_wconf 90' lang='lat' dir='ltr'><strong>ratione</strong></span> <span class='ocrx_word' id='word_1_637' title='bbox 2570 2551 2831 2622; x_wconf 88' lang='lat' dir='ltr'><strong>comperit</strong></span> <span class='ocrx_word' id='word_1_638' title='bbox 2862 2550 3129 2624; x_wconf 90' lang='lat' dir='ltr'><strong>(namque</strong></span> <span class='ocrx_word' id='word_1_639' title='bbox 3167 2553 3420 2610; x_wconf 87' lang='lat' dir='ltr'><strong>hactenus</strong></span> <span class='ocrx_word' id='word_1_640' title='bbox 3442 2554 3548 2609; x_wconf 90' lang='lat' dir='ltr'><strong>illud</strong></span> <span class='ocrx_word' id='word_1_641' title='bbox 3569 2556 3705 2624; x_wconf 71' lang='lat' dir='ltr'><strong>ignm</strong></span> 
     </span>
    </p>
   </div>
   <div class='ocr_carea' id='block_1_86' title="bbox 2236 2641 3706 2716">
    <p class='ocr_par' dir='ltr' id='par_1_86' title="bbox 2236 2641 3706 2716">
     <span class='ocr_line' id='line_1_86' title="bbox 2236 2641 3706 2716; baseline -0.001 -19"><span class='ocrx_word' id='word_1_642' title='bbox 2236 2652 2384 2697; x_wconf 87' lang='lat' dir='ltr'><strong>verat</strong></span> <span class='ocrx_word' id='word_1_643' title='bbox 2409 2641 2600 2716; x_wconf 84' lang='lat' dir='ltr'><strong>[Epist.</strong></span> <span class='ocrx_word' id='word_1_644' title='bbox 2639 2643 2762 2709; x_wconf 71' lang='grc'>224,</span> <span class='ocrx_word' id='word_1_645' title='bbox 2795 2661 2847 2697; x_wconf 85' lang='grc' dir='ltr'>η.</span> <span class='ocrx_word' id='word_1_646' title='bbox 2886 2641 2981 2715; x_wconf 85' lang='grc'>2])</span> <span class='ocrx_word' id='word_1_647' title='bbox 3007 2658 3066 2700; x_wconf 89' lang='lat' dir='ltr'><strong>se</strong></span> <span class='ocrx_word' id='word_1_648' title='bbox 3091 2659 3258 2714; x_wconf 87' lang='lat' dir='ltr'><strong>opera</strong></span> <span class='ocrx_word' id='word_1_649' title='bbox 3299 2646 3549 2716; x_wconf 85' lang='lat' dir='ltr'><strong>nonaginta</strong></span> <span class='ocrx_word' id='word_1_650' title='bbox 3579 2645 3646 2699; x_wconf 72' lang='lat' dir='ltr'><strong>tria</strong></span> <span class='ocrx_word' id='word_1_651' title='bbox 3675 2645 3706 2697; x_wconf 86' lang='lat' dir='ltr'><strong>iu</strong></span> 
     </span>
    </p>
   </div>
   <div class='ocr_carea' id='block_1_87' title="bbox 2234 2733 3705 2804">
    <p class='ocr_par' dir='ltr' id='par_1_87' title="bbox 2234 2733 3705 2804">
     <span class='ocr_line' id='line_1_87' title="bbox 2234 2733 3705 2804; baseline -0.001 -17"><span class='ocrx_word' id='word_1_652' title='bbox 2234 2733 2381 2789; x_wconf 88' lang='lat' dir='ltr'><strong>libris</strong></span> <span class='ocrx_word' id='word_1_653' title='bbox 2434 2734 2673 2789; x_wconf 90' lang='lat' dir='ltr'><strong>ducentis</strong></span> <span class='ocrx_word' id='word_1_654' title='bbox 2724 2734 2936 2804; x_wconf 88' lang='lat' dir='ltr'><strong>triginta</strong></span> <span class='ocrx_word' id='word_1_655' title='bbox 2981 2735 3193 2790; x_wconf 87' lang='lat' dir='ltr'><strong>duobus</strong></span> <span class='ocrx_word' id='word_1_656' title='bbox 3240 2735 3294 2791; x_wconf 90' lang='lat' dir='ltr'><strong>in</strong></span> <span class='ocrx_word' id='word_1_657' title='bbox 3350 2736 3504 2791; x_wconf 86' lang='lat' dir='ltr'><strong>lucem</strong></span> <span class='ocrx_word' id='word_1_658' title='bbox 3541 2733 3705 2790; x_wconf 82' lang='lat' dir='ltr'><strong>emisisse</strong></span> 
     </span>
    </p>
   </div>
   <div class='ocr_carea' id='block_1_88' title="bbox 2241 2821 3707 2897">
    <p class='ocr_par' dir='ltr' id='par_1_88' title="bbox 2241 2821 3707 2897">
     <span class='ocr_line' id='line_1_88' title="bbox 2241 2821 3707 2897; baseline -0.003 -20"><span class='ocrx_word' id='word_1_659' title='bbox 2241 2821 2692 2894; x_wconf 84' lang='lat' dir='ltr'><strong>(Retractationum</strong></span> <span class='ocrx_word' id='word_1_660' title='bbox 2719 2824 2805 2878; x_wconf 86' lang='lat' dir='ltr'><strong>lib.</strong></span> <span class='ocrx_word' id='word_1_661' title='bbox 2833 2824 2889 2890; x_wconf 77' lang='lat'><strong>2,</strong></span> <span class='ocrx_word' id='word_1_662' title='bbox 2920 2841 3033 2895; x_wconf 88' lang='lat' dir='ltr'><strong>cap.</strong></span> <span class='ocrx_word' id='word_1_663' title='bbox 3069 2824 3181 2897; x_wconf 72' lang='lat'><strong>62).</strong></span> <span class='ocrx_word' id='word_1_664' title='bbox 3217 2825 3357 2880; x_wconf 88' lang='lat' dir='ltr'><strong>Duos</strong></span> <span class='ocrx_word' id='word_1_665' title='bbox 3381 2825 3523 2881; x_wconf 88' lang='lat' dir='ltr'><strong>hosce</strong></span> <span class='ocrx_word' id='word_1_666' title='bbox 3542 2823 3658 2878; x_wconf 83' lang='lat' dir='ltr'><strong>libros</strong></span> <span class='ocrx_word' id='word_1_667' title='bbox 3672 2831 3707 2874; x_wconf 84' lang='lat' dir='ltr'><strong>ut</strong></span> 
     </span>
    </p>
   </div>
   <div class='ocr_carea' id='block_1_89' title="bbox 2236 2915 3707 2987">
    <p class='ocr_par' dir='ltr' id='par_1_89' title="bbox 2236 2915 3707 2987">
     <span class='ocr_line' id='line_1_89' title="bbox 2236 2915 3707 2987; baseline -0.002 -19"><span class='ocrx_word' id='word_1_668' title='bbox 2236 2923 2358 2970; x_wconf 87' lang='lat' dir='ltr'><strong>ante</strong></span> <span class='ocrx_word' id='word_1_669' title='bbox 2389 2916 2578 2985; x_wconf 90' lang='lat' dir='ltr'><strong>publici</strong></span> <span class='ocrx_word' id='word_1_670' title='bbox 2602 2915 2737 2985; x_wconf 91' lang='lat' dir='ltr'><strong>juris</strong></span> <span class='ocrx_word' id='word_1_671' title='bbox 2776 2915 3008 2982; x_wconf 87' lang='lat' dir='ltr'><strong>faceret,</strong></span> <span class='ocrx_word' id='word_1_672' title='bbox 3036 2931 3198 2986; x_wconf 92' lang='lat' dir='ltr'><strong>quam</strong></span> <span class='ocrx_word' id='word_1_673' title='bbox 3245 2915 3482 2987; x_wconf 86' lang='lat' dir='ltr'><strong>epistolas</strong></span> <span class='ocrx_word' id='word_1_674' title='bbox 3500 2930 3550 2969; x_wconf 87' lang='lat' dir='ltr'><strong>ac</strong></span> <span class='ocrx_word' id='word_1_675' title='bbox 3569 2925 3707 2969; x_wconf 86' lang='lat' dir='ltr'><strong>sermo-</strong></span> 
     </span>
    </p>
   </div>
   <div class='ocr_carea' id='block_1_90' title="bbox 2237 3005 3704 3074">
    <p class='ocr_par' dir='ltr' id='par_1_90' title="bbox 2237 3005 3704 3074">
     <span class='ocr_line' id='line_1_90' title="bbox 2237 3005 3704 3074; baseline -0.001 -15"><span class='ocrx_word' id='word_1_676' title='bbox 2237 3020 2333 3059; x_wconf 88' lang='lat' dir='ltr'><strong>nes</strong></span> <span class='ocrx_word' id='word_1_677' title='bbox 2376 3020 2501 3060; x_wconf 90' lang='lat' dir='ltr'><strong>suos</strong></span> <span class='ocrx_word' id='word_1_678' title='bbox 2554 3006 2943 3073; x_wconf 91' lang='lat' dir='ltr'><strong>recensuisset,</strong></span> <span class='ocrx_word' id='word_1_679' title='bbox 2985 3022 3014 3061; x_wconf 91' lang='lat' dir='ltr'><strong>a</strong></span> <span class='ocrx_word' id='word_1_680' title='bbox 3058 3006 3312 3064; x_wconf 88' lang='lat' dir='ltr'><strong>fratribus</strong></span> <span class='ocrx_word' id='word_1_681' title='bbox 3356 3006 3447 3063; x_wconf 87' lang='lat' dir='ltr'><strong>fuit</strong></span> <span class='ocrx_word' id='word_1_682' title='bbox 3475 3005 3704 3074; x_wconf 80' lang='lat' dir='ltr'><strong>compulsus.</strong></span> 
     </span>
    </p>
   </div>
   <div class='ocr_carea' id='block_1_91' title="bbox 2236 3094 3801 3161">
    <p class='ocr_par' dir='ltr' id='par_1_91' title="bbox 2236 3094 3801 3161">
     <span class='ocr_line' id='line_1_91' title="bbox 2236 3094 3801 3161; baseline 0.003 -12"><span class='ocrx_word' id='word_1_683' title='bbox 2236 3094 2508 3150; x_wconf 87' lang='lat' dir='ltr'><strong>Possidius</strong></span> <span class='ocrx_word' id='word_1_684' title='bbox 2558 3104 2787 3151; x_wconf 89' lang='lat' dir='ltr'><strong>testatur</strong></span> <span class='ocrx_word' id='word_1_685' title='bbox 2816 3098 3026 3152; x_wconf 89' lang='lat' dir='ltr'><strong>titulum</strong></span> <span class='ocrx_word' id='word_1_686' title='bbox 3066 3098 3171 3153; x_wconf 91' lang='lat' dir='ltr'><strong>illis</strong></span> <span class='ocrx_word' id='word_1_687' title='bbox 3224 3098 3443 3154; x_wconf 92' lang='lat' dir='ltr'><strong>inditum</strong></span> <span class='ocrx_word' id='word_1_688' title='bbox 3488 3097 3627 3161; x_wconf 81' lang='lat' dir='ltr'><strong>fuisse,</strong></span> <span class='ocrx_word' id='word_1_689' title='bbox 3657 3094 3709 3147; x_wconf 72' lang='lat' dir='ltr'><strong>De</strong></span> <span class='ocrx_word' id='word_1_690' title='bbox 3780 3094 3801 3161; x_wconf 9' lang='lat' dir='ltr'><strong>if</strong></span> 
     </span>
    </p>
   </div>
   <div class='ocr_carea' id='block_1_92' title="bbox 2238 3184 3801 3261">
    <p class='ocr_par' dir='ltr' id='par_1_92' title="bbox 2238 3184 3801 3261">
     <span class='ocr_line' id='line_1_92' title="bbox 2238 3184 3801 3261; baseline -0.001 -20"><span class='ocrx_word' id='word_1_691' title='bbox 2238 3186 2545 3243; x_wconf 85' lang='lat' dir='ltr'><strong>Reccnsione</strong></span> <span class='ocrx_word' id='word_1_692' title='bbox 2589 3186 2831 3243; x_wconf 79' lang='lat' dir='ltr'><strong>librorum</strong></span> <span class='ocrx_word' id='word_1_693' title='bbox 2874 3189 3182 3261; x_wconf 86' lang='lat' dir='ltr'><strong>(Possidius</strong></span> <span class='ocrx_word' id='word_1_694' title='bbox 3206 3234 3221 3258; x_wconf 93' lang='lat'><strong>,</strong></span> <span class='ocrx_word' id='word_1_695' title='bbox 3274 3191 3326 3245; x_wconf 87' lang='lat' dir='ltr'><strong>in</strong></span> <span class='ocrx_word' id='word_1_696' title='bbox 3363 3191 3469 3245; x_wconf 82' lang='lat' dir='ltr'><strong>Vita</strong></span> <span class='ocrx_word' id='word_1_697' title='bbox 3492 3190 3707 3261; x_wconf 70' lang='lat' dir='ltr'><strong>Augustini,</strong></span> 
     </span>
    </p>
   </div>
   <div class='ocr_carea' id='block_1_93' title="bbox 2238 3278 3709 3351">
    <p class='ocr_par' dir='ltr' id='par_1_93' title="bbox 2238 3278 3709 3351">
     <span class='ocr_line' id='line_1_93' title="bbox 2238 3278 3709 3351; baseline 0 -19"><span class='ocrx_word' id='word_1_698' title='bbox 2238 3295 2283 3332; x_wconf 91' lang='lat' dir='ltr'><strong>c.</strong></span> <span class='ocrx_word' id='word_1_699' title='bbox 2309 3278 2423 3351; x_wconf 84' lang='lat'><strong>28).</strong></span> <span class='ocrx_word' id='word_1_700' title='bbox 2452 3278 2831 3335; x_wconf 78' lang='lat' dir='ltr'><strong>Verumtamen</strong></span> <span class='ocrx_word' id='word_1_701' title='bbox 2854 3294 2976 3335; x_wconf 91' lang='lat' dir='ltr'><strong>cum</strong></span> <span class='ocrx_word' id='word_1_702' title='bbox 3014 3281 3324 3336; x_wconf 90' lang='lat' dir='ltr'><strong>eorumdem</strong></span> <span class='ocrx_word' id='word_1_703' title='bbox 3356 3281 3562 3336; x_wconf 90' lang='lat' dir='ltr'><strong>meminit</strong></span> <span class='ocrx_word' id='word_1_704' title='bbox 3591 3280 3709 3346; x_wconf 77' lang='lat' dir='ltr'><strong>Augu-</strong></span> 
     </span>
    </p>
   </div>
   <div class='ocr_carea' id='block_1_94' title="bbox 2236 3366 3709 3439">
    <p class='ocr_par' dir='ltr' id='par_1_94' title="bbox 2236 3366 3709 3439">
     <span class='ocr_line' id='line_1_94' title="bbox 2236 3366 3709 3439; baseline -0.003 -16"><span class='ocrx_word' id='word_1_705' title='bbox 2236 3369 2439 3434; x_wconf 88' lang='lat' dir='ltr'><strong>stinus,</strong></span> <span class='ocrx_word' id='word_1_706' title='bbox 2475 3379 2533 3423; x_wconf 89' lang='lat' dir='ltr'><strong>ut</strong></span> <span class='ocrx_word' id='word_1_707' title='bbox 2560 3369 2845 3439; x_wconf 90' lang='lat' dir='ltr'><strong>plurimum</strong></span> <span class='ocrx_word' id='word_1_708' title='bbox 2874 3370 3035 3425; x_wconf 88' lang='lat' dir='ltr'><strong>verbo</strong></span> <span class='ocrx_word' id='word_1_709' title='bbox 3077 3370 3388 3427; x_wconf 81' lang='lat' dir='ltr'><strong>Retractare</strong></span> <span class='ocrx_word' id='word_1_710' title='bbox 3414 3369 3566 3425; x_wconf 86' lang='lat' dir='ltr'><strong>utitur.</strong></span> <span class='ocrx_word' id='word_1_711' title='bbox 3592 3366 3709 3435; x_wconf 79' lang='lat' dir='ltr'><strong>itaque</strong></span> 
     </span>
    </p>
   </div>
   <div class='ocr_carea' id='block_1_95' title="bbox 2237 3452 3709 3527">
    <p class='ocr_par' dir='ltr' id='par_1_95' title="bbox 2237 3452 3709 3527">
     <span class='ocr_line' id='line_1_95' title="bbox 2237 3452 3709 3527; baseline 0.001 -13"><span class='ocrx_word' id='word_1_712' title='bbox 2237 3459 2399 3517; x_wconf 86' lang='lat' dir='ltr'><strong>hodie</strong></span> <span class='ocrx_word' id='word_1_713' title='bbox 2430 3462 2827 3517; x_wconf 86' lang='lat' dir='ltr'><strong>Retractationes</strong></span> <span class='ocrx_word' id='word_1_714' title='bbox 2867 3462 3227 3519; x_wconf 87' lang='lat' dir='ltr'><strong>inscribuntur</strong></span> <span class='ocrx_word' id='word_1_715' title='bbox 3284 3452 3435 3519; x_wconf 78' lang='lat' dir='ltr'><strong>iidem</strong></span> <span class='ocrx_word' id='word_1_716' title='bbox 3473 3461 3596 3525; x_wconf 88' lang='lat' dir='ltr'><strong>libri,</strong></span> <span class='ocrx_word' id='word_1_717' title='bbox 3624 3472 3709 3527; x_wconf 77' lang='lat' dir='ltr'><strong>quo-</strong></span> 
     </span>
    </p>
   </div>
   <div class='ocr_carea' id='block_1_96' title="bbox 2238 3549 3801 3626">
    <p class='ocr_par' dir='ltr' id='par_1_96' title="bbox 2238 3549 3801 3626">
     <span class='ocr_line' id='line_1_96' title="bbox 2238 3549 3801 3626; baseline -0.004 -17"><span class='ocrx_word' id='word_1_718' title='bbox 2238 3552 2397 3609; x_wconf 91' lang='lat' dir='ltr'><strong>modo</strong></span> <span class='ocrx_word' id='word_1_719' title='bbox 2448 3554 2587 3624; x_wconf 89' lang='lat' dir='ltr'><strong>apud</strong></span> <span class='ocrx_word' id='word_1_720' title='bbox 2633 3555 2917 3625; x_wconf 87' lang='lat' dir='ltr'><strong>ipsummet</strong></span> <span class='ocrx_word' id='word_1_721' title='bbox 2960 3556 3310 3626; x_wconf 87' lang='lat' dir='ltr'><strong>Augustinum</strong></span> <span class='ocrx_word' id='word_1_722' title='bbox 3335 3597 3349 3621; x_wconf 93' lang='lat'><strong>,</strong></span> <span class='ocrx_word' id='word_1_723' title='bbox 3406 3562 3456 3610; x_wconf 89' lang='lat' dir='ltr'><strong>et</strong></span> <span class='ocrx_word' id='word_1_724' title='bbox 3505 3549 3711 3608; x_wconf 83' lang='lat' dir='ltr'><strong>secundum</strong></span> <span class='ocrx_word' id='word_1_725' title='bbox 3778 3549 3801 3626; x_wconf 61' lang='grc' dir='ltr'>ἲ</span> 
     </span>
    </p>
   </div>
   <div class='ocr_carea' id='block_1_97' title="bbox 2239 3644 3710 3715">
    <p class='ocr_par' dir='ltr' id='par_1_97' title="bbox 2239 3644 3710 3715">
     <span class='ocr_line' id='line_1_97' title="bbox 2239 3644 3710 3715; baseline -0.003 -17"><span class='ocrx_word' id='word_1_726' title='bbox 2239 3659 2359 3698; x_wconf 87' lang='lat' dir='ltr'><strong>eum</strong></span> <span class='ocrx_word' id='word_1_727' title='bbox 2386 3644 2523 3714; x_wconf 88' lang='lat' dir='ltr'><strong>apud</strong></span> <span class='ocrx_word' id='word_1_728' title='bbox 2568 3644 2886 3715; x_wconf 87' lang='lat' dir='ltr'><strong>Prosperum</strong></span> <span class='ocrx_word' id='word_1_729' title='bbox 2913 3657 2967 3701; x_wconf 91' lang='lat' dir='ltr'><strong>et</strong></span> <span class='ocrx_word' id='word_1_730' title='bbox 2993 3644 3370 3702; x_wconf 91' lang='lat' dir='ltr'><strong>Cassiodorum</strong></span> <span class='ocrx_word' id='word_1_731' title='bbox 3400 3646 3630 3713; x_wconf 81' lang='lat' dir='ltr'><strong>inscriptos</strong></span> <span class='ocrx_word' id='word_1_732' title='bbox 3656 3654 3710 3693; x_wconf 87' lang='lat' dir='ltr'><strong>re-</strong></span> 
     </span>
    </p>
   </div>
   <div class='ocr_carea' id='block_1_98' title="bbox 2240 3714 3801 3809">
    <p class='ocr_par' dir='ltr' id='par_1_98' title="bbox 2240 3714 3801 3809">
     <span class='ocr_line' id='line_1_98' title="bbox 2240 3714 3801 3809; baseline -0.001 -19"><span class='ocrx_word' id='word_1_733' title='bbox 2240 3736 2433 3806; x_wconf 90' lang='lat' dir='ltr'><strong>perias.</strong></span> <span class='ocrx_word' id='word_1_734' title='bbox 2475 3735 2580 3791; x_wconf 90' lang='lat' dir='ltr'><strong>Sed</strong></span> <span class='ocrx_word' id='word_1_735' title='bbox 2604 3714 2731 3792; x_wconf 86' lang='lat' dir='ltr'><strong>cave</strong></span> <span class='ocrx_word' id='word_1_736' title='bbox 2770 3752 2837 3792; x_wconf 91' lang='lat' dir='ltr'><strong>ne</strong></span> <span class='ocrx_word' id='word_1_737' title='bbox 2880 3751 3062 3793; x_wconf 90' lang='lat' dir='ltr'><strong>vocem</strong></span> <span class='ocrx_word' id='word_1_738' title='bbox 3114 3737 3254 3793; x_wconf 88' lang='lat' dir='ltr'><strong>hanc</strong></span> <span class='ocrx_word' id='word_1_739' title='bbox 3280 3737 3414 3793; x_wconf 91' lang='lat' dir='ltr'><strong>idem</strong></span> <span class='ocrx_word' id='word_1_740' title='bbox 3434 3749 3591 3792; x_wconf 86' lang='lat' dir='ltr'><strong>sonare</strong></span> <span class='ocrx_word' id='word_1_741' title='bbox 3611 3739 3711 3803; x_wconf 76' lang='lat' dir='ltr'><strong>puu-</strong></span> 
     </span>
    </p>
   </div>
   <div class='ocr_carea' id='block_1_99' title="bbox 2240 3821 3711 3898">
    <p class='ocr_par' dir='ltr' id='par_1_99' title="bbox 2240 3821 3711 3898">
     <span class='ocr_line' id='line_1_99' title="bbox 2240 3821 3711 3898; baseline 0 -18"><span class='ocrx_word' id='word_1_742' title='bbox 2240 3828 2410 3895; x_wconf 90' lang='lat' dir='ltr'><strong>veris,</strong></span> <span class='ocrx_word' id='word_1_743' title='bbox 2474 3827 2614 3897; x_wconf 91' lang='lat' dir='ltr'><strong>quod</strong></span> <span class='ocrx_word' id='word_1_744' title='bbox 2671 3827 3023 3898; x_wconf 86' lang='lat' dir='ltr'><strong>palinodiam,</strong></span> <span class='ocrx_word' id='word_1_745' title='bbox 3081 3838 3141 3883; x_wconf 91' lang='lat' dir='ltr'><strong>ut</strong></span> <span class='ocrx_word' id='word_1_746' title='bbox 3189 3828 3403 3895; x_wconf 90' lang='lat' dir='ltr'><strong>dicunt,</strong></span> <span class='ocrx_word' id='word_1_747' title='bbox 3457 3821 3711 3883; x_wconf 56' lang='lat' dir='ltr'><strong>cancrum:</strong></span> 
     </span>
    </p>
   </div>
   <div class='ocr_carea' id='block_1_100' title="bbox 2241 3918 3709 3990">
    <p class='ocr_par' dir='ltr' id='par_1_100' title="bbox 2241 3918 3709 3990">
     <span class='ocr_line' id='line_1_100' title="bbox 2241 3918 3709 3990; baseline -0.001 -19"><span class='ocrx_word' id='word_1_748' title='bbox 2241 3918 2433 3988; x_wconf 89' lang='lat' dir='ltr'><strong>quippe</strong></span> <span class='ocrx_word' id='word_1_749' title='bbox 2457 3918 2596 3989; x_wconf 91' lang='lat' dir='ltr'><strong>apud</strong></span> <span class='ocrx_word' id='word_1_750' title='bbox 2621 3918 2972 3990; x_wconf 84' lang='lat' dir='ltr'><strong>Augustinum</strong></span> <span class='ocrx_word' id='word_1_751' title='bbox 3003 3919 3199 3990; x_wconf 91' lang='lat' dir='ltr'><strong>passim</strong></span> <span class='ocrx_word' id='word_1_752' title='bbox 3226 3933 3492 3975; x_wconf 88' lang='lat' dir='ltr'><strong>recensere</strong></span> <span class='ocrx_word' id='word_1_753' title='bbox 3514 3932 3564 3971; x_wconf 87' lang='lat' dir='ltr'><strong>ac</strong></span> <span class='ocrx_word' id='word_1_754' title='bbox 3580 3924 3709 3969; x_wconf 83' lang='lat' dir='ltr'><strong>secun-</strong></span> 
     </span>
    </p>
   </div>
   <div class='ocr_carea' id='block_1_101' title="bbox 2240 4008 3787 4081">
    <p class='ocr_par' dir='ltr' id='par_1_101' title="bbox 2240 4008 3787 4081">
     <span class='ocr_line' id='line_1_101' title="bbox 2240 4008 3787 4081; baseline -0.001 -18"><span class='ocrx_word' id='word_1_755' title='bbox 2240 4008 2361 4063; x_wconf 90' lang='lat' dir='ltr'><strong>dam</strong></span> <span class='ocrx_word' id='word_1_756' title='bbox 2404 4024 2583 4063; x_wconf 90' lang='lat' dir='ltr'><strong>curam</strong></span> <span class='ocrx_word' id='word_1_757' title='bbox 2655 4009 2906 4066; x_wconf 87' lang='lat' dir='ltr'><strong>adhibere</strong></span> <span class='ocrx_word' id='word_1_758' title='bbox 2954 4009 3234 4081; x_wconf 85' lang='lat' dir='ltr'><strong>signiﬁcat.</strong></span> <span class='ocrx_word' id='word_1_759' title='bbox 3288 4010 3354 4065; x_wconf 91' lang='lat' dir='ltr'><strong>Et</strong></span> <span class='ocrx_word' id='word_1_760' title='bbox 3402 4008 3553 4078; x_wconf 81' lang='lat' dir='ltr'><strong>reipsa</strong></span> <span class='ocrx_word' id='word_1_761' title='bbox 3583 4009 3710 4073; x_wconf 62' lang='lat' dir='ltr'><strong>quin“</strong></span> <span class='ocrx_word' id='word_1_762' title='bbox 3786 4020 3787 4061; x_wconf 80' lang='lat'><em>1</em></span> 
     </span>
    </p>
   </div>
   <div class='ocr_carea' id='block_1_102' title="bbox 2239 4090 3714 4169">
    <p class='ocr_par' dir='ltr' id='par_1_102' title="bbox 2239 4090 3714 4169">
     <span class='ocr_line' id='line_1_102' title="bbox 2239 4090 3714 4169; baseline 0.002 -17"><span class='ocrx_word' id='word_1_763' title='bbox 2239 4107 2435 4169; x_wconf 89' lang='lat' dir='ltr'><strong>quanta</strong></span> <span class='ocrx_word' id='word_1_764' title='bbox 2478 4100 2761 4156; x_wconf 84' lang='lat' dir='ltr'><strong>severitate</strong></span> <span class='ocrx_word' id='word_1_765' title='bbox 2806 4101 2943 4156; x_wconf 90' lang='lat' dir='ltr'><strong>hanc</strong></span> <span class='ocrx_word' id='word_1_766' title='bbox 2977 4112 3224 4158; x_wconf 80' lang='lat' dir='ltr'><strong>exerceat</strong></span> <span class='ocrx_word' id='word_1_767' title='bbox 3268 4114 3551 4163; x_wconf 88' lang='lat' dir='ltr'><strong>censuram,</strong></span> <span class='ocrx_word' id='word_1_768' title='bbox 3583 4096 3622 4149; x_wconf 86' lang='lat' dir='ltr'><strong>in</strong></span> <span class='ocrx_word' id='word_1_769' title='bbox 3648 4090 3714 4145; x_wconf 62' lang='lat' dir='ltr'><strong>hoc</strong></span> 
     </span>
    </p>
   </div>
   <div class='ocr_carea' id='block_1_103' title="bbox 2240 4184 3714 4266">
    <p class='ocr_par' dir='ltr' id='par_1_103' title="bbox 2240 4184 3714 4266">
     <span class='ocr_line' id='line_1_103' title="bbox 2240 4184 3714 4266; baseline -0.001 -20"><span class='ocrx_word' id='word_1_770' title='bbox 2240 4190 2409 4247; x_wconf 89' lang='lat' dir='ltr'><strong>ferme</strong></span> <span class='ocrx_word' id='word_1_771' title='bbox 2433 4201 2740 4264; x_wconf 88' lang='lat' dir='ltr'><strong>occupatur,</strong></span> <span class='ocrx_word' id='word_1_772' title='bbox 2769 4202 2827 4248; x_wconf 89' lang='lat' dir='ltr'><strong>ut</strong></span> <span class='ocrx_word' id='word_1_773' title='bbox 2855 4203 3084 4250; x_wconf 88' lang='lat' dir='ltr'><strong>mentem</strong></span> <span class='ocrx_word' id='word_1_774' title='bbox 3107 4210 3261 4251; x_wconf 91' lang='lat' dir='ltr'><strong>suam</strong></span> <span class='ocrx_word' id='word_1_775' title='bbox 3285 4193 3501 4266; x_wconf 88' lang='lat' dir='ltr'><strong>aperiat,</strong></span> <span class='ocrx_word' id='word_1_776' title='bbox 3521 4184 3714 4261; x_wconf 61' lang='lat' dir='ltr'><strong>providet!</strong></span> 
     </span>
    </p>
   </div>
   <div class='ocr_carea' id='block_1_104' title="bbox 2243 4276 3712 4356">
    <p class='ocr_par' dir='ltr' id='par_1_104' title="bbox 2243 4276 3712 4356">
     <span class='ocr_line' id='line_1_104' title="bbox 2243 4276 3712 4356; baseline -0.003 -21"><span class='ocrx_word' id='word_1_777' title='bbox 2243 4296 2310 4336; x_wconf 91' lang='lat' dir='ltr'><strong>ne</strong></span> <span class='ocrx_word' id='word_1_778' title='bbox 2335 4281 2386 4335; x_wconf 93' lang='lat' dir='ltr'><strong>in</strong></span> <span class='ocrx_word' id='word_1_779' title='bbox 2413 4281 2716 4352; x_wconf 86' lang='lat' dir='ltr'><strong>sequiorem</strong></span> <span class='ocrx_word' id='word_1_780' title='bbox 2741 4298 2955 4339; x_wconf 90' lang='lat' dir='ltr'><strong>sensum</strong></span> <span class='ocrx_word' id='word_1_781' title='bbox 2984 4284 3144 4340; x_wconf 88' lang='lat' dir='ltr'><strong>verba</strong></span> <span class='ocrx_word' id='word_1_782' title='bbox 3177 4284 3415 4356; x_wconf 74' lang='lat' dir='ltr'><strong>qumdam</strong></span> <span class='ocrx_word' id='word_1_783' title='bbox 3442 4280 3569 4353; x_wconf 85' lang='lat' dir='ltr'><strong>paulo</strong></span> <span class='ocrx_word' id='word_1_784' title='bbox 3587 4276 3712 4332; x_wconf 80' lang='lat' dir='ltr'><strong>obscu-</strong></span> 
     </span>
    </p>
   </div>
   <div class='ocr_carea' id='block_1_105' title="bbox 2246 4366 3711 4444">
    <p class='ocr_par' dir='ltr' id='par_1_105' title="bbox 2246 4366 3711 4444">
     <span class='ocr_line' id='line_1_105' title="bbox 2246 4366 3711 4444; baseline -0.005 -16"><span class='ocrx_word' id='word_1_785' title='bbox 2246 4374 2387 4429; x_wconf 89' lang='lat' dir='ltr'><strong>riora</strong></span> <span class='ocrx_word' id='word_1_786' title='bbox 2407 4372 2754 4444; x_wconf 89' lang='lat' dir='ltr'><strong>accipiantur,</strong></span> <span class='ocrx_word' id='word_1_787' title='bbox 2781 4384 2870 4431; x_wconf 89' lang='lat' dir='ltr'><strong>aut</strong></span> <span class='ocrx_word' id='word_1_788' title='bbox 2887 4375 3135 4431; x_wconf 87' lang='lat' dir='ltr'><strong>emendet</strong></span> <span class='ocrx_word' id='word_1_789' title='bbox 3164 4376 3268 4431; x_wconf 90' lang='lat' dir='ltr'><strong>alia</strong></span> <span class='ocrx_word' id='word_1_790' title='bbox 3294 4374 3545 4437; x_wconf 87' lang='lat' dir='ltr'><strong>nonnulla;</strong></span> <span class='ocrx_word' id='word_1_791' title='bbox 3568 4366 3711 4424; x_wconf 85' lang='lat' dir='ltr'><strong>interim</strong></span> 
     </span>
    </p>
   </div>
   <div class='ocr_carea' id='block_1_106' title="bbox 2242 4466 3711 4537">
    <p class='ocr_par' dir='ltr' id='par_1_106' title="bbox 2242 4466 3711 4537">
     <span class='ocr_line' id='line_1_106' title="bbox 2242 4466 3711 4537; baseline -0.005 -17"><span class='ocrx_word' id='word_1_792' title='bbox 2242 4480 2514 4532; x_wconf 89' lang='lat' dir='ltr'><strong>errorem,</strong></span> <span class='ocrx_word' id='word_1_793' title='bbox 2562 4466 2617 4520; x_wconf 88' lang='lat' dir='ltr'><strong>in</strong></span> <span class='ocrx_word' id='word_1_794' title='bbox 2681 4481 2840 4537; x_wconf 91' lang='lat' dir='ltr'><strong>quem</strong></span> <span class='ocrx_word' id='word_1_795' title='bbox 2900 4466 3172 4533; x_wconf 91' lang='lat' dir='ltr'><strong>inciderit,</strong></span> <span class='ocrx_word' id='word_1_796' title='bbox 3241 4466 3436 4522; x_wconf 91' lang='lat' dir='ltr'><strong>nullum</strong></span> <span class='ocrx_word' id='word_1_797' title='bbox 3472 4467 3711 4519; x_wconf 75' lang='lat' dir='ltr'><strong>retractanti.</strong></span> 
     </span>
    </p>
   </div>
   <div class='ocr_carea' id='block_1_107' title="bbox 2245 4550 3714 4630">
    <p class='ocr_par' dir='ltr' id='par_1_107' title="bbox 2245 4550 3714 4630">
     <span class='ocr_line' id='line_1_107' title="bbox 2245 4550 3714 4630; baseline -0.004 -18"><span class='ocrx_word' id='word_1_798' title='bbox 2245 4568 2437 4628; x_wconf 67' lang='lat' dir='ltr'><strong>praeter</strong></span> <span class='ocrx_word' id='word_1_799' title='bbox 2483 4557 2993 4630; x_wconf 88' lang='lat' dir='ltr'><strong>Semipelagianum,</strong></span> <span class='ocrx_word' id='word_1_800' title='bbox 3054 4576 3120 4615; x_wconf 88' lang='lat' dir='ltr'><strong>ne</strong></span> <span class='ocrx_word' id='word_1_801' title='bbox 3163 4575 3321 4630; x_wconf 90' lang='lat' dir='ltr'><strong>quem</strong></span> <span class='ocrx_word' id='word_1_802' title='bbox 3362 4559 3485 4614; x_wconf 88' lang='lat' dir='ltr'><strong>forte</strong></span> <span class='ocrx_word' id='word_1_803' title='bbox 3507 4550 3714 4610; x_wconf 71' lang='lat' dir='ltr'><strong>deterle</strong></span> 
     </span>
    </p>
   </div>
   <div class='ocr_carea' id='block_1_108' title="bbox 2243 4634 3713 4721">
    <p class='ocr_par' dir='ltr' id='par_1_108' title="bbox 2243 4634 3713 4721">
     <span class='ocr_line' id='line_1_108' title="bbox 2243 4634 3713 4721; baseline -0.005 -18"><span class='ocrx_word' id='word_1_804' title='bbox 2243 4647 2358 4719; x_wconf 91' lang='lat' dir='ltr'><strong>ejus</strong></span> <span class='ocrx_word' id='word_1_805' title='bbox 2392 4649 2722 4704; x_wconf 88' lang='lat' dir='ltr'><strong>observantia</strong></span> <span class='ocrx_word' id='word_1_806' title='bbox 2765 4659 2820 4705; x_wconf 91' lang='lat' dir='ltr'><strong>et</strong></span> <span class='ocrx_word' id='word_1_807' title='bbox 2870 4649 3193 4706; x_wconf 81' lang='lat' dir='ltr'><strong>existimatio</strong></span> <span class='ocrx_word' id='word_1_808' title='bbox 3216 4692 3231 4717; x_wconf 92' lang='lat'><strong>,</strong></span> <span class='ocrx_word' id='word_1_809' title='bbox 3281 4649 3536 4721; x_wconf 89' lang='lat' dir='ltr'><strong>quominus</strong></span> <span class='ocrx_word' id='word_1_810' title='bbox 3573 4642 3645 4696; x_wconf 76' lang='lat' dir='ltr'><strong>hac</strong></span> <span class='ocrx_word' id='word_1_811' title='bbox 3680 4634 3713 4687; x_wconf 79' lang='lat' dir='ltr'><strong>in</strong></span> 
     </span>
    </p>
   </div>
   <div class='ocr_carea' id='block_1_109' title="bbox 2244 4726 3714 4810">
    <p class='ocr_par' dir='ltr' id='par_1_109' title="bbox 2244 4726 3714 4810">
     <span class='ocr_line' id='line_1_109' title="bbox 2244 4726 3714 4810; baseline -0.003 -17"><span class='ocrx_word' id='word_1_812' title='bbox 2244 4747 2396 4809; x_wconf 89' lang='lat' dir='ltr'><strong>parte</strong></span> <span class='ocrx_word' id='word_1_813' title='bbox 2419 4754 2448 4793; x_wconf 90' lang='lat' dir='ltr'><strong>a</strong></span> <span class='ocrx_word' id='word_1_814' title='bbox 2475 4739 2737 4795; x_wconf 88' lang='lat' dir='ltr'><strong>sententia</strong></span> <span class='ocrx_word' id='word_1_815' title='bbox 2783 4739 2947 4810; x_wconf 90' lang='lat' dir='ltr'><strong>ipsius</strong></span> <span class='ocrx_word' id='word_1_816' title='bbox 2974 4740 3288 4797; x_wconf 82' lang='lat' dir='ltr'><strong>discederet.</strong></span> <span class='ocrx_word' id='word_1_817' title='bbox 3333 4740 3465 4796; x_wconf 86' lang='lat' dir='ltr'><strong>idem</strong></span> <span class='ocrx_word' id='word_1_818' title='bbox 3492 4738 3584 4807; x_wconf 86' lang='lat' dir='ltr'><strong>ipse</strong></span> <span class='ocrx_word' id='word_1_819' title='bbox 3598 4726 3714 4784; x_wconf 67' lang='lat' dir='ltr'><strong>varios</strong></span> 
     </span>
    </p>
   </div>
   <div class='ocr_carea' id='block_1_110' title="bbox 2246 4814 3715 4901">
    <p class='ocr_par' dir='ltr' id='par_1_110' title="bbox 2246 4814 3715 4901">
     <span class='ocr_line' id='line_1_110' title="bbox 2246 4814 3715 4901; baseline -0.007 -15"><span class='ocrx_word' id='word_1_820' title='bbox 2246 4844 2314 4886; x_wconf 87' lang='lat' dir='ltr'><strong>ex</strong></span> <span class='ocrx_word' id='word_1_821' title='bbox 2342 4830 2457 4885; x_wconf 88' lang='lat' dir='ltr'><strong>istis</strong></span> <span class='ocrx_word' id='word_1_822' title='bbox 2496 4829 2700 4886; x_wconf 89' lang='lat' dir='ltr'><strong>duobus</strong></span> <span class='ocrx_word' id='word_1_823' title='bbox 2728 4829 2878 4886; x_wconf 90' lang='lat' dir='ltr'><strong>libris</strong></span> <span class='ocrx_word' id='word_1_824' title='bbox 2905 4831 3147 4901; x_wconf 89' lang='lat' dir='ltr'><strong>producit</strong></span> <span class='ocrx_word' id='word_1_825' title='bbox 3184 4833 3357 4896; x_wconf 91' lang='lat' dir='ltr'><strong>locos,</strong></span> <span class='ocrx_word' id='word_1_826' title='bbox 3386 4829 3465 4884; x_wconf 90' lang='lat' dir='ltr'><strong>ubi</strong></span> <span class='ocrx_word' id='word_1_827' title='bbox 3485 4833 3663 4881; x_wconf 85' lang='lat' dir='ltr'><strong>errorem</strong></span> <span class='ocrx_word' id='word_1_828' title='bbox 3681 4814 3715 4868; x_wconf 57' lang='lat' dir='ltr'><strong>ii</strong></span> 
     </span>
    </p>
   </div>
   <div class='ocr_carea' id='block_1_111' title="bbox 2247 4906 3714 4993">
    <p class='ocr_par' dir='ltr' id='par_1_111' title="bbox 2247 4906 3714 4993">
     <span class='ocr_line' id='line_1_111' title="bbox 2247 4906 3714 4993; baseline -0.005 -18"><span class='ocrx_word' id='word_1_829' title='bbox 2247 4920 2357 4975; x_wconf 90' lang='lat' dir='ltr'><strong>lum</strong></span> <span class='ocrx_word' id='word_1_830' title='bbox 2377 4963 2393 4987; x_wconf 91' lang='lat'><strong>,</strong></span> <span class='ocrx_word' id='word_1_831' title='bbox 2425 4921 2477 4975; x_wconf 91' lang='lat' dir='ltr'><strong>in</strong></span> <span class='ocrx_word' id='word_1_832' title='bbox 2503 4936 2660 4991; x_wconf 89' lang='lat' dir='ltr'><strong>quem</strong></span> <span class='ocrx_word' id='word_1_833' title='bbox 2701 4929 2823 4977; x_wconf 91' lang='lat' dir='ltr'><strong>ante</strong></span> <span class='ocrx_word' id='word_1_834' title='bbox 2863 4923 3219 4993; x_wconf 81' lang='lat' dir='ltr'><strong>episcOpatum</strong></span> <span class='ocrx_word' id='word_1_835' title='bbox 3252 4923 3419 4992; x_wconf 87' lang='lat' dir='ltr'><strong>lapsus</strong></span> <span class='ocrx_word' id='word_1_836' title='bbox 3452 4917 3621 4978; x_wconf 85' lang='lat' dir='ltr'><strong>fuerat,</strong></span> <span class='ocrx_word' id='word_1_837' title='bbox 3650 4906 3714 4962; x_wconf 70' lang='lat' dir='ltr'><strong>3b-</strong></span> 
     </span>
    </p>
   </div>
   <div class='ocr_carea' id='block_1_112' title="bbox 2241 4999 3715 5083">
    <p class='ocr_par' dir='ltr' id='par_1_112' title="bbox 2241 4999 3715 5083">
     <span class='ocr_line' id='line_1_112' title="bbox 2241 4999 3715 5083; baseline -0.005 -17"><span class='ocrx_word' id='word_1_838' title='bbox 2241 5012 2473 5083; x_wconf 89' lang='lat' dir='ltr'><strong>jurabat.</strong></span> <span class='ocrx_word' id='word_1_839' title='bbox 2499 5012 2750 5069; x_wconf 90' lang='lat' dir='ltr'><strong>Sanctum</strong></span> <span class='ocrx_word' id='word_1_840' title='bbox 2777 5014 3056 5069; x_wconf 88' lang='lat' dir='ltr'><strong>Doctorem</strong></span> <span class='ocrx_word' id='word_1_841' title='bbox 3079 5012 3411 5069; x_wconf 88' lang='lat' dir='ltr'><strong>recensendis</strong></span> <span class='ocrx_word' id='word_1_842' title='bbox 3432 5010 3528 5066; x_wconf 87' lang='lat' dir='ltr'><strong>suis</strong></span> <span class='ocrx_word' id='word_1_843' title='bbox 3539 4999 3715 5076; x_wconf 69' lang='lat' dir='ltr'><strong>opta&#39;ibtli</strong></span> 
     </span>
    </p>
   </div>
   <div class='ocr_carea' id='block_1_113' title="bbox 2246 5092 3715 5176">
    <p class='ocr_par' dir='ltr' id='par_1_113' title="bbox 2246 5092 3715 5176">
     <span class='ocr_line' id='line_1_113' title="bbox 2246 5092 3715 5176; baseline 0.001 -17"><span class='ocrx_word' id='word_1_844' title='bbox 2246 5104 2539 5173; x_wconf 89' lang='lat' dir='ltr'><strong>desudare,</strong></span> <span class='ocrx_word' id='word_1_845' title='bbox 2591 5106 2748 5161; x_wconf 91' lang='lat' dir='ltr'><strong>etiam</strong></span> <span class='ocrx_word' id='word_1_846' title='bbox 2795 5105 3099 5176; x_wconf 89' lang='lat' dir='ltr'><strong>priusquam</strong></span> <span class='ocrx_word' id='word_1_847' title='bbox 3161 5105 3257 5159; x_wconf 88' lang='lat' dir='ltr'><strong>hac</strong></span> <span class='ocrx_word' id='word_1_848' title='bbox 3317 5103 3380 5158; x_wconf 90' lang='lat' dir='ltr'><strong>de</strong></span> <span class='ocrx_word' id='word_1_849' title='bbox 3421 5116 3476 5156; x_wconf 89' lang='lat' dir='ltr'><strong>re</strong></span> <span class='ocrx_word' id='word_1_850' title='bbox 3510 5092 3715 5167; x_wconf 72' lang='grc' dir='ltr'><strong>ψιίάιιιιπη</strong></span> 
     </span>
    </p>
   </div>
   <div class='ocr_carea' id='block_1_114' title="bbox 2247 5178 3717 5267">
    <p class='ocr_par' dir='ltr' id='par_1_114' title="bbox 2247 5178 3717 5267">
     <span class='ocr_line' id='line_1_114' title="bbox 2247 5178 3717 5267; baseline -0.008 -11"><span class='ocrx_word' id='word_1_851' title='bbox 2247 5200 2539 5267; x_wconf 89' lang='lat' dir='ltr'><strong>edidisset,</strong></span> <span class='ocrx_word' id='word_1_852' title='bbox 2574 5198 2841 5256; x_wconf 89' lang='lat' dir='ltr'><strong>ferebatur</strong></span> <span class='ocrx_word' id='word_1_853' title='bbox 2879 5200 2931 5254; x_wconf 92' lang='lat' dir='ltr'><strong>in</strong></span> <span class='ocrx_word' id='word_1_854' title='bbox 2974 5199 3187 5265; x_wconf 85' lang='lat' dir='ltr'><strong>Galliis;</strong></span> <span class='ocrx_word' id='word_1_855' title='bbox 3216 5206 3268 5252; x_wconf 91' lang='lat' dir='ltr'><strong>et</strong></span> <span class='ocrx_word' id='word_1_856' title='bbox 3296 5196 3433 5251; x_wconf 91' lang='lat' dir='ltr'><strong>illum</strong></span> <span class='ocrx_word' id='word_1_857' title='bbox 3456 5178 3717 5248; x_wconf 67' lang='lat' dir='ltr'><strong>Hilariusob&#39;</strong></span> 
     </span>
    </p>
   </div>
   <div class='ocr_carea' id='block_1_115' title="bbox 2252 5270 3717 5361">
    <p class='ocr_par' dir='ltr' id='par_1_115' title="bbox 2252 5270 3717 5361">
     <span class='ocr_line' id='line_1_115' title="bbox 2252 5270 3717 5361; baseline -0.011 -15"><span class='ocrx_word' id='word_1_858' title='bbox 2252 5290 2493 5346; x_wconf 86' lang='lat' dir='ltr'><strong>secrabat</strong></span> <span class='ocrx_word' id='word_1_859' title='bbox 2512 5333 2527 5357; x_wconf 96' lang='lat'><strong>,</strong></span> <span class='ocrx_word' id='word_1_860' title='bbox 2551 5300 2609 5345; x_wconf 94' lang='lat' dir='ltr'><strong>ut</strong></span> <span class='ocrx_word' id='word_1_861' title='bbox 2634 5291 2721 5346; x_wconf 89' lang='lat' dir='ltr'><strong>ubi</strong></span> <span class='ocrx_word' id='word_1_862' title='bbox 2751 5290 2977 5361; x_wconf 91' lang='lat' dir='ltr'><strong>primum</strong></span> <span class='ocrx_word' id='word_1_863' title='bbox 3005 5306 3065 5346; x_wconf 87' lang='lat' dir='ltr'><strong>ea</strong></span> <span class='ocrx_word' id='word_1_864' title='bbox 3113 5289 3347 5347; x_wconf 87' lang='lat' dir='ltr'><strong>recensio</strong></span> <span class='ocrx_word' id='word_1_865' title='bbox 3373 5286 3424 5342; x_wconf 89' lang='lat' dir='ltr'><strong>in</strong></span> <span class='ocrx_word' id='word_1_866' title='bbox 3448 5284 3591 5339; x_wconf 84' lang='lat' dir='ltr'><strong>lucem</strong></span> <span class='ocrx_word' id='word_1_867' title='bbox 3609 5270 3717 5331; x_wconf 64' lang='lat' dir='ltr'><strong>exii!-</strong></span> 
     </span>
    </p>
   </div>
   <div class='ocr_carea' id='block_1_116' title="bbox 2250 5366 3716 5455">
    <p class='ocr_par' dir='ltr' id='par_1_116' title="bbox 2250 5366 3716 5455">
     <span class='ocr_line' id='line_1_116' title="bbox 2250 5366 3716 5455; baseline -0.005 -16"><span class='ocrx_word' id='word_1_868' title='bbox 2250 5392 2368 5451; x_wconf 89' lang='lat' dir='ltr'><strong>set,</strong></span> <span class='ocrx_word' id='word_1_869' title='bbox 2402 5383 2537 5439; x_wconf 89' lang='lat' dir='ltr'><strong>hanc</strong></span> <span class='ocrx_word' id='word_1_870' title='bbox 2566 5382 2631 5439; x_wconf 91' lang='lat' dir='ltr'><strong>ad</strong></span> <span class='ocrx_word' id='word_1_871' title='bbox 2663 5399 2720 5439; x_wconf 90' lang='lat' dir='ltr'><strong>se</strong></span> <span class='ocrx_word' id='word_1_872' title='bbox 2765 5384 3003 5439; x_wconf 89' lang='lat' dir='ltr'><strong>mitteret</strong></span> <span class='ocrx_word' id='word_1_873' title='bbox 3045 5380 3230 5455; x_wconf 84' lang='lat' dir='ltr'><strong>(Epist.</strong></span> <span class='ocrx_word' id='word_1_874' title='bbox 3268 5380 3388 5444; x_wconf 88' lang='lat'><strong>226,</strong></span> <span class='ocrx_word' id='word_1_875' title='bbox 3428 5395 3476 5432; x_wconf 75' lang='grc' dir='ltr'>η.</span> <span class='ocrx_word' id='word_1_876' title='bbox 3510 5371 3600 5443; x_wconf 72' lang='grc' dir='ltr'><strong>ιο).</strong></span> <span class='ocrx_word' id='word_1_877' title='bbox 3622 5366 3716 5431; x_wconf 72' lang='grc' dir='ltr'><strong>θοο-</strong></span> 
     </span>
    </p>
   </div>
   <div class='ocr_carea' id='block_1_117' title="bbox 2251 5464 3716 5549">
    <p class='ocr_par' dir='ltr' id='par_1_117' title="bbox 2251 5464 3716 5549">
     <span class='ocr_line' id='line_1_117' title="bbox 2251 5464 3716 5549; baseline -0.003 -20"><span class='ocrx_word' id='word_1_878' title='bbox 2251 5474 2391 5529; x_wconf 88' lang='lat' dir='ltr'><strong>circa</strong></span> <span class='ocrx_word' id='word_1_879' title='bbox 2431 5473 2753 5545; x_wconf 89' lang='lat' dir='ltr'><strong>Augustinus</strong></span> <span class='ocrx_word' id='word_1_880' title='bbox 2781 5474 2833 5528; x_wconf 87' lang='lat' dir='ltr'><strong>in</strong></span> <span class='ocrx_word' id='word_1_881' title='bbox 2859 5489 2956 5529; x_wconf 91' lang='lat' dir='ltr'><strong>suo</strong></span> <span class='ocrx_word' id='word_1_882' title='bbox 2980 5472 3046 5529; x_wconf 89' lang='lat' dir='ltr'><strong>ad</strong></span> <span class='ocrx_word' id='word_1_883' title='bbox 3072 5471 3318 5529; x_wconf 88' lang='lat' dir='ltr'><strong>Hilarium</strong></span> <span class='ocrx_word' id='word_1_884' title='bbox 3341 5475 3582 5538; x_wconf 73' lang='lat' dir='ltr'><strong>responso.</strong></span> 
     </span>
    </p>
   </div>
   <div class='ocr_carea' id='block_1_118' title="bbox 2251 5543 3716 5629">
    <p class='ocr_par' dir='ltr' id='par_1_118' title="bbox 2251 5543 3716 5629">
     <span class='ocr_line' id='line_1_118' title="bbox 2251 5543 3716 5629; baseline -0.007 -9"><span class='ocrx_word' id='word_1_885' title='bbox 2251 5565 2372 5622; x_wconf 91' lang='lat' dir='ltr'><strong>dem</strong></span> <span class='ocrx_word' id='word_1_886' title='bbox 2403 5565 2470 5620; x_wconf 88' lang='lat' dir='ltr'><strong>ab</strong></span> <span class='ocrx_word' id='word_1_887' title='bbox 2507 5543 2573 5620; x_wconf 87' lang='lat' dir='ltr'><strong>eo</strong></span> <span class='ocrx_word' id='word_1_888' title='bbox 2622 5564 2845 5619; x_wconf 90' lang='lat' dir='ltr'><strong>necdum</strong></span> <span class='ocrx_word' id='word_1_889' title='bbox 2895 5564 3085 5620; x_wconf 88' lang='lat' dir='ltr'><strong>lectam</strong></span> <span class='ocrx_word' id='word_1_890' title='bbox 3122 5564 3322 5629; x_wconf 80' lang='lat' dir='ltr'><strong>fuisse;</strong></span> <span class='ocrx_word' id='word_1_891' title='bbox 3352 5567 3405 5614; x_wconf 94' lang='lat' dir='ltr'><strong>ut</strong></span> <span class='ocrx_word' id='word_1_892' title='bbox 3429 5543 3716 5629; x_wconf 53' lang='lat' dir='ltr'><strong>certamin“!il</strong></span> 
     </span>
    </p>
   </div>
   <div class='ocr_carea' id='block_1_119' title="bbox 2256 5628 3714 5727">
    <p class='ocr_par' dir='ltr' id='par_1_119' title="bbox 2256 5628 3714 5727">
     <span class='ocr_line' id='line_1_119' title="bbox 2256 5628 3714 5727; baseline -0.011 -17"><span class='ocrx_word' id='word_1_893' title='bbox 2256 5653 2357 5727; x_wconf 89' lang='lat' dir='ltr'><strong>(De</strong></span> <span class='ocrx_word' id='word_1_894' title='bbox 2388 5654 2531 5709; x_wconf 88' lang='lat' dir='ltr'><strong>Dono</strong></span> <span class='ocrx_word' id='word_1_895' title='bbox 2558 5654 2933 5723; x_wconf 68' lang='lat' dir='ltr'><strong>perseverantia:</strong></span> <span class='ocrx_word' id='word_1_896' title='bbox 2962 5696 2976 5720; x_wconf 94' lang='lat'><strong>,</strong></span> <span class='ocrx_word' id='word_1_897' title='bbox 3006 5673 3058 5710; x_wconf 84' lang='grc' dir='ltr'>η.</span> <span class='ocrx_word' id='word_1_898' title='bbox 3079 5653 3193 5725; x_wconf 79' lang='lat'><strong>27).</strong></span> <span class='ocrx_word' id='word_1_899' title='bbox 3222 5628 3714 5727; x_wconf 57' lang='lat' dir='ltr'><strong>Agg‘ressusestdcit“Ie</strong></span> 
     </span>
    </p>
   </div>
   <div class='ocr_carea' id='block_1_120' title="bbox 2256 5722 3714 5818">
    <p class='ocr_par' dir='ltr' id='par_1_120' title="bbox 2256 5722 3714 5818">
     <span class='ocr_line' id='line_1_120' title="bbox 2256 5722 3714 5818; baseline -0.006 -16"><span class='ocrx_word' id='word_1_900' title='bbox 2256 5722 2619 5804; x_wconf 77' lang='lat' dir='ltr'><strong>recensionetu</strong></span> <span class='ocrx_word' id='word_1_901' title='bbox 2667 5746 3007 5818; x_wconf 90' lang='lat' dir='ltr'><strong>epistolarum</strong></span> <span class='ocrx_word' id='word_1_902' title='bbox 3051 5722 3361 5813; x_wconf 34' lang='lat' dir='ltr'><strong>suarum—pe</strong></span> <span class='ocrx_word' id='word_1_903' title='bbox 3397 5722 3714 5811; x_wconf 52' lang='lat' dir='ltr'><strong>quibus!!!“</strong></span> 
     </span>
    </p>
   </div>
   <div class='ocr_carea' id='block_1_121' title="bbox 3792 2128 3802 2205">
    <p class='ocr_par' dir='ltr' id='par_1_121' title="bbox 3792 2128 3802 2205">
     <span class='ocr_line' id='line_1_121' title="bbox 3792 2128 3802 2205; baseline 0 0"><span class='ocrx_word' id='word_1_904' title='bbox 3792 2128 3802 2205; x_wconf 79' lang='lat' dir='ltr'><strong>i</strong></span> 
     </span>
    </p>
   </div>
   <div class='ocr_carea' id='block_1_122' title="bbox 3788 2244 3802 2611">
    <p class='ocr_par' dir='ltr' id='par_1_122' title="bbox 3788 2244 3802 2611">
     <span class='ocr_line' id='line_1_122' title="bbox 3788 2244 3802 2611; baseline 0 -74"><span class='ocrx_word' id='word_1_905' title='bbox 3788 2244 3802 2611; x_wconf 59' lang='lat' dir='ltr'><strong>l</strong></span> 
     </span>
    </p>
   </div>
   <div class='ocr_carea' id='block_1_123' title="bbox 3782 2614 3797 2969">
    <p class='ocr_par' dir='ltr' id='par_1_123' title="bbox 3784 2614 3797 2951">
     <span class='ocr_line' id='line_1_123' title="bbox 3784 2614 3797 2951; baseline 0 0"><span class='ocrx_word' id='word_1_906' title='bbox 3784 2614 3797 2951; x_wconf 74' lang='grc' dir='ltr'>Ξ</span> 
     </span>
    </p>
   </div>
   <div class='ocr_carea' id='block_1_124' title="bbox 3780 2970 3795 3269">
    <p class='ocr_par' dir='ltr' id='par_1_124' title="bbox 3780 2970 3795 3269">
     <span class='ocr_line' id='line_1_124' title="bbox 3780 2970 3795 3269; baseline 0 -218"><span class='ocrx_word' id='word_1_907' title='bbox 3780 2970 3795 3269; x_wconf 47' lang='grc' dir='ltr'><em>ἓ</em></span> 
     </span>
    </p>
   </div>
   <div class='ocr_carea' id='block_1_125' title="bbox 3776 3272 3795 3375">
    <p class='ocr_par' dir='ltr' id='par_1_125' title="bbox 3776 3272 3795 3375">
     <span class='ocr_line' id='line_1_125' title="bbox 3776 3272 3795 3375; baseline 0 0"><span class='ocrx_word' id='word_1_908' title='bbox 3776 3272 3795 3375; x_wconf 61' lang='grc' dir='ltr'><strong>σε</strong></span> 
     </span>
    </p>
   </div>
   <div class='ocr_carea' id='block_1_126' title="bbox 3796 5618 3802 5649">
    <p class='ocr_par' dir='ltr' id='par_1_126' title="bbox 3796 5618 3802 5649">
     <span class='ocr_line' id='line_1_126' title="bbox 3796 5618 3802 5649; baseline 0 0"><span class='ocrx_word' id='word_1_909' title='bbox 3796 5618 3802 5649; x_wconf 84' lang='lat' dir='ltr'><strong>l</strong></span> 
     </span>
    </p>
   </div>
  </div>
