1929 3194
61 223 106 254 555
706 219 806 247 LIBER
825 218 992 247 ocravus.

59 283 106 318 jam
121 278 250 314 relegerat,
275 282 334 304 cum
349 283 411 304 eum
429 275 590 311 respondere
603 280 662 304 octo
676 276 772 304 Juliani
792 277 824 304 li-

63 324 215 360 brisoportuit
230 322 330 359 (Epist.
344 322 408 355 224,
421 330 447 349 n.
459 322 498 357 2).
514 322 594 357 Atqui
605 330 638 350 ne
652 327 706 350 tum
718 322 826 358 quidem

63 372 157 400 laborem
166 390 172 402 ,
183 376 257 404 quem
273 367 372 403 oppido
385 368 562 395 necessarium
573 368 724 403 judicabat,
741 368 825 396 inter-

62 415 231 445 misitrhorum
255 421 366 449 operum
391 413 466 441 alteri
488 413 558 441 diem
572 435 579 447 ,
603 414 678 441 alteri
700 418 824 447 noctem,

63 469 111 490 cum
121 468 164 488 non
178 459 247 487 aliud
263 458 373 493 majoris
393 459 520 486 momenti
545 459 683 494 negotium
697 459 825 492 obstaret,

64 505 246 542 impertiebatur.
261 504 361 532 Verum
386 505 525 539 quantovis
545 509 680 533 teneretur
694 505 826 532 desiderio

66 556 214 580 memoratum
234 557 301 585 opus
316 550 490 585 perﬁciendi,
506 550 571 577 illud
588 554 676 577 tamen
699 550 824 585 imperie-

63 604 119 626 ctum
131 597 271 632 relinquere
285 596 398 631 primum
406 595 550 623 Vandalico
563 595 643 629 bello,
654 595 750 623 dehinc
763 603 825 631 pro-

64 644 109 679 pria
127 650 166 670 sua
195 646 281 669 morte
309 645 417 669 coactus
434 645 485 668 est.
511 641 646 668 Possidius
667 641 738 668 enim
758 640 826 668 duos

65 693 144 716 tantum
154 687 375 715 Retractationum
387 686 469 714 libros
483 687 612 722 agnoscit.
629 686 766 721 Supplevit
776 686 826 713 hoc

64 734 155 770 quodam
167 732 244 760 modo
258 732 327 760 idem
343 732 479 760 Possidius
499 739 532 758 eo
548 731 664 759 indiculo
677 751 685 764 ,
706 738 785 766 quem
812 739 827 758 c

64 780 130 809 sancti
142 779 193 807 Viri
205 779 279 806 libris
291 800 298 812 ,
315 778 435 813 epistolis
447 785 478 806 ac
493 778 660 806 sermonibus
674 777 825 810 contexuit;

64 826 143 862 quibus
154 824 272 853 omnibus
295 831 426 852 summam
448 824 520 852 mille
533 824 639 859 triginta
654 823 826 859 scriptionum

61 872 139 900 comici
151 871 274 903 afﬁrmat;
288 870 397 906 exceptis
418 870 467 903 iis,
482 869 555 897 addit
567 870 620 902 ille,
637 869 681 905 qui
698 869 828 896 numerari

58 925 100 944 non
123 921 226 952 possunt,
252 916 312 951 quia
336 923 381 942 nec
398 923 527 942 numerant
555 915 692 951 designavit
715 915 827 950 ipsorum

61 962 196 998 (Possidius,
210 962 235 988 in
249 961 385 994 lndiculo,
399 969 456 996 cap.
472 960 529 996 l0).
545 960 754 988 Innumerabiles
768 968 827 988 esse

58 1009 124 1043 illius
142 1007 252 1042 epistolas
276 1015 307 1034 ac
329 1013 466 1034 sermones
484 1005 577 1033 Victor
597 1005 714 1033 V'itensis
735 1009 828 1033 auctor

55 1059 94 1080 est
112 1053 155 1088 (De
167 1052 338 1079 Pmecutione
352 1052 475 1085 Vandal.,
488 1051 530 1078 lib.
542 1052 566 1084 l,
583 1060 609 1078 η.
621 1050 660 1088 5).
675 1051 767 1087 Neque
778 1051 828 1079 hoc

54 1099 158 1133 proiecto
177 1098 223 1125 sibi
243 1099 384 1134 quisquam
398 1105 468 1133 :egre
483 1097 639 1133 persuadeat
658 1098 692 1125 de
714 1097 759 1125 illo
774 1098 828 1125 An-

53 1146 126 1173 tistite
136 1166 143 1179 ,
154 1146 196 1180 qui
211 1150 278 1172 totos
293 1145 398 1180 triginta
413 1151 498 1171 annos
510 1144 609 1172 oraculi
623 1144 683 1172 loco
697 1144 829 1172 universa:

54 1192 165 1220 Ecclesia:
182 1192 268 1219 latina!
287 1191 354 1224 fuit;
370 1192 414 1226 qui
429 1191 541 1218 aliorum
557 1195 651 1226 rogatu
664 1198 828 1226 quacumque

55 1238 107 1264 data
119 1238 249 1265 occasione
264 1238 345 1265 verba
363 1238 450 1265 facere
463 1237 615 1272 compulsus
625 1241 667 1265 est
684 1236 828 1274 (Retracta-

62 1285 145 1311 tinuum
164 1284 275 1320 prologo,
304 1293 331 1310 η.
345 1283 392 1320 2);
417 1284 462 1319 qui
486 1283 600 1319 denique
626 1283 659 1311 ad
682 1288 829 1311 extremam

59 1337 130 1364 usque
145 1330 326 1365 aegritudinem
348 1329 454 1357 assidue
472 1330 584 1357 verbum
608 1330 654 1357 Dei
677 1329 829 1365 prmdiCavit

58 1374 197 1410 (Possidius,
212 1376 237 1402 in
251 1375 310 1402 Vita
324 1375 467 1411 Augustini,
488 1383 511 1402 c.
535 1375 596 1410 51).

85 1423 108 1449 6.
126 1422 229 1450 Videtur
250 1422 385 1450 Possidius
414 1422 540 1456 innuere,
564 1423 739 1458 Augustinum
762 1422 828 1450 illud

55 1469 131 1503 aperis
142 1469 208 1504 quod
224 1469 362 1504 Speculum
376 1469 520 1503 inscripsit,
532 1469 713 1503 composuisse
726 1469 831 1496 circiter

56 1514 115 1542 idem
129 1520 235 1549 tempus,
249 1522 301 1550 quo
314 1514 525 1545 Retractationes
537 1522 609 1547 suas,
624 1519 651 1541 et
664 1515 742 1549 paulo
755 1519 831 1542 ante-

57 1567 122 1595 quam
137 1561 176 1588 vel
198 1560 390 1588 descenderent
413 1561 439 1587 in
460 1559 588 1593 Africam,
604 1560 646 1587 vel
669 1559 828 1594 Hipponem-

58 1604 153 1640 Regium
173 1606 328 1634 accederent
346 1605 458 1633 Vandali
472 1605 563 1642 (Ibid.,
583 1614 606 1632 c.
622 1606 679 1641 28).
697 1605 734 1632 Ea
756 1613 830 1632 com-

58 1652 168 1679 mentatio
188 1656 291 1679 constat
318 1652 448 1686 excerptis
469 1659 502 1679 ex
529 1656 640 1686 utroque
662 1651 832 1679 Testamento

59 1696 126 1731 locis,
138 1698 162 1725 in
182 1699 277 1733 quibus
298 1698 374 1726 nobis
394 1697 492 1732 aliquid
510 1705 525 1725 a
548 1698 603 1725 Deo
622 1698 773 1733 przncipitur
787 1702 832 1725 aut

60 1743 196 1776 prohibetur
208 1754 214 1771 :
226 1753 281 1772 non
291 1745 360 1772 enim
372 1748 510 1780 propterea
523 1744 669 1779 composita
684 1749 734 1778 est,
749 1750 777 1772 ut
789 1745 833 1771 illa

59 1789 185 1825 discamus,
207 1800 266 1826 qua:
291 1791 473 1818 tantummodo
495 1799 543 1819 nos
564 1795 685 1825 oporteat
707 1781 831 1824 credere';

60 1840 133 1871 neque
144 1847 169 1864 ut
183 1843 361 1873 proponantur
373 1845 398 1864 in
413 1836 509 1872 quibus
524 1844 598 1864 sacra
614 1836 726 1871 quadam
738 1836 833 1864 obscu—

59 1882 125 1910 ritate
142 1891 327 1916 exerceamur;
345 1890 436 1910 verum
457 1886 487 1910 ut
509 1882 648 1918 prteceptis
669 1882 833 1916 simplicibus

60 1933 126 1964 atque
137 1938 149 1956 a
159 1929 299 1965 ﬁgurarum
314 1929 449 1957 involucro
465 1928 564 1962 liberis,
580 1936 639 1963 qua:
663 1928 753 1955 ﬁdeles
774 1935 833 1955 om-

62 1982 103 2002 nes
120 1983 219 2003 servare
243 1983 353 2003 necesse
373 1975 416 2008 sit,
439 1975 523 2002 nostri
546 1974 717 2002 instituantur
735 1981 832 2001 mores.

63 2020 124 2050 lianc
134 2028 219 2051 autem
239 2024 423 2051 collectionem
445 2030 538 2050 eorum
553 2022 637 2057 gratia
656 2021 832 2053 concinnavit,

63 2069 99 2102 qui
110 2070 156 2103 jam
171 2070 317 2103 credentes,
331 2069 438 2097 obedire
452 2069 507 2096 Deo
517 2069 624 2102 volunt;
637 2068 751 2095 maxime
761 2075 833 2101 vero,

62 2115 145 2147 quibus
157 2123 203 2142 non
217 2116 275 2143 licet
289 2115 381 2143 multa:
396 2114 504 2142 lectioni
524 2122 632 2150 operam
647 2113 721 2147 dare,
737 2121 789 2149 quo
807 2121 836 2141 se

65 2159 162 2192 ipsosin
174 2170 200 2188 ea
215 2162 438 2196 contortiplantes,
454 2161 498 2189 ubi
513 2161 568 2188 Deo
591 2165 701 2196 pareant
719 2164 764 2187 aut
782 2168 836 2188 non

65 2212 171 2240 parcant,
179 2214 296 2242 quantum
308 2207 468 2242 profecerim
477 2207 503 2234 in
513 2206 728 2242 opcribusbonis,
738 2206 836 2242 quidve

66 2252 108 2279 sibi
125 2253 202 2282 adhuc
219 2255 289 2283 desit
306 2254 339 2282 ad
355 2253 555 2289 perfectionem,
577 2252 795 2289 deprehendant:
810 2257 837 2280 et

67 2296 99 2324 sic
110 2298 154 2333 ipsi
166 2300 196 2328 de
207 2300 293 2334 bonis,
310 2308 370 2336 qua:
386 2299 412 2327 in
429 2307 458 2327 se
472 2299 717 2333 animadverterint,
740 2299 836 2335 gratias

67 2349 144 2378 agant;
157 2353 246 2374 omnes
255 2353 318 2374 suas
329 2353 408 2373 curas
420 2353 451 2373 ac
464 2353 557 2381 preces
571 2345 604 2372 ad
620 2353 711 2373 eorum
727 2353 836 2373 conser-

67 2390 179 2420 vationem
200 2393 270 2421 ﬁdeli
289 2393 388 2429 pietate
402 2392 539 2420 conferant
562 2396 588 2420 et
607 2399 704 2420 nervos
722 2399 785 2419 suos
803 2392 836 2420 ad

68 2442 101 2469 ea,
111 2437 196 2472 quibus
211 2446 240 2466 se
258 2438 401 2466 destitutos
416 2437 540 2471 viderint,
556 2437 733 2473 comparanda
748 2438 835 2465 inten-

70 2480 127 2509 tlaut.
141 2484 170 2511 Et
183 2485 232 2512 hoc
244 2484 293 2512 fuit
306 2492 405 2517 causae,
416 2491 464 2511 cur
476 2483 577 2512 eisdem
588 2484 719 2519 excerptis
732 2483 837 2519 Speculi

70 2526 154 2557 titulum
164 2530 333 2563 inscriberet;
348 2529 445 2565 quibus
458 2530 586 2557 duntaxat
599 2529 695 2565 adjecit
706 2530 838 2564 praefatio-

72 2581 128 2608 nem,
143 2584 189 2612 qua
210 2577 315 2606 consilii
339 2577 380 2604 sui
401 2577 532 2604 rationem
556 2576 653 2604 reddit.
673 2577 759 2604 Locos
779 2577 838 2605 illos

72 2622 192 2650 secundum
211 2623 331 2651 ordinem
348 2623 473 2650 librorum
494 2622 638 2658 Scriptura:
656 2613 739 2650 refert
754 2631 761 2649 :
777 2630 837 2650 cum

74 2670 141 2695 autem
152 2669 214 2697 inter
228 2670 301 2705 ipsos
315 2670 432 2696 nonnulli
444 2669 582 2697 videantur
591 2668 641 2696 sibi
652 2668 764 2696 invicem
776 2676 839 2697 con-

74 2714 138 2747 trarii,
147 2715 190 2744 hos
198 2720 305 2744 sanctus
314 2716 440 2748 Antistes,
452 2719 512 2751 post
521 2715 672 2743 absolutum
683 2714 837 2750 Speculum,

73 2762 237 2793 questionibus
261 2764 405 2798 propositis
427 2763 610 2797 expositurum
634 2770 664 2790 se
683 2762 838 2791 conciliatu-

73 2811 163 2842 rumque
174 2809 323 2844 pollicetur.
340 2809 561 2836 Lucubrationcni
576 2809 645 2836 hanc
657 2816 786 2843 nusquam
798 2808 840 2836 in-

73 2851 154 2886 venias;
163 2854 214 2882 imo
223 2862 288 2882 vero
301 2862 360 2881 eain
376 2855 409 2881 ab
423 2855 570 2889 Augustino
580 2855 688 2882 omnino
696 2862 748 2882 non
759 2854 840 2883 fuisse

71 2895 148 2926 editam
159 2899 220 2928 hinc
230 2900 350 2935 judicare
371 2905 421 2932 est,
436 2901 505 2935 quod
520 2901 655 2928 Possidius
668 2900 767 2928 nullam
783 2901 840 2936 ejus

72 2945 210 2975 mentionem
238 2946 318 2979 facit,
344 2947 448 2974 tametsi
470 2955 503 2975 ne
529 2947 710 2981 praefationem
735 2947 839 2982 quidem

191 2991 306 3024 Sacr.
327 2993 461 3023 Amusr.
476 2993 499 3023 Ι.

15 3091 218 3194 ιφ,

1613 222 1667 251 554

877 277 989 312 Speculo
1016 276 1151 312 praeﬁxum
1174 277 1208 305 ab
1234 281 1341 306 auctore
1363 278 1467 308 snentio
1484 278 1666 316 praeterierit.

1193 322 1306 351 CAPUT
1326 324 1393 352 Vlll.

878 370 892 397 Ι
907 369 1054 404 Bonifacius
1066 370 1202 397 secundum
1215 378 1318 398 uxorem
1332 371 1416 405 ducit,
1431 377 1454 400 et
1468 375 1565 410 magnis
1580 380 1668 410 postea

915 415 1100 443 calamitatibus
1112 416 1280 451 conﬂictatur.
1292 416 1310 443 2
1323 416 1422 444 Bellum
1440 418 1463 445 ei
1482 419 1547 447 hosti
1560 419 1668 456 Imperii

914 461 1042 488 declarato
1063 461 1181 498 infertur,
1203 463 1278 489 misso
1303 462 1429 490 Mauortia
1448 465 1552 500 aliisque
1570 467 1597 493 in
1609 475 1667 494 eum

914 507 1027 534 ducibus.
1042 507 1059 535 5
1071 507 1225 543 Augustinus
1234 505 1396 545 Bonifacium
1410 518 1455 545 per
1473 510 1568 538 litteras
1589 517 1615 539 ut
1638 513 1665 540 in

914 553 1020 588 ofﬁcium
1034 553 1119 580 redeat
1130 554 1287 581 adhortatur.
1297 555 1314 582 Δ
1327 555 1484 591 Segisvultus
1494 558 1567 593 empti
1579 559 1605 585 in
1615 558 1668 586 Bo-

914 597 1035 633 nifacium
1050 598 1107 626 belli
1125 607 1212 626 curam
1227 600 1339 635 suscipit.
1358 601 1374 629 5
1388 600 1532 635 Effundunt
1552 611 1579 631 se
1598 603 1669 631 Van-

915 644 966 671 dali
978 644 1005 671 in
1015 644 1127 680 Africam
1147 644 1192 672 Dei
1207 650 1280 679 nutu,
1296 651 1323 673 ut
1336 647 1473 682 puniantur
1490 649 1544 682 alii,
1558 650 1603 677 alii
1622 658 1667 678 co-

914 694 1042 717 ronentur.
1064 691 1080 718 6
1097 691 1191 726 Africa'
1209 700 1252 726 per
1271 692 1400 720 Vandalos
1412 694 1483 728 ferox
1500 700 1523 722 et
1543 696 1669 724 horrenda

915 735 1086 771 depopulatio.
1098 737 1114 763 7
1126 736 1164 763 An
1177 738 1300 772 episcopis
1315 738 1388 766 liceat
1404 739 1431 766 in
1444 740 1584 769 istiusmodi
1602 742 1671 769 cala-

915 780 1042 808 mitatibus
1057 783 1118 817 fuga
1132 782 1179 809 sibi
1193 784 1331 811 consulere.

917 827 942 852 l.
960 826 1109 862 Antequam
1135 827 1205 856 hunc
1227 836 1324 857 annum
1346 830 1510 865 claudamus,
1526 834 1669 868 repetenda

879 876 918 899 est
936 871 1062 900 Bonifacii
1074 873 1179 902 comitis
1192 873 1316 908 historia;
1329 875 1375 911 qui
1390 884 1460 905 nunc
1474 878 1571 906 mirum
1584 887 1671 915 quan—

880 921 935 944 tum
948 922 1063 945 mutatus
1075 918 1109 946 ab
1119 919 1164 946 illo
1177 924 1229 953 est,
1243 921 1318 956 cujus
1327 926 1390 949 ante
1399 922 1499 958 aliquot
1507 932 1591 952 annos
1606 925 1671 954 feci-

879 970 939 991 mus
953 964 1125 992 mentionem.
1141 965 1260 993 Diximus
1275 967 1349 994 illum
1368 968 1394 995 in
1412 969 1501 997 Africa
1519 978 1590 998 anno
1607 979 1673 1007 qua-

879 1008 1087 1045 dringentesimo
1099 1011 1203 1040 decimo
1216 1013 1328 1048 septimo
1342 1015 1368 1042 in
1383 1015 1454 1043 bello
1472 1018 1590 1051 gerendo
1603 1026 1670 1046 cou-

880 1060 919 1082 tra
933 1055 1063 1085 Barbaros
1074 1063 1242 1092 occupatum,
1254 1058 1287 1086 de
1299 1059 1452 1088 abdicandis
1462 1063 1585 1090 omnibus
1599 1065 1672 1100 cogi-

880 1106 964 1135 tasse;
979 1106 1007 1129 at
1020 1103 1042 1130 ei
1061 1104 1225 1138 persuasisse
1242 1105 1416 1140 Augustinum
1428 1112 1508 1142 atque
1527 1108 1650 1144 Alypium
1662 1132 1670 1143 ,

880 1153 910 1174 ut
928 1148 953 1175 in
969 1149 1075 1177 comitis
1087 1157 1196 1178 munere
1218 1157 1401 1185 perseverans,
1427 1151 1475 1180 Dei
1496 1157 1523 1180 et
1544 1154 1670 1182 Ecclesia:

880 1194 970 1229 rebus,
985 1195 1055 1230 quod
1065 1195 1184 1231 profecto
1198 1196 1321 1230 faciebat,
1335 1205 1442 1233 operam
1456 1191 1598 1234 praeberet,
1614 1208 1671 1228 ser.

880 1248 946 1268 vans
957 1240 1062 1269 interim
1075 1242 1239 1277 propositum
1251 1243 1355 1270 colendi
1367 1243 1511 1278 perfectam
1528 1246 1669 1274 continen-

880 1286 956 1319 tiam,
971 1295 1004 1315 ac
1015 1287 1081 1315 nihil
1095 1288 1129 1315 de
1143 1288 1256 1317 fortuna:
1270 1290 1417 1319 commodis
1433 1296 1479 1318 aut
1492 1292 1566 1320 vanis
1585 1291 1672 1321 hono-

880 1332 1089 1368 ribusaugendis
1103 1335 1232 1363 sollicitus
1243 1334 1336 1372 (Epist.
1346 1336 1489 1373 220,n.5).
1499 1337 1523 1365 ls
1536 1337 1672 1367 Castinum

881 1378 908 1405 in
923 1378 1062 1414 Hispanias
1072 1387 1141 1408 anno
1154 1380 1282 1416 vigesimo
1295 1382 1413 1410 secundo
1423 1387 1483 1418 post
1493 1384 1673 1421 quadringen-

882 1423 1004 1451 tesimum
1018 1429 1133 1459 secutus,
1147 1425 1246 1454 ibidem
1261 1434 1322 1454 cum
1336 1427 1382 1455 illo
1394 1427 1521 1456 adversus
1540 1429 1674 1460 Vandalos

882 1468 1041 1504 depugnavit
1055 1469 1195 1506 (Prosper,
1208 1471 1233 1498 in
1248 1471 1398 1509 Chronico);
1414 1480 1463 1500 nec
1477 1473 1596 1507 dubium,
1606 1476 1671 1510 quin

881 1514 1005 1542 militaris
1024 1515 1082 1549 ejus
1102 1515 1194 1550 peritia
1215 1515 1348 1544 funestum
1367 1517 1477 1552 hujusce
1495 1519 1557 1547 belli
1571 1521 1673 1548 exitum

883 1561 1031 1594 avertisset,
1047 1562 1097 1589 nisi
1113 1569 1241 1597 arrogans
1263 1562 1398 1598 ingenium
1417 1563 1517 1592 Castini
1531 1567 1672 1601 reveritus,

883 1606 910 1633 in
922 1611 1026 1641 portum
1040 1607 1128 1640 Urbis,
1144 1615 1175 1635 ac
1192 1608 1254 1636 inde
1273 1608 1299 1635 in
1313 1608 1430 1637 Africam
1444 1617 1505 1638 sese
1517 1612 1674 1647 recepisset.

883 1651 999 1687 Prosper
1007 1656 1080 1680 certe
1098 1652 1244 1681 discessum
1264 1654 1338 1681 illum
1358 1654 1471 1690 Imperio
1484 1655 1567 1684 fuisse
1580 1658 1676 1685 multa-

883 1705 942 1725 rum
957 1698 1136 1726 calamitatum
1151 1704 1178 1726 et
1192 1698 1321 1727 malorum
1338 1699 1555 1735 subsequentium
1571 1702 1676 1731 initium

884 1743 974 1771 tradit.
988 1744 1044 1772 Hoc
1055 1748 1144 1772 tamen
1166 1752 1219 1772 non
1241 1745 1277 1772 ita
1297 1746 1386 1773 statim
1400 1747 1542 1782 apparuit:
1555 1756 1571 1775 e
1583 1753 1677 1777 contra

884 1797 945 1818 cum
959 1791 1072 1819 Placidia
1091 1799 1161 1819 anno
1173 1792 1435 1828 quadringentesimo
1451 1794 1580 1830 vigesimo
1600 1796 1679 1824 tertio

885 1837 993 1865 ineunte
1002 1838 1258 1873 Constantinopolim
1272 1837 1412 1874 perfugere
1426 1843 1497 1866 esset
1509 1844 1615 1874 coacta;
1628 1842 1679 1869 Bo-

886 1883 1005 1916 nifacius,
1021 1883 1091 1919 quod
1106 1884 1130 1911 ei
1146 1884 1219 1912 solus
1232 1883 1311 1911 ﬁdem
1326 1885 1484 1918 servaverit,
1499 1893 1530 1913 ac
1551 1894 1677 1915 necessa-

886 1930 952 1957 riam
964 1930 1013 1965 ipsi
1028 1929 1165 1964 pecuniam
1184 1937 1215 1957 ex
1232 1929 1319 1958 Africa
1340 1930 1527 1965 transmiserit,
1541 1931 1576 1959 ab
1594 1932 1678 1960 histo-

886 1976 949 2003 ricis
961 1975 1171 2003 commendatur.
1188 1974 1260 2003 Idem
1280 1982 1386 2010 quoque
1404 1975 1530 2003 defuncto
1545 1976 1673 2010 Honorio,

887 2021 957 2056 quod
971 2021 1077 2056 quidem
1099 2020 1203 2048 decimo
1225 2024 1319 2048 octavo
1339 2019 1467 2048 kalendas
1488 2022 1591 2056 augusti
1613 2023 1677 2051 anni

888 2067 966 2102 hujus
978 2067 1097 2102 contigit,
1112 2066 1182 2093 illam
1203 2067 1230 2094 in
1246 2066 1429 2101 recuperando
1444 2066 1607 2095 Occidentali
1622 2068 1677 2096 lm-

888 2114 972 2150 perio,
986 2113 1056 2149 quod
1068 2113 1182 2141 Joannes
1202 2118 1386 2149 occupaverat,
1400 2113 1468 2149 juvit
1481 2112 1584 2150 (Μήτι).
1599 2114 1679 2143 Post-

888 2167 965 2196 quam
990 2159 1033 2187 hic
1056 2167 1126 2187 anno
1150 2160 1411 2195 quadringentesimo
1433 2160 1561 2195 vigesimo
1583 2161 1676 2196 quinto

888 2206 973 2233 victus
986 2209 1147 2241 necatusque
1159 2210 1241 2238 esset,
1255 2213 1287 2233 ac
1294 2205 1491 2233 Valentinianus
1503 2205 1596 2233 Roma:
1608 2214 1680 2233 nono

889 2252 1015 2280 kalendas
1025 2252 1142 2280 oetobris
1156 2252 1275 2288 ejusdem
1294 2252 1357 2279 anni
1371 2253 1507 2288 Augustus
1520 2252 1569 2280 sub
1586 2253 1679 2280 matris

889 2299 971 2326 tutela
991 2299 1157 2332 declaratus;
1179 2298 1343 2326 Bonifacium
1365 2306 1397 2326 ex
1419 2298 1508 2326 Africa
1530 2298 1557 2327 in
1580 2299 1679 2328 Urbem

889 2346 1008 2373 evocavit
1027 2345 1157 2378 Placidia;
1178 2352 1258 2380 quem
1273 2349 1300 2373 et
1318 2344 1395 2373 novis
1412 2344 1583 2381 dignitatibus
1607 2347 1681 2374 auxit

892 2390 987 2428 (Epist.
1002 2391 1065 2424 220,
1085 2400 1111 2418 η.
1133 2390 1184 2427 4).
1207 2390 1272 2426 Ejus
1293 2391 1398 2418 ruinam
1417 2390 1451 2418 ad
1471 2395 1574 2419 tantum
1598 2392 1680 2420 istum

890 2437 1020 2465 honorum
1042 2437 1176 2465 cumulum
1191 2437 1309 2472 plerique
1321 2444 1415 2465 omnes
1429 2437 1562 2471 retulere;
1583 2439 1682 2474 quippe

889 2490 942 2518 quo
955 2482 982 2509 in
1006 2482 1080 2509 illum
1101 2481 1181 2515 Aetii,
1197 2482 1241 2518 qui
1260 2482 1316 2517 jam
1332 2487 1394 2510 tunc
1412 2482 1438 2509 in
1463 2482 1521 2509 aula
1537 2483 1681 2518 plurimum

889 2528 977 2556 valere
991 2532 1119 2564 cceperat,
1133 2529 1263 2556 concitata
1276 2532 1348 2556 esset
1360 2528 1513 2556 invidentia.
1523 2529 1682 2565 Quanquam

891 2579 1043 2603 sanctorum
1051 2574 1167 2603 virorum
1177 2574 1287 2609 judicio,
1299 2581 1377 2602 causa
1387 2574 1508 2610 ejusdem
1521 2582 1600 2603 casus
1611 2583 1682 2611 praes

890 2621 968 2657 cipua
978 2621 1036 2655 fuit,
1052 2621 1122 2657 quod
1132 2620 1270 2657 cupiditati
1282 2621 1434 2655 obsecutus,
1446 2629 1524 2657 quam
1538 2622 1627 2650 colere
1639 2622 1681 2650 in-

890 2669 1023 2702 stituerat,
1035 2668 1224 2696 continentiam
1235 2668 1399 2696 deseruisset
1409 2667 1501 2704 (lbid.,
1513 2676 1539 2695 η.
1549 2668 1589 2703 5),
1598 2673 1679 2703 atque
1702 2701 1705 2707 _

891 2714 987 2742 iterum
1000 2721 1110 2743 uxorem
1126 2714 1259 2749 Pelagium
1276 2714 1416 2750 quamdam
1427 2713 1590 2748 prmdivitem
1600 2713 1679 2741 femi-
1699 2714 1706 2741 ἓ

891 2769 952 2790 nam
962 2761 1082 2790 duxisset
1091 2761 1200 2789 domum
1215 2760 1406 2797 (Marcellinus,
1415 2760 1442 2788 in
1453 2760 1575 2787 Chronico
1583 2759 1604 2794 ).
1616 2759 1681 2788 Haec
1704 2758 1711 2789 .’

891 2807 1016 2835 Ariancm
1032 2807 1154 2835 hteresim
1166 2806 1353 2842 proﬁtebatur;
1367 2805 1414 2834 sed
1437 2812 1495 2833 eam
1515 2805 1559 2832 ille
1582 2804 1682 2833 ducere
1701 2796 1707 2833 l

892 2853 984 2886 noluit,
999 2853 1052 2881 nisi
1062 2853 1134 2889 prius
1143 2853 1239 2881 factam
1251 2852 1415 2880 Catholicam
1428 2859 1434 2877 :
1448 2849 1518 2885 quod
1537 2853 1681 2884 utcumque
1706 2852 1710 2857 ‘

891 2900 1048 2936 Augustino,
1064 2907 1142 2936 quem
1154 2906 1273 2927 summus
1285 2898 1361 2926 dolor
1372 2900 1481 2931 ceperat
1490 2896 1525 2923 ob
1545 2903 1682 2931 nunquam

890 2946 943 2975 sibi
956 2950 1137 2982 exspectatum
1159 2945 1252 2973 harum
1267 2944 1418 2979 nuptiarum
1433 2942 1568 2976 nuntium,
1587 2941 1682 2972 solatio

1343 2987 1543 3029 {Dim-ltuit.)
