3838 6258
1579 319 1739 376 VITA
1777 318 1832 375 S.
1877 312 2081 372 AUGU!

2188 313 2240 370 Nl
2278 302 2597 375 EPISCOPI.
3158 355 3168 361 .
3623 320 3708 397 ω

2180 430 2453 499 Mavortio,
2484 431 2738 489 Galbione
2779 448 2843 497 ac
2881 433 3106 502 Sinoce;
3133 432 3224 507 qui
3265 448 3384 491 cum
3418 437 3701 501 Bonifacium

2182 523 2488 580 obsiderent
2519 524 2769 597 (quonam
2795 525 2845 583 in
2873 525 2989 591 loco
3019 541 3123 587 non
3147 526 3501 609 exprimitur),
3524 529 3702 595 lavor-

2178 615 2280 669 tius
2306 625 2358 669 et
2381 614 2567 671 Galbio
2611 632 2705 695 per
2742 616 3069 674 obsidionem
3110 617 3373 681 interfecti
3401 628 3522 679 sunt

2180 708 2322 762 tione
2346 707 2582 775 Sinocis;
2606 724 2762 785 quem
2791 709 2958 789 ipsum
2986 719 3169 783 postea
3200 710 3499 777 Bonifacius
3535 714 3704 781 detecta

2177 799 2409 869 ejusdem
2441 800 2659 877 perﬁdia
2685 800 2952 868 interemit
2982 800 3247 881 (Prosper,
3269 804 3321 861 in
3339 801 3618 883 Chronica),

2247 892 2300 947 '5.
2342 891 2630 965 Bonifacio,
2650 892 2773 957 dum
2797 903 3096 959 versaretur
3116 895 3169 959 in
3196 895 3465 975 periculis,
3493 900 3709 965 uouisti-

2176 984 2281 1053 psit
2306 984 2648 1061 Augustinus,
2678 986 2876 1051 veritus
2902 987 3122 1063 soilicet,
3153 1004 3222 1053 ne
3247 989 3331 1055 vel
3355 990 3580 1069 perlator
3601 992 3710 1057 litte

2175 1094 2355 1143 rarum
2395 1078 2448 1143 in
2473 1078 2760 1146 discrimen
2790 1079 3013 1148 veniret.
3036 1081 3120 1143 vel
3155 1080 3283 1161 ipsa:
3307 1081 3517 1153 litteris,
3556 1084 3709 1156 quibus

2176 1169 2398 1234 Comitis
2422 1169 2639 1237 consilia
2671 1170 3011 1246 improbaret,
3052 1172 3106 1238 in
3140 1172 3382 1251 ejusdem
3426 1173 3711 1244 adversario,

2177 1279 2292 1325 rum
2327 1278 2515 1329 manus
2556 1263 2850 1329 inciderem
2891 1263 3080 1337 (Epist.
3112 1265 3237 1333 220.
3275 1283 3328 1329 ην
3359 1263 3454 1341 2).
3493 1265 3588 1331 Sed
3612 1282 3711 1333 CIIII

2177 1364 2360 1425 postea
2416 1355 2576 1417 fidum
2614 1356 2883 1423 hominem
2912 1366 2967 1421 et
2994 1357 3498 1433 ipsimeIBonifacio
3529 1359 3708 1423 charum

2179 1454 2364 1511 nactus
2392 1456 2553 1525 esset,
2583 1447 2801 1512 Paulum
2823 1447 3068 1517 videlicet
3094 1447 3399 1515 diaconum.
3430 1464 3523 1513 sua
3553 1449 3707 1515 rdier-

2178 1552 2269 1603 sus
2295 1538 2443 1607 illum
2475 1539 2706 1607 charitas
2735 1540 2945 1607 beatum
2985 1540 3193 1608 induxit
3220 1540 3540 1609 Pnesnlew.
3565 1549 3615 1603 ut
3635 1543 3712 1621 ipsi

2178 1643 2274 1698 pro
2300 1644 2393 1693 sua
2423 1629 2474 1695 in
2510 1628 2723 1695 Christo
2760 1639 2961 1697 interna
2999 1632 3168 1697 salute
3216 1631 3414 1711 aliquid
3456 1631 3710 1711 loqueretur

2184 1718 2391 1797 (Ῐθίάιυ
2447 1738 2500 1775 ηρ
2549 1719 2639 1799 i).
2682 1721 2739 1785 In
2788 1720 2996 1789 damnis
3052 1738 3168 1793 qua:
3220 1737 3285 1787 es
3339 1722 3482 1787 bello
3522 1722 3713 1797 patieba-

2180 1819 2265 1867 tur
2290 1811 2485 1886 Africa,
2532 1812 2598 1875 ad
2645 1813 2951 1893 superiores
2992 1828 3179 1879 causas
3224 1814 3403 1893 potius
3456 1813 3714 1873 attendebat

2179 1901 2526 1977 Augustinus,
2553 1910 2611 1965 ut
2633 1905 2723 1972 qui
2750 1903 2960 1971 nescius
2988 1919 3093 1968 non
3114 1911 3260 1967 esset
3291 1903 3491 1971 debere
3517 1903 3714 1967 homines

2180 1994 2432 2066 quidquid
2480 1995 2603 2061 mali
2650 1996 2896 2065 tolerant,
2943 1996 3053 2057 suis
3090 1999 3322 2073 peccatis
3363 1995 3717 2068 imputarent

2181 2100 2307 2153 vero
2332 2102 2452 2153 cum
2482 2088 2718 2157 impense
2738 2086 2998 2155 Comitem
3022 2088 3285 2167 diligeret,
3315 2089 3531 2165 optabat
3555 2104 3614 2153 es
3646 2103 3714 2145 eo-

2181 2195 2299 2243 rum
2326 2196 2548 2246 numero
2570 2181 2713 2247 illum
2744 2196 2848 2247 non
2875 2196 3017 2251 esse.
3045 2197 3143 2253 per
3167 2196 3301 2259 quos
3328 2182 3470 2245 Deus
3496 2190 3716 2252 Iampon-

2182 2272 2305 2337 liter
2352 2272 2666 2353 populorum
2703 2274 2923 2339 crimina
2959 2274 3251 2340 ulciscitur,
3282 2282 3335 2329 et
3364 2288 3503 2346 quos
3528 2280 3717 2344 postmo-

2182 2362 2308 2427 dum
2331 2365 2543 2427 aeternis
2568 2366 2836 2447 suppliciis
2855 2366 3003 2447 punit
3027 2364 3211 2447 (Ibid.,
3232 2383 3285 2427 η,
3307 2366 3387 2437 8).
3412 2364 3719 2435 Principioilli

2184 2457 2236 2512 in
2265 2459 2574 2525 memoriam
2600 2467 2812 2523 revocat
2838 2458 3112 2539 pristinam
3144 2458 3417 2539 pietatem.
3443 2455 3720 2517 desiderium

2184 2550 2362 2615 omnia
2388 2549 2740 2620 relinquendi,
2763 2558 2817 2613 et
2843 2548 3187 2615 continentiae
3209 2547 3492 2613 servantia:
3519 2548 3717 2623 Ρωυοέο

2185 2648 2317 2695 tum.
2351 2640 2550 2695 Deinde
2588 2641 2657 2696 ob
2703 2640 2889 2707 oculos
2934 2639 3104 2705 eidem
3157 2654 3370 2705 summa
3408 2653 3531 2695 cum
3568 2637 3719 2699 allecti

2186 2732 2458 2799 citaritatis
2486 2733 2651 2811 ponit,
2687 2747 2842 2817 quam
2876 2731 3160 2803 lugendum
3196 2731 3249 2791 in
3280 2738 3477 2795 statum
3508 2729 3719 2789 adductus

2187 2834 2347 2892 esset.
2377 2839 2496 2889 cum
2517 2824 2748 2887 secundo
2772 2840 2869 2887 suo
2897 2824 3251 2895 matrimonia
3286 2831 3401 2887 tum
3425 2822 3581 2891 bello.
3604 2820 3716 2895 quod

2187 2925 2487 2986 susceptum
2510 2917 2575 2971 ab
2595 2931 2659 2972 eo
2684 2914 2909 2983 fuisset;
2945 2930 3061 2986 quia
3086 2914 3289 2981 scelera
3310 2915 3397 2977 vel
3436 2914 3545 2991 ipse
3572 2928 3651 2985 per
3676 2926 3721 2967 se

2187 3007 2565 3073 committeret,
2589 3007 2669 3069 vel
2712 3021 2806 3067 sua
2841 3021 2998 3071 causa
3036 3006 3103 3063 ab
3158 3005 3280 3071 aliis
3314 3004 3566 3071 committi
3591 3017 3720 3083 opor-

2190 3106 2341 3153 teret.
2384 3098 2533 3169 Quod
2556 3098 2623 3163 ad
2653 3096 2905 3176 rationes,
2932 3096 3121 3179 quibus
3155 3111 3274 3163 sese
3305 3096 3514 3175 purgari
3550 3093 3718 3157 Bonifa-

2189 3189 2303 3245 cius
2328 3189 2683 3261 existimabat,
2716 3204 2869 3253 suum
2913 3203 3018 3255 non
3057 3202 3175 3253 esse
3201 3186 3270 3243 de
3299 3187 3404 3253 illis
3428 3184 3722 3261 pronuntiare

2191 3287 2445 3355 testatur;
2475 3279 2684 3352 quando
2709 3288 2983 3353 utramque
3009 3286 3209 3353 partem
3238 3291 3343 3341 non
3371 3276 3597 3337 audierat
3620 3271 3721 3333 :seti

2191 3370 2256 3433 ad
2279 3370 2604 3435 Bonifacium
2637 3370 2929 3453 pertinere,
2962 3378 3020 3435 ut
3064 3368 3107 3424 si
3155 3384 3261 3423 non
3312 3367 3451 3449 apud
3493 3367 3717 3429 homines.

2192 3474 2339 3519 certe
2363 3462 2501 3537 apud
2528 3461 2796 3518 Christum
2826 3463 3019 3539 ipsum,
3045 3459 3196 3543 cujus
3234 3475 3292 3519 se
3321 3459 3527 3514 ﬁdelem
3552 3470 3723 3513 semul

491 470 596 533 fuit
618 462 826 539 (Epist.
851 456 975 521 2‘20,
994 470 1047 507 η.
1070 449 1161 523 ι).
1191 447 1357 503 Porro
1397 438 1641 519 coniugio
1661 435 1788 539 huic
1818 431 1951 539 illud
1973 430 2065 487 de.

490 527 1029 618 decoris'accedebat,
1052 541 1213 616 quod.
1239 536 1447 601 tametsi
1473 548 1607 589 uxor
1626 531 1742 601 ejus
1761 527 2074 584 catholicam

490 653 647 709 ﬁdem
669 644 912 725 amplexa
933 639 1219 707 diceretur,
1235 641 1413 687 tamen
1436 627 1488 682 in
1505 624 1670 697 ipsius
1689 621 1847 677 domo
1869 626 2072 725 tantam

492 743 592 811 sibi
640 709 1006 801 auctoritatem
1054 728 1431 807 arrogaverunt
1470 715 1689 783 Ariani,
1736 721 1793 768 ut
1836 709 2071 787 ejusdem

494 804 679 909 ﬁliam,
707 848 769 897 ex
798 830 901 893 hoc
928 824 1064 888 forte
1097 804 1436 879 matrimonio
1473 819 1671 873 natam,
1718 804 2068 908 baptizarent.

490 897 676 995 Unam,
703 921 938 1007 quidem,
980 923 1035 971 ut
1079 910 1321 983 superius
1371 906 1728 967 observatum,
1758 915 1855 1007 next
1895 897 2074 999 priore

495 987 737 1089 conjuge,
767 1012 977 1073 tulerat,
1017 1018 1172 1079 quam
1212 997 1396 1070 nuptui
1426 993 1717 1059 tradiderat
1758 987 2072 1049 Sebastiano

495 1080 719 1166 comiti:
744 1115 928 1169 verum
952 1112 1070 1162 cum
1107 1093 1198 1157 ille
1233 1103 1414 1145 comes
1454 1085 1573 1167 ﬁdei
1617 1080 1891 1147 catholica:
1931 1082 2073 1133 esset

494 1201 754 1269 addictus,
771 1206 989 1261 uxorem
1021 1202 1140 1242 eum
1158 1182 1375 1239 duxisse
1400 1178 1669 1249 Arianam,
1692 1171 1943 1231 credibile
1965 1184 2072 1224 non

491 1262 718 1362 videtur.
741 1262 879 1367 Quin
909 1285 1067 1345 etiam
1095 1278 1313 1343 ancillas
1334 1276 1444 1330 Deo
1472 1273 1670 1335 dicatas
1696 1267 1772 1367 de.
1790 1264 1950 1367 domo
1970 1262 2075 1317 Bo-

495 1357 684 1453 niiaciiv
734 1357 970 1445 ferebant
1017 1375 1083 1441 ab
1129 1369 1331 1439 eisdem
1375 1363 1640 1421 haereticis
1698 1357 2067 1453 rebaptizatas.

495 1448 648 1535 illum
670 1488 879 1547 quoque
902 1483 1065 1524 uxore
1091 1463 1317 1533 legitima
1346 1472 1452 1513 non
1487 1459 1792 1517 contentum
1814 1492 1829 1523 ,
1856 1448 2073 1523 pelliccs

499 1571 659 1639 etiam
683 1539 827 1634 domi
848 1562 992 1625 alere
1017 1555 1247 1639 iactabat
1286 1565 1486 1617 rumor.
1516 1548 1584 1602 At
1622 1559 1779 1612 vero,
1812 1542 1853 1607 si
1884 1539 2072 1639 conju-

666 1630 770 1721 boc
795 1630 1055 1708 Scelerum
1085 1644 1347 1715 scaturigo
1372 1639 1590 1717 exstitit,
1617 1634 1741 1691 illud
1766 1633 1923 1697 etiam
1947 1630 2075 1695 insi-

499 1721 681 1825 ;nium
727 1744 1082 1807 calamitatum
1129 1740 1405 1803 innumera
1451 1737 1733 1793 consecuta
1778 1733 1859 1789 est
1892 1721 2074 1825 multi-

499 1812 659 1897 iudo:
691 1837 883 1910 quibus
901 1828 1284 1895 calamitatibus
1305 1837 1517 1878 causam
1536 1821 1757 1893 ipsemet
1777 1812 2075 1877 Bonifacius

498 1931 693 2003 partim
710 1912 1008 2005 praebuisse
1033 1921 1224 1977 dicitur
1246 1915 1428 1990 (Ibid.,
1457 1931 1509 1966 η.
1524 1910 1616 2005 75).

571 2022 626 2076 2.
658 1998 927 2079 memoria:
955 2012 1128 2085 prodit
1152 2011 1401 2085 ProsPer,
1435 2004 1632 2058 bellum
1662 2000 1710 2055 ei
1740 1998 1949 2079 publico
1973 2012 2074 2061 no-

500 2112 644 2170 mine
681 2108 935 2167 indictum
976 2102 1158 2167 fuisse,
1190 2097 1328 2171 quod
1356 2094 1528 2150 redire
1566 2092 1619 2146 in
1663 2090 1859 2147 italiam
1895 2089 2077 2165 jussus

498 2220 605 2263 non
650 2202 915 2287 paruisset
958 2194 1221 2279 (Prosper,
1250 2192 1301 2243 in
1327 2182 1783 2285 Chronico).'Rem
1815 2180 1971 2287 paplq
1996 2179 2075 2237 la-

499 2297 604 2351 tius
631 2270 809 2349 narrat
828 2270 1138 2363 Procopius.
1168 2280 1321 2357 Atqui
1349 2294 1411 2333 ex
1434 2274 1725 2349 Augustino
1750 2270 2075 2339 intelligitur,

502 2387 835 2447 Bonifacium
863 2381 992 2439 belli
1021 2391 1235 2439 causam
1279 2372 1491 2429 solitum
1522 2368 1743 2445 rejicere
1772 2365 1823 2419 in
1855 2379 1967 2431 eos,
1990 2362 2079 2435 qui

500 2481 580 2537 illi
607 2478 805 2559 Optime
834 2474 901 2528 de
920 2469 1190 2547 republica
1211 2464 1400 2520 merito
1423 2453 1615 2525 malam
1635 2458 1855 2528 gratiam
1882 2461 1935 2509 et
1954 2466 2083 2559 cpn-

500 2544 664 2628 traria
686 2544 1048 2629 reddidissent
1090 2556 1289 2643 (Epist.
1323 2552 1445 2618 220,
1477 2569 1528 2614 n.
1552 2550 1647 2643 8),;
1686 2558 1842 2643 atque
1885 2546 1936 2643 in
1981 2544 2081 2599 hoc

506 2664 688 2731 etiam,
715 2656 856 2735 quod
884 2654 1021 2708 bona
1038 2636 1215 2704 srcculi
1244 2645 1418 2719 hujus,
1436 2658 1553 2717 qua:
1583 2640 1828 2695 nimirum
1854 2636 1936 2690 vel
1960 2649 2083 2705 spe-

505 2727 680 2817 rabat,
713 2727 796 2807 vel
822 2741 1147 2825 possidebat,
1190 2738 1287 2793 sibi
1324 2742 1509 2817 negata
1553 2738 1646 2795 aut
1688 2730 1804 2783 aliis
1842 2727 2081 2797 delegata

505 2843 716 2899 doleret
748 2818 931 2921 (Ibid.,
954 2851 1005 2887 n.
1038 2831 1114 2910 5).
1144 2828 1302 2884 Venit
1326 2826 1619 2905 Hipponem
1640 2837 1704 2887 eo
1723 2829 1962 2921 tempore
1982 2818 2084 2921 Bp-

506 2933 736 2991 nifacius
755 2910 766 2989 ξ
787 2936 840 2985 at
866 2935 1109 2991 sanctum
1136 2920 1434 2979 Antistitcm
1451 2930 1562 2987 pra:
1583 2911 1821 2985 corporis
1842 2910 2081 2969 imbecil-

508 3027 657 3081 litate
684 3021 769 3077 vix
791 3021 1096 3090 loquentem
1125 3012 1321 3093 reperit
1353 3029 1363 3063 :
1388 3018 1544 3089 atque
1575 3007 1666 3071 ita,
1698 3020 1815 3077 qum
1836 3002 1901 3057 ad
1920 3001 2084 3083 ipsius

506 3118 737 3183 salutem
780 3111 1081 3168 necessaria
1109 3114 1276 3169 erant,
1314 3103 1498 3161 audire
1538 3102 1605 3156 ab
1634 3100 1725 3155 illo
1753 3112 2082 3179 nequaquam

506 3208 682 3280 poiuit
717 3204 901 3279 (Ibid.,
930 3220 982 3259 η.
1008 3201 1086 3283 2).
1111 3198 1337 3264 Bellum,
1360 3194 1501 3266 quod
1529 3193 1618 3261 ille
1643 3193 1897 3259 adversus
1924 3189 2087 3269 impe-

508 3302 647 3357 rium
674 3296 941 3365 sustinuit,
963 3308 1097 3348 nova
1124 3293 1275 3360 culpa
1304 3291 1416 3355 fuit,
1451 3296 1502 3343 et
1528 3287 1747 3349 aliarum
1776 3299 1909 3365 pene
1934 3282 2088 3336 innu-

509 3405 780 3448 merarum
816 3385 936 3443 fons
974 3393 1131 3467 atque
1174 3382 1340 3463 origo.
1395 3380 1520 3445 Quis
1571 3395 1670 3431 non
1728 3376 1909 3441 videat,
1954 3373 2087 3445 quod

510 3483 659 3545 multi
688 3480 913 3536 homines
949 3466 1353 3535 tibi’coha'reant
1382 3471 1449 3529 ad
1480 3466 1715 3525 tuendam
1742 3479 1877 3526 tuam
1916 3476 2090 3540 poten-

513 3575 638 3635 tiam
657 3572 734 3627 vel
763 3570 993 3643 salutem,
1022 3568 1108 3637 qui
1140 3565 1331 3629 etiamsi
1353 3565 1439 3621 tibi
1463 3563 1637 3618 omnes
1656 3558 1827 3637 ﬁdelis
1847 3560 1965 3628 sint,
1998 3574 2088 3631 nec

516 3666 579 3722 ab
607 3665 777 3737 aliquo
805 3678 975 3718 eorum
1011 3660 1130 3728 ulla:
1170 3660 1434 3717 timeantur
1458 3655 1674 3720 insidite,
1716 3669 1891 3723 nempe
1924 3660 2098 3725 tamen,

520 3765 588 3819 ad
618 3780 676 3827 ea
698 3762 829 3825 bona
850 3774 962 3831 aut?
984 3755 1082 3840 ipsi
1116 3770 1309 3833 quoque
1337 3768 1435 3815 non
1475 3750 1746 3804 secundum
1785 3746 1969 3813 Deum,
2002 3744 2099 3801 sed

512 3856 787 3919 secundum
814 3850 1053 3919 saeculum
1091 3848 1329 3927 diligunt,
1351 3861 1438 3917 per
1482 3853 1528 3908 te
1564 3844 1771 3917 cupiunt
1797 3841 2088 3913 pervenire;

512 3964 574 4013 ac
599 3963 688 4021 per
716 3946 811 4009 Itoc
828 3943 914 4021 qui
940 3941 1194 4012 refrenare
1232 3946 1277 3992 et
1317 3951 1626 4008 compescere
1662 3932 1871 3987 debuisti
1895 3930 2090 4000 cupidi—

512 4018 639 4099 tates
666 4043 799 4103 tuas,
832 4018 1033 4111 explere
1053 4029 1244 4115 cogeris
1270 4026 1495 4082 alienas?
1513 4025 1659 4101 Quod
1687 4034 1739 4078 ut
1759 4025 1872 4097 ﬁat,
1896 4037 2090 4087 necesse

515 4137 587 4189 est
606 4126 765 4192 multa
789 4139 902 4209 qut?
931 4121 1038 4189 Deo
1064 4121 1348 4201 displicent,
1380 4123 1525 4195 ﬁant.
1575 4115 1683 4169 Nec
1705 4118 1774 4171 sic
1803 4126 1969 4168 tanten
1998 4130 2087 4168 ea:-

514 4222 719 4294 plentur
753 4207 878 4273 tales
913 4214 1239 4288 cupiditates;
1267 4229 1383 4266 nam
1403 4211 1603 4287 facilius
1630 4218 1914 4263 resecantur
1942 4208 1994 4261 in
2020 4207 2090 4262 eis

512 4314 600 4393 qui
627 4310 792 4379 Deum
815 4309 1048 4391 diligunt,
1079 4323 1229 4387 quam
1262 4305 1313 4363 in
1347 4304 1416 4357 eis
1438 4304 1523 4375 qui
1564 4302 1804 4359 mundum
1849 4300 2086 4381 diligunt,

515 4392 789 4483 aliquando
812 4399 1082 4455 satiantur.
1118 4395 1269 4450 Vides
1303 4403 1405 4447 tam
1434 4392 1593 4450 multa
1629 4392 1860 4461 contrita,
1894 4401 1945 4447 ut
1978 4392 2091 4469 jam

513 4479 612 4550 uile
639 4492 850 4564 aliquid,
880 4489 1014 4569 quod
1032 4488 1280 4565 rapiatur,
1297 4486 1381 4540 vix
1405 4484 1685 4543 inveniatur
1714 4481 1902 4560 (Ibid.,
1927 4500 1977 4536 η.
1994 4479 2086 4555 6).

518 4586 600 4649 Ad
630 4586 763 4661 haec,
792 4598 911 4645 cum
941 4580 1237 4645 Bonifacius
1272 4578 1324 4632 in
1363 4577 1526 4632 armis
1563 4591 1628 4631 eo
1659 4576 1831 4635 solum
1874 4588 2088 4629 reman-

518 4678 699 4742 sisset,
754 4683 811 4731 ut
853 4672 1483 4755 provinciam'tutaretur
1522 4670 1589 4725 ab
1633 4668 1775 4723 Afris
1826 4666 2085 4733 barbaris,

518 4786 654 4853 quos
678 4769 895 4825 omnino
923 4765 1275 4847 perdomitum
1301 4764 1384 4837 iri,
1414 4762 1589 4821 statim
1630 4769 1791 4841 atque
1823 4773 2089 4815 summum

516 4861 790 4943 cupiarum
822 4857 1101 4933 imperium
1143 4855 1473 4918 obtinuisset,
1506 4853 1802 4907 communis
1840 4859 1954 4911 erat
1991 4865 2086 4904 ex-

512 4950 808 5033 spectatio;
835 4956 1017 5005 contra
1037 4961 1164 5002 vero
1184 4944 1391 5000 tametsi
1416 4944 1516 5004 bac
1540 4944 1648 5023 jam
1680 4951 1940 5016 potestate
1968 4942 2086 5023 pol-

511 5042 685 5110 leret,
735 5051 1178 5117 numerosumque
1230 5035 1472 5095 ductarct
1521 5035 1840 5100 exercitum;
1914 5042 2089 5089 tamen

515 5132 679 5193 iidem
700 5130 773 5186 illi
792 5129 999 5185 barbari
1016 5128 1270 5183 altissime
1291 5130 1341 5181 in
1364 5127 1685 5203 provinciam
1702 5125 2084 5203 irrumpebant,

513 5224 695 5283 omnia
743 5222 1117 5289 devastabant,
1146 5219 1479 5297 expilabant,
1506 5219 1984 5297 depopulabantur;
2016 5218 2088 5285 ita

511 5330 575 5384 ut
602 5319 790 5384 multa,
826 5332 942 5397 qua:
982 5317 1132 5399 plena
1176 5314 1381 5396 populis
1414 5321 1597 5393 erant,
1628 5314 1742 5369 loca
1789 5314 1840 5367 in
1880 5313 2088 5370 deserta

515 5417 908 5488 converterent,
941 5424 1038 5473 nec
1058 5407 1338 5471 resistente
1362 5420 1648 5485 quoquam,
1671 5422 1768 5471 nec
1795 5405 2085 5485 Bonifacio,

517 5511 580 5558 ut
604 5508 998 5567 coercerentur,
1037 5496 1370 5569 providente,
1418 5495 1611 5576 quippe
1657 5510 1812 5577 quem
1861 5498 2087 5579 propria;

516 5608 627 5649 suae
683 5593 867 5655 salutis
920 5605 1045 5647 cura
1107 5587 1450 5649 vehementer
1509 5597 1816 5665 occUpatum
1864 5589 2089 5649 habebat

524 5683 708 5754 (Ibid.,
737 5702 791 5740 η.
825 5686 904 5763 7).
930 5682 1139 5739 Etenim
1165 5678 1353 5735 eodem
1385 5679 1533 5734 hoste
1562 5680 1769 5761 Imperii
1799 5684 2084 5765 declarato,

524 5774 722 5832 curavit
747 5773 891 5837 Felix
913 5775 963 5829 in
990 5772 1137 5831 illum
1161 5781 1219 5835 ut
1241 5770 1500 5827 exercitus
1531 5777 1841 5844 mitteretur,
1868 5777 2087 5839 ducibus

2192 3554 2557 3627 proﬁtebatur,
2579 3562 2635 3609 ct
2659 3552 2797 3627 apud
2836 3552 3215 3617 conscientiam
3257 3552 3542 3631 propriam,
3574 3550 3618 3603 iu
3641 3560 3720 3619 qua

2193 3662 2251 3703 se
2284 3649 2399 3704 solo
2436 3647 2707 3711 saecularis
2737 3645 2990 3709 vanitatis
3016 3658 3199 3698 amore
3226 3658 3292 3699 eo
3330 3641 3595 3698 devenisse
3627 3653 3721 3713 per-

2193 3748 2470 3811 specturus
2488 3746 2626 3813 erat,
2657 3735 3011 3795 innocentiam
3050 3748 3201 3793 suam
3227 3731 3477 3788 defendat
3504 3750 3517 3785 :
3548 3727 3719 3787 tandem

2194 3842 2251 3887 ut
2291 3833 2520 3887 maxime
2570 3844 2755 3893 verum
2795 3837 2953 3894 esset,
2998 3825 3264 3881 laboribus
3301 3825 3414 3880 suis
3438 3838 3538 3879 non
3576 3834 3721 3904 parem

2192 3924 2412 3995 gratiam
2445 3921 2754 3994 rependisse
2796 3919 3100 3997 Imperium,
3141 3916 3277 3977 haud
3306 3932 3427 3974 esse
3467 3914 3715 3981 christiani,

2193 4014 2486 4095 cuiusmodi
2516 4021 2660 4080 erat,
2688 4012 2824 4074 mala
2860 4011 2970 4071 sive
3015 4025 3109 4085 pro
3136 4008 3290 4069 bonis
3330 4009 3440 4065 sive
3480 4023 3570 4083 pro
3598 4004 3717 4061 malis

2193 4108 2417 4164 reddere
2443 4105 2625 4181 (Ibid.,
2648 4115 2694 4159 et
2718 4122 2768 4159 η.
2789 4102 2867 4183 5).
2888 4101 2982 4161 His
3009 4101 3174 4173 addit,
3203 4102 3248 4157 si
3276 4116 3337 4157 se
3360 4100 3600 4169 consulat,
3622 4095 3722 4175 quid

2194 4197 2521 4270 sequendum
2544 4198 2595 4251 in
2631 4204 2775 4251 tanta
2806 4193 3117 4257 necessitate
3141 4192 3411 4265 videatur;
3436 4207 3533 4248 non
3557 4188 3720 4251 halm

2195 4308 2253 4348 se
2284 4276 2414 4365 quid
2456 4290 2662 4348 consilii
2690 4304 2849 4371 super
2873 4288 3180 4359 dignitatum
3224 4296 3384 4367 atque
3409 4301 3551 4365 opum
3580 4283 3718 4359 ipsius

2194 4383 2591 4443 conservatione
2620 4389 2863 4453 suggerat
2887 4398 2898 4433 :
2929 4394 3107 4443 verum
3129 4380 3174 4434 si
3197 4380 3409 4455 animae,
3428 4384 3714 4451 quamcele-

2194 4478 2270 4534 ris
2293 4476 2540 4531 omnibus
2566 4476 2662 4549 ipsi
2683 4481 2891 4551 oportet
2913 4487 3030 4527 esse
3051 4470 3438 4553 pretiosiorem,
3462 4465 3712 4525 consultum

2195 4568 2337 4634 velit,
2364 4583 2484 4623 eum
2511 4582 2542 4621 a
2570 4581 2629 4621 se
2650 4565 2776 4620 illud
2799 4563 3018 4619 Joannis
3044 4562 3381 4618 auditurum:
3407 4581 3425 4614 ι
3447 4559 3595 4616 Nolite
3613 4555 3715 4611 dili-

2194 4676 2308 4732 gere
2335 4657 2577 4713 mundum
2606 4673 2695 4711 nec
2724 4672 2781 4711 ea
2801 4671 2913 4735 qua:
2940 4655 2991 4717 in
3014 4653 3202 4709 mundo
3232 4662 3347 4710 sunt
3374 4672 3394 4707 ι
3426 4649 3637 4739 (Ηοωι.
3658 4662 3712 4717 η,

2195 4751 2306 4827 15).
2336 4749 2468 4813 Ecce
2491 4748 2774 4817 consilium,
2796 4746 2966 4825 pergit
2994 4753 3208 4801 sanctus
3227 4745 3342 4813 Vir,
3358 4745 3531 4817 arripe,
3548 4751 3590 4807 et
3620 4753 3714 4811 age.

2196 4844 2298 4905 Hic
2327 4852 2565 4924 appareat
2593 4844 2635 4897 si
2662 4846 2736 4897 vir
2765 4841 2907 4921 {ortis
2947 4857 3016 4895 es.
3055 4838 3209 4894 Vince
3246 4832 3716 4917 cupiditates,

2193 4939 2285 4992 iste
2308 4936 2533 5015 diligitur
2551 4933 2765 4997 mundus
2778 4949 2796 4999 ;
2817 4949 2910 5011 age
2932 4930 3270 5009 paenitentiam
3294 4930 3356 4985 de
3377 4926 3612 5005 prateritt's
3626 4936 3716 4983 Μ-

2195 5033 2277 5100 lis,
2305 5030 2505 5105 quando
2530 5028 2591 5085 ab
2619 5028 2690 5091 eis
2712 5024 3066 5097 cupiditatibus
3090 5025 3249 5078 rictus
3277 5040 3364 5102 per
3391 5018 3614 5078 desideria
3630 5029 3712 5068 non

2193 5126 2324 5181 bona
2352 5122 2627 5187 trahebaris
2650 5118 2835 5199 (Epist.
2863 5116 2986 5194 220,
3003 5134 3055 5170 η.
3079 5115 3159 5189 9),
3201 5115 3455 5174 Eumdcm
3487 5113 3583 5184 jam
3606 5114 3712 5199 (ante

2194 5217 2601 5300 compellaverat
2632 5198 2684 5275 in
2710 5210 2824 5265 haec
2847 5208 3007 5276 verba
3034 5205 3221 5300 (Ibid.,
3248 5222 3299 5260 n.
3326 5205 3381 5300 5)
3407 5222 3421 5269 ς

2195 5326 2267 5381 es,
2290 5283 2377 5371 cur
2402 5306 2573 5382 habes,
2596 5303 2760 5367 Deum
2785 5302 2924 5357 times
2949 5314 2966 5353 :
2991 5283 3051 5352 tu
3085 5298 3193 5377 ipse
3208 5283 3473 5350 considera
3491 5305 3590 5373 quq
3618 5283 3710 5382 nolo

2194 5375 2376 5472 dicere,
2404 5411 2451 5458 et
2467 5375 2685 5455 invenies
2720 5395 2782 5450 de
2821 5394 3018 5477 quantis
3045 5375 3189 5455 malis
3226 5389 3402 5444 debeas
3426 5401 3560 5470 agerc
3582 5375 3710 5463 pall"

2196 5499 2433 5559 tentiam;
2483 5502 2685 5567 prapter
2726 5506 2878 5561 quam
2917 5486 3004 5541 tibi
3045 5484 3193 5549 credo
3222 5482 3486 5546 Donatium
3524 5485 3706 5567 parcat.

2196 5599 2241 5646 et
2260 5608 2291 5645 a
2313 5560 2546 5662 periculis
2566 5560 2793 5640 omnibus
2813 5581 3037 5647 liberare,
3062 5589 3114 5635 ut
3138 5592 3260 5657 agas
3277 5591 3385 5631 eam
3408 5575 3525 5662 sicut
3548 5560 3705 5662 agentia

2195 5654 2417 5749 est;'sed
2456 5678 2501 5739 si
2524 5677 2653 5733 illud
2679 5674 2856 5737 audias
2884 5672 3018 5751 quod
3041 5654 3279 5741 scriptum
3303 5675 3407 5743 est,
3438 5685 3457 5720 σ
3482 5661 3556 5728 Ne

2196 5748 2412 5833 conuerti
2450 5771 2517 5826 ad
2558 5769 2821 5829 Dominum
2845 5810 2857 5832 ,
2891 5748 3045 5836 neque
3082 5761 3284 5839 αἰπεῖα
3327 5761 3388 5821 de
3421 5757 3496 5813 die
3517 5755 3563 5810 in
3602 5748 3704 5805 dial
