3858 6408
158 397 246 462 5.57
1430 394 1632 457 LIBER
1668 393 2000 456 OCTAVUS.

154 511 316 583 (Ereti.
342 526 390 575 γ.
411 511 488 579 8).
517 508 802 576 Bonitacip,
830 517 884 570 ut
913 509 962 572 id
991 510 1241 580 temporis
1275 509 1388 581 eius
1415 526 1498 574 res
1527 510 1686 573 habe-

152 607 277 674 bant,
303 605 348 666 in
372 602 588 674 prcclivi
619 618 722 664 non
760 612 874 666 erat
901 600 1003 665 hoc
1038 603 1185 673 sequi
1219 604 1516 666 consilium.
1543 605 1685 672 Qua-

152 705 338 766 propter
359 693 480 756 illud
506 694 554 748 ei
576 693 928 762 commendat,
960 693 1124 752 Deum
1157 694 1316 752 etiam
1346 703 1501 766 atque
1527 696 1686 760 etiam

149 786 690 857 outcobsecmeque.
713 786 788 850 uti
816 802 874 842 se
913 787 1307 855 necessitatum.
1347 789 1541 859 quibus
1582 789 1687 848 im-

149 881 481 952 plieituserat,
526 879 753 944 vinculis
798 880 1090 950 expediret.
1126 879 1265 942 Tunc
1311 882 1462 948 enim,
1519 882 1688 952 inquit

149 971 451 1044 Augustinus,
476 971 721 1044 ﬁniuntur
739 971 850 1033 istc
873 973 1191 1036 necessitates
1209 1013 1224 1044 ,
1251 973 1452 1044 quando
1477 974 1684 1034 vincam

150 1075 213 1122 uir
232 1062 322 1120 illa:
347 1061 640 1134 cupiditates
669 1059 862 1133 (Epist.
891 1061 1016 1128 220,
1035 1078 1088 1122 η.
1115 1061 1226 1134 10).
1255 1062 1409 1132 Jungi
1434 1063 1542 1122 vult
1569 1079 1687 1134 pre-

148 1154 268 1216 cibus
291 1151 670 1222 eleemosynas,
687 1161 851 1230 atque
876 1152 1110 1222 insuper.
1143 1162 1398 1222 quantum
1427 1153 1571 1216 illius
1595 1169 1685 1210 va-

151 1245 293 1304 letudo
319 1245 562 1316 patietur,
584 1243 840 1315 jejunium
871 1243 1061 1316 (Ibid.,
1093 1262 1144 1298 η.
1180 1246 1288 1314 ll).
1321 1242 1376 1300 Si
1408 1245 1685 1316 coniugem

153 1339 220 1401 ille
242 1353 330 1400 Itan
356 1335 593 1404 haberet,
622 1345 727 1397 tum
757 1351 816 1394 se
845 1335 917 1392 illi
944 1335 1071 1394 dicit
1095 1345 1367 1400 auctorem
1410 1336 1551 1402 fore,
1582 1353 1684 1392 non

150 1431 274 1492 modo
295 1440 344 1490 ut
367 1430 745 1494 continentiam
768 1439 1021 1499 servaret,
1043 1446 1226 1495 verum
1257 1431 1414 1490 etiam
1445 1441 1501 1485 nt
1526 1430 1590 1492 ad
1614 1431 1690 1488 vi-

150 1521 296 1582 tamin
323 1521 572 1584 societate
593 1534 868 1584 servorum
891 1520 985 1583 Dei
1009 1520 1107 1589 piis
1139 1521 1388 1591 operibus
1411 1520 1689 1580 traducem-

150 1613 258 1676 darn,
287 1610 418 1690 quod
450 1612 598 1682 prius
625 1609 738 1666 ﬁeri
768 1611 1131 1682 prohibuerat,
1156 1626 1214 1668 se
1257 1611 1519 1682 reciperet
1551 1629 1562 1668 :
1594 1628 1687 1668 vc,

148 1719 236 1764 rum
263 1702 350 1758 sibi
373 1703 635 1772 integrum
665 1718 770 1764 non
793 1718 932 1768 esse,
965 1703 1109 1766 illum
1140 1703 1206 1760 ad
1237 1702 1339 1760 hoc
1377 1704 1494 1762 vita:
1521 1718 1689 1774 genus

148 1793 390 1860 adhortari,
420 1799 640 1862 propter
664 1793 944 1872 conjugem
975 1792 1240 1858 videlicet,
1263 1809 1382 1866 qua:
1412 1795 1689 1850 continen-

148 1887 217 1942 tiae
239 1886 295 1944 ab
320 1885 494 1942 eodem
524 1893 844 1960 nuncupata:
868 1887 1084 1950 minime
1107 1887 1340 1952 conscia,
1365 1888 1464 1957 ipsi
1496 1903 1690 1958 nupse-

152 1985 220 2034 rat
246 1994 256 2028 :
280 1986 331 2032 ut
353 1991 406 2038 ea
432 1975 744 2047 refragante
775 1985 955 2037 votum
989 1991 1140 2038 suum
1172 1993 1386 2043 servare
1413 1979 1686 2048 baudqua.

153 2081 281 2135 quam
304 2077 457 2142 posset
478 2066 726 2130 :felicem
749 2067 895 2130 illum
913 2067 1048 2134 fore,
1063 2069 1106 2130 si
1130 2084 1187 2131 se
1210 2069 1295 2122 illa
1326 2069 1392 2130 ad
1413 2070 1688 2134 colendam

148 2157 345 2221 eamdem
365 2157 610 2218 virtutem
643 2167 914 2229 pateretur
936 2158 1134 2225 induci,
1162 2168 1213 2216 ut
1240 2160 1338 2214 isto
1361 2167 1531 2229 pacto,
1547 2159 1689 2230 quod

146 2247 303 2308 seDeo
331 2247 517 2311 debere
543 2257 794 2315 noverat,
841 2249 1173 2313 exsolveret;
1222 2249 1301 2304 sin
1340 2258 1516 2308 autem
1559 2251 1688 2306 illud

145 2353 230 2401 non
251 2348 429 2411 posset,
475 2340 677 2400 saltem
711 2341 848 2404 intra
875 2341 1175 2410 conjugales
1204 2342 1395 2400 limites
1429 2359 1486 2397 se
1516 2345 1686 2398 conti-

144 2439 281 2498 neret,
304 2439 450 2503 atque
471 2430 696 2494 interim
725 2440 929 2500 peteret
955 2447 984 2484 a
1017 2431 1145 2497 Deo,
1173 2442 1229 2488 ut
1261 2432 1400 2502 quod
1434 2434 1531 2488 sibi
1562 2443 1685 2490 tunc

145 2538 224 2584 nqn
262 2522 464 2592 licebat,
509 2523 706 2580 liceret
734 2524 1034 2594 aliquando.
1077 2524 1459 2593 Verumtamen,
1493 2528 1601 2592 ait,
1633 2538 1687 2582 ut

144 2610 274 2672 Dm
294 2613 468 2686 diligas
486 2655 503 2683 ,
541 2631 654 2672 non
691 2615 876 2686 diligas
910 2617 1186 2682 mundum;
1212 2629 1264 2670 ut
1293 2619 1344 2677 in
1373 2619 1495 2686 ipsis
1524 2621 1684 2687 bellis,

144 2705 174 2758 si
192 2706 333 2766 adhuc
355 2708 405 2772 in
432 2710 502 2772 eis
532 2719 582 2772 te
625 2709 814 2764 uersari
840 2726 965 2780 opus
993 2718 1086 2776 est,
1118 2711 1270 2778 ﬁdem
1299 2720 1484 2778 teneas,
1516 2731 1688 2783 pacem

141 2812 328 2866 queres;
352 2810 404 2860 ut
422 2817 484 2860 ea:
503 2800 691 2862 mundi
710 2801 850 2862 bonis
878 2801 1038 2872 facias
1063 2799 1196 2860 bona
1217 2817 1392 2870 opera.
1417 2812 1464 2858 et
1486 2814 1690 2874 propter

141 2889 277 2950 mandi
299 2892 420 2954 bona
440 2910 539 2950 non
557 2894 730 2965 {acim
749 2909 900 2964 apem
927 2891 1081 2957 mala,
1104 2902 1194 2954 aut
1211 2909 1310 2948 non
1333 2895 1544 2964 impedit
1564 2912 1685 2951 cou-
1738 2929 1743 2934 -

29 3029 36 3056 _,
141 2981 226 3046 ius.
250 2994 326 3042 aut
350 2985 596 3055 impedire
629 3003 732 3046 non
761 2984 899 3046 debet
924 2984 1108 3055 (lbid.,
1139 3003 1192 3042 η.
1223 2984 1334 3057 i2).

194 3073 236 3132 t.
262 3072 372 3137 Htec
389 3076 617 3145 epistola
652 3076 874 3137 lortasse
904 3075 1233 3130 Bonifacium
1255 3076 1484 3146 impulit,
1508 3087 1566 3134 ut
1592 3079 1690 3136 ali-

142 3175 297 3240 quanto
336 3177 450 3238 post
483 3169 537 3228 in
584 3167 826 3231 ofﬁciunt
862 3169 1080 3229 rediret.
1132 3169 1200 3222 At
1235 3169 1282 3226 ei
1329 3177 1452 3224 tunc
1485 3186 1684 3226 morem

35 3325 38 3328 _
143 3271 303 3327 gerere,
331 3260 424 3322 nisi
449 3261 646 3329 gratim
677 3259 932 3322 miraculo
963 3261 1119 3330 plane
1157 3261 1427 3330 singulari,
1460 3277 1563 3316 non
1596 3279 1690 3332 po.

143 3356 261 3408 terat.
301 3351 591 3420 Oportebat
629 3367 753 3410 eum
785 3361 874 3415 aut
909 3367 1057 3411 suam
1089 3366 1151 3408 ac
1179 3351 1391 3408 fntuiliae
1425 3352 1686 3413 fortunam

147 3444 318 3506 omnino
341 3445 616 3511 deserere,
649 3455 740 3506 aut
766 3445 830 3506 ad
860 3456 1092 3506 extrema
1120 3445 1206 3502 illa
1236 3444 1380 3507 ferri,
1410 3462 1514 3516 quo
1534 3462 1684 3506 eum-

146 3532 232 3588 dem
255 3535 508 3600 redactum
530 3537 704 3598 visuri
726 3551 922 3598 sumus.
949 3535 1230 3600 Enimvero
1245 3536 1436 3605 quibus
1450 3537 1686 3607 ejusdem

151 3625 267 3684 ruina
290 3629 427 3682 cordi
453 3636 593 3694 erat.
632 3627 858 3692 elicuere
893 3635 950 3682 ut
987 3628 1144 3696 coepti
1184 3637 1367 3682 contra
1405 3644 1525 3684 eum
1561 3629 1686 3686 belli

147 3730 239 3770 cura
263 3718 684 3790 inSegisvnltum
716 3718 960 3780 comitem
1009 3713 1384 3780 transferreiur
1415 3717 1684 3791 (Prosper,

145 3806 182 3858 in
203 3806 457 3882 Chronica).
487 3811 536 3868 Is
567 3809 803 3876 Gothus,
844 3817 1000 3878 atque
1039 3809 1267 3870 Arianus
1292 3817 1426 3874 erat,
1453 3819 1509 3864 ut
1533 3810 1684 3868 vide-

149 3906 211 3958 tur
229 3917 356 3965 :uatn
377 3901 653 3964 Maximini
675 3901 855 3960 Ariani
885 3900 1138 3974 episcopi,
1163 3902 1249 3971 qui
1281 3917 1399 3958 cum
1423 3901 1610 3962 Gothis
1632 3903 1685 3958 in

153 3996 335 4058 Africam
362 4010 602 4068 venerat,
635 4016 795 4070 opera
835 4001 1099 4060 utebatur.
1148 4002 1476 4072 Segisvnltus
1499 4045 1512 4069 ,
1565 4020 1684 4059 cum

151 4091 402 4158 peritperit,
431 4095 530 4150 nisi
561 4104 688 4164 post
717 4093 1026 4153 Mavortiam
1043 4109 1162 4150 cum
1181 4094 1297 4148 aliis
1317 4094 1406 4163 qui
1431 4094 1686 4150 adversus

154 4173 423 4242 Banit‘acimn
450 4185 605 4246 missi
639 4181 847 4245 fuerant
870 4182 1090 4244 ducibus
1117 4192 1380 4248 necatum.
1401 4184 1521 4242 huic
1543 4186 1686 4244 bello

156 4268 398 4342 mlestus,
417 4274 713 4332 difﬁculter
736 4272 1017 4333 admodum
1045 4273 1214 4343 potuit
1236 4274 1287 4335 in
1312 4274 1539 4336 Africam
1563 4286 1686 4336 ante

161 4370 316 4414 annum
333 4365 902 4436 quadringentesimum
930 4365 1242 4434 vigesimum
1269 4375 1509 4429 octavum
1536 4367 1680 4436 traji-

157 4464 268 4508 εεῑθ·
293 4455 617 4520 Naxitninum
643 4458 963 4526 Carthagine
984 4457 1280 4528 Hipponem
1297 4460 1506 4518 venisse
1525 4460 1684 4527 ipsius

155 4538 270 4608 illisu
289 4545 878 4619 cognoscimu8(Collat.
896 4564 1008 4608 cum
1036 4546 1336 4613 Maximino,
1355 4566 1406 4604 η.
1430 4548 1480 4620 1)
1504 4565 1518 4612 ;
1545 4547 1686 4618 quod

160 4645 253 4695 tam
277 4635 336 4692 ita
363 4640 445 4706 sit,
470 4655 697 4710 magnas
728 4639 886 4704 hasce
908 4639 1038 4694 duas
1066 4638 1224 4696 urbes
1260 4639 1431 4698 eidem
1479 4648 1688 4709 Oportet

159 4729 353 4794 paruisse
381 4749 394 4786 :
424 4742 682 4796 caeterum
726 4732 794 4787 de
835 4731 1038 4796 bellicis
1067 4731 1182 4801 ejus
1209 4731 1529 4788 facinoribus
1556 4730 1686 4794 nihil

160 4831 338 4891 nsquam
356 4835 434 4886 est
459 4826 720 4888 invenire.
748 4823 885 4892 Quin
927 4823 972 4886 si
1003 4822 1246 4885 Statilium
1279 4823 1516 4892 Procopii
1542 4824 1689 4884 testi—

161 4913 322 4982 uenio,
339 4927 448 4994 post
464 4917 822 4980 Vandaiorum
833 4915 1234 4980 emensionem
1249 4915 1564 4986 Carthagine
1575 4923 1690 4978 erat

162 4996 431 5070 Mincius.

215 5094 259 5152 5,
278 5095 643 5168 Ιςδμειιδειιιθηδ
666 5115 864 5162 annuat
893 5099 1075 5156 incidit
1096 5098 1454 5163 Vandalorum
1477 5100 1528 5156 in
1551 5100 1686 5162 Afri.-

165 5195 256 5240 tam
275 5187 499 5260 irruptio,
517 5207 619 5261 qua
640 5191 844 5254 nullum
873 5199 981 5248 toto
1007 5192 1128 5252 vita;
1152 5193 1414 5252 curricqu
1439 5201 1688 5248 eventum

167 5268 459 5346 iuueniorem
485 5282 837 5344 tristioremve
860 5282 1136 5351 conspexit
1161 5283 1500 5352 Augustinus.
1528 5283 1689 5347 Boui-

169 5357 298 5428 ittius
323 5383 501 5440 nempe
530 5371 728 5436 tradere
753 5386 872 5436 cum
903 5372 1148 5436 Vandali;
1187 5373 1266 5436 sui
1308 5374 1560 5438 adversus
1589 5375 1690 5438 lm—

172 5454 338 5520 Βετὶωιι
355 5458 666 5526 defendendi
693 5477 852 5528 causa
881 5464 1030 5532 inito,
1061 5465 1176 5529 illos
1203 5466 1340 5528 maio
1359 5482 1539 5530 inausa
1567 5467 1690 5532 anni

175 5544 619 5622 Miugentmimi
640 5554 876 5628 vigcsitni
899 5555 1070 5618 octavi
1087 5556 1375 5620 secundum
1393 5558 1692 5627 opinionem

177 5636 394 5706 Pretiosa
415 5643 676 5708 verisimili
701 5645 1061 5714 recedentem,
1088 5663 1148 5704 ex
1173 5646 1436 5718 Hispaniis
1467 5649 1520 5702 in
1556 5648 1691 5712 Afri.

179 5733 270 5784 tam
290 5733 526 5804 evocavit,
552 5744 706 5810 atque
732 5751 914 5792 eorum
944 5737 1152 5800 libidini
1177 5738 1410 5810 permisit
1427 5738 1560 5800 hanc
1581 5749 1693 5802 tau,

184 5820 476 5894 ﬂuuntque
503 5827 768 5888 ﬂorentem
803 5830 1155 5896 provinciam,
1189 5849 1343 5902 quam
1383 5831 1550 5892 tribus
1589 5849 1680 5890 cx.-

1797 508 1962 579 ceptis
1979 509 2194 574 urbibus
2216 520 2378 574 tatam
2396 513 2608 580 biennio
2621 533 2966 591 Occuparunt.
2985 525 3100 590 Huc
3116 530 3375 602 trajeccre

1796 601 1889 662 Dei
1916 602 2087 672 potius
2110 618 2265 675 quam
2297 605 2549 670 Bonifacii
2593 612 2791 687 accitu;
2825 615 3071 674 nimirum
3103 629 3158 680 ut
3200 601 3230 678 a
3282 641 3378 696 po.

1797 693 1936 762 pulis
1979 693 2330 760 admissurum
2380 713 2563 768 poenas
2601 713 2935 774 expeterent;
2985 710 3191 784 ipsique
3237 693 3372 774 adeo

1795 786 2217 856 confitebantur,
2250 805 2310 848 se
2350 790 2449 846 hac
2488 792 2540 848 in
2576 797 2908 867 expeditione
2947 816 3052 868 non
3091 814 3197 868 tam
3226 793 3404 874 motu"

1795 882 2034 948 proprio,
2065 895 2222 950 quam
2251 879 2428 945 divino
2463 884 2690 954 impulsu
2736 890 2840 959 agi.
2882 891 3180 966 Salvianus,
3213 917 3391 971 quam

1790 968 1965 1037 justus
1990 969 2180 1034 fuisset
2205 973 2292 1028 ille
2318 972 2596 1046 impulsus,
2627 994 2691 1036 ex
2721 985 2993 1048 consuetis
3017 1002 3080 1050 ac
3101 968 3404 1072 [auxiliari-i

1797 1059 1896 1120 bus
1923 1061 2170 1126 Afrorum
2199 1066 2490 1128 sceleribus
2514 1069 2868 1141 demonstrat,
2898 1080 3129 1142 maxime
3155 1099 3280 1148 vero
3309 1103 3376 1150 ex

1795 1152 2121 1222 impudentia
2149 1167 2202 1212 et
2228 1157 2590 1230 blasphemiis,
2613 1162 2714 1223 hoc
2739 1176 2819 1228 est
2846 1169 3006 1231 rebus
3024 1172 3107 1238 iis,
3139 1190 3255 1244 quae
3283 1179 3379 1238 Dei

1793 1245 2169 1319 religionisque
2197 1250 2452 1310 honorem
2479 1264 2753 1324 spectant:
2782 1273 2842 1319 ac
2860 1259 3114 1328 justitiam
3136 1266 3371 1332 divinam

1794 1350 1860 1390 eo
1897 1337 2091 1396 clarius
2130 1341 2338 1405 elucere
2373 1345 2607 1405 ostendit
2635 1347 2683 1409 in
2717 1347 2816 1408 hac
2843 1350 3199 1422 Vandalorum
3231 1360 3374 1420 irru.

1795 1426 2000 1496 ptione,
2021 1430 2159 1499 quod
2188 1431 2237 1486 hi
2263 1432 2428 1490 foedas
2455 1450 2781 1513 spumasque
2807 1439 3050 1506 libidines
3067 1463 3129 1510 ex
3156 1465 3219 1506 ea
3248 1469 3372 1521 pro-

1794 1517 1962 1578 vincia
1981 1520 2223 1578 delevere
2243 1524 2522 1596 (Saluiam,
2539 1529 2601 1583 de
2614 1528 2766 1598 6210.,
2785 1532 2868 1587 lib.
2888 1534 2964 1605 7).
2989 1537 3037 1592 ls
3053 1517 3262 1610 quidem
3276 1545 3378 1608 hac

1796 1610 1846 1668 in
1873 1627 1930 1664 re
1959 1613 2153 1670 multus
2177 1625 2277 1682 est,
2309 1625 2522 1687 tamque
2545 1619 2852 1678 horribilem
2877 1626 3067 1690 Africa:
3093 1631 3374 1704 imaginem

1795 1698 2059 1776 depingit,
2095 1713 2150 1764 ut
2177 1705 2464 1766 difﬁculter
2493 1709 2578 1772 hic
2610 1711 2819 1774 modum
2850 1720 3082 1778 tenuisse
3112 1698 3370 1784 videatur.

1797 1788 2082 1848 Enimvero
2115 1809 2235 1850 cum
2279 1797 2436 1856 isthic
2475 1811 2656 1866 essent
2709 1809 3007 1876 complures
3053 1817 3374 1874 sanctissimi

1795 1884 2058 1954 episcopi;
2091 1889 2208 1958 quis
2251 1889 2454 1952 dubitet
2498 1909 2680 1950 eorum
2725 1898 2864 1960 curis
2907 1916 2969 1957 ac
3004 1903 3268 1966 laboribus
3310 1911 3364 1968 in

1794 1975 1932 2030 bene
1976 1979 2153 2038 multis
2186 1997 2216 2036 e
2247 1984 2441 2052 populo
2470 1985 2634 2048 Deum
2664 1991 2968 2058 aspirasse?
3007 1996 3180 2069 Atque
3208 2003 3369 2068 simul

1795 2068 2130 2132 verissimum
2162 2080 2271 2139 est,
2305 2089 2410 2144 quo
2450 2076 2686 2144 pluribus
2727 2079 2792 2134 ad
2839 2085 3062 2148 salutem
3105 2068 3374 2158 praesidiis

1795 2158 2050 2216 instructa
2076 2173 2190 2226 erat
2214 2164 2326 2225 hmc
2353 2171 2641 2240 provincia,
2675 2191 2740 2230 eo
2765 2177 2924 2236 fuisse
2951 2198 3134 2244 eorum
3164 2189 3370 2251 crimen

1795 2248 2090 2317 immanius,
2118 2255 2207 2325 qui
2223 2257 2420 2316 eisdem
2438 2261 2608 2330 abusi,
2629 2267 2708 2322 vel
2733 2268 2782 2328 in
2806 2269 3114 2331 infidelitate
3134 2248 3373 2349 Pagano-

1795 2357 1930 2408 rum,
1957 2346 2039 2400 vel
2063 2346 2113 2404 in
2136 2349 2419 2407 schismate
2447 2353 2856 2427 Donatistarum.
2882 2365 2962 2418 vel
2986 2366 3035 2420 in
3054 2346 3376 2430 Manichae-

1794 2447 1911 2488 rum
1973 2436 2301 2508 aliorumque
2372 2446 2701 2513 popularium
2767 2447 3138 2514 haereticorum
3192 2462 3371 2532 impiis

1795 2520 2148 2596 dogmatibus,
2183 2530 2262 2584 vel
2299 2531 2526 2604 denique
2553 2537 2604 2591 in
2632 2540 2770 2594 vitiis
2808 2552 2860 2597 et
2891 2547 3200 2608 criminibus
3239 2520 3373 2610 con-

1795 2621 2032 2671 tumaces
2074 2633 2497 2686 permanserunt.
2527 2626 2630 2696 Ipsi
2669 2646 2880 2702 quoque
2922 2639 3088 2696 sancti
3136 2642 3370 2704 Africani

1793 2708 2054 2769 antistites
2091 2725 2384 2782 agnoscunt
2415 2733 2518 2776 non
2546 2720 2662 2777 sine
2682 2722 2884 2790 dolore,
2917 2730 3209 2797 perfectum
3247 2753 3368 2796 esse

1796 2796 1960 2856 hocce
2005 2801 2266 2873 ﬂagellum
2313 2815 2420 2863 tum
2467 2827 2530 2866 ex
2576 2796 2936 2883 improborum
2975 2829 3224 2892 peccatis,
3256 2838 3369 2887 tum

1795 2889 1950 2944 etiam
1979 2907 2008 2946 e
2041 2893 2318 2952 timiditate
2346 2899 2639 2968 bonorum;
2667 2907 2776 2975 qui,
2803 2925 2869 2963 ne
2899 2889 3370 2976 facvttltatum'tem-

1794 2981 2052 3048 poralium
2095 2984 2354 3052 iacturam
2402 2990 2667 3062 facerent,
2700 3000 2882 3066 malis,
2911 3002 2976 3058 de
2998 3007 3190 3075 quibus
3217 3012 3367 3082 inge-

1793 3071 2118 3142 miscebant,
2167 3078 2425 3136 obsistere
2464 3085 2782 3148 verebantur
2813 3071 3092 3162 (Serua—de
3124 3071 3369 3173 Tempore

1793 3159 2014 3231 harben,
2061 3183 2172 3238 cap.
2209 3169 2305 3240 1).
2355 3172 2487 3237 Cum
2533 3184 2708 3234 autem
2759 3159 2896 3238 licus
2955 3201 3104 3256 teque
3150 3159 3364 3248 miseri.

1795 3269 1916 3310 cors
1965 3258 2034 3312 sit
2084 3274 2145 3314 ac
2194 3261 2400 3330 justus,
2456 3265 2614 3322 hasce
2672 3286 2854 3338 pinnas
2905 3274 3102 3332 Africa:
3158 3283 3369 3342 miscri-

1794 3349 1974 3404 cordia
2035 3353 2254 3421 perinde
2313 3365 2471 3427 atque
2518 3360 2721 3428 iustitia
2790 3374 3109 3435 temperatas
3171 3373 3366 3441 fuisse.

1793 3453 1897 3496 non
1929 3441 2192 3500 immerito
2211 3445 2517 3510 dixerimus.
2537 3451 2745 3522 Quippe
2765 3458 3091 3517 calamitates
3109 3464 3212 3520 illae
3235 3474 3370 3526 tetu.

1793 3532 2002 3598 poralcs
2044 3535 2245 3594 multos
2281 3536 2443 3598 dubio
2487 3543 2670 3610 procul
2714 3545 2882 3610 bonos
2922 3549 3289 3624 Christianos,
3337 3560 3370 3620 ἢ

1792 3621 1984 3690 quibus
2014 3625 2228 3693 patienti
2267 3628 2446 3692 animo
2491 3641 2616 3690 sunt
2660 3645 2914 3704 exceptae,
2959 3621 3366 3715 perpurgarunt.

1792 3711 1872 3766 Ad
1902 3711 2016 3768 hazc
2038 3729 2158 3770 cum
2184 3716 2322 3772 Deus
2354 3719 2606 3788 plurimos
2632 3740 2789 3793 opera
2819 3739 3120 3788 sanctorum
3157 3711 3370 3805 episco-

1793 3819 2003 3874 porum,
2033 3824 2166 3878 quos
2191 3811 2270 3868 eis
2300 3814 2626 3883 praefecerat,
2659 3820 2889 3882 maxime
2914 3839 3040 3880 vero
3064 3828 3362 3897 Augustini,

1791 3899 1856 3953 ad
1898 3903 2204 3974 martyrium
2237 3918 2589 3975 praeparasset
2612 3950 2625 3974 ,
2653 3910 2719 3964 ad
2755 3911 2921 3980 ipsius
2944 3916 3164 3984 gloriam
3203 3924 3367 3990 perti-

1792 3991 1969 4058 nebat,
1999 4003 2054 4048 ut
2083 3995 2351 4064 virtutem,
2370 4016 2472 4068 qua
2495 4003 2713 4064 eosdem
2733 4019 3105 4076 exornaverat,
3129 4015 3364 4072 omnium

1792 4084 1960 4147 oculis
1986 4098 2338 4156 proponeret;
2363 4100 2416 4148 et
2441 4093 2569 4152 illud
2597 4109 2730 4156 sane
2759 4097 2936 4156 docuit
2963 4113 3184 4160 eventus
3228 4107 3362 4163 Nam

1795 4177 2147 4240 Vandalorum
2171 4184 2423 4250 tyrannis,
2457 4201 2559 4255 qua
2586 4203 2679 4256 per
2703 4205 2871 4249 annos
2889 4201 3100 4250 centum
3129 4197 3361 4257 Africam

1791 4278 2045 4337 tenuere,
2095 4275 2270 4330 minus
2319 4276 2540 4336 celebris
2573 4282 2740 4339 evasit
2785 4283 3048 4344 horrenda
3087 4288 3226 4344 illius
3266 4293 3363 4347 de-

1793 4363 2108 4430 vastatione,
2139 4380 2296 4434 quam
2336 4367 2533 4439 ingenti
2574 4387 2793 4430 numero
2814 4375 3176 4436 confessorqu
3207 4390 3366 4451 atque

1796 4463 2108 4526 martyrum,
2151 4472 2286 4525 quos
2331 4458 2438 4518 illic
2472 4460 2690 4522 istorum
2733 4467 3005 4524 eoronavit
3045 4469 3361 4528 immanitas.

1799 4540 1999 4612 (Victor
2036 4543 2247 4610 Vitens.,
2268 4546 2329 4599 de
2354 4547 2552 4608 Persea.
2598 4549 2838 4618 Vandal..
2871 4554 2956 4616 lib.
2989 4558 3038 4622 i,
3064 4575 3116 4616 η,
3143 4561 3193 4625 i,
3217 4561 3345 4633 δτι).

1864 4633 1917 4688 6.
1963 4633 2278 4690 Genscricus
2315 4652 2434 4694 cum
2475 4639 2672 4708 ingenti
2701 4645 2954 4711 exercitu.
2985 4664 3088 4710 non
3131 4667 3194 4708 ex
3239 4656 3366 4710 solis

1795 4725 2061 4793 Vandalis,
2107 4743 2285 4782 verum
2319 4730 2480 4793 etiam
2522 4747 2587 4792 Cit
2629 4733 2830 4798 Alanis,
2876 4736 3098 4806 Gothis,
3142 4743 3364 4812 aliisque

1791 4830 1949 4872 omne
1997 4832 2163 4888 genus
2195 4819 2496 4885 nationibus
2525 4823 2751 4882 conﬂato
2787 4827 3054 4897 trajiciens
3077 4873 3092 4897 ,
3132 4833 3363 4889 Africam

1793 4909 1902 4964 otio
1949 4911 2211 4980 rebusque
2251 4914 2498 4968 omnibus
2537 4915 2842 4980 afﬂuentem
2883 4926 3080 4993 reperit
3111 4945 3122 4980 :
3153 4927 3219 4982 de
3263 4946 3367 5000 qua

1794 5003 2070 5060 Salvianus
2108 5003 2176 5064 ita
2217 5005 2468 5074 loquitur,
2509 5016 2566 5068 ut
2604 5025 2665 5072 ea
2694 5009 2935 5075 ditiorem
2983 5016 3034 5076 in
3084 5020 3370 5086 provinciis

1793 5094 1952 5148 totius
1971 5087 2192 5150 Romani
2216 5093 2428 5166 Imperii
2448 5099 2644 5158 nullam
2662 5102 2928 5162 exstitisse
2947 5106 3207 5175 signiticet
3231 5111 3372 5181 (Sal-

1792 5187 1950 5251 vian.,
1978 5186 2039 5242 de
2062 5184 2212 5256 θεώ,
2234 5187 2320 5249 lib.
2347 5187 2422 5258 7).
2447 5187 2550 5248 Sed
2576 5191 2718 5252 brevi
2750 5192 2932 5248 faciem
2955 5197 3070 5265 ejus
3100 5209 3372 5256 mutavere

1798 5279 2036 5340 Barbari.
2057 5276 2263 5344 Divina,
2294 5278 2462 5348 inquit
2481 5280 2773 5350 Possidius,
2797 5285 3051 5346 voluntate
3069 5297 3114 5342 et
3133 5299 3375 5358 potestate

1796 5369 2040 5441 provenit,
2071 5378 2124 5422 ut
2155 5385 2331 5422 "ianus
2360 5370 2534 5447 ingens
2561 5371 2766 5432 diversis
2789 5376 2899 5436 telis
2923 5389 3117 5438 armata
3152 5389 3198 5433 et
3229 5378 3372 5434 bellis

1795 5469 2082 5531 exercitata,
2126 5467 2420 5528 immanium
2447 5469 2668 5528 [testium
2707 5469 3047 5532 i’andalornm
3086 5481 3132 5528 et
3180 5472 3371 5524 Alano-

1796 5576 1928 5626 rum,
1955 5559 2278 5614 commixtam
2301 5577 2468 5616 secum
2492 5559 2679 5616 habens
2703 5560 2983 5622 Gothorum
3001 5569 3213 5631 gentem,
3237 5560 3368 5615 alia-

1801 5666 2007 5721 rumque
2057 5649 2367 5710 diuersarum
2414 5667 2673 5720 personas,
2718 5666 2780 5706 ea:
2827 5649 3092 5717 Hispania
3147 5650 3373 5718 partibus

1804 5743 2174 5810 transmarinis,
2219 5741 2424 5798 navibus
2471 5743 2655 5810 Afrij
2698 5741 2980 5811 inﬂexisset
3023 5751 3070 5796 et
3103 5741 3375 5802 irruisset:

1810 5835 2132 5902 universaque
2142 5852 2228 5903 per
2247 5834 2354 5890 [om
2375 5833 2426 5884 Μ
2432 5833 2790 5888 nuritauiarum
2803 5831 2950 5888 etiam
2964 5833 3033 5888 ad
3044 5832 3170 5892 alias
3183 5844 3376 5892 nostras
