3838 6258
477 385 584 446 659

479 501 729 559 transiens
751 493 1032 570 provincias
1049 500 1095 548 et
1116 492 1364 563 regiones,
1379 487 1516 543 omni
1534 488 1740 542 sceviens
1763 486 2058 541 crudelitate

477 603 526 648 et
547 591 826 656 atrocitate,
851 596 1048 652 cuncta,
1071 599 1182 658 quae
1205 582 1385 653 potuit,
1413 580 1794 652 exspoliatione,
1817 578 2055 647 cwdibus,

478 685 783 753 diversisque
799 679 1078 744 tormentis,
1100 675 1368 740 incendiis,
1388 674 1596 744 aliisque
1614 670 2059 727 innumerabilibus

477 786 525 830 et
549 773 775 845 infandis
795 770 943 824 malis
965 767 1273 838 depopulata
1302 774 1412 830 est;
1439 764 1566 817 nulli
1597 763 1760 826 sexui,
1789 761 1917 816 nulli
1937 777 2059 831 par-

479 880 596 920 cens
615 863 776 928 cetati,
805 877 895 916 nec
920 861 1044 930 ipsis
1083 858 1179 912 Dei
1207 855 1544 912 sacerdotibus
1576 854 1653 908 vel
1680 854 1939 919 ministris,
1972 869 2060 906 nec

477 960 603 1029 ipsis
633 957 957 1012 ecclesiarum
997 952 1301 1006 ornamentis
1328 966 1415 1004 seu
1437 947 1777 1002 instrumentis
1797 946 1872 1000 vel
1896 945 2061 1014 uidi/i-

481 1051 593 1103 ciis.
646 1048 714 1102 Et
758 1047 887 1100 hanc
942 1043 1303 1115 ferocissimam
1347 1041 1563 1094 hostium
1617 1038 1976 1110 grassationem
2017 1043 2061 1088 et

485 1141 834 1203 vastationem,
861 1137 946 1191 ille
975 1135 1073 1188 Dei
1104 1134 1271 1199 homo,
1300 1142 1346 1187 et
1375 1136 1560 1203 factum
1578 1131 1732 1201 fuisse
1750 1138 1797 1183 et
1811 1129 1941 1196 ﬁeri,
1962 1144 2062 1182 non

485 1242 539 1286 ut
564 1231 728 1286 caeteri
753 1229 1042 1292 hominum,
1072 1226 1312 1280 sentiebat
1341 1232 1388 1278 et
1413 1222 1660 1294 cogitabat
1684 1239 1700 1275 :
1723 1221 1812 1275 sed
1837 1220 1988 1274 altius
2017 1228 2062 1274 et

485 1322 790 1394 profundius
814 1337 874 1375 ea
901 1317 1243 1383 considerans,
1275 1324 1320 1369 et
1340 1317 1391 1369 in
1409 1315 1486 1368 bis
1511 1315 1793 1368 animarum
1814 1313 2063 1382 praecipue

483 1415 560 1469 vel
592 1411 818 1485 pericula
846 1411 922 1464 vel
950 1419 1132 1463 mortes
1162 1407 1460 1478 prtevidens,
1492 1405 1638 1459 solito
1667 1403 1884 1474 amplius
1911 1404 2062 1473 (quo-

484 1509 622 1561 niam
661 1515 716 1560 ut
743 1505 983 1574 scriptum
1017 1510 1106 1565 est,
1145 1519 1162 1552 ‹
1189 1500 1287 1566 Qui
1315 1497 1522 1569 apponit
1549 1498 1829 1564 scientiam,
1854 1496 2063 1566 apponit

485 1600 710 1654 dolorem
741 1616 761 1649 ›
787 1590 1190 1669 [Eccle.t,18];
1219 1599 1264 1644 et
1293 1609 1310 1641 ι
1337 1589 1434 1644 Cor
1458 1588 1759 1659 intelligens,
1779 1587 1911 1641 tinea
1939 1586 2064 1640 ossi-

485 1691 597 1761 bus)
621 1711 638 1743 s
657 1693 860 1761 fuerunt
876 1688 920 1741 ei
935 1687 1174 1756 lacrgma:
1188 1699 1341 1754 panes
1358 1681 1438 1735 die
1452 1697 1511 1734 ac
1521 1689 1662 1734 nocte
1679 1678 1845 1750 (Psal.
1861 1694 1968 1743 xu,
1983 1678 2035 1749 4)
2047 1720 2061 1743 ,

484 1781 950 1848 amarissimamque
972 1785 1019 1830 et
1041 1773 1297 1844 lugubrem
1328 1786 1434 1841 prie
1460 1771 1649 1824 steteris
1677 1783 1781 1823 sua:
1805 1768 2063 1822 senectutis

476 1875 588 1945 jam
615 1887 740 1943 pene
768 1879 1039 1924 extremam
1065 1865 1273 1920 ducebat
1293 1880 1351 1916 ac
1378 1862 1621 1916 tolerabat
1647 1861 1818 1914 vitam.
1858 1857 2064 1912 Videbat

484 1964 616 2018 enim
636 1961 722 2015 ille
744 1962 892 2014 homo
920 1957 1017 2011 Dei
1041 1957 1261 2009 civitates
1291 1953 1487 2008 excidio
1513 1951 1753 2022 perditas,
1785 1949 2064 2020 pariterque

483 2069 598 2107 cum
625 2050 853 2120 wdiﬁciis
874 2048 1104 2102 villarum
1131 2045 1451 2110 habitatores,
1493 2043 1619 2095 alios
1641 2041 1807 2094 hostili
1833 2055 1950 2093 nece
1977 2054 2064 2092 exn

483 2147 709 2208 stinctos,
742 2142 867 2196 alios
892 2138 1138 2210 eﬂ'ugatos
1167 2147 1316 2207 atque
1355 2137 1642 2206 dispersos;
1680 2132 1934 2187 Ecclesias
1977 2149 2062 2186 sa-

482 2236 762 2292 cerdotibus
791 2251 851 2287 ac
879 2233 1120 2285 ministris
1149 2230 1429 2294 destitutas,
1459 2229 1768 2297 virginesque
1804 2243 1974 2280 sacras
2019 2234 2064 2279 et

482 2345 707 2402 quosque
744 2327 1051 2381 continentes
1089 2324 1270 2392 ubique
1311 2321 1614 2390 dissipatos;
1655 2329 1700 2373 et
1737 2319 1791 2372 in
1826 2319 1903 2372 his
1939 2318 2064 2372 alios

481 2421 739 2475 tormentis
767 2418 1026 2488 defecisse,
1051 2414 1180 2467 alios
1209 2412 1378 2483 gladio
1408 2412 1730 2479 interemptos
1773 2425 1894 2473 esse,
1939 2409 2065 2461 alios

479 2511 534 2564 in
577 2509 876 2579 captivitate,
925 2505 1120 2576 perdita
1159 2502 1314 2555 animi
1354 2510 1399 2554 et
1435 2501 1657 2571 corporis
1696 2499 1976 2570 integritate
2007 2516 2065 2552 ac

483 2599 602 2670 ﬁdei
629 2639 642 2663 ,
686 2597 820 2650 malo
861 2610 1001 2648 more
1028 2610 1088 2646 ac
1114 2593 1241 2645 duro
1281 2591 1502 2644 hostibus
1533 2591 1815 2654 deservire;
1853 2590 2064 2659 hymnos

482 2691 580 2745 Dei
600 2699 644 2744 et
666 2689 838 2743 laudes
863 2687 925 2741 de
947 2685 1166 2740 ecclesiis
1186 2683 1475 2752 deperiisse,
1499 2682 1716 2750 uadi/icio
1742 2681 2064 2735 ecclesiarum

481 2798 632 2850 quam
663 2777 895 2850 plurimis
921 2777 1042 2830 locis
1068 2775 1263 2846 ignibus
1288 2781 1634 2837 concremata,-
1664 2773 1925 2837 solemnia,
1948 2785 2066 2842 qua:

479 2872 588 2926 Deo
627 2870 866 2924 debentur
885 2910 900 2934 ,
931 2868 993 2921 de
1022 2866 1238 2937 propriis
1268 2864 1390 2918 locis
1417 2863 1620 2918 desiisse
1659 2863 1940 2930 sacrificia;
1980 2879 2062 2914 sa-

478 2972 731 3017 cramenta
756 2961 924 3014 divina
950 2957 1029 3011 vel
1056 2974 1158 3010 non
1181 2956 1358 3026 quatri,
1400 2955 1475 3008 vel
1500 2954 1740 3022 quaerenti
1769 2953 1852 3023 qui
1896 2952 2063 3006 tradat

477 3072 578 3109 non
607 3055 754 3124 facile
791 3051 1030 3122 reperiri;
1057 3050 1109 3102 in
1137 3051 1276 3119 ipsas
1305 3046 1548 3100 montium
1575 3045 1726 3098 silvas
1752 3053 1796 3097 et
1825 3059 2061 3098 cavernas

476 3155 734 3218 petrarum
761 3153 806 3198 et
833 3143 1098 3215 speluncas
1125 3140 1488 3211 confugientes,
1509 3137 1585 3191 vel
1611 3138 1679 3190 ad
1708 3152 1926 3207 quasque
1945 3153 2058 3189 mu-

475 3239 692 3292 nitiones
730 3237 855 3290 alios
895 3237 1048 3304 fuisse
1089 3239 1399 3303 expugnatos
1428 3240 1472 3284 et
1499 3230 1808 3300 interfectos,
1837 3229 1964 3284 alios
1992 3229 2062 3283 ita

476 3330 770 3384 necessariis
791 3325 1142 3382 sustentaculis
1168 3323 1390 3377 evolutos
1409 3331 1556 3392 atque
1582 3321 1821 3390 privatos,
1845 3330 1899 3374 ut
1928 3321 2062 3390 fame

474 3421 874 3477 contabescerent
906 3435 922 3472 :
949 3419 1181 3488 ipsosque
1209 3413 1546 3468 Ecclesiarum
1567 3412 1862 3482 prcepositos
1886 3421 1932 3466 et
1954 3413 2058 3466 cle-

473 3514 625 3578 ricos,
653 3511 738 3584 qui
768 3511 897 3580 forte
940 3507 1037 3562 Dei
1064 3506 1302 3575 beneﬁcio
1343 3505 1418 3558 vel
1453 3520 1535 3559 eos
1574 3519 1673 3558 non
1702 3504 2015 3557 incurrerant
2037 3547 2051 3571 ,

471 3603 551 3658 vel
571 3604 878 3655 incurrentes
895 3605 1168 3661 evaserant,
1185 3595 1328 3649 rebus
1341 3593 1568 3648 omnibus
1585 3592 1889 3663 exspoliatos
1913 3603 2058 3664 atque

473 3696 720 3759 nudatos,
763 3692 1104 3763 egentissimos
1143 3687 1445 3752 mendicare,
1497 3702 1583 3738 nec
1628 3685 1697 3739 eis
1737 3685 1963 3739 omnibus
1990 3686 2056 3739 ad

471 3788 664 3854 omnia,
694 3784 870 3856 quibus
895 3782 1140 3852 fulciendi
1166 3789 1347 3844 essent,
1367 3779 1618 3833 subveniri
1648 3794 1791 3848 posse
1815 3779 1933 3832 :via;
1957 3787 2055 3833 tres

471 3879 764 3950 superstites
795 3891 856 3929 ea:
878 3870 1324 3928 innumerabilibus
1367 3869 1639 3936 Ecclesias,
1674 3869 1766 3923 hoc
1792 3878 1896 3936 est,
1929 3868 2054 3924 Car-

470 3969 834 4041 thaginensem,
881 3965 1284 4037 Hipponensem,
1321 3971 1367 4015 et
1392 3959 1685 4026 Cirtensent,
1709 3977 1820 4030 qua:
1840 3959 1938 4015 Dei
1966 3961 2052 4016 be-

466 4061 648 4131 neﬁcio
687 4059 869 4114 excisa:
907 4075 1009 4112 non
1049 4063 1186 4121 sunt,
1220 4063 1265 4109 et
1291 4069 1464 4107 earum
1493 4061 1784 4123 permanent
1810 4052 2049 4119 civitates,

468 4163 515 4208 et
544 4154 711 4206 divino
732 4161 779 4206 et
805 4152 1023 4204 humano
1049 4149 1190 4219 fulta:
1226 4146 1501 4218 praesidio;
1528 4145 1638 4199 licet
1681 4155 1791 4216 post
1831 4147 1940 4216 ejus
1966 4149 2054 4200 ob-

466 4245 594 4296 itum
612 4242 729 4295 urbs
754 4239 1096 4312 Hipponensis
1119 4238 1298 4291 incolis
1316 4237 1552 4290 destituta
1576 4235 1637 4289 ab
1657 4237 1880 4290 hostibus
1904 4239 2053 4309 fuerit

466 4345 805 4390 concremata.
841 4332 909 4388 Et
953 4348 1006 4388 se
1047 4333 1176 4386 inter
1211 4332 1316 4385 hac
1355 4332 1490 4385 mala
1524 4332 1789 4401 cujusdam
1816 4335 2051 4403 sapientis

466 4427 706 4482 sententia
720 4423 1075 4481 consolabatur
1087 4423 1297 4478 dicentis
1313 4439 1331 4476 :
1347 4420 1467 4476 Non
1483 4423 1574 4476 erit
1592 4439 1799 4493 magnus
1815 4440 2052 4494 magnum

467 4529 669 4590 putans,
696 4518 829 4590 quod
853 4517 1042 4571 cadunt
1075 4515 1215 4587 ligna
1239 4523 1286 4568 et
1310 4514 1526 4584 lapides,
1551 4523 1595 4568 et
1617 4515 1899 4568 moriuntur
1919 4533 2051 4570 mor-

467 4611 608 4665 tales.
637 4609 760 4664 Ilcec
782 4625 900 4680 ergo
923 4607 1094 4662 omnia
1112 4607 1218 4674 ille,
1249 4616 1306 4660 ut
1333 4615 1440 4660 erat
1467 4605 1569 4662 alte
1590 4608 1808 4677 sapiens,
1831 4609 2050 4677 quotidie

466 4702 676 4756 ubertim
699 4700 961 4770 plangebat
981 4698 1233 4771 (Possid.,
1253 4699 1308 4752 in
1337 4696 1451 4752 Vita
1468 4699 1702 4769 August.,
1729 4716 1841 4769 cap.
1859 4698 1974 4770 28).

537 4794 589 4847 7.
631 4791 895 4847 Caeterum
919 4789 1013 4845 Vir
1038 4790 1133 4845 Dei
1157 4805 1327 4861 neque
1352 4789 1510 4845 ﬁdem
1539 4805 1706 4855 suam,
1740 4805 1913 4861 neque
1939 4791 2049 4861 epi-

465 4884 736 4954 scopalem
766 4881 1126 4938 fortitudinem
1165 4882 1349 4938 dolore
1367 4923 1382 4949 ,
1411 4897 1516 4953 quo
1543 4892 1716 4939 tantas
1743 4883 1880 4938 inter
1904 4884 2046 4940 cala-

462 4976 677 5032 mitates
700 4973 1045 5042 afﬁciebatur,
1073 4973 1244 5046 frangi
1274 4975 1604 5030 debilitarive
1633 4976 1838 5032 sinebat
1867 4995 1879 5032 :
1905 4978 2047 5047 quod

463 5069 680 5140 quidem
711 5069 755 5124 is
783 5068 1006 5139 epistola
1033 5068 1101 5124 ad
1132 5068 1556 5135 Quodvultdeum
1587 5069 1890 5140 episcopum
1927 5069 2044 5126 data

461 5163 663 5234 liquido
689 5163 1086 5220 demonstravit.
1117 5164 1350 5236 Rogatus
1387 5164 1528 5220 enim
1556 5165 1622 5219 ab
1647 5164 1746 5220 hoc
1774 5165 2041 5236 episcopo,

461 5257 749 5325 praesulum
779 5254 883 5311 hoc
919 5255 972 5310 in
1002 5270 1129 5311 casu
1158 5255 1300 5326 quod
1328 5264 1471 5312 esset
1494 5255 1744 5322 ofﬁcium,
1776 5271 1845 5311 an
1873 5259 1951 5312 eis
1977 5258 2044 5312 li-

460 5355 609 5404 ceret
645 5345 823 5418 fugam
853 5347 1064 5418 populis
1102 5347 1430 5417 permittere,
1462 5361 1526 5404 ac
1551 5363 1611 5403 se
1640 5347 1784 5416 ipsos
1807 5348 2044 5415 recipere

455 5437 682 5508 periculi
710 5436 910 5492 vitandi
947 5437 1114 5509 gratia
1147 5455 1162 5492 :
1197 5438 1378 5508 paucis
1411 5436 1625 5507 quidem
1650 5437 1724 5491 illi
1751 5437 2040 5507 respondit,

459 5531 553 5586 sed
577 5546 672 5602 pro
690 5530 928 5601 ejusdem
949 5530 1267 5587 necessitate
1291 5539 1376 5586 sat
1399 5531 1595 5595 multis,
1624 5544 1813 5600 nempe
1835 5545 1933 5586 nec
1951 5545 2043 5587 eos

459 5636 579 5677 esse
624 5621 1016 5692 prohibendos,
1047 5622 1138 5693 qui
1167 5622 1234 5676 ad
1269 5623 1417 5692 loca,
1460 5623 1506 5678 si
1545 5633 1796 5692 possunt,
1841 5626 2040 5682 munita

459 5717 689 5787 migrare
716 5718 1055 5784 desiderant;
1087 5730 1188 5772 nec
1218 5717 1496 5789 episc0pos
1522 5718 1795 5775 ministerii
1826 5719 1907 5777 sui
1928 5721 2041 5777 vin-

460 5805 579 5860 cula
618 5807 704 5862 illa
749 5821 932 5875 sacra,
969 5806 1162 5879 quibus
1191 5822 1324 5879 eos,
1365 5824 1432 5866 ne
1469 5808 1732 5869 Ecclesias
1758 5813 2034 5882 deserant,

1582 370 1741 426 VITA
1779 368 1837 426 s.
1881 361 2248 427 AUGUSTINI
2289 364 2609 426 EPISCOPI.
3165 321 3167 323 1
3610 382 3694 444 εσυ

2163 483 2360 541 Christi
2387 484 2619 540 charitas
2645 483 2894 556 alligavit,
2925 497 3082 557 posse
3112 500 3389 558 rumpere;
3427 499 3568 564 atque
3588 499 3694 558 adeo

2164 576 2413 648 quamdiu
2452 578 2684 647 ipsorum
2729 579 3006 648 praesentia
3045 579 3183 650 plebi
3214 584 3500 638 necessaria
3529 597 3601 642 est
3631 590 3694 647 tu.

2165 676 2282 724 tura
2303 712 2318 738 ,
2352 668 2430 725 eis
2453 668 2583 723 nihil
2613 684 2829 739 prorsus
2854 670 2994 725 aliud
3021 672 3273 742 relinqui,
3305 675 3402 728 nisi
3432 685 3486 730 ut
3515 692 3567 732 se
3588 687 3696 740 totos

2165 761 2358 816 divinae
2379 761 2635 816 voluntati
2655 763 3007 829 committant,
3028 771 3082 818 et
3101 778 3249 834 spem
3269 780 3415 820 suam
3440 766 3489 820 in
3510 783 3697 839 superno

2166 854 2430 924 adjutorio
2450 855 2710 910 collocent
2731 853 2918 927 (Epist.
2939 855 3066 923 228,
3091 875 3143 911 η.
3168 857 3242 929 1).
3268 858 3551 916 Honoratus
3571 863 3696 920 Thia-

2167 947 2350 1003 bensis
2376 947 2675 1018 episcopus,
2707 948 2950 1022 idemque
2979 966 3008 1005 a
3035 951 3277 1009 Possidio
3303 965 3511 1010 sanctus
3535 958 3603 1012 vir
3622 975 3696 1031 ap-

2168 1040 2395 1110 pellatus
2431 1039 2750 1111 (Possidius,
2788 1043 2840 1094 in
2889 1041 3004 1095 Vita
3043 1042 3258 1114 August.
3282 1086 3296 1109 ,
3328 1061 3375 1099 c.
3416 1045 3522 1117 50),
3549 1050 3696 1106 eadem

2167 1129 2505 1199 postmodum
2550 1131 2616 1185 ab
2660 1131 2952 1202 Augustino
2991 1132 3057 1187 de
3098 1133 3417 1203 praesulibus
3452 1145 3504 1190 et
3533 1138 3697 1197 clericis

2168 1220 2463 1275 sciscitatus
2488 1230 2589 1277 est.
2627 1221 2724 1276 llic
2758 1232 2942 1278 sancto
2980 1224 3212 1278 Antistiti
3248 1224 3590 1296 signiﬁcabat,
3618 1248 3698 1288 non

2168 1312 2347 1368 videre
2390 1328 2476 1380 se,
2517 1313 2641 1384 quid
2675 1314 2816 1370 aliud
2858 1317 3180 1373 remanendo
3207 1318 3259 1372 in
3287 1319 3502 1376 sedibus
3525 1323 3613 1380 suis
3631 1329 3696 1383 vel

2168 1404 2267 1458 sibi
2291 1405 2376 1459 vel
2402 1405 2596 1474 populo
2615 1421 2714 1461 suo
2735 1407 2992 1476 profuturi
3019 1408 3125 1463 sint
3149 1410 3403 1480 episcopi,
3430 1413 3525 1467 nisi
3541 1422 3588 1469 ut
3601 1426 3695 1474 ante

2169 1495 2402 1564 ipsorum
2433 1496 2615 1552 oculos
2653 1498 2752 1552 viri
2793 1498 3019 1568 cadant,
3063 1499 3275 1557 femina:
3315 1513 3693 1575 constupreutnr,

2169 1585 2519 1642 incendantur
2541 1588 2800 1656 ecclesiae,
2833 1599 2991 1662 atque
3022 1591 3120 1662 ipsi
3151 1608 3363 1666 quoque
3391 1595 3446 1651 in
3477 1603 3698 1658 tormentis

2169 1677 2443 1744 deﬁciant,
2475 1696 2594 1736 cum
2638 1681 2704 1736 de
2743 1683 2872 1751 ipsis
2912 1684 3164 1753 quaeritur
3191 1687 3334 1756 quod
3383 1703 3489 1744 non
3527 1690 3695 1749 habent.

2170 1772 2492 1840 Augustinus
2532 1772 2779 1828 sufﬁcere
2808 1775 3040 1843 putavit,
3072 1775 3120 1830 ei
3164 1791 3312 1831 suam
3354 1779 3419 1833 ad
3462 1780 3698 1848 Quodvult-

2168 1860 2324 1915 deum
2361 1863 2638 1931 epistolam
2682 1863 2909 1919 mittere.
2952 1865 3058 1920 Sed
3097 1866 3172 1921 illi
3216 1869 3408 1923 iterum
3457 1871 3697 1930 llonoratus

2169 1949 2270 2006 hoc
2291 1952 2388 2006 sibi
2410 1951 2730 2007 satisfactum
2753 1970 2856 2009 non
2877 1969 2997 2011 esse
3015 1957 3347 2027 signiﬁcavit,
3368 1962 3569 2031 quando
3585 1964 3697 2020 Chri-

2169 2049 2280 2096 stus
2305 2050 2357 2096 et
2378 2041 2557 2112 fugere
2586 2044 2941 2114 prtecepisset,
2965 2055 3016 2101 et
3044 2059 3366 2119 praeceptum
3394 2067 3541 2108 suum
3561 2071 3699 2111 exem-

2168 2131 2257 2199 plo
2282 2134 2494 2202 pr0prio
2523 2134 2904 2192 conﬁrmasset.
2935 2137 3046 2193 Hoc
3073 2139 3229 2209 igitur
3258 2141 3356 2196 fuit
3377 2144 3428 2197 in
3450 2159 3611 2214 causa,
3629 2163 3699 2202 cur

2168 2216 2217 2269 ei
2243 2224 2456 2272 sanctus
2485 2218 2676 2273 Doctor
2698 2234 2886 2275 novam
2911 2238 3070 2290 super
3096 2238 3157 2279 ea
3187 2240 3246 2280 re
3273 2228 3530 2285 scriberet
3551 2232 3701 2300 episto-

2171 2306 2272 2360 lam
2295 2306 2480 2380 (Epist.
2499 2308 2624 2376 228,
2646 2327 2697 2363 η.
2711 2309 2788 2381 2),
2808 2327 2964 2382 quam
2981 2313 3106 2369 dicit
3124 2315 3396 2373 Possidius
3416 2320 3698 2379 instituendis

2169 2399 2431 2469 episcopis
2467 2400 2687 2472 aliisque
2717 2403 2968 2460 Ecclesiae
2999 2408 3254 2464 ministris
3291 2414 3529 2483 apprime
3561 2417 3699 2473 utilem

2169 2499 2222 2544 et
2263 2493 2635 2561 necessariam,
2664 2495 2732 2549 ob
2758 2495 2914 2566 idque
2940 2497 3038 2552 sibi
3077 2499 3270 2569 visum,
3298 2517 3438 2570 eam,
3477 2505 3586 2560 licet
3611 2507 3700 2563 lon-

2168 2583 2476 2652 giusculam,
2509 2585 2645 2640 Vita:
2686 2589 2856 2642 sancti
2885 2589 3132 2646 Praesulis
3161 2593 3400 2650 inserere
3426 2595 3700 2667 (Possidius,

2168 2673 2219 2725 in
2259 2672 2371 2727 Vita
2408 2675 2642 2746 August.,
2675 2694 2720 2730 c.
2754 2678 2866 2748 50).
2895 2678 3062 2736 Porro
3091 2681 3144 2737 id
3173 2683 3264 2739 ille
3288 2684 3340 2739 in
3365 2701 3429 2742 ea
3452 2687 3620 2756 docet,
3641 2689 3701 2745 fu-

2167 2777 2284 2833 gam
2316 2765 2577 2836 episcOpis
2604 2775 2714 2822 tum
2738 2767 2950 2823 demum
2980 2771 3174 2827 licitam
3211 2789 3361 2844 esse,
3397 2792 3510 2833 cum
3538 2781 3609 2836 vel
3630 2781 3703 2851 ipsi

2167 2855 2466 2925 specialiter
2493 2867 2819 2927 quaeruntur,
2848 2871 2902 2916 et
2940 2878 3035 2932 per
3070 2864 3204 2922 alios
3237 2869 3327 2937 qui
3367 2884 3468 2924 non
3504 2871 3570 2926 ita
3595 2887 3702 2942 quae

2167 2954 2376 3014 runtur,
2409 2955 2582 3016 potest
2609 2949 2814 3020 impleri
2856 2956 3212 3011 necessarium
3249 2957 3615 3028 ministerium;
3640 2965 3701 3018 vel

2167 3041 2389 3093 recessit
2414 3041 2659 3096 universa
2688 3043 2853 3112 plebs.
2884 3043 3081 3102 Ultimo
3110 3047 3233 3105 huic
3261 3053 3586 3122 approbando
3605 3071 3700 3126 quo-

2166 3129 2404 3184 rumdam
2452 3131 2806 3202 Hispanorum
2847 3137 3138 3193 antistitum
3173 3143 3472 3213 exemplum
3499 3146 3697 3210 adducit;

2130 3214 2335 3288 'primo
2378 3231 2554 3277 autem
2599 3224 2905 3293 Athanasii;
2947 3229 3034 3284 cui
3079 3240 3287 3300 poterat
3333 3243 3389 3290 et
3430 3236 3700 3310 Cyprianum

2163 3309 2452 3382 adjungere
2485 3331 2495 3367 :
2523 3313 2753 3385 demptis
2789 3328 2966 3374 autem
3006 3321 3212 3379 duabus
3247 3324 3394 3382 hisce
3429 3330 3698 3387 conditioni-

2163 3401 2279 3470 bus,
2311 3404 2605 3475 ignorantia
2635 3408 2745 3462 sola
2771 3421 2861 3464 aut
2881 3411 3084 3482 ignavia
3106 3414 3388 3486 clericum,
3413 3423 3699 3494 maximeque

2163 3497 2490 3568 episcopum,
2521 3499 2695 3556 induci
2727 3517 2904 3573 posse,
2937 3514 2993 3559 ut
3017 3509 3268 3579 populum
3301 3512 3583 3570 ministerio
3606 3531 3696 3583 suo,

2162 3601 2270 3657 quo
2294 3599 2529 3660 tempore
2562 3591 2894 3662 potissimum
2925 3611 2991 3652 eo
3019 3598 3239 3671 indiget,
3273 3602 3532 3661 desertum
3560 3608 3694 3677 patia-

2161 3686 2266 3734 tur.
2307 3679 2440 3746 Quia
2481 3697 2609 3738 vero
2650 3683 2716 3740 ab
2758 3685 2863 3740 alio
2896 3690 3124 3757 praesule
3157 3689 3333 3748 fuerat
3366 3696 3638 3765 objectum,
3663 3697 3695 3751 si

2159 3769 2402 3828 Christus
2428 3774 2482 3829 in
2504 3775 2580 3830 eis
2607 3779 3078 3847 persecutionibus,
3102 3782 3191 3837 ubi
3211 3794 3387 3855 potest
3410 3787 3590 3843 fructus
3605 3803 3695 3844 esse

2160 3867 2420 3938 martyrii,
2453 3866 2756 3938 fugiendum
2783 3874 3064 3942 praecepit;
3094 3875 3258 3931 multo
3280 3879 3448 3949 magis
3467 3879 3694 3950 fugiendas

2160 3972 2280 4014 esse
2309 3960 2580 4029 passiones
2619 3963 2857 4029 steriles,
2887 3967 3101 4036 quando
3129 3978 3211 4024 est
3245 3969 3541 4028 barbaricus
3561 3983 3605 4028 et
3623 3973 3694 4027 ho-

2161 4051 2296 4106 stilis
2323 4053 2563 4108 incursus
2595 4071 2606 4107 :
2634 4055 2923 4124 respondet
2950 4058 3305 4130 Augustinus,
3333 4079 3510 4120 verum
3535 4080 3631 4120 esse
3652 4063 3691 4118 id

2158 4146 2372 4216 quidem
2393 4147 2460 4204 de
2487 4147 2569 4203 his
2587 4164 2721 4220 quos
2748 4151 3092 4209 ecclesiastici
3114 4155 3269 4211 ofﬁcii
3298 4173 3404 4213 non
3433 4158 3692 4215 teneutvin-

2160 4241 2311 4308 cula;
2342 4257 2497 4298 secus
2526 4251 2704 4299 autem
2733 4243 2800 4299 de
2831 4245 2893 4300 iis
2922 4247 3010 4317 qui
3029 4289 3044 4315 ,
3071 4248 3213 4318 quod
3252 4250 3492 4306 ﬁdelibus
3517 4265 3689 4322 operam

2159 4347 2308 4386 suam
2346 4332 2607 4400 debeant,
2649 4345 2962 4403 remanent;
2994 4352 3086 4392 eos
3113 4338 3254 4393 enim
3281 4340 3545 4396 charitatis
3567 4341 3688 4410 hujus

2157 4423 2415 4480 beneﬁcio
2436 4425 2681 4480 meritum
2708 4425 3008 4482 illustrioris
3029 4431 3266 4502 martyrii
3288 4431 3387 4487 sibi
3408 4445 3678 4502 comparare,

2157 4530 2314 4586 quam
2345 4515 2389 4570 si
2417 4516 2704 4571 retinendae.
2735 4525 2936 4574 tantum
2968 4518 3089 4574 ﬁdei
3114 4535 3273 4576 causa
3311 4532 3604 4593 paterentur.
3631 4521 3685 4575 At

2157 4623 2276 4664 cum
2321 4609 2550 4678 ipsamet
2587 4609 2816 4666 charitas
2856 4611 3123 4668 videretur
3161 4613 3227 4669 ad
3272 4615 3325 4670 id
3370 4616 3685 4681 inducere,ut

2155 4712 2430 4775 optaretur
2453 4703 2582 4758 cleri
2613 4713 2813 4774 partem
2849 4704 3102 4776 aliquam,
3129 4723 3194 4763 ne
3220 4707 3467 4766 deessent
3488 4709 3566 4781 qui
3585 4720 3682 4763 era-

2153 4793 2401 4851 dentibus
2418 4795 2750 4852 barbaricum
2772 4797 3003 4854 furorem
3020 4800 3419 4870 opitularcntur,
3446 4801 3678 4862 secedere;

2153 4896 2336 4944 monet
2359 4903 2452 4943 eos
2471 4888 2560 4960 qui
2581 4897 2769 4959 sponte
2789 4889 3070 4946 consilium
3093 4891 3195 4949 hoc
3215 4903 3398 4950 essent
3414 4890 3678 4965 amplexari,

2154 4995 2222 5035 ne
2247 4979 2330 5035 vel
2359 4989 2673 5035 notarentur
2699 4981 2922 5051 ignavia,
2950 4983 3033 5038 vel
3069 4999 3177 5053 prae
3215 4984 3351 5053 aliis,
3385 4985 3568 5056 judicio
3587 4995 3678 5042 suo.

2152 5071 2320 5142 magis
2357 5070 2610 5126 Ecclesiae
2649 5073 2932 5128 necessarii
2976 5073 3300 5144 viderentur,
3345 5077 3562 5133 sortibus
3592 5085 3680 5128 rem

2151 5164 2481 5221 committere
2505 5179 2883 5236 possezneque
2928 5165 3028 5222 hoc
3063 5168 3157 5223 ulli
3197 5178 3539 5242 praeterquam
3566 5168 3681 5240 igna-

2150 5259 2226 5313 ris
2253 5258 2518 5329 culpatum
2562 5257 2656 5323 iri,
2687 5257 2928 5328 quamvis
2965 5274 3081 5316 eam
3111 5261 3369 5317 rationem
3408 5262 3569 5319 minus
3592 5257 3681 5314 usio

2152 5356 2315 5404 tatam
2359 5363 2480 5404 esse
2505 5346 2778 5404 fateretur.
2817 5350 3023 5404 Asserit
3066 5350 3384 5421 Augustinus
3404 5351 3530 5407 hanc
3549 5345 3681 5405 animi

2151 5440 2588 5512 magnitudinem,
2611 5455 2714 5512 qua
2738 5440 3018 5512 episcopus
3037 5456 3154 5497 cum
3181 5443 3338 5514 plebe
3355 5443 3449 5500 sibi
3469 5441 3680 5498 divinitus

2148 5534 2348 5590 credita
2378 5535 2570 5591 mediis
2596 5535 2652 5590 in
2679 5535 2928 5605 periculis
2956 5545 3277 5606 perseverat,
3304 5551 3408 5592 non
3436 5533 3678 5590 mundana

2147 5626 2447 5697 cupiditatis
2471 5627 2633 5693 fumo,
2656 5626 2750 5682 sed
2769 5626 2997 5683 celestis
3017 5627 3213 5681 amoris
3228 5626 3431 5682 ﬂamma
3450 5620 3672 5695 generari,

2146 5728 2201 5773 et
2221 5733 2454 5774 amorem
2480 5717 2619 5774 hunc
2643 5733 2674 5774 a
2696 5719 2804 5775 Deo
2829 5717 3108 5788 proﬁcisci,
3142 5734 3340 5774 necnon
3367 5719 3432 5774 ab
3456 5719 3557 5787 ipso
3573 5726 3673 5784 pre'

2144 5812 2292 5870 cibus
2312 5828 2429 5871 esse
2445 5812 2853 5886 etllagitandum.
2877 5811 3085 5868 Oremus
3099 5829 3234 5884 ergo,
3253 5812 3344 5879 ait,
3362 5820 3415 5865 ut
3431 5809 3488 5863 ab
3503 5807 3580 5862 illo
3596 5802 3670 5856 de-

3813 3761 3838 3856 ξ,
