3858 6416
255 381 318 439 δσι
811 361 821 367 ’
1014 350 1017 352 ’
1099 351 1102 355 ’
1559 383 1759 442 LIBER

1868 385 1970 443 ITA
1981 389 2019 445 V
2027 388 2125 447 DS.

251 497 846 569 tuaquojubeturwpist.
864 495 989 563 228,
1007 513 1060 551 n.
1076 495 1150 567 7).
1168 494 1279 550 Hoc
1291 496 1501 553 demum
1516 498 1661 554 addit
1677 515 1772 570 pro

248 589 464 652 coronide,
493 590 772 644 consilium
805 590 856 643 in
885 588 970 643 his
997 587 1388 644 calamitatibus
1417 590 1615 644 nullum
1644 605 1773 646 con-

249 681 473 739 ducibilius
497 680 755 750 relinqui,
787 695 944 751 quam
973 689 1030 734 ut
1056 679 1388 751 confugiatur
1423 681 1488 736 ad
1519 683 1771 739 orationis

249 773 517 846 prasidium,
540 781 696 842 atque
717 772 913 827 obnixe
932 771 1108 827 divina
1129 772 1411 827 clementia
1437 773 1767 843 impleretur.

248 868 370 923 Porro
393 880 452 920 ex
488 863 583 918 hac
623 865 848 934 epistola
880 863 1117 934 judicare
1154 873 1256 931 est,
1283 863 1552 919 Calamam
1581 867 1768 922 urbem

245 959 431 1027 aliasque
458 957 755 1025 complures
781 972 809 1010 a
837 956 1040 1011 civibus
1066 957 1284 1011 omnino
1319 957 1559 1012 desertas
1586 973 1648 1014 ac
1673 958 1768 1014 de-

245 1051 391 1106 solatas
431 1049 620 1115 fuisse;
665 1049 880 1120 quando
920 1049 1213 1114 Possidius,
1249 1051 1336 1119 qui
1381 1051 1448 1106 ab
1489 1053 1768 1122 Augustini

244 1144 481 1208 sententia,
512 1157 667 1213 quam
711 1151 792 1198 tot
828 1143 1094 1213 tantisque
1130 1142 1373 1197 laudibus
1408 1145 1762 1213 prosequitur,

247 1235 462 1292 discedere
489 1251 760 1306 nunquam
786 1235 840 1290 in
869 1236 1106 1290 animum
1133 1234 1445 1302 induxisset,
1471 1250 1589 1290 sese
1610 1242 1768 1305 atque

247 1328 338 1381 alios
360 1326 594 1380 ﬁnitimos
620 1326 883 1382 antistites
905 1326 1199 1396 Hipponem
1227 1325 1520 1395 perfugisse
1545 1334 1768 1381 testatur

245 1417 494 1489 (Possidius,
516 1420 569 1474 in
597 1417 716 1472 Vita
745 1419 982 1490 August.,
1014 1435 1061 1472 c.
1092 1417 1206 1487 28).

781 1508 1006 1565 CAPUT
1045 1509 1137 1563 IX.

246 1607 263 1659 l
287 1603 491 1659 Ultimum
516 1620 640 1673 opus
660 1604 712 1656 in
731 1602 998 1656 lulianum
1024 1611 1226 1656 sanctus
1241 1600 1430 1656 Doctor
1453 1603 1762 1673 aggreditur.

291 1695 401 1749 21a
449 1694 745 1766 colloquium
793 1694 924 1747 venit
975 1709 1088 1746 cum
1136 1692 1418 1746 Maximino
1464 1693 1768 1747 Arianorum

291 1789 506 1858 episcopo,
532 1803 676 1856 quem
707 1795 755 1839 et
793 1785 938 1839 editis
973 1784 1110 1839 libris
1143 1785 1389 1854 confutat.
1423 1786 1455 1838 5
1483 1785 1766 1838 Maximum

294 1881 341 1932 ab
361 1879 526 1932 Ariona
549 1877 730 1931 haeresi
753 1891 1046 1930 conversum
1065 1875 1381 1940 adhortatur,
1407 1884 1459 1928 ut
1479 1893 1594 1929 suos
1615 1876 1767 1929 alios-

297 1987 372 2040 que
392 1969 540 2022 eodem
567 1983 741 2021 errore
761 1967 1046 2037 implicatos
1070 1967 1138 2019 ad
1164 1965 1463 2020 catholicam
1498 1967 1648 2036 ﬁdem
1681 1967 1768 2019 ad-

303 2062 448 2115 ducere
490 2058 698 2113 studeat.
747 2059 782 2112 4
830 2056 1037 2127 Βειειιὶι
1089 2055 1383 2111 Sermonem
1437 2058 1760 2110 Arianorum.

296 2153 324 2206 5
345 2149 625 2217 Colloquium
666 2164 782 2200 cum
831 2145 1099 2200 Pasccntio
1146 2145 1304 2199 eidem
1344 2146 1548 2199 Ariona:
1590 2147 1766 2200 hwresi

293 2242 457 2295 addicto
479 2242 672 2309 scriptis
697 2240 767 2293 ad
791 2239 1017 2293 eumdem
1044 2239 1223 2292 litteris
1245 2239 1463 2309 ettulgat.
1498 2239 1531 2294 6
1559 2239 1764 2310 Elpidio

291 2337 330 2388 in
351 2336 437 2402 ﬁde
464 2333 718 2387 Trinitatis
742 2333 929 2387 erranti
955 2330 1197 2385 rescribit.

291 2426 331 2479 l.
353 2425 402 2480 In
429 2425 509 2478 illa
535 2425 696 2478 totius
735 2422 930 2477 Africa:
955 2422 1280 2488 vastatione,
1310 2421 1438 2476 dum
1467 2437 1532 2477 eo
1563 2428 1764 2478 tantum

211 2516 546 2572 incumberent
584 2515 825 2586 plerique
849 2530 1034 2569 omnes
1055 2555 1070 2579 ,
1097 2523 1157 2568 ut
1183 2514 1265 2568 vel
1293 2515 1475 2584 patriae
1500 2514 1766 2570 laboranti

205 2624 352 2679 opem
382 2609 595 2675 ferrent,
633 2608 719 2663 vel
759 2621 876 2662 sese
901 2607 1092 2662 saltem
1122 2605 1389 2676 eriperent
1413 2608 1480 2662 ab
1510 2607 1762 2673 interitu;

209 2712 406 2757 sanctus
436 2702 671 2756 Antistes
703 2699 998 2754 institutum
1035 2697 1376 2752 nihilominus
1399 2713 1553 2753 suum
1581 2701 1633 2753 in
1666 2699 1762 2754 ad-

183 2793 411 2862 juvanda
437 2793 697 2850 continuis
718 2792 828 2846 suis
849 2790 1119 2847 .aboribus
1143 2790 1397 2856 Ecclesia,
1424 2805 1763 2860 propugnan-

193 2885 361 2956 daque
378 2885 623 2941 adversus
650 2884 794 2938 illius
819 2883 1000 2939 hostes
1024 2883 1246 2938 veritate
1273 2897 1336 2937 ac
1367 2881 1489 2950 fide,
1517 2890 1767 2937 constan-

195 2985 292 3032 Ier
309 2978 517 3033 tenebat.
540 2975 658 3032 1am
687 2985 810 3032 ante
836 2976 1171 3030 observatum
1199 2975 1352 3030 nobis
1377 2983 1477 3043 est,
1502 2977 1713 3045 scriptis
1732 2991 1764 3032 a

181 3067 392 3125 Juliano
431 3071 479 3124 in
526 3072 756 3139 primum
800 3067 1076 3137 Augustini
1118 3066 1312 3121 librum
1351 3065 1418 3121 de
1464 3066 1671 3136 Nuptiis
1708 3076 1765 3123 et

185 3157 612 3230 (nucupiscentia
657 3167 887 3229 quatuor
925 3157 1109 3224 libris,
1142 3165 1392 3227 excerpta
1421 3157 1663 3228 quaedam
1696 3174 1762 3213 ex

185 3247 392 3304 illorum
427 3252 593 3321 primo
629 3259 870 3304 sanctum
916 3248 1195 3304 Doctorem
1237 3263 1335 3302 suo
1375 3247 1443 3303 de
1476 3247 1682 3318 Nuptiis
1710 3257 1766 3304 et

171 3339 616 3414 (Ioneupiscentia
645 3341 879 3397 secundo
905 3341 1202 3407 refutasse;
1232 3356 1294 3395 ac
1327 3350 1510 3411 postea
1539 3350 1764 3413 quatuor

171 3432 312 3490 illos
329 3436 545 3508 integros
570 3436 843 3504 adeptum,
868 3443 1052 3490 contra
1079 3433 1296 3489 eosdem
1324 3433 1481 3488 simul
1505 3434 1764 3504 prolixius

181 3539 348 3594 mpus,
386 3529 526 3597 cujus
564 3526 840 3596 inscriptio
882 3525 938 3579 in
965 3524 1470 3579 ‘Retractationibus
1513 3540 1617 3579 non
1659 3526 1763 3581 alia

167 3617 392 3690 legitur,
415 3622 511 3676 nisi
536 3639 548 3673 :
576 3621 766 3675 Contra
793 3619 1057 3673 Julianum
1085 3618 1202 3673 libri
1220 3635 1327 3685 sex,
1355 3618 1604 3673 edidisse.
1628 3619 1760 3690 Aly-

159 3710 313 3778 jpius
347 3711 523 3766 librum
566 3711 635 3766 de
670 3710 876 3781 Nuptiis
913 3719 964 3764 et
997 3709 1431 3778 Concupiscentia
1468 3709 1760 3764 secundum

137 3798 300 3868 __jam
327 3802 433 3857 inde
456 3801 522 3856 ab
560 3816 703 3856 anno
729 3799 1249 3870 quadringentesimo
1275 3799 1530 3868 vigesimo
1557 3801 1755 3869 primo,

151 3903 430 3956 --quantum
474 3893 781 3962 conjectura
827 3891 980 3946 nobis
1024 3891 1146 3946 licet
1189 3893 1436 3961 assequi,
1482 3906 1660 3946 secum
1706 3893 1760 3948 in

217 3973 388 4037 italiam
410 3985 540 4039 tulit.
565 3984 680 4039 Hoc
707 3991 884 4038 autem
907 3982 1126 4037 adortus
1148 3991 1228 4036 est
1248 3990 1508 4036 maturata
1533 3997 1757 4052 respon-

230 4067 342 4128 sione
364 4075 614 4139 lulianus.
647 4091 769 4130 cum
808 4089 900 4130 sex
942 4073 1138 4137 libros,
1185 4073 1377 4144 quibus
1415 4083 1641 4143 quatuor
1678 4075 1759 4129 sui

60 2487 72 2730 ὲ

60 2731 72 2864 l

60 2889 70 3000 ξ

239 4159 397 4220 refutati
419 4167 481 4221 ab
504 4165 801 4237 Augustino
831 4164 1058 4229 fuerant,
1091 4163 1314 4218 necdum
1338 4164 1574 4234 cognitos
1597 4163 1760 4218 habe-

234 4259 322 4316 ret;
345 4256 748 4327 quandoquidem
776 4270 841 4308 an
869 4269 962 4309 eos
983 4255 1304 4323 Augustinus
1333 4253 1565 4322 legisset,
1594 4253 1762 4307 addu-

236 4335 339 4398 bitat
371 4346 565 4418 (Operis
601 4347 882 4418 imperfecti
928 4346 1015 4400 lib.
1061 4346 1115 4412 4,
1155 4362 1208 4398 η.
1249 4344 1380 4415 58).
1419 4344 1522 4399 Ista
1563 4344 1758 4399 Juliani

230 4440 454 4503 msponsio
475 4441 619 4495 libris
650 4449 774 4494 octo
799 4438 1075 4492 constabat
1102 4437 1153 4490 in
1184 4437 1374 4506 quibus
1397 4445 1510 4490 erat
1540 4436 1628 4492 ille
1662 4453 1758 4491 va-

227 4524 420 4586 sabunda
444 4531 755 4602 loquacitate
780 4543 888 4583 non
909 4527 1173 4598 copiosus,
1197 4527 1290 4581 sed
1312 4526 1527 4581 odiosus
1547 4528 1644 4593 eis,
1669 4530 1759 4599 qui

228 4612 355 4672 rebus
377 4619 686 4676 inhaerentes
717 4616 982 4689 superﬂua
1017 4617 1174 4672 verba
1207 4626 1551 4673 contemnunt
1574 4617 1756 4690 (lbid.,

231 4698 592 4782 116.5,η.20).
627 4711 684 4766 In
718 4711 821 4765 hoc
860 4709 992 4764 scite
1020 4709 1345 4778 Augustinus
1386 4711 1615 4779 jocatur,
1659 4711 1759 4764 ait-

226 4802 306 4859 ‘lue
333 4800 490 4870 illum,
535 4801 796 4872 siquidem
826 4799 999 4857 eidem
1039 4800 1143 4854 viae
1179 4800 1422 4855 insistere
1450 4800 1755 4868 constituit,

223 4891 589 4958 amplius'mille
628 4892 930 4958 volumina,
977 4901 1032 4946 ut
1066 4905 1162 4945 sex
1201 4891 1314 4945 suis
1353 4890 1538 4956 libris,
1569 4891 1759 4961 quibus

225 4968 335 5036 illius”
365 4993 578 5053 quatuor
612 4981 934 5047 confutavit,
979 4980 1326 5052 respondeat,
1372 4982 1520 5036 nullo
1550 4983 1761 5051 negotio

67 5074 80 5134 ἶ
225 5076 352 5132 Posse
386 5078 640 5133 conﬁcere
687 5075 881 5150 (lbid.,
926 5075 1013 5130 lib.
1056 5077 1118 5141 1,
1149 5093 1202 5129 η.
1235 5076 1335 5141 54;
1369 5075 1455 5130 lib.
1487 5077 1552 5144 4,
1580 5093 1633 5129 n.
1662 5074 1756 5150 5).

60 5152 74 5258 ί
224 5152 366 5258 mrito
395 5177 558 5226 tamen
585 5172 764 5225 minus
800 5179 1055 5239 perpetuo
1098 5169 1370 5224 brevitatis
1407 5168 1636 5223 studium
1671 5169 1757 5239 ja-

71 5251 74 5254 ’
223 5251 384 5324 clabat,
405 5259 615 5329 perinde
643 5275 706 5315 ac
730 5259 775 5314 si
802 5259 984 5327 multa,
1007 5275 1126 5329 qua:
1158 5259 1416 5330 potuisset
1449 5258 1753 5329 adjungere,

223 5343 498 5405 “licuisset.
536 5350 670 5405 Hinc
708 5349 780 5404 illi
820 5351 1143 5420 Augustinus
1187 5368 1199 5403 :
1242 5348 1366 5404 Ideo
1404 5359 1578 5402 contra
1605 5365 1760 5402 unum

225 5425 376 5494 “mn
399 5459 554 5497 meum
589 5445 740 5498 libros
781 5452 893 5496 octo
935 5443 1212 5514 scripsisti,
1241 5443 1357 5512 quia
1396 5459 1482 5513 per
1505 5453 1591 5496 tua
1619 5459 1758 5496 cont-

225 5531 380 5588 Ma
414 5535 664 5590 dialectica
708 5535 798 5588 diu
840 5534 1096 5605 disputare
1134 5535 1335 5588 noluisti
1377 5534 1560 5607 (Ibid.,
1589 5535 1674 5588 lib.
1705 5535 1756 5606 1,

223 5626 274 5670 ³ο
307 5625 426 5697 δι).
482 5629 584 5686 Sed
639 5645 710 5685 ne
753 5630 945 5685 librum
1001 5627 1210 5698 quidem
1261 5629 1533 5698 Augustini
1595 5636 1758 5682 totum

224 5717 328 5770 οαο
371 5722 470 5776 suis
519 5731 785 5794 oppugnat
827 5721 1026 5794 (Ibid.,
1072 5723 1158 5776 lib.
1213 5723 1278 5789 2,
1331 5741 1385 5777 η.
1433 5722 1604 5793 127);
1655 5724 1760 5779 imo

223 5803 393 5865 luIllam
429 5813 537 5885 ejus
579 5825 781 5886 partem
830 5813 1114 5881 refellens,
1165 5815 1249 5871 vix
1296 5815 1502 5870 tertiam
1553 5815 1761 5886 attingit

60 6027 100 6315 t

3301 317 3332 323 -.ν
3356 313 3386 323 ιο

3355 401 3460 461 562

1877 499 2062 573 (lbid.,
2085 501 2170 556 lib.
2190 503 2244 571 4,
2267 520 2319 557 n.
2341 503 2418 577 5).
2442 503 2641 562 Horum
2680 524 2772 566 sex
2811 511 2865 566 in
2895 511 3275 584 Augustiniana
3309 520 3456 575 refu-

1876 595 2074 650 talione
2102 596 2458 662 continentur,
2482 598 2535 653 in
2565 601 2755 670 quibus
2779 603 3080 661 Catholicos
3107 608 3187 662 vis
3217 626 3450 681 unquam

1874 686 2028 742 aliter
2065 689 2331 771 nomipat,
2357 707 2514 762 quam
2544 691 2903 751 Traducianos
2928 708 2980 752 et
3005 699 3321 757 Manichaeos
3343 744 3360 771 ,
3389 719 3456 761 ac

1873 777 2104 835 maxime
2127 789 2367 836 sanctum
2396 783 2722 852 Antistitem,
2752 802 2908 856 quem
2946 789 3055 844 illic
3082 807 3289 864 quoque
3319 795 3454 851 Tra-

1873 876 2130 925 ctatorem
2167 870 2388 926 Ptenum
2428 873 2645 941 vocitat,
2678 876 2925 946 Alypium
2956 888 3132 933 autem
3166 881 3453 941 Vernulam

1873 969 2209 1028 peccatorum
2244 963 2523 1034 Augustini
2564 965 2765 1038 (Ibid.,
2817 968 2902 1022 lib.
2946 971 2998 1037 1,
3041 987 3092 1024 η.
3123 970 3216 1042 7).
3260 975 3453 1032 Verum

1872 1053 2109 1107 convicia
2140 1053 2224 1108 illa
2252 1055 2402 1110 nihili
2432 1057 2564 1125 sibi,
2601 1058 2685 1113 vel
2732 1060 2907 1129 potius
2954 1063 3126 1133 magni
3177 1066 3455 1134 pendenda

1872 1151 2021 1213 putat
2057 1146 2413 1216 Augustinus;
2450 1149 2567 1219 quia
2603 1151 2802 1220 quando
2839 1169 2931 1222 pro
2967 1153 3256 1223 defensione
3279 1159 3455 1212 catho-

1873 1233 1984 1288 licte
2001 1235 2121 1303 ﬁdei
2140 1238 2202 1290 ab
2218 1237 2461 1292 htereticis
2481 1241 2807 1295 contumelias
2827 1242 3000 1309 audio,
3026 1244 3211 1314 inquit,
3232 1263 3322 1315 pro
3343 1249 3457 1301 lau-

1871 1325 2016 1381 dibus
2044 1327 2198 1382 habeo
2225 1327 2408 1400 (Ibid.,
2438 1329 2523 1387 lib.
2554 1331 2607 1398 5,
2631 1347 2743 1402 cap.
2773 1332 2882 1404 18).
2904 1332 3143 1390 Julianus
3166 1351 3297 1404 opus
3323 1338 3455 1394 illud

1871 1435 2025 1474 suum
2056 1421 2298 1476 inscribit
2336 1421 2525 1490 Floro,
2556 1424 2694 1478 inter
2724 1424 3021 1495 Pelagianae
3061 1426 3298 1482 factionis
3337 1432 3453 1500 epi-

1871 1526 2061 1581 scopos
2102 1512 2334 1576 celebri,
2377 1512 2527 1583 cujus
2568 1521 2755 1584 rogatu
2794 1514 2877 1568 vel
2926 1517 3100 1586 potius
3143 1520 3456 1576 auctoritate

1871 1612 2091 1672 paterna
2132 1602 2416 1659 adductum
2463 1618 2522 1659 se
2562 1604 2846 1674 praedicat,
2892 1614 2950 1660 ut
2991 1607 3154 1662 misso
3197 1608 3456 1667 brevioris

1870 1695 2048 1766 operis
2075 1695 2298 1750 consilio
2323 1711 2570 1766 magnum
2611 1697 2712 1751 hoc
2739 1697 3034 1767 susciperet
3063 1698 3245 1770 (Ibid.,
3275 1701 3362 1754 lib.
3396 1703 3455 1769 1,

1869 1803 1960 1840 nn.
1990 1785 2045 1850 2,
2070 1784 2148 1858 7).
2181 1787 2249 1842 Et
2272 1787 2377 1841 alio
2406 1788 2525 1842 loco
2556 1786 2685 1842 illud
2714 1789 2893 1843 oneris
2921 1789 3020 1843 sibi
3047 1805 3077 1843 a
3103 1791 3298 1846 sanctis
3324 1793 3455 1848 viris

1871 1888 1926 1934 et
1961 1879 2077 1948 ejus
2121 1880 2372 1949 temporis
2413 1879 2836 1950 confessoribus,
2875 1881 2976 1937 hoc
3014 1892 3128 1948 est,
3161 1884 3228 1937 ab
3260 1885 3324 1939 iis
3361 1886 3453 1956 qui

1870 1973 2134 2043 Pelagiani
2165 1973 2428 2044 dogmatis
2451 1989 2608 2029 causa
2630 1975 2799 2028 solum
2821 1983 3030 2030 vertere
3049 1975 3181 2044 jussi
3211 1975 3450 2044 fuerant,

1870 2064 2172 2134 impositum
2195 2065 2360 2134 jactat
2389 2064 2571 2137 (Ibid.,
2591 2067 2677 2120 lib.
2703 2068 2755 2133 1,
2780 2085 2832 2120 η.
2857 2066 2969 2140 51).
3001 2069 3141 2122 Duos
3173 2070 3453 2127 Retracta—

1871 2154 2070 2208 tionum
2099 2155 2266 2210 libros
2296 2155 2405 2225 jam
2446 2156 2745 2212 absolverat
2782 2159 3133 2228 Augustinus,
3163 2176 3283 2215 cum
3311 2163 3452 2218 idem

1870 2245 1999 2299 illud
2025 2260 2158 2315 opus
2185 2247 2360 2302 videre
2388 2248 2489 2302 sibi
2518 2249 2755 2319 contigit.
2783 2249 2986 2319 Nempe
3023 2252 3242 2321 Alypius
3271 2255 3370 2310 sub
3397 2257 3454 2311 id

1872 2337 2125 2406 temporis
2153 2337 2311 2392 tertio
2350 2339 2573 2393 Romam
2612 2339 2902 2409 profectus,
2932 2341 3058 2395 illud
3103 2342 3174 2396 ibi
3212 2358 3332 2398 cum
3363 2360 3453 2398 ae-

1869 2428 2132 2497 cepisset,
2173 2429 2406 2484 nondnm
2450 2439 2614 2486 totum
2644 2432 3033 2502 descripserat,
3061 2450 3182 2490 cum
3221 2437 3452 2493 oblatam

1871 2519 2203 2575 occasionem
2250 2521 2418 2575 noluit
2466 2523 2765 2591 praeterire,
2813 2539 2908 2592 per
2952 2540 3110 2595 quam
3158 2527 3454 2597 Augustino

1871 2609 2100 2679 quinque
2147 2610 2386 2680 ejusdem
2429 2612 2606 2681 operis
2645 2612 2808 2666 libros
2851 2612 3167 2670 deferendos
3208 2618 3451 2686 curavit,

1867 2699 2183 2769 promittens
2206 2702 2339 2756 alios
2363 2711 2468 2756 tres
2495 2702 2600 2756 cito
2627 2718 2685 2757 se
2713 2718 2833 2758 esse
2860 2706 3166 2772 missurum,
3194 2707 3451 2761 multum-

1868 2805 1972 2861 que
1997 2791 2200 2847 instans
2227 2808 2291 2846 ne
2311 2793 2636 2861 respondere
2665 2793 2899 2848 differret
2925 2794 3112 2866 (Epist.
3141 2797 3264 2863 224,
3292 2815 3343 2851 n.
3368 2797 3449 2869 2).

1870 2879 2201 2937 Revocandis
2228 2882 2294 2937 ad
2335 2897 2560 2938 examen
2591 2883 2844 2954 Epistolis
2874 2900 2938 2941 ac
2966 2885 3311 2942 Sermonibus
3339 2891 3453 2944 suis

1869 2982 1995 3030 tunc
2025 2990 2239 3044 operam
2271 2975 2430 3030 dabat
2457 2985 2669 3030 sanctus
2711 2977 2923 3044 Doctor,
2957 2987 3010 3032 et
3052 2979 3305 3047 plurimas
3334 2980 3453 3051 epi-

1868 3069 2121 3123 stolarum
2144 3067 2252 3137 jam
2279 3068 2498 3138 legerat,
2528 3068 2739 3122 tametsi
2775 3067 2905 3123 nihil
2934 3069 3108 3124 adhuc
3132 3069 3256 3126 inde
3281 3071 3452 3126 dicta-

1867 3168 2038 3224 verat,
2065 3173 2185 3213 cum
2217 3173 2336 3212 eum
2375 3159 2532 3212 etiam
2573 3158 2658 3212 isti
2687 3158 2880 3212 Juliani
2911 3158 3032 3213 libri
3063 3174 3321 3231 occupare
3344 3177 3454 3218 coa-

1868 3259 2078 3321 perunt.
2110 3250 2178 3303 At
2197 3264 2316 3304 cum
2334 3263 2552 3317 Operum
2575 3263 2789 3302 suorum
2810 3249 3223 3319 recognitionem
3241 3251 3452 3321 gravio-

1868 3342 1943 3396 ris
1962 3341 2181 3396 duceret
2196 3340 2547 3405 nccessitatis,
2567 3354 2725 3410 quam
2747 3347 2803 3393 ut
2819 3339 3131 3395 dimittenda
3152 3340 3453 3408 videretur;

1867 3432 2073 3488 duobus
2105 3431 2249 3486 hisce
2292 3431 2592 3496 laboribus,
2633 3438 2692 3484 ut
2729 3430 2840 3500 jam
2885 3430 3258 3499 observatum,
3285 3432 3452 3486 otium

1868 3541 2020 3581 suum
2051 3525 2122 3578 ita
2163 3525 2384 3593 partitus
2426 3529 2540 3588 est,
2584 3531 2640 3576 ut
2683 3523 2774 3576 uni
2811 3523 3074 3588 interdiu,
3102 3523 3253 3578 alteri
3294 3532 3453 3580 nocte

1867 3615 2214 3669 incumberet.
2244 3614 2374 3669 Alite
2397 3622 2574 3668 tamen
2598 3614 3031 3682 supervenientes
3055 3629 3196 3668 cura:
3216 3614 3334 3684 ejus
3358 3631 3456 3685 ge-

1867 3707 2011 3762 neris
2053 3720 2115 3760 ac
2161 3705 2447 3770 momenti,
2495 3713 2552 3758 ut
2595 3719 2688 3759 eas
2733 3705 3002 3774 negligere
3051 3704 3454 3776 haudquaquam

1866 3807 2067 3870 posset,
2100 3799 2271 3868 ipsum
2300 3797 2365 3852 ab
2390 3813 2454 3852 eo
2481 3797 2620 3867 quod
2649 3796 2877 3850 habebat
2903 3797 2954 3850 in
2985 3797 3228 3852 manibus
3248 3808 3455 3854 averte-

1865 3898 2007 3945 runt.
2036 3889 2246 3943 Juliauo
2277 3904 2396 3943 cum
2437 3889 2488 3941 in
2530 3886 2742 3941 modum
2770 3886 3142 3958 respondebat,
3185 3897 3241 3942 ut
3279 3889 3452 3957 primo

1866 3979 2104 4035 haeretici
2136 3980 2271 4034 illius
2305 3987 2506 4034 textum
2537 3977 2843 4043 exhiberet,
2868 3977 3060 4033 deinde
3085 3993 3202 4048 quae
3238 3978 3303 4033 ad
3327 3995 3452 4034 eum

1865 4071 2243 4128 revincendum
2272 4070 2578 4124 viderentur
2599 4069 2867 4138 apposita,
2901 4069 3243 4138 subjungeret
3264 4067 3447 4139 (Ibid.,

1865 4182 1918 4220 n.
1965 4167 2042 4234 1).
2084 4164 2208 4218 Haec
2251 4163 2384 4217 ratio
2411 4178 2530 4216 eum
2562 4162 2626 4214 ad
2666 4161 2903 4215 iteranda
2929 4159 3118 4216 crebro
3145 4161 3332 4215 eadem
3363 4177 3450 4216 reo

1866 4270 2062 4326 sponsa
2091 4253 2366 4324 adigebat,
2399 4267 2463 4306 eo
2488 4251 2626 4322 quod
2652 4251 2892 4306 Julianus
2916 4252 2966 4305 in
2996 4250 3321 4306 inculcandis
3361 4252 3450 4304 iis-

1866 4349 1986 4404 dem
2013 4349 2282 4404 erroribus
2313 4355 2593 4418 perpetuus
2622 4355 2762 4401 esset
2788 4364 2798 4398 :
2824 4346 2917 4400 sed
2948 4345 3175 4400 malebat
3203 4345 3296 4398 Vir
3321 4359 3447 4398 san-

1867 4453 1984 4498 ctus
2013 4443 2229 4497 nimiam
2259 4455 2408 4495 suam
2438 4438 2761 4511 diligentiam
2798 4453 2826 4490 a
2857 4437 3200 4492 celerioribus
3225 4435 3448 4506 ingeniis

1865 4535 1966 4590 sibi
1994 4533 2304 4598 condonari,
2337 4547 2492 4601 quam
2523 4546 2551 4584 a
2585 4529 2917 4584 tardiusculis
2945 4529 3012 4582 de
3040 4528 3273 4596 neglecta
3305 4527 3448 4596 ipso-

1869 4643 1983 4682 rum
2033 4626 2275 4681 tardilate
2320 4639 2499 4678 secum
2542 4621 2862 4692 expostulari
2906 4620 3122 4693 (Opem
3166 4620 3447 4690 imperfecti

1867 4718 1954 4772 lib.
1979 4718 2028 4782 6,
2069 4734 2121 4769 n.
2153 4715 2262 4787 17).
2289 4714 2334 4768 ls
2373 4722 2548 4768 autem
2578 4713 2647 4766 ibi
2689 4712 2960 4765 historiam
2990 4710 3126 4765 hanc
3154 4710 3438 4764 observatu

1865 4809 2083 4863 minime
2112 4807 2377 4875 indignam
2405 4803 2568 4859 refert
2597 4821 2608 4856 :
2637 4803 2762 4856 Erat
2788 4804 2926 4872 apud
2953 4819 3061 4867 nos,
3093 4803 3280 4872 inquit,
3311 4803 3449 4855 Aca-

1866 4901 1964 4952 tius
1984 4897 2185 4968 quidam
2211 4896 2418 4949 honesto
2444 4895 2582 4965 apud
2611 4911 2727 4949 suos
2747 4902 2885 4947 ortus
2907 4894 3016 4947 loco
3047 4909 3062 4946 :
3083 4892 3268 4947 clausis
3289 4896 3449 4951 oculis

1866 4999 2037 5042 natum
2061 5003 2113 5040 se
2147 5002 2251 5040 esse
2275 4987 2498 5049 dicebat;
2523 4985 2610 5039 sed
2636 4985 2755 5054 quia
2781 4984 2916 5038 intus
2941 4983 3053 5037 sani
3079 4983 3331 5054 palpebris
3363 5002 3446 5038 σοι

1867 5077 2164 5134 lavrentibus
2190 5093 2290 5130 non
2321 5077 2574 5146 patebant,
2597 5075 2845 5128 medicum
2875 5090 2958 5128 eos
2981 5075 3117 5144 [erro
3139 5075 3333 5144 aperire
3356 5091 3444 5128 vo-

1867 5171 2038 5234 luisse,
2071 5185 2230 5239 neque
2256 5167 2350 5220 hoc
2388 5167 2671 5239 permisisse
2703 5166 2989 5236 religiosam
3028 5175 3238 5220 matrem
3267 5183 3446 5234 suam,

1865 5264 1951 5318 sed
1985 5262 2039 5316 id
2078 5262 2297 5329 effecisse
2323 5261 2556 5332 imposito
2596 5276 2658 5314 ea:
2695 5257 3015 5312 Eucharistia
3053 5262 3445 5327 cataplasmate,

1867 5373 1976 5409 cum
1996 5358 2109 5426 jam
2134 5371 2256 5426 puer
2278 5354 2493 5425 quinque
2516 5357 2625 5423 fere
2648 5360 2734 5404 aut
2763 5351 2979 5421 amplius
3003 5359 3128 5404 esset
3160 5365 3445 5410 annorum;

1868 5445 2005 5499 unde
2039 5445 2132 5499 hoc
2168 5461 2220 5498 se
2253 5445 2374 5498 satis
2402 5442 2684 5496 meminisse
2707 5440 2941 5494 narrabat
2969 5437 3166 5510 (Ibid.,
3185 5437 3270 5490 lib.
3296 5437 3358 5497 5,
3386 5451 3440 5486 η.

1867 5537 2014 5609 462).
2057 5538 2190 5592 Huic
2217 5538 2268 5591 in
2297 5537 2562 5592 lulianum
2594 5534 2740 5604 operi
2779 5541 2992 5587 sanctus
3036 5530 3229 5584 Doctor
3252 5524 3318 5578 ad
3344 5539 3441 5577 ex-

1869 5638 2090 5684 tremam
2117 5643 2284 5699 usque
2308 5627 2466 5682 vitam
2489 5641 2704 5697 operam
2726 5623 2952 5686 navavit,
2981 5620 3063 5673 cui
3087 5615 3258 5670 adhuc
3278 5614 3443 5665 insta-

1864 5724 1956 5778 bat
1995 5723 2048 5775 in
2089 5724 2221 5777 urbe
2264 5721 2503 5791 Hippone
2544 5719 2652 5788 jam
2697 5733 2726 5771 a
2766 5712 3012 5769 Vandalis
3058 5708 3304 5767 obsessa;
3344 5703 3440 5756 sed

1868 5822 2039 5871 morte
2063 5823 2347 5883 occupatus
2369 5854 2382 5880 ,
2417 5812 2554 5867 idem
2590 5823 2723 5879 opus
2750 5801 3108 5873 imperfectum
3140 5797 3440 5865 relinquere
