  <div class='ocr_page' id='page_1' title='image "/cluster/home/n/w/nwhite01/storage/ocr_20150623/32/uva.x000669813/291.png"; bbox 0 0 3880 6404; ppageno 0'>
   <div class='ocr_carea' id='block_1_1' title="bbox 548 419 654 478">
    <p class='ocr_par' dir='ltr' id='par_1_1' title="bbox 548 419 654 478">
     <span class='ocr_line' id='line_1_1' title="bbox 548 419 654 478; baseline -0.019 0"><span class='ocrx_word' id='word_1_1' title='bbox 548 419 654 478; x_wconf 76' lang='lat'><strong>565</strong></span> 
     </span>
    </p>
   </div>
   <div class='ocr_carea' id='block_1_2' title="bbox 504 539 2127 614">
    <p class='ocr_par' dir='ltr' id='par_1_2' title="bbox 504 539 2127 614">
     <span class='ocr_line' id='line_1_2' title="bbox 504 539 2127 614; baseline -0.002 -15"><span class='ocrx_word' id='word_1_2' title='bbox 504 541 519 567; x_wconf 59' lang='grc' dir='ltr'><em>ί</em></span> <span class='ocrx_word' id='word_1_3' title='bbox 545 552 760 599; x_wconf 88' lang='lat' dir='ltr'><strong>coactus</strong></span> <span class='ocrx_word' id='word_1_4' title='bbox 802 552 883 599; x_wconf 91' lang='lat' dir='ltr'><strong>est</strong></span> <span class='ocrx_word' id='word_1_5' title='bbox 927 540 1198 614; x_wconf 79' lang='lat' dir='ltr'><strong>(Prosper,</strong></span> <span class='ocrx_word' id='word_1_6' title='bbox 1239 544 1291 595; x_wconf 84' lang='lat' dir='ltr'><strong>in</strong></span> <span class='ocrx_word' id='word_1_7' title='bbox 1332 539 1636 610; x_wconf 82' lang='lat' dir='ltr'><strong>Chronico),</strong></span> <span class='ocrx_word' id='word_1_8' title='bbox 1683 540 2127 611; x_wconf 82' lang='lat' dir='ltr'><strong>quemadmodum</strong></span> 
     </span>
    </p>
   </div>
   <div class='ocr_carea' id='block_1_3' title="bbox 509 634 2129 706">
    <p class='ocr_par' dir='ltr' id='par_1_3' title="bbox 509 634 2129 706">
     <span class='ocr_line' id='line_1_3' title="bbox 509 634 2129 706; baseline -0.002 -15"><span class='ocrx_word' id='word_1_9' title='bbox 509 642 512 655; x_wconf 89' lang='lat'><strong><em>&#39;</em></strong></span> <span class='ocrx_word' id='word_1_10' title='bbox 548 637 707 691; x_wconf 89' lang='lat' dir='ltr'><strong>etiam</strong></span> <span class='ocrx_word' id='word_1_11' title='bbox 736 635 935 706; x_wconf 90' lang='lat' dir='ltr'><strong>liquido</strong></span> <span class='ocrx_word' id='word_1_12' title='bbox 964 636 1122 691; x_wconf 93' lang='lat' dir='ltr'><strong>tradit</strong></span> <span class='ocrx_word' id='word_1_13' title='bbox 1147 634 1449 698; x_wconf 85' lang='lat' dir='ltr'><strong>Possidius,</strong></span> <span class='ocrx_word' id='word_1_14' title='bbox 1479 635 1568 689; x_wconf 89' lang='lat' dir='ltr'><strong>ubi</strong></span> <span class='ocrx_word' id='word_1_15' title='bbox 1599 634 1922 690; x_wconf 78' lang='lat' dir='ltr'><strong>mentionem</strong></span> <span class='ocrx_word' id='word_1_16' title='bbox 1946 634 2012 690; x_wconf 91' lang='lat' dir='ltr'><strong>de</strong></span> <span class='ocrx_word' id='word_1_17' title='bbox 2038 634 2129 689; x_wconf 88' lang='lat' dir='ltr'><strong>illo</strong></span> 
     </span>
    </p>
   </div>
   <div class='ocr_carea' id='block_1_4' title="bbox 544 724 2124 797">
    <p class='ocr_par' dir='ltr' id='par_1_4' title="bbox 544 724 2124 797">
     <span class='ocr_line' id='line_1_4' title="bbox 544 724 2124 797; baseline -0.003 -14"><span class='ocrx_word' id='word_1_18' title='bbox 544 724 670 783; x_wconf 88' lang='lat' dir='ltr'><strong>.facit</strong></span> <span class='ocrx_word' id='word_1_19' title='bbox 708 727 760 781; x_wconf 92' lang='lat' dir='ltr'><strong>in</strong></span> <span class='ocrx_word' id='word_1_20' title='bbox 792 727 905 782; x_wconf 71' lang='lat' dir='ltr'><strong>haec</strong></span> <span class='ocrx_word' id='word_1_21' title='bbox 941 725 1102 783; x_wconf 89' lang='lat' dir='ltr'><strong>verba</strong></span> <span class='ocrx_word' id='word_1_22' title='bbox 1127 745 1140 781; x_wconf 93' lang='lat'>:</span> <span class='ocrx_word' id='word_1_23' title='bbox 1163 726 1348 782; x_wconf 89' lang='lat' dir='ltr'><strong>Contra</strong></span> <span class='ocrx_word' id='word_1_24' title='bbox 1375 727 1647 780; x_wconf 76' lang='lat' dir='ltr'><strong>secundum</strong></span> <span class='ocrx_word' id='word_1_25' title='bbox 1683 725 1882 781; x_wconf 77' lang='lat' dir='ltr'><strong>Iuliani</strong></span> <span class='ocrx_word' id='word_1_26' title='bbox 1914 741 2124 797; x_wconf 85' lang='lat' dir='ltr'><strong>respon-</strong></span> 
     </span>
    </p>
   </div>
   <div class='ocr_carea' id='block_1_5' title="bbox 532 813 2121 890">
    <p class='ocr_par' dir='ltr' id='par_1_5' title="bbox 532 813 2121 890">
     <span class='ocr_line' id='line_1_5' title="bbox 532 813 2121 890; baseline -0.004 -14"><span class='ocrx_word' id='word_1_27' title='bbox 532 818 768 886; x_wconf 63' lang='lat' dir='ltr'><strong>sionem,</strong></span> <span class='ocrx_word' id='word_1_28' title='bbox 809 818 1154 890; x_wconf 80' lang='lat' dir='ltr'><strong>imperfectum</strong></span> <span class='ocrx_word' id='word_1_29' title='bbox 1201 814 1344 887; x_wconf 86' lang='lat' dir='ltr'><strong>Opus</strong></span> <span class='ocrx_word' id='word_1_30' title='bbox 1386 813 1714 888; x_wconf 75' lang='lat' dir='ltr'><strong>(Possidius,</strong></span> <span class='ocrx_word' id='word_1_31' title='bbox 1757 816 1814 871; x_wconf 78' lang='lat' dir='ltr'><strong>in</strong></span> <span class='ocrx_word' id='word_1_32' title='bbox 1854 814 2121 882; x_wconf 81' lang='lat' dir='ltr'><strong>Indiculo,</strong></span> 
     </span>
    </p>
   </div>
   <div class='ocr_carea' id='block_1_6' title="bbox 540 909 764 980">
    <p class='ocr_par' dir='ltr' id='par_1_6' title="bbox 540 909 764 980">
     <span class='ocr_line' id='line_1_6' title="bbox 540 909 764 980; baseline 0.004 -18"><span class='ocrx_word' id='word_1_33' title='bbox 540 925 657 980; x_wconf 82' lang='lat' dir='ltr'><strong>cap.</strong></span> <span class='ocrx_word' id='word_1_34' title='bbox 686 909 764 978; x_wconf 75' lang='grc'><strong>4).</strong></span> 
     </span>
    </p>
   </div>
   <div class='ocr_carea' id='block_1_7' title="bbox 508 996 2122 1075">
    <p class='ocr_par' dir='ltr' id='par_1_7' title="bbox 508 996 2122 1075">
     <span class='ocr_line' id='line_1_7' title="bbox 508 996 2122 1075; baseline 0.002 -22"><span class='ocrx_word' id='word_1_35' title='bbox 508 1036 525 1075; x_wconf 50' lang='grc' dir='ltr'><strong>-ε</strong></span> <span class='ocrx_word' id='word_1_36' title='bbox 611 999 666 1053; x_wconf 77' lang='lat'><strong>2.</strong></span> <span class='ocrx_word' id='word_1_37' title='bbox 701 996 937 1054; x_wconf 83' lang='lat' dir='ltr'><strong>Diximus</strong></span> <span class='ocrx_word' id='word_1_38' title='bbox 979 1013 1134 1070; x_wconf 83' lang='lat' dir='ltr'><strong>supra</strong></span> <span class='ocrx_word' id='word_1_39' title='bbox 1172 999 1324 1069; x_wconf 84' lang='lat' dir='ltr'><strong>jussu</strong></span> <span class='ocrx_word' id='word_1_40' title='bbox 1366 996 1647 1071; x_wconf 89' lang='lat' dir='ltr'><strong>Segisvulti</strong></span> <span class='ocrx_word' id='word_1_41' title='bbox 1691 1000 1989 1072; x_wconf 81' lang='lat' dir='ltr'><strong>Hipponem</strong></span> <span class='ocrx_word' id='word_1_42' title='bbox 2025 1016 2122 1056; x_wconf 91' lang='lat' dir='ltr'><strong>ve-</strong></span> 
     </span>
    </p>
   </div>
   <div class='ocr_carea' id='block_1_8' title="bbox 516 1092 2125 1165">
    <p class='ocr_par' dir='ltr' id='par_1_8' title="bbox 516 1092 2125 1165">
     <span class='ocr_line' id='line_1_8' title="bbox 516 1092 2125 1165; baseline -0.001 -15"><span class='ocrx_word' id='word_1_43' title='bbox 516 1094 690 1150; x_wconf 83' lang='lat' dir='ltr'><strong>nisse</strong></span> <span class='ocrx_word' id='word_1_44' title='bbox 734 1093 1071 1149; x_wconf 83' lang='lat' dir='ltr'><strong>Maximinum</strong></span> <span class='ocrx_word' id='word_1_45' title='bbox 1115 1093 1349 1165; x_wconf 88' lang='lat' dir='ltr'><strong>(Supra,</strong></span> <span class='ocrx_word' id='word_1_46' title='bbox 1404 1094 1603 1165; x_wconf 86' lang='lat' dir='ltr'><strong>cap.8,</strong></span> <span class='ocrx_word' id='word_1_47' title='bbox 1652 1111 1704 1149; x_wconf 85' lang='lat' dir='ltr'><strong>n.</strong></span> <span class='ocrx_word' id='word_1_48' title='bbox 1744 1092 1841 1165; x_wconf 72' lang='grc'><strong>1).</strong></span> <span class='ocrx_word' id='word_1_49' title='bbox 1895 1094 2125 1149; x_wconf 84' lang='lat' dir='ltr'><strong>Venerat</strong></span> 
     </span>
    </p>
   </div>
   <div class='ocr_carea' id='block_1_9' title="bbox 538 1184 2118 1255">
    <p class='ocr_par' dir='ltr' id='par_1_9' title="bbox 538 1184 2118 1255">
     <span class='ocr_line' id='line_1_9' title="bbox 538 1184 2118 1255; baseline -0.001 -15"><span class='ocrx_word' id='word_1_50' title='bbox 538 1195 751 1251; x_wconf 86' lang='lat' dir='ltr'><strong>autem,</strong></span> <span class='ocrx_word' id='word_1_51' title='bbox 784 1196 840 1239; x_wconf 89' lang='lat' dir='ltr'><strong>ut</strong></span> <span class='ocrx_word' id='word_1_52' title='bbox 864 1185 976 1254; x_wconf 87' lang='lat' dir='ltr'><strong>ipse</strong></span> <span class='ocrx_word' id='word_1_53' title='bbox 994 1184 1289 1255; x_wconf 72' lang='lat' dir='ltr'><strong>iactitabat,</strong></span> <span class='ocrx_word' id='word_1_54' title='bbox 1318 1185 1732 1255; x_wconf 77' lang='lat' dir='ltr'><strong>contemplatione</strong></span> <span class='ocrx_word' id='word_1_55' title='bbox 1750 1186 1887 1255; x_wconf 80' lang='lat' dir='ltr'><strong>pacis</strong></span> <span class='ocrx_word' id='word_1_56' title='bbox 1913 1184 2118 1255; x_wconf 83' lang='lat' dir='ltr'><strong>(Collat.</strong></span> 
     </span>
    </p>
   </div>
   <div class='ocr_carea' id='block_1_10' title="bbox 537 1274 2122 1347">
    <p class='ocr_par' dir='ltr' id='par_1_10' title="bbox 537 1274 2122 1347">
     <span class='ocr_line' id='line_1_10' title="bbox 537 1274 2122 1347; baseline -0.002 -15"><span class='ocrx_word' id='word_1_57' title='bbox 537 1293 654 1333; x_wconf 85' lang='lat' dir='ltr'><strong>cum</strong></span> <span class='ocrx_word' id='word_1_58' title='bbox 672 1274 975 1343; x_wconf 70' lang='lat' dir='ltr'><strong>Maximino,</strong></span> <span class='ocrx_word' id='word_1_59' title='bbox 1000 1293 1052 1331; x_wconf 84' lang='grc' dir='ltr'><strong>η.</strong></span> <span class='ocrx_word' id='word_1_60' title='bbox 1081 1278 1106 1330; x_wconf 87' lang='grc'><strong>1</strong></span> <span class='ocrx_word' id='word_1_61' title='bbox 1128 1277 1179 1345; x_wconf 83' lang='grc'><strong>);</strong></span> <span class='ocrx_word' id='word_1_62' title='bbox 1206 1275 1346 1346; x_wconf 90' lang='lat' dir='ltr'><strong>quod</strong></span> <span class='ocrx_word' id='word_1_63' title='bbox 1367 1276 1576 1347; x_wconf 86' lang='lat' dir='ltr'><strong>quidem</strong></span> <span class='ocrx_word' id='word_1_64' title='bbox 1604 1277 1797 1331; x_wconf 86' lang='lat' dir='ltr'><strong>clarius</strong></span> <span class='ocrx_word' id='word_1_65' title='bbox 1824 1292 1929 1332; x_wconf 91' lang='lat' dir='ltr'><strong>non</strong></span> <span class='ocrx_word' id='word_1_66' title='bbox 1956 1275 2122 1344; x_wconf 87' lang='lat' dir='ltr'><strong>expli-</strong></span> 
     </span>
    </p>
   </div>
   <div class='ocr_carea' id='block_1_11' title="bbox 539 1358 2118 1438">
    <p class='ocr_par' dir='ltr' id='par_1_11' title="bbox 539 1358 2118 1438">
     <span class='ocr_line' id='line_1_11' title="bbox 539 1358 2118 1438; baseline -0.004 -11"><span class='ocrx_word' id='word_1_67' title='bbox 539 1379 646 1428; x_wconf 88' lang='lat' dir='ltr'><strong>cat.</strong></span> <span class='ocrx_word' id='word_1_68' title='bbox 676 1369 820 1423; x_wconf 88' lang='lat' dir='ltr'><strong>Idem</strong></span> <span class='ocrx_word' id='word_1_69' title='bbox 852 1376 1075 1423; x_wconf 85' lang='lat' dir='ltr'><strong>testatur</strong></span> <span class='ocrx_word' id='word_1_70' title='bbox 1102 1367 1272 1432; x_wconf 87' lang='lat' dir='ltr'><strong>infra,</strong></span> <span class='ocrx_word' id='word_1_71' title='bbox 1300 1383 1358 1423; x_wconf 92' lang='lat' dir='ltr'><strong>se</strong></span> <span class='ocrx_word' id='word_1_72' title='bbox 1386 1367 1669 1422; x_wconf 91' lang='lat' dir='ltr'><strong>adductum</strong></span> <span class='ocrx_word' id='word_1_73' title='bbox 1698 1358 1764 1422; x_wconf 88' lang='lat' dir='ltr'><strong>ad</strong></span> <span class='ocrx_word' id='word_1_74' title='bbox 1792 1366 2118 1438; x_wconf 88' lang='lat' dir='ltr'><strong>responden-</strong></span> 
     </span>
    </p>
   </div>
   <div class='ocr_carea' id='block_1_12' title="bbox 538 1457 2121 1527">
    <p class='ocr_par' dir='ltr' id='par_1_12' title="bbox 538 1457 2121 1527">
     <span class='ocr_line' id='line_1_12' title="bbox 538 1457 2121 1527; baseline -0.002 -12"><span class='ocrx_word' id='word_1_75' title='bbox 538 1460 665 1515; x_wconf 92' lang='lat' dir='ltr'><strong>dum</strong></span> <span class='ocrx_word' id='word_1_76' title='bbox 693 1459 882 1515; x_wconf 85' lang='lat' dir='ltr'><strong>timore</strong></span> <span class='ocrx_word' id='word_1_77' title='bbox 909 1457 1003 1514; x_wconf 91' lang='lat' dir='ltr'><strong>Dei</strong></span> <span class='ocrx_word' id='word_1_78' title='bbox 1031 1467 1085 1514; x_wconf 88' lang='lat' dir='ltr'><strong>et</strong></span> <span class='ocrx_word' id='word_1_79' title='bbox 1112 1458 1285 1514; x_wconf 92' lang='lat' dir='ltr'><strong>studio</strong></span> <span class='ocrx_word' id='word_1_80' title='bbox 1311 1457 1592 1527; x_wconf 77' lang='lat' dir='ltr'><strong>colligendi</strong></span> <span class='ocrx_word' id='word_1_81' title='bbox 1624 1458 1815 1514; x_wconf 83' lang='lat' dir='ltr'><strong>fratres</strong></span> <span class='ocrx_word' id='word_1_82' title='bbox 1840 1473 1932 1513; x_wconf 86' lang='lat' dir='ltr'><strong>seu</strong></span> <span class='ocrx_word' id='word_1_83' title='bbox 1962 1457 2121 1513; x_wconf 90' lang='lat' dir='ltr'><strong>disci-</strong></span> 
     </span>
    </p>
   </div>
   <div class='ocr_carea' id='block_1_13' title="bbox 537 1548 2119 1623">
    <p class='ocr_par' dir='ltr' id='par_1_13' title="bbox 537 1548 2119 1623">
     <span class='ocr_line' id='line_1_13' title="bbox 537 1548 2119 1623; baseline -0.001 -16"><span class='ocrx_word' id='word_1_84' title='bbox 537 1552 693 1623; x_wconf 89' lang='lat' dir='ltr'><strong>pulos</strong></span> <span class='ocrx_word' id='word_1_85' title='bbox 743 1565 906 1618; x_wconf 89' lang='lat' dir='ltr'><strong>suos,</strong></span> <span class='ocrx_word' id='word_1_86' title='bbox 958 1566 1093 1621; x_wconf 89' lang='lat' dir='ltr'><strong>quos</strong></span> <span class='ocrx_word' id='word_1_87' title='bbox 1135 1548 1459 1620; x_wconf 79' lang='lat' dir='ltr'><strong>Augustinus</strong></span> <span class='ocrx_word' id='word_1_88' title='bbox 1503 1564 1606 1603; x_wconf 90' lang='lat' dir='ltr'><strong>non</strong></span> <span class='ocrx_word' id='word_1_89' title='bbox 1661 1548 2119 1605; x_wconf 83' lang='lat' dir='ltr'><strong>exhortationibus</strong></span> 
     </span>
    </p>
   </div>
   <div class='ocr_carea' id='block_1_14' title="bbox 535 1639 2119 1713">
    <p class='ocr_par' dir='ltr' id='par_1_14' title="bbox 535 1639 2119 1713">
     <span class='ocr_line' id='line_1_14' title="bbox 535 1639 2119 1713; baseline -0.002 -14"><span class='ocrx_word' id='word_1_90' title='bbox 535 1650 743 1699; x_wconf 88' lang='lat' dir='ltr'><strong>tantum</strong></span> <span class='ocrx_word' id='word_1_91' title='bbox 771 1642 1006 1713; x_wconf 83' lang='lat' dir='ltr'><strong>privatis,</strong></span> <span class='ocrx_word' id='word_1_92' title='bbox 1038 1641 1131 1698; x_wconf 86' lang='lat' dir='ltr'><strong>sed</strong></span> <span class='ocrx_word' id='word_1_93' title='bbox 1174 1650 1229 1697; x_wconf 91' lang='lat' dir='ltr'><strong>et</strong></span> <span class='ocrx_word' id='word_1_94' title='bbox 1276 1640 1485 1712; x_wconf 90' lang='lat' dir='ltr'><strong>publico</strong></span> <span class='ocrx_word' id='word_1_95' title='bbox 1523 1648 1748 1695; x_wconf 90' lang='lat' dir='ltr'><strong>tractatu</strong></span> <span class='ocrx_word' id='word_1_96' title='bbox 1768 1680 1784 1707; x_wconf 93' lang='lat'><strong>,</strong></span> <span class='ocrx_word' id='word_1_97' title='bbox 1818 1640 1869 1695; x_wconf 92' lang='lat' dir='ltr'><strong>in</strong></span> <span class='ocrx_word' id='word_1_98' title='bbox 1913 1656 2019 1710; x_wconf 93' lang='lat' dir='ltr'><strong>quo</strong></span> <span class='ocrx_word' id='word_1_99' title='bbox 2051 1639 2119 1696; x_wconf 90' lang='lat' dir='ltr'><strong>de</strong></span> 
     </span>
    </p>
   </div>
   <div class='ocr_carea' id='block_1_15' title="bbox 532 1731 2117 1803">
    <p class='ocr_par' dir='ltr' id='par_1_15' title="bbox 532 1731 2117 1803">
     <span class='ocr_line' id='line_1_15' title="bbox 532 1731 2117 1803; baseline -0.002 -14"><span class='ocrx_word' id='word_1_100' title='bbox 532 1734 897 1790; x_wconf 86' lang='lat' dir='ltr'><strong>invisibilitate</strong></span> <span class='ocrx_word' id='word_1_101' title='bbox 928 1734 1020 1790; x_wconf 87' lang='lat' dir='ltr'><strong>Dei</strong></span> <span class='ocrx_word' id='word_1_102' title='bbox 1049 1733 1438 1803; x_wconf 89' lang='lat' dir='ltr'><strong>disputaverat,</strong></span> <span class='ocrx_word' id='word_1_103' title='bbox 1478 1731 1578 1787; x_wconf 87' lang='lat' dir='ltr'><strong>sibi</strong></span> <span class='ocrx_word' id='word_1_104' title='bbox 1604 1733 1811 1802; x_wconf 82' lang='lat' dir='ltr'><strong>eripere</strong></span> <span class='ocrx_word' id='word_1_105' title='bbox 1840 1733 2117 1788; x_wconf 75' lang='lat' dir='ltr'><strong>Ecclesia:-</strong></span> 
     </span>
    </p>
   </div>
   <div class='ocr_carea' id='block_1_16' title="bbox 535 1822 2114 1897">
    <p class='ocr_par' dir='ltr' id='par_1_16' title="bbox 535 1822 2114 1897">
     <span class='ocr_line' id='line_1_16' title="bbox 535 1822 2114 1897; baseline -0.002 -16"><span class='ocrx_word' id='word_1_106' title='bbox 535 1842 639 1897; x_wconf 85' lang='lat' dir='ltr'><strong>que</strong></span> <span class='ocrx_word' id='word_1_107' title='bbox 659 1822 1000 1882; x_wconf 82' lang='lat' dir='ltr'><strong>reconciliare</strong></span> <span class='ocrx_word' id='word_1_108' title='bbox 1022 1834 1242 1881; x_wconf 87' lang='lat' dir='ltr'><strong>conatus</strong></span> <span class='ocrx_word' id='word_1_109' title='bbox 1269 1831 1383 1880; x_wconf 89' lang='lat' dir='ltr'><strong>erat</strong></span> <span class='ocrx_word' id='word_1_110' title='bbox 1403 1822 1586 1894; x_wconf 82' lang='lat' dir='ltr'><strong>(Ibid.,</strong></span> <span class='ocrx_word' id='word_1_111' title='bbox 1607 1822 1795 1894; x_wconf 84' lang='lat' dir='ltr'><strong>disput.</strong></span> <span class='ocrx_word' id='word_1_112' title='bbox 1826 1823 2114 1891; x_wconf 74' lang='lat' dir='ltr'><strong>Maximini,</strong></span> 
     </span>
    </p>
   </div>
   <div class='ocr_carea' id='block_1_17' title="bbox 534 1914 2111 1987">
    <p class='ocr_par' dir='ltr' id='par_1_17' title="bbox 534 1914 2111 1987">
     <span class='ocr_line' id='line_1_17' title="bbox 534 1914 2111 1987; baseline 0 -16"><span class='ocrx_word' id='word_1_113' title='bbox 534 1935 588 1971; x_wconf 78' lang='lat' dir='ltr'><strong>tt.</strong></span> <span class='ocrx_word' id='word_1_114' title='bbox 619 1916 742 1987; x_wconf 76' lang='lat'><strong>26).</strong></span> <span class='ocrx_word' id='word_1_115' title='bbox 771 1917 1028 1971; x_wconf 89' lang='lat' dir='ltr'><strong>lnnuebat</strong></span> <span class='ocrx_word' id='word_1_116' title='bbox 1052 1915 1272 1971; x_wconf 80' lang='lat' dir='ltr'><strong>forsitan</strong></span> <span class='ocrx_word' id='word_1_117' title='bbox 1298 1915 1554 1986; x_wconf 85' lang='lat' dir='ltr'><strong>quosdam</strong></span> <span class='ocrx_word' id='word_1_118' title='bbox 1582 1914 1864 1986; x_wconf 90' lang='lat' dir='ltr'><strong>Segisvulti</strong></span> <span class='ocrx_word' id='word_1_119' title='bbox 1890 1914 2111 1982; x_wconf 84' lang='lat' dir='ltr'><strong>Gothos,</strong></span> 
     </span>
    </p>
   </div>
   <div class='ocr_carea' id='block_1_18' title="bbox 535 2002 2112 2080">
    <p class='ocr_par' dir='ltr' id='par_1_18' title="bbox 535 2002 2112 2080">
     <span class='ocr_line' id='line_1_18' title="bbox 535 2002 2112 2080; baseline -0.001 -16"><span class='ocrx_word' id='word_1_120' title='bbox 535 2010 625 2080; x_wconf 89' lang='lat' dir='ltr'><strong>qui</strong></span> <span class='ocrx_word' id='word_1_121' title='bbox 656 2025 723 2066; x_wconf 90' lang='lat' dir='ltr'><strong>ne</strong></span> <span class='ocrx_word' id='word_1_122' title='bbox 752 2008 1145 2064; x_wconf 86' lang='lat' dir='ltr'><strong>Catholicorum</strong></span> <span class='ocrx_word' id='word_1_123' title='bbox 1174 2018 1352 2079; x_wconf 88' lang='lat' dir='ltr'><strong>partes</strong></span> <span class='ocrx_word' id='word_1_124' title='bbox 1376 2008 1618 2078; x_wconf 85' lang='lat' dir='ltr'><strong>Hippone</strong></span> <span class='ocrx_word' id='word_1_125' title='bbox 1650 2002 1884 2077; x_wconf 88' lang='lat' dir='ltr'><strong>potiores</strong></span> <span class='ocrx_word' id='word_1_126' title='bbox 1912 2017 2112 2075; x_wconf 89' lang='lat' dir='ltr'><strong>essent,</strong></span> 
     </span>
    </p>
   </div>
   <div class='ocr_carea' id='block_1_19' title="bbox 533 2087 2114 2174">
    <p class='ocr_par' dir='ltr' id='par_1_19' title="bbox 533 2087 2114 2174">
     <span class='ocr_line' id='line_1_19' title="bbox 533 2087 2114 2174; baseline -0.002 -16"><span class='ocrx_word' id='word_1_127' title='bbox 533 2087 838 2174; x_wconf 82' lang='lat' dir='ltr'><strong>neutiquam</strong></span> <span class='ocrx_word' id='word_1_128' title='bbox 870 2102 1083 2157; x_wconf 83' lang='lat' dir='ltr'><strong>efficere</strong></span> <span class='ocrx_word' id='word_1_129' title='bbox 1110 2099 1387 2165; x_wconf 86' lang='lat' dir='ltr'><strong>valebant;</strong></span> <span class='ocrx_word' id='word_1_130' title='bbox 1423 2094 1847 2171; x_wconf 87' lang='lat' dir='ltr'><strong>quandoquidem</strong></span> <span class='ocrx_word' id='word_1_131' title='bbox 1873 2100 2114 2155; x_wconf 84' lang='lat' dir='ltr'><strong>Maximi-</strong></span> 
     </span>
    </p>
   </div>
   <div class='ocr_carea' id='block_1_20' title="bbox 532 2190 2107 2266">
    <p class='ocr_par' dir='ltr' id='par_1_20' title="bbox 532 2190 2107 2266">
     <span class='ocr_line' id='line_1_20' title="bbox 532 2190 2107 2266; baseline -0.004 -13"><span class='ocrx_word' id='word_1_132' title='bbox 532 2210 634 2253; x_wconf 87' lang='lat' dir='ltr'><strong>nus</strong></span> <span class='ocrx_word' id='word_1_133' title='bbox 655 2195 797 2266; x_wconf 87' lang='lat' dir='ltr'><strong>leges</strong></span> <span class='ocrx_word' id='word_1_134' title='bbox 820 2194 1104 2250; x_wconf 80' lang='lat' dir='ltr'><strong>verebatur</strong></span> <span class='ocrx_word' id='word_1_135' title='bbox 1128 2192 1431 2262; x_wconf 91' lang='lat' dir='ltr'><strong>imperiales</strong></span> <span class='ocrx_word' id='word_1_136' title='bbox 1448 2190 1653 2265; x_wconf 82' lang='lat' dir='ltr'><strong>(Collat.</strong></span> <span class='ocrx_word' id='word_1_137' title='bbox 1672 2208 1785 2246; x_wconf 83' lang='lat' dir='ltr'><strong>cum</strong></span> <span class='ocrx_word' id='word_1_138' title='bbox 1808 2191 2107 2258; x_wconf 74' lang='lat' dir='ltr'><strong>Maximino,</strong></span> 
     </span>
    </p>
   </div>
   <div class='ocr_carea' id='block_1_21' title="bbox 528 2283 2114 2357">
    <p class='ocr_par' dir='ltr' id='par_1_21' title="bbox 528 2283 2114 2357">
     <span class='ocr_line' id='line_1_21' title="bbox 528 2283 2114 2357; baseline -0.001 -17"><span class='ocrx_word' id='word_1_139' title='bbox 528 2304 583 2340; x_wconf 79' lang='grc' dir='ltr'><strong>π.</strong></span> <span class='ocrx_word' id='word_1_140' title='bbox 624 2284 718 2357; x_wconf 72' lang='grc'><strong>4),</strong></span> <span class='ocrx_word' id='word_1_141' title='bbox 748 2285 1072 2355; x_wconf 80' lang='lat' dir='ltr'><strong>Augustinus</strong></span> <span class='ocrx_word' id='word_1_142' title='bbox 1101 2299 1228 2339; x_wconf 91' lang='lat' dir='ltr'><strong>vero</strong></span> <span class='ocrx_word' id='word_1_143' title='bbox 1257 2292 1507 2354; x_wconf 85' lang='lat' dir='ltr'><strong>tanquam</strong></span> <span class='ocrx_word' id='word_1_144' title='bbox 1553 2283 1847 2354; x_wconf 88' lang='lat' dir='ltr'><strong>principum</strong></span> <span class='ocrx_word' id='word_1_145' title='bbox 1886 2284 2114 2338; x_wconf 89' lang='lat' dir='ltr'><strong>auctori-</strong></span> 
     </span>
    </p>
   </div>
   <div class='ocr_carea' id='block_1_22' title="bbox 527 2372 2108 2450">
    <p class='ocr_par' dir='ltr' id='par_1_22' title="bbox 527 2372 2108 2450">
     <span class='ocr_line' id='line_1_22' title="bbox 527 2372 2108 2450; baseline -0.001 -18"><span class='ocrx_word' id='word_1_146' title='bbox 527 2384 636 2433; x_wconf 89' lang='lat' dir='ltr'><strong>tate</strong></span> <span class='ocrx_word' id='word_1_147' title='bbox 652 2379 887 2433; x_wconf 85' lang='lat' dir='ltr'><strong>munitus</strong></span> <span class='ocrx_word' id='word_1_148' title='bbox 904 2378 1211 2449; x_wconf 82' lang='lat' dir='ltr'><strong>loquebatur</strong></span> <span class='ocrx_word' id='word_1_149' title='bbox 1230 2372 1415 2450; x_wconf 81' lang='lat' dir='ltr'><strong>(Ibid.,</strong></span> <span class='ocrx_word' id='word_1_150' title='bbox 1438 2377 1628 2446; x_wconf 84' lang='lat' dir='ltr'><strong>disput.</strong></span> <span class='ocrx_word' id='word_1_151' title='bbox 1650 2376 1939 2444; x_wconf 75' lang='lat' dir='ltr'><strong>Maximini,</strong></span> <span class='ocrx_word' id='word_1_152' title='bbox 1956 2393 2010 2431; x_wconf 82' lang='lat' dir='ltr'><strong>tt.</strong></span> <span class='ocrx_word' id='word_1_153' title='bbox 2037 2377 2108 2449; x_wconf 92' lang='grc'><strong>1).</strong></span> 
     </span>
    </p>
   </div>
   <div class='ocr_carea' id='block_1_23' title="bbox 531 2467 2110 2538">
    <p class='ocr_par' dir='ltr' id='par_1_23' title="bbox 531 2467 2110 2538">
     <span class='ocr_line' id='line_1_23' title="bbox 531 2467 2110 2538; baseline 0.001 -16"><span class='ocrx_word' id='word_1_154' title='bbox 531 2467 623 2523; x_wconf 92' lang='lat' dir='ltr'><strong>llle</strong></span> <span class='ocrx_word' id='word_1_155' title='bbox 654 2470 884 2538; x_wconf 91' lang='lat' dir='ltr'><strong>primum</strong></span> <span class='ocrx_word' id='word_1_156' title='bbox 914 2469 1141 2523; x_wconf 87' lang='lat' dir='ltr'><strong>anticum</strong></span> <span class='ocrx_word' id='word_1_157' title='bbox 1179 2483 1298 2522; x_wconf 91' lang='lat' dir='ltr'><strong>cum</strong></span> <span class='ocrx_word' id='word_1_158' title='bbox 1331 2467 1574 2522; x_wconf 87' lang='lat' dir='ltr'><strong>Heraclio</strong></span> <span class='ocrx_word' id='word_1_159' title='bbox 1598 2467 1907 2538; x_wconf 85' lang='lat' dir='ltr'><strong>presbytero</strong></span> <span class='ocrx_word' id='word_1_160' title='bbox 1943 2468 2110 2524; x_wconf 88' lang='lat' dir='ltr'><strong>collo-</strong></span> 
     </span>
    </p>
   </div>
   <div class='ocr_carea' id='block_1_24' title="bbox 524 2557 2105 2630">
    <p class='ocr_par' dir='ltr' id='par_1_24' title="bbox 524 2557 2105 2630">
     <span class='ocr_line' id='line_1_24' title="bbox 524 2557 2105 2630; baseline 0.002 -18"><span class='ocrx_word' id='word_1_161' title='bbox 524 2560 707 2629; x_wconf 87' lang='lat' dir='ltr'><strong>quium</strong></span> <span class='ocrx_word' id='word_1_162' title='bbox 737 2558 855 2614; x_wconf 90' lang='lat' dir='ltr'><strong>iniit</strong></span> <span class='ocrx_word' id='word_1_163' title='bbox 882 2560 948 2613; x_wconf 89' lang='lat' dir='ltr'><strong>ab</strong></span> <span class='ocrx_word' id='word_1_164' title='bbox 975 2559 1111 2629; x_wconf 89' lang='lat' dir='ltr'><strong>ipso,</strong></span> <span class='ocrx_word' id='word_1_165' title='bbox 1136 2567 1192 2612; x_wconf 91' lang='lat' dir='ltr'><strong>ut</strong></span> <span class='ocrx_word' id='word_1_166' title='bbox 1222 2558 1511 2629; x_wconf 87' lang='lat' dir='ltr'><strong>inquiebat,</strong></span> <span class='ocrx_word' id='word_1_167' title='bbox 1542 2569 1856 2628; x_wconf 84' lang='lat' dir='ltr'><strong>provocatus</strong></span> <span class='ocrx_word' id='word_1_168' title='bbox 1882 2557 2105 2630; x_wconf 84' lang='lat' dir='ltr'><strong>(Co/lat.</strong></span> 
     </span>
    </p>
   </div>
   <div class='ocr_carea' id='block_1_25' title="bbox 524 2648 2111 2721">
    <p class='ocr_par' dir='ltr' id='par_1_25' title="bbox 524 2648 2111 2721">
     <span class='ocr_line' id='line_1_25' title="bbox 524 2648 2111 2721; baseline 0.002 -17"><span class='ocrx_word' id='word_1_169' title='bbox 524 2665 640 2704; x_wconf 80' lang='lat' dir='ltr'><strong>cum</strong></span> <span class='ocrx_word' id='word_1_170' title='bbox 675 2648 958 2705; x_wconf 71' lang='lat' dir='ltr'><strong>Maximino</strong></span> <span class='ocrx_word' id='word_1_171' title='bbox 978 2690 994 2717; x_wconf 92' lang='lat'><strong>,</strong></span> <span class='ocrx_word' id='word_1_172' title='bbox 1045 2667 1099 2704; x_wconf 88' lang='lat' dir='ltr'><strong>u.</strong></span> <span class='ocrx_word' id='word_1_173' title='bbox 1128 2650 1154 2704; x_wconf 88' lang='grc'><strong>1</strong></span> <span class='ocrx_word' id='word_1_174' title='bbox 1184 2650 1202 2721; x_wconf 93' lang='grc'><strong>)</strong></span> <span class='ocrx_word' id='word_1_175' title='bbox 1234 2668 1245 2701; x_wconf 94' lang='lat'>:</span> <span class='ocrx_word' id='word_1_176' title='bbox 1274 2658 1330 2704; x_wconf 93' lang='lat' dir='ltr'><strong>at</strong></span> <span class='ocrx_word' id='word_1_177' title='bbox 1377 2649 1650 2705; x_wconf 84' lang='lat' dir='ltr'><strong>Heraclius</strong></span> <span class='ocrx_word' id='word_1_178' title='bbox 1681 2661 1861 2720; x_wconf 86' lang='lat' dir='ltr'><strong>postea</strong></span> <span class='ocrx_word' id='word_1_179' title='bbox 1904 2652 2111 2707; x_wconf 87' lang='lat' dir='ltr'><strong>vocavit</strong></span> 
     </span>
    </p>
   </div>
   <div class='ocr_carea' id='block_1_26' title="bbox 524 2742 2107 2815">
    <p class='ocr_par' dir='ltr' id='par_1_26' title="bbox 524 2742 2107 2815">
     <span class='ocr_line' id='line_1_26' title="bbox 524 2742 2107 2815; baseline 0.001 -17"><span class='ocrx_word' id='word_1_180' title='bbox 524 2744 896 2814; x_wconf 73' lang='lat' dir='ltr'><strong>Augustinum.</strong></span> <span class='ocrx_word' id='word_1_181' title='bbox 934 2742 1031 2798; x_wconf 84' lang='lat' dir='ltr'><strong>Hic</strong></span> <span class='ocrx_word' id='word_1_182' title='bbox 1068 2744 1378 2813; x_wconf 88' lang='lat' dir='ltr'><strong>rogantibus</strong></span> <span class='ocrx_word' id='word_1_183' title='bbox 1424 2743 1663 2813; x_wconf 88' lang='lat' dir='ltr'><strong>plurimis</strong></span> <span class='ocrx_word' id='word_1_184' title='bbox 1700 2745 1751 2797; x_wconf 92' lang='lat' dir='ltr'><strong>in</strong></span> <span class='ocrx_word' id='word_1_185' title='bbox 1783 2744 2107 2815; x_wconf 82' lang='lat' dir='ltr'><strong>colloquium</strong></span> 
     </span>
    </p>
   </div>
   <div class='ocr_carea' id='block_1_27' title="bbox 522 2834 2105 2906">
    <p class='ocr_par' dir='ltr' id='par_1_27' title="bbox 522 2834 2105 2906">
     <span class='ocr_line' id='line_1_27' title="bbox 522 2834 2105 2906; baseline 0.002 -17"><span class='ocrx_word' id='word_1_186' title='bbox 522 2836 709 2891; x_wconf 85' lang='lat' dir='ltr'><strong>venire</strong></span> <span class='ocrx_word' id='word_1_187' title='bbox 748 2834 1018 2891; x_wconf 85' lang='lat' dir='ltr'><strong>consensit</strong></span> <span class='ocrx_word' id='word_1_188' title='bbox 1050 2852 1063 2889; x_wconf 89' lang='lat'><strong>:</strong></span> <span class='ocrx_word' id='word_1_189' title='bbox 1092 2835 1233 2906; x_wconf 90' lang='lat' dir='ltr'><strong>quod</strong></span> <span class='ocrx_word' id='word_1_190' title='bbox 1278 2835 1448 2905; x_wconf 90' lang='lat' dir='ltr'><strong>ipsum</strong></span> <span class='ocrx_word' id='word_1_191' title='bbox 1489 2851 1738 2891; x_wconf 87' lang='lat' dir='ltr'><strong>recusare</strong></span> <span class='ocrx_word' id='word_1_192' title='bbox 1771 2836 2105 2903; x_wconf 77' lang='lat' dir='ltr'><strong>Maximinus,</strong></span> 
     </span>
    </p>
   </div>
   <div class='ocr_carea' id='block_1_28' title="bbox 524 2925 2106 3001">
    <p class='ocr_par' dir='ltr' id='par_1_28' title="bbox 524 2925 2106 3001">
     <span class='ocr_line' id='line_1_28' title="bbox 524 2925 2106 3001; baseline 0.002 -22"><span class='ocrx_word' id='word_1_193' title='bbox 524 2940 593 2980; x_wconf 90' lang='lat' dir='ltr'><strong>ne</strong></span> <span class='ocrx_word' id='word_1_194' title='bbox 614 2940 646 2980; x_wconf 88' lang='lat' dir='ltr'><strong>a</strong></span> <span class='ocrx_word' id='word_1_195' title='bbox 671 2926 782 2981; x_wconf 88' lang='lat' dir='ltr'><strong>suis</strong></span> <span class='ocrx_word' id='word_1_196' title='bbox 807 2926 1026 2981; x_wconf 89' lang='lat' dir='ltr'><strong>asseclis</strong></span> <span class='ocrx_word' id='word_1_197' title='bbox 1051 2925 1418 2993; x_wconf 86' lang='lat' dir='ltr'><strong>desereretur,</strong></span> <span class='ocrx_word' id='word_1_198' title='bbox 1445 2941 1606 2981; x_wconf 85' lang='lat' dir='ltr'><strong>ausus</strong></span> <span class='ocrx_word' id='word_1_199' title='bbox 1645 2941 1752 2980; x_wconf 92' lang='lat' dir='ltr'><strong>non</strong></span> <span class='ocrx_word' id='word_1_200' title='bbox 1780 2937 1861 2982; x_wconf 89' lang='lat' dir='ltr'><strong>est</strong></span> <span class='ocrx_word' id='word_1_201' title='bbox 1890 2925 2106 3001; x_wconf 78' lang='lat' dir='ltr'><strong>(Possi-</strong></span> 
     </span>
    </p>
   </div>
   <div class='ocr_carea' id='block_1_29' title="bbox 523 3017 2101 3092">
    <p class='ocr_par' dir='ltr' id='par_1_29' title="bbox 523 3017 2101 3092">
     <span class='ocr_line' id='line_1_29' title="bbox 523 3017 2101 3092; baseline 0.003 -20"><span class='ocrx_word' id='word_1_202' title='bbox 523 3018 658 3085; x_wconf 85' lang='lat' dir='ltr'><strong>dius,</strong></span> <span class='ocrx_word' id='word_1_203' title='bbox 688 3020 741 3073; x_wconf 85' lang='lat' dir='ltr'><strong>in</strong></span> <span class='ocrx_word' id='word_1_204' title='bbox 775 3018 890 3073; x_wconf 82' lang='lat' dir='ltr'><strong>Vita</strong></span> <span class='ocrx_word' id='word_1_205' title='bbox 916 3019 1216 3090; x_wconf 76' lang='lat' dir='ltr'><strong>Augustini,</strong></span> <span class='ocrx_word' id='word_1_206' title='bbox 1245 3035 1290 3073; x_wconf 74' lang='grc' dir='ltr'><strong>ε.</strong></span> <span class='ocrx_word' id='word_1_207' title='bbox 1327 3017 1451 3089; x_wconf 87' lang='grc'><strong>17).</strong></span> <span class='ocrx_word' id='word_1_208' title='bbox 1479 3019 1789 3076; x_wconf 83' lang='lat' dir='ltr'><strong>Convenere</strong></span> <span class='ocrx_word' id='word_1_209' title='bbox 1828 3020 1986 3092; x_wconf 86' lang='lat' dir='ltr'><strong>igitur</strong></span> <span class='ocrx_word' id='word_1_210' title='bbox 2008 3035 2101 3077; x_wconf 90' lang='lat' dir='ltr'><strong>co-</strong></span> 
     </span>
    </p>
   </div>
   <div class='ocr_carea' id='block_1_30' title="bbox 521 3108 2107 3180">
    <p class='ocr_par' dir='ltr' id='par_1_30' title="bbox 521 3108 2107 3180">
     <span class='ocr_line' id='line_1_30' title="bbox 521 3108 2107 3180; baseline 0.003 -16"><span class='ocrx_word' id='word_1_211' title='bbox 521 3123 637 3164; x_wconf 87' lang='lat' dir='ltr'><strong>ram</strong></span> <span class='ocrx_word' id='word_1_212' title='bbox 669 3124 856 3180; x_wconf 87' lang='lat' dir='ltr'><strong>magna</strong></span> <span class='ocrx_word' id='word_1_213' title='bbox 897 3108 1191 3179; x_wconf 89' lang='lat' dir='ltr'><strong>frequentia</strong></span> <span class='ocrx_word' id='word_1_214' title='bbox 1220 3109 1496 3164; x_wconf 86' lang='lat' dir='ltr'><strong>hominum</strong></span> <span class='ocrx_word' id='word_1_215' title='bbox 1532 3110 1788 3165; x_wconf 90' lang='lat' dir='ltr'><strong>nobilium</strong></span> <span class='ocrx_word' id='word_1_216' title='bbox 1816 3111 2107 3169; x_wconf 83' lang='lat' dir='ltr'><strong>aliorumve</strong></span> 
     </span>
    </p>
   </div>
   <div class='ocr_carea' id='block_1_31' title="bbox 525 3205 2106 3274">
    <p class='ocr_par' dir='ltr' id='par_1_31' title="bbox 525 3205 2106 3274">
     <span class='ocr_line' id='line_1_31' title="bbox 525 3205 2106 3274; baseline 0.003 -17"><span class='ocrx_word' id='word_1_217' title='bbox 525 3214 633 3259; x_wconf 90' lang='lat' dir='ltr'><strong>tam</strong></span> <span class='ocrx_word' id='word_1_218' title='bbox 662 3205 977 3260; x_wconf 86' lang='lat' dir='ltr'><strong>clericorum</strong></span> <span class='ocrx_word' id='word_1_219' title='bbox 1018 3219 1176 3274; x_wconf 88' lang='lat' dir='ltr'><strong>quam</strong></span> <span class='ocrx_word' id='word_1_220' title='bbox 1218 3205 1512 3268; x_wconf 86' lang='lat' dir='ltr'><strong>laicorum;</strong></span> <span class='ocrx_word' id='word_1_221' title='bbox 1543 3219 1749 3259; x_wconf 89' lang='lat' dir='ltr'><strong>necnon</strong></span> <span class='ocrx_word' id='word_1_222' title='bbox 1779 3214 1832 3259; x_wconf 88' lang='lat' dir='ltr'><strong>et</strong></span> <span class='ocrx_word' id='word_1_223' title='bbox 1872 3206 2106 3261; x_wconf 87' lang='lat' dir='ltr'><strong>notario-</strong></span> 
     </span>
    </p>
   </div>
   <div class='ocr_carea' id='block_1_32' title="bbox 525 3294 2106 3366">
    <p class='ocr_par' dir='ltr' id='par_1_32' title="bbox 525 3294 2106 3366">
     <span class='ocr_line' id='line_1_32' title="bbox 525 3294 2106 3366; baseline 0.001 -16"><span class='ocrx_word' id='word_1_224' title='bbox 525 3311 667 3363; x_wconf 88' lang='lat' dir='ltr'><strong>rum,</strong></span> <span class='ocrx_word' id='word_1_225' title='bbox 695 3296 785 3365; x_wconf 91' lang='lat' dir='ltr'><strong>qui</strong></span> <span class='ocrx_word' id='word_1_226' title='bbox 812 3296 1076 3365; x_wconf 88' lang='lat' dir='ltr'><strong>utrimque</strong></span> <span class='ocrx_word' id='word_1_227' title='bbox 1103 3294 1243 3349; x_wconf 91' lang='lat' dir='ltr'><strong>dicta</strong></span> <span class='ocrx_word' id='word_1_228' title='bbox 1268 3294 1595 3363; x_wconf 80' lang='lat' dir='ltr'><strong>exciperent.</strong></span> <span class='ocrx_word' id='word_1_229' title='bbox 1622 3295 1935 3350; x_wconf 82' lang='lat' dir='ltr'><strong>Maximinus</strong></span> <span class='ocrx_word' id='word_1_230' title='bbox 1962 3297 2106 3366; x_wconf 88' lang='lat' dir='ltr'><strong>prin-</strong></span> 
     </span>
    </p>
   </div>
   <div class='ocr_carea' id='block_1_33' title="bbox 523 3384 2101 3457">
    <p class='ocr_par' dir='ltr' id='par_1_33' title="bbox 523 3384 2101 3457">
     <span class='ocr_line' id='line_1_33' title="bbox 523 3384 2101 3457; baseline 0.001 -17"><span class='ocrx_word' id='word_1_231' title='bbox 523 3386 663 3456; x_wconf 91' lang='lat' dir='ltr'><strong>cipio</strong></span> <span class='ocrx_word' id='word_1_232' title='bbox 684 3385 883 3440; x_wconf 84' lang='lat' dir='ltr'><strong>adscita</strong></span> <span class='ocrx_word' id='word_1_233' title='bbox 910 3385 1134 3455; x_wconf 82' lang='lat' dir='ltr'><strong>quadam</strong></span> <span class='ocrx_word' id='word_1_234' title='bbox 1165 3384 1438 3440; x_wconf 71' lang='lat' dir='ltr'><strong>modestim</strong></span> <span class='ocrx_word' id='word_1_235' title='bbox 1467 3386 1643 3454; x_wconf 87' lang='lat' dir='ltr'><strong>specie</strong></span> <span class='ocrx_word' id='word_1_236' title='bbox 1670 3386 1842 3455; x_wconf 84' lang='lat' dir='ltr'><strong>palam</strong></span> <span class='ocrx_word' id='word_1_237' title='bbox 1869 3388 2101 3457; x_wconf 82' lang='lat' dir='ltr'><strong>agnovit,</strong></span> 
     </span>
    </p>
   </div>
   <div class='ocr_carea' id='block_1_34' title="bbox 524 3477 2103 3550">
    <p class='ocr_par' dir='ltr' id='par_1_34' title="bbox 524 3477 2103 3550">
     <span class='ocr_line' id='line_1_34' title="bbox 524 3477 2103 3550; baseline 0 -16"><span class='ocrx_word' id='word_1_238' title='bbox 524 3479 876 3550; x_wconf 86' lang='lat' dir='ltr'><strong>Augustinum</strong></span> <span class='ocrx_word' id='word_1_239' title='bbox 901 3477 1113 3533; x_wconf 89' lang='lat' dir='ltr'><strong>sibimet</strong></span> <span class='ocrx_word' id='word_1_240' title='bbox 1142 3477 1241 3546; x_wconf 87' lang='lat' dir='ltr'><strong>ipsi</strong></span> <span class='ocrx_word' id='word_1_241' title='bbox 1262 3477 1506 3546; x_wconf 89' lang='lat' dir='ltr'><strong>injuriam</strong></span> <span class='ocrx_word' id='word_1_242' title='bbox 1535 3478 1614 3531; x_wconf 89' lang='lat' dir='ltr'><strong>vel</strong></span> <span class='ocrx_word' id='word_1_243' title='bbox 1633 3492 1700 3532; x_wconf 91' lang='lat' dir='ltr'><strong>eo</strong></span> <span class='ocrx_word' id='word_1_244' title='bbox 1730 3477 1940 3546; x_wconf 87' lang='lat' dir='ltr'><strong>fecisse,</strong></span> <span class='ocrx_word' id='word_1_245' title='bbox 1961 3480 2103 3549; x_wconf 90' lang='lat' dir='ltr'><strong>quod</strong></span> 
     </span>
    </p>
   </div>
   <div class='ocr_carea' id='block_1_35' title="bbox 523 3567 2107 3638">
    <p class='ocr_par' dir='ltr' id='par_1_35' title="bbox 523 3567 2107 3638">
     <span class='ocr_line' id='line_1_35' title="bbox 523 3567 2107 3638; baseline -0.001 -12"><span class='ocrx_word' id='word_1_246' title='bbox 523 3586 705 3627; x_wconf 87' lang='lat' dir='ltr'><strong>secum</strong></span> <span class='ocrx_word' id='word_1_247' title='bbox 732 3569 785 3624; x_wconf 93' lang='lat' dir='ltr'><strong>in</strong></span> <span class='ocrx_word' id='word_1_248' title='bbox 814 3568 1139 3638; x_wconf 86' lang='lat' dir='ltr'><strong>colloquium</strong></span> <span class='ocrx_word' id='word_1_249' title='bbox 1165 3567 1347 3623; x_wconf 91' lang='lat' dir='ltr'><strong>venire</strong></span> <span class='ocrx_word' id='word_1_250' title='bbox 1369 3567 1613 3637; x_wconf 85' lang='lat' dir='ltr'><strong>dignatus</strong></span> <span class='ocrx_word' id='word_1_251' title='bbox 1637 3568 1724 3622; x_wconf 88' lang='lat' dir='ltr'><strong>sit.</strong></span> <span class='ocrx_word' id='word_1_252' title='bbox 1755 3567 1887 3623; x_wconf 89' lang='lat' dir='ltr'><strong>Tum</strong></span> <span class='ocrx_word' id='word_1_253' title='bbox 1909 3569 2107 3624; x_wconf 83' lang='lat' dir='ltr'><strong>Arimi-</strong></span> 
     </span>
    </p>
   </div>
   <div class='ocr_carea' id='block_1_36' title="bbox 523 3658 2104 3729">
    <p class='ocr_par' dir='ltr' id='par_1_36' title="bbox 523 3658 2104 3729">
     <span class='ocr_line' id='line_1_36' title="bbox 523 3658 2104 3729; baseline -0.001 -13"><span class='ocrx_word' id='word_1_254' title='bbox 523 3676 742 3717; x_wconf 88' lang='lat' dir='ltr'><strong>nensem</strong></span> <span class='ocrx_word' id='word_1_255' title='bbox 773 3659 932 3716; x_wconf 79' lang='lat' dir='ltr'><strong>fidem</strong></span> <span class='ocrx_word' id='word_1_256' title='bbox 961 3668 1144 3715; x_wconf 86' lang='lat' dir='ltr'><strong>tenere</strong></span> <span class='ocrx_word' id='word_1_257' title='bbox 1181 3673 1239 3713; x_wconf 87' lang='lat' dir='ltr'><strong>se</strong></span> <span class='ocrx_word' id='word_1_258' title='bbox 1287 3660 1556 3729; x_wconf 89' lang='lat' dir='ltr'><strong>professus</strong></span> <span class='ocrx_word' id='word_1_259' title='bbox 1583 3667 1701 3724; x_wconf 84' lang='lat' dir='ltr'><strong>est;</strong></span> <span class='ocrx_word' id='word_1_260' title='bbox 1731 3659 1883 3729; x_wconf 82' lang='lat' dir='ltr'><strong>cujus</strong></span> <span class='ocrx_word' id='word_1_261' title='bbox 1910 3658 2104 3715; x_wconf 90' lang='lat' dir='ltr'><strong>dehinc</strong></span> 
     </span>
    </p>
   </div>
   <div class='ocr_carea' id='block_1_37' title="bbox 522 3749 2099 3820">
    <p class='ocr_par' dir='ltr' id='par_1_37' title="bbox 522 3749 2099 3820">
     <span class='ocr_line' id='line_1_37' title="bbox 522 3749 2099 3820; baseline -0.001 -14"><span class='ocrx_word' id='word_1_262' title='bbox 522 3752 730 3807; x_wconf 89' lang='lat' dir='ltr'><strong>diversa</strong></span> <span class='ocrx_word' id='word_1_263' title='bbox 756 3750 927 3819; x_wconf 86' lang='lat' dir='ltr'><strong>capita</strong></span> <span class='ocrx_word' id='word_1_264' title='bbox 952 3749 1242 3804; x_wconf 85' lang='lat' dir='ltr'><strong>declaravit</strong></span> <span class='ocrx_word' id='word_1_265' title='bbox 1268 3763 1417 3818; x_wconf 70' lang='lat' dir='ltr'><strong>:qua:</strong></span> <span class='ocrx_word' id='word_1_266' title='bbox 1446 3757 1660 3802; x_wconf 89' lang='lat' dir='ltr'><strong>sanctus</strong></span> <span class='ocrx_word' id='word_1_267' title='bbox 1687 3749 1900 3813; x_wconf 84' lang='lat' dir='ltr'><strong>Doctor,</strong></span> <span class='ocrx_word' id='word_1_268' title='bbox 1928 3766 2099 3820; x_wconf 83' lang='lat' dir='ltr'><strong>quan-</strong></span> 
     </span>
    </p>
   </div>
   <div class='ocr_carea' id='block_1_38' title="bbox 523 3840 2104 3914">
    <p class='ocr_par' dir='ltr' id='par_1_38' title="bbox 523 3840 2104 3914">
     <span class='ocr_line' id='line_1_38' title="bbox 523 3840 2104 3914; baseline 0.001 -16"><span class='ocrx_word' id='word_1_269' title='bbox 523 3855 635 3899; x_wconf 90' lang='lat' dir='ltr'><strong>tum</strong></span> <span class='ocrx_word' id='word_1_270' title='bbox 676 3844 777 3914; x_wconf 85' lang='lat' dir='ltr'><strong>ipsi</strong></span> <span class='ocrx_word' id='word_1_271' title='bbox 811 3844 958 3899; x_wconf 90' lang='lat' dir='ltr'><strong>licuit</strong></span> <span class='ocrx_word' id='word_1_272' title='bbox 998 3857 1093 3913; x_wconf 86' lang='lat' dir='ltr'><strong>per</strong></span> <span class='ocrx_word' id='word_1_273' title='bbox 1130 3849 1373 3912; x_wconf 85' lang='lat' dir='ltr'><strong>tempus,</strong></span> <span class='ocrx_word' id='word_1_274' title='bbox 1422 3841 1690 3912; x_wconf 79' lang='lat' dir='ltr'><strong>redarguit</strong></span> <span class='ocrx_word' id='word_1_275' title='bbox 1721 3840 1740 3913; x_wconf 96' lang='lat'><strong>(</strong></span> <span class='ocrx_word' id='word_1_276' title='bbox 1762 3842 1945 3897; x_wconf 77' lang='lat' dir='ltr'><strong>Callet.</strong></span> <span class='ocrx_word' id='word_1_277' title='bbox 1990 3860 2104 3899; x_wconf 82' lang='lat' dir='ltr'><strong>cum</strong></span> 
     </span>
    </p>
   </div>
   <div class='ocr_carea' id='block_1_39' title="bbox 520 3933 2099 4006">
    <p class='ocr_par' dir='ltr' id='par_1_39' title="bbox 520 3933 2099 4006">
     <span class='ocr_line' id='line_1_39' title="bbox 520 3933 2099 4006; baseline 0.001 -15"><span class='ocrx_word' id='word_1_278' title='bbox 520 3936 836 4002; x_wconf 71' lang='lat' dir='ltr'><strong>Maximino,</strong></span> <span class='ocrx_word' id='word_1_279' title='bbox 868 3953 921 3990; x_wconf 79' lang='grc' dir='ltr'><strong>η.</strong></span> <span class='ocrx_word' id='word_1_280' title='bbox 955 3936 979 3990; x_wconf 88' lang='grc'><strong>1</strong></span> <span class='ocrx_word' id='word_1_281' title='bbox 1012 3934 1050 4006; x_wconf 94' lang='grc'><strong>).</strong></span> <span class='ocrx_word' id='word_1_282' title='bbox 1096 3933 1248 3990; x_wconf 90' lang='lat' dir='ltr'><strong>Unde</strong></span> <span class='ocrx_word' id='word_1_283' title='bbox 1292 3948 1356 3988; x_wconf 84' lang='lat' dir='ltr'><strong>ex</strong></span> <span class='ocrx_word' id='word_1_284' title='bbox 1392 3947 1455 3988; x_wconf 89' lang='lat' dir='ltr'><strong>ea</strong></span> <span class='ocrx_word' id='word_1_285' title='bbox 1500 3933 1859 3988; x_wconf 83' lang='lat' dir='ltr'><strong>controversia</strong></span> <span class='ocrx_word' id='word_1_286' title='bbox 1890 3934 2099 3993; x_wconf 88' lang='lat' dir='ltr'><strong>discere</strong></span> 
     </span>
    </p>
   </div>
   <div class='ocr_carea' id='block_1_40' title="bbox 521 4023 2107 4100">
    <p class='ocr_par' dir='ltr' id='par_1_40' title="bbox 521 4023 2107 4100">
     <span class='ocr_line' id='line_1_40' title="bbox 521 4023 2107 4100; baseline -0.003 -16"><span class='ocrx_word' id='word_1_287' title='bbox 521 4037 624 4095; x_wconf 90' lang='lat' dir='ltr'><strong>est,</strong></span> <span class='ocrx_word' id='word_1_288' title='bbox 650 4038 770 4100; x_wconf 70' lang='lat' dir='ltr'><strong>quae</strong></span> <span class='ocrx_word' id='word_1_289' title='bbox 799 4035 941 4083; x_wconf 83' lang='lat' dir='ltr'><strong>esset</strong></span> <span class='ocrx_word' id='word_1_290' title='bbox 969 4025 1124 4096; x_wconf 84' lang='lat' dir='ltr'><strong>hujus</strong></span> <span class='ocrx_word' id='word_1_291' title='bbox 1152 4026 1419 4080; x_wconf 80' lang='lat' dir='ltr'><strong>tuereseos</strong></span> <span class='ocrx_word' id='word_1_292' title='bbox 1438 4023 1701 4090; x_wconf 87' lang='lat' dir='ltr'><strong>doctrina,</strong></span> <span class='ocrx_word' id='word_1_293' title='bbox 1732 4023 1986 4094; x_wconf 88' lang='lat' dir='ltr'><strong>quibusve</strong></span> <span class='ocrx_word' id='word_1_294' title='bbox 2009 4024 2107 4079; x_wconf 87' lang='lat' dir='ltr'><strong>fal-</strong></span> 
     </span>
    </p>
   </div>
   <div class='ocr_carea' id='block_1_41' title="bbox 523 4114 2104 4185">
    <p class='ocr_par' dir='ltr' id='par_1_41' title="bbox 523 4114 2104 4185">
     <span class='ocr_line' id='line_1_41' title="bbox 523 4114 2104 4185; baseline -0.003 -10"><span class='ocrx_word' id='word_1_295' title='bbox 523 4121 672 4177; x_wconf 87' lang='lat' dir='ltr'><strong>laciis</strong></span> <span class='ocrx_word' id='word_1_296' title='bbox 699 4118 934 4174; x_wconf 81' lang='lat' dir='ltr'><strong>haeretici</strong></span> <span class='ocrx_word' id='word_1_297' title='bbox 962 4116 1289 4173; x_wconf 85' lang='lat' dir='ltr'><strong>debilitatem</strong></span> <span class='ocrx_word' id='word_1_298' title='bbox 1318 4114 1433 4185; x_wconf 90' lang='lat' dir='ltr'><strong>ejus</strong></span> <span class='ocrx_word' id='word_1_299' title='bbox 1456 4116 1664 4183; x_wconf 90' lang='lat' dir='ltr'><strong>operire</strong></span> <span class='ocrx_word' id='word_1_300' title='bbox 1688 4124 1741 4169; x_wconf 91' lang='lat' dir='ltr'><strong>et</strong></span> <span class='ocrx_word' id='word_1_301' title='bbox 1770 4115 2104 4185; x_wconf 86' lang='lat' dir='ltr'><strong>simpliciori-</strong></span> 
     </span>
    </p>
   </div>
   <div class='ocr_carea' id='block_1_42' title="bbox 519 4206 2103 4281">
    <p class='ocr_par' dir='ltr' id='par_1_42' title="bbox 519 4206 2103 4281">
     <span class='ocr_line' id='line_1_42' title="bbox 519 4206 2103 4281; baseline -0.003 -13"><span class='ocrx_word' id='word_1_302' title='bbox 519 4213 620 4268; x_wconf 83' lang='lat' dir='ltr'><strong>bus</strong></span> <span class='ocrx_word' id='word_1_303' title='bbox 658 4212 930 4281; x_wconf 86' lang='lat' dir='ltr'><strong>imponere</strong></span> <span class='ocrx_word' id='word_1_304' title='bbox 960 4210 1291 4275; x_wconf 87' lang='lat' dir='ltr'><strong>niterentur;</strong></span> <span class='ocrx_word' id='word_1_305' title='bbox 1326 4221 1391 4263; x_wconf 89' lang='lat' dir='ltr'><strong>ac</strong></span> <span class='ocrx_word' id='word_1_306' title='bbox 1417 4206 1628 4263; x_wconf 87' lang='lat' dir='ltr'><strong>demunt</strong></span> <span class='ocrx_word' id='word_1_307' title='bbox 1654 4222 1812 4276; x_wconf 90' lang='lat' dir='ltr'><strong>quam</strong></span> <span class='ocrx_word' id='word_1_308' title='bbox 1835 4208 1903 4262; x_wconf 89' lang='lat' dir='ltr'><strong>de</strong></span> <span class='ocrx_word' id='word_1_309' title='bbox 1925 4208 2103 4263; x_wconf 87' lang='lat' dir='ltr'><strong>divina</strong></span> 
     </span>
    </p>
   </div>
   <div class='ocr_carea' id='block_1_43' title="bbox 523 4298 2104 4368">
    <p class='ocr_par' dir='ltr' id='par_1_43' title="bbox 523 4298 2104 4368">
     <span class='ocr_line' id='line_1_43' title="bbox 523 4298 2104 4368; baseline -0.002 -10"><span class='ocrx_word' id='word_1_310' title='bbox 523 4302 782 4359; x_wconf 85' lang='lat' dir='ltr'><strong>Trinitate</strong></span> <span class='ocrx_word' id='word_1_311' title='bbox 832 4300 992 4356; x_wconf 84' lang='lat' dir='ltr'><strong>ﬁdem</strong></span> <span class='ocrx_word' id='word_1_312' title='bbox 1030 4298 1288 4354; x_wconf 81' lang='lat' dir='ltr'><strong>catholica</strong></span> <span class='ocrx_word' id='word_1_313' title='bbox 1331 4307 1644 4368; x_wconf 88' lang='lat' dir='ltr'><strong>sequeretur</strong></span> <span class='ocrx_word' id='word_1_314' title='bbox 1695 4298 1952 4354; x_wconf 88' lang='lat' dir='ltr'><strong>Ecclesia.</strong></span> <span class='ocrx_word' id='word_1_315' title='bbox 1990 4299 2104 4356; x_wconf 89' lang='lat' dir='ltr'><strong>lllic</strong></span> 
     </span>
    </p>
   </div>
   <div class='ocr_carea' id='block_1_44' title="bbox 518 4386 2103 4461">
    <p class='ocr_par' dir='ltr' id='par_1_44' title="bbox 518 4386 2103 4461">
     <span class='ocr_line' id='line_1_44' title="bbox 518 4386 2103 4461; baseline -0.002 -14"><span class='ocrx_word' id='word_1_316' title='bbox 518 4390 853 4455; x_wconf 82' lang='lat' dir='ltr'><strong>Maximinus,</strong></span> <span class='ocrx_word' id='word_1_317' title='bbox 892 4403 1013 4461; x_wconf 65' lang='lat' dir='ltr'><strong>qua</strong></span> <span class='ocrx_word' id='word_1_318' title='bbox 1053 4388 1279 4458; x_wconf 88' lang='lat' dir='ltr'><strong>cogitat,</strong></span> <span class='ocrx_word' id='word_1_319' title='bbox 1310 4402 1417 4443; x_wconf 92' lang='lat' dir='ltr'><strong>non</strong></span> <span class='ocrx_word' id='word_1_320' title='bbox 1464 4386 1861 4457; x_wconf 81' lang='lat' dir='ltr'><strong>expeditissime</strong></span> <span class='ocrx_word' id='word_1_321' title='bbox 1897 4396 2103 4444; x_wconf 88' lang='lat' dir='ltr'><strong>tantum</strong></span> 
     </span>
    </p>
   </div>
   <div class='ocr_carea' id='block_1_45' title="bbox 522 4478 2103 4548">
    <p class='ocr_par' dir='ltr' id='par_1_45' title="bbox 522 4478 2103 4548">
     <span class='ocr_line' id='line_1_45' title="bbox 522 4478 2103 4548; baseline -0.001 -10"><span class='ocrx_word' id='word_1_322' title='bbox 522 4482 710 4548; x_wconf 73' lang='lat' dir='ltr'><strong>effert,</strong></span> <span class='ocrx_word' id='word_1_323' title='bbox 742 4481 835 4536; x_wconf 88' lang='lat' dir='ltr'><strong>scd</strong></span> <span class='ocrx_word' id='word_1_324' title='bbox 859 4480 1020 4536; x_wconf 87' lang='lat' dir='ltr'><strong>etiam</strong></span> <span class='ocrx_word' id='word_1_325' title='bbox 1051 4479 1285 4534; x_wconf 85' lang='lat' dir='ltr'><strong>suaviter</strong></span> <span class='ocrx_word' id='word_1_326' title='bbox 1313 4487 1471 4547; x_wconf 89' lang='lat' dir='ltr'><strong>atque</strong></span> <span class='ocrx_word' id='word_1_327' title='bbox 1499 4486 1718 4544; x_wconf 88' lang='lat' dir='ltr'><strong>ornate;</strong></span> <span class='ocrx_word' id='word_1_328' title='bbox 1752 4478 1876 4534; x_wconf 90' lang='lat' dir='ltr'><strong>licet</strong></span> <span class='ocrx_word' id='word_1_329' title='bbox 1911 4493 1971 4534; x_wconf 91' lang='lat' dir='ltr'><strong>se</strong></span> <span class='ocrx_word' id='word_1_330' title='bbox 2004 4495 2103 4536; x_wconf 84' lang='lat' dir='ltr'><strong>nec</strong></span> 
     </span>
    </p>
   </div>
   <div class='ocr_carea' id='block_1_46' title="bbox 520 4566 2101 4639">
    <p class='ocr_par' dir='ltr' id='par_1_46' title="bbox 520 4566 2101 4639">
     <span class='ocr_line' id='line_1_46' title="bbox 520 4566 2101 4639; baseline -0.002 -11"><span class='ocrx_word' id='word_1_331' title='bbox 520 4574 804 4629; x_wconf 64' lang='lat' dir='ltr'><strong>rhetoricas</strong></span> <span class='ocrx_word' id='word_1_332' title='bbox 823 4572 945 4639; x_wconf 88' lang='lat' dir='ltr'><strong>arti,</strong></span> <span class='ocrx_word' id='word_1_333' title='bbox 973 4585 1071 4626; x_wconf 92' lang='lat' dir='ltr'><strong>nec</strong></span> <span class='ocrx_word' id='word_1_334' title='bbox 1096 4569 1498 4625; x_wconf 84' lang='lat' dir='ltr'><strong>humanioribus</strong></span> <span class='ocrx_word' id='word_1_335' title='bbox 1523 4568 1712 4623; x_wconf 91' lang='lat' dir='ltr'><strong>litteris</strong></span> <span class='ocrx_word' id='word_1_336' title='bbox 1733 4584 1963 4639; x_wconf 87' lang='lat' dir='ltr'><strong>unquam</strong></span> <span class='ocrx_word' id='word_1_337' title='bbox 1987 4566 2101 4625; x_wconf 71' lang='lat' dir='ltr'><strong>stu-</strong></span> 
     </span>
    </p>
   </div>
   <div class='ocr_carea' id='block_1_47' title="bbox 523 4659 2106 4732">
    <p class='ocr_par' dir='ltr' id='par_1_47' title="bbox 523 4659 2106 4732">
     <span class='ocr_line' id='line_1_47' title="bbox 523 4659 2106 4732; baseline -0.001 -15"><span class='ocrx_word' id='word_1_338' title='bbox 523 4662 703 4717; x_wconf 79' lang='lat' dir='ltr'><strong>(luisse</strong></span> <span class='ocrx_word' id='word_1_339' title='bbox 725 4662 1057 4732; x_wconf 74' lang='lat' dir='ltr'><strong>prmdicaret.</strong></span> <span class='ocrx_word' id='word_1_340' title='bbox 1088 4660 1246 4716; x_wconf 91' lang='lat' dir='ltr'><strong>Certe</strong></span> <span class='ocrx_word' id='word_1_341' title='bbox 1270 4659 1484 4731; x_wconf 88' lang='lat' dir='ltr'><strong>quidem</strong></span> <span class='ocrx_word' id='word_1_342' title='bbox 1519 4659 1660 4715; x_wconf 87' lang='lat' dir='ltr'><strong>felici</strong></span> <span class='ocrx_word' id='word_1_343' title='bbox 1698 4661 1951 4716; x_wconf 88' lang='lat' dir='ltr'><strong>memoria</strong></span> <span class='ocrx_word' id='word_1_344' title='bbox 1989 4671 2106 4717; x_wconf 87' lang='lat' dir='ltr'><strong>erat</strong></span> 
     </span>
    </p>
   </div>
   <div class='ocr_carea' id='block_1_48' title="bbox 524 4752 2104 4826">
    <p class='ocr_par' dir='ltr' id='par_1_48' title="bbox 524 4752 2104 4826">
     <span class='ocr_line' id='line_1_48' title="bbox 524 4752 2104 4826; baseline -0.001 -16"><span class='ocrx_word' id='word_1_345' title='bbox 524 4756 794 4826; x_wconf 83' lang='lat' dir='ltr'><strong>praeditus,</strong></span> <span class='ocrx_word' id='word_1_346' title='bbox 815 4771 1019 4811; x_wconf 90' lang='lat' dir='ltr'><strong>necnon</strong></span> <span class='ocrx_word' id='word_1_347' title='bbox 1043 4756 1094 4809; x_wconf 92' lang='lat' dir='ltr'><strong>in</strong></span> <span class='ocrx_word' id='word_1_348' title='bbox 1112 4762 1388 4809; x_wconf 88' lang='lat' dir='ltr'><strong>numerato</strong></span> <span class='ocrx_word' id='word_1_349' title='bbox 1404 4753 1634 4808; x_wconf 81' lang='lat' dir='ltr'><strong>habebat</strong></span> <span class='ocrx_word' id='word_1_350' title='bbox 1648 4752 1935 4823; x_wconf 71' lang='lat' dir='ltr'><strong>Scriptum</strong></span> <span class='ocrx_word' id='word_1_351' title='bbox 1954 4753 2104 4809; x_wconf 89' lang='lat' dir='ltr'><strong>testi-</strong></span> 
     </span>
    </p>
   </div>
   <div class='ocr_carea' id='block_1_49' title="bbox 527 4846 2104 4917">
    <p class='ocr_par' dir='ltr' id='par_1_49' title="bbox 527 4846 2104 4917">
     <span class='ocr_line' id='line_1_49' title="bbox 527 4846 2104 4917; baseline -0.001 -14"><span class='ocrx_word' id='word_1_352' title='bbox 527 4848 704 4903; x_wconf 89' lang='lat' dir='ltr'><strong>monia</strong></span> <span class='ocrx_word' id='word_1_353' title='bbox 734 4848 889 4917; x_wconf 87' lang='lat' dir='ltr'><strong>longe</strong></span> <span class='ocrx_word' id='word_1_354' title='bbox 916 4847 1165 4917; x_wconf 85' lang='lat' dir='ltr'><strong>plurima,</strong></span> <span class='ocrx_word' id='word_1_355' title='bbox 1195 4862 1315 4916; x_wconf 72' lang='lat' dir='ltr'><strong>qua:</strong></span> <span class='ocrx_word' id='word_1_356' title='bbox 1339 4861 1529 4917; x_wconf 88' lang='lat' dir='ltr'><strong>magna</strong></span> <span class='ocrx_word' id='word_1_357' title='bbox 1557 4846 1749 4916; x_wconf 66' lang='lat' dir='ltr'><strong>linguae</strong></span> <span class='ocrx_word' id='word_1_358' title='bbox 1775 4846 2104 4904; x_wconf 87' lang='lat' dir='ltr'><strong>volubilitate</strong></span> 
     </span>
    </p>
   </div>
   <div class='ocr_carea' id='block_1_50' title="bbox 528 4937 2100 5009">
    <p class='ocr_par' dir='ltr' id='par_1_50' title="bbox 528 4937 2100 5009">
     <span class='ocr_line' id='line_1_50' title="bbox 528 4937 2100 5009; baseline 0 -15"><span class='ocrx_word' id='word_1_359' title='bbox 528 4937 781 4994; x_wconf 79' lang='lat' dir='ltr'><strong>eﬂ‘erebat</strong></span> <span class='ocrx_word' id='word_1_360' title='bbox 809 4954 823 4993; x_wconf 91' lang='lat'><strong>:</strong></span> <span class='ocrx_word' id='word_1_361' title='bbox 848 4946 1006 5008; x_wconf 88' lang='lat' dir='ltr'><strong>atque</strong></span> <span class='ocrx_word' id='word_1_362' title='bbox 1033 4938 1166 4993; x_wconf 83' lang='lat' dir='ltr'><strong>adeo</strong></span> <span class='ocrx_word' id='word_1_363' title='bbox 1193 4938 1388 5005; x_wconf 87' lang='lat' dir='ltr'><strong>multa,</strong></span> <span class='ocrx_word' id='word_1_364' title='bbox 1431 4953 1599 5009; x_wconf 88' lang='lat' dir='ltr'><strong>eaque</strong></span> <span class='ocrx_word' id='word_1_365' title='bbox 1639 4939 1987 5009; x_wconf 88' lang='lat' dir='ltr'><strong>pulcherrima</strong></span> <span class='ocrx_word' id='word_1_366' title='bbox 2016 4940 2100 4994; x_wconf 80' lang='lat' dir='ltr'><strong>di-</strong></span> 
     </span>
    </p>
   </div>
   <div class='ocr_carea' id='block_1_51' title="bbox 524 5027 2100 5100">
    <p class='ocr_par' dir='ltr' id='par_1_51' title="bbox 524 5027 2100 5100">
     <span class='ocr_line' id='line_1_51' title="bbox 524 5027 2100 5100; baseline 0.001 -16"><span class='ocrx_word' id='word_1_367' title='bbox 524 5028 698 5092; x_wconf 87' lang='lat' dir='ltr'><strong>cebat,</strong></span> <span class='ocrx_word' id='word_1_368' title='bbox 727 5027 821 5083; x_wconf 89' lang='lat' dir='ltr'><strong>sed</strong></span> <span class='ocrx_word' id='word_1_369' title='bbox 846 5027 913 5081; x_wconf 91' lang='lat' dir='ltr'><strong>ad</strong></span> <span class='ocrx_word' id='word_1_370' title='bbox 951 5043 1062 5082; x_wconf 87' lang='lat' dir='ltr'><strong>rem</strong></span> <span class='ocrx_word' id='word_1_371' title='bbox 1101 5027 1321 5082; x_wconf 90' lang='lat' dir='ltr'><strong>minime</strong></span> <span class='ocrx_word' id='word_1_372' title='bbox 1361 5027 1695 5096; x_wconf 89' lang='lat' dir='ltr'><strong>pertinentia.</strong></span> <span class='ocrx_word' id='word_1_373' title='bbox 1728 5030 1879 5086; x_wconf 89' lang='lat' dir='ltr'><strong>Unde</strong></span> <span class='ocrx_word' id='word_1_374' title='bbox 1921 5030 2100 5100; x_wconf 82' lang='lat' dir='ltr'><strong>fiebat,</strong></span> 
     </span>
    </p>
   </div>
   <div class='ocr_carea' id='block_1_52' title="bbox 524 5116 2103 5191">
    <p class='ocr_par' dir='ltr' id='par_1_52' title="bbox 524 5116 2103 5191">
     <span class='ocr_line' id='line_1_52' title="bbox 524 5116 2103 5191; baseline 0.003 -18"><span class='ocrx_word' id='word_1_375' title='bbox 524 5127 606 5183; x_wconf 90' lang='lat' dir='ltr'><strong>ut,</strong></span> <span class='ocrx_word' id='word_1_376' title='bbox 652 5132 771 5174; x_wconf 91' lang='lat' dir='ltr'><strong>cum</strong></span> <span class='ocrx_word' id='word_1_377' title='bbox 817 5116 1038 5171; x_wconf 90' lang='lat' dir='ltr'><strong>multum</strong></span> <span class='ocrx_word' id='word_1_378' title='bbox 1067 5116 1488 5182; x_wconf 88' lang='lat' dir='ltr'><strong>declamitasset,</strong></span> <span class='ocrx_word' id='word_1_379' title='bbox 1531 5133 1635 5173; x_wconf 88' lang='lat' dir='ltr'><strong>non</strong></span> <span class='ocrx_word' id='word_1_380' title='bbox 1671 5119 1909 5176; x_wconf 80' lang='lat' dir='ltr'><strong>eﬂ&#39;ecisse</strong></span> <span class='ocrx_word' id='word_1_381' title='bbox 1950 5122 2103 5191; x_wconf 78' lang='lat' dir='ltr'><strong>quid-</strong></span> 
     </span>
    </p>
   </div>
   <div class='ocr_carea' id='block_1_53' title="bbox 525 5206 2098 5280">
    <p class='ocr_par' dir='ltr' id='par_1_53' title="bbox 525 5206 2098 5280">
     <span class='ocr_line' id='line_1_53' title="bbox 525 5206 2098 5280; baseline 0.003 -19"><span class='ocrx_word' id='word_1_382' title='bbox 525 5222 706 5279; x_wconf 88' lang='lat' dir='ltr'><strong>quam,</strong></span> <span class='ocrx_word' id='word_1_383' title='bbox 734 5222 905 5276; x_wconf 88' lang='lat' dir='ltr'><strong>neque</strong></span> <span class='ocrx_word' id='word_1_384' title='bbox 934 5206 999 5261; x_wconf 93' lang='lat' dir='ltr'><strong>ad</strong></span> <span class='ocrx_word' id='word_1_385' title='bbox 1034 5207 1353 5277; x_wconf 88' lang='lat' dir='ltr'><strong>interrogata</strong></span> <span class='ocrx_word' id='word_1_386' title='bbox 1390 5207 1729 5277; x_wconf 88' lang='lat' dir='ltr'><strong>respondisse</strong></span> <span class='ocrx_word' id='word_1_387' title='bbox 1760 5213 2098 5280; x_wconf 86' lang='lat' dir='ltr'><strong>reperiretur.</strong></span> 
     </span>
    </p>
   </div>
   <div class='ocr_carea' id='block_1_54' title="bbox 526 5299 2098 5374">
    <p class='ocr_par' dir='ltr' id='par_1_54' title="bbox 526 5299 2098 5374">
     <span class='ocr_line' id='line_1_54' title="bbox 526 5299 2098 5374; baseline 0.004 -20"><span class='ocrx_word' id='word_1_388' title='bbox 526 5300 640 5354; x_wconf 81' lang='lat' dir='ltr'><strong>Hoc</strong></span> <span class='ocrx_word' id='word_1_389' title='bbox 658 5314 715 5355; x_wconf 91' lang='lat' dir='ltr'><strong>se</strong></span> <span class='ocrx_word' id='word_1_390' title='bbox 740 5300 808 5355; x_wconf 86' lang='lat' dir='ltr'><strong>de</strong></span> <span class='ocrx_word' id='word_1_391' title='bbox 835 5299 1089 5355; x_wconf 89' lang='lat' dir='ltr'><strong>industria</strong></span> <span class='ocrx_word' id='word_1_392' title='bbox 1119 5299 1291 5354; x_wconf 87' lang='lat' dir='ltr'><strong>facere</strong></span> <span class='ocrx_word' id='word_1_393' title='bbox 1314 5308 1579 5370; x_wconf 87' lang='lat' dir='ltr'><strong>postrema</strong></span> <span class='ocrx_word' id='word_1_394' title='bbox 1605 5315 1698 5356; x_wconf 91' lang='lat' dir='ltr'><strong>sua</strong></span> <span class='ocrx_word' id='word_1_395' title='bbox 1723 5302 2098 5374; x_wconf 86' lang='lat' dir='ltr'><strong>disputatione,</strong></span> 
     </span>
    </p>
   </div>
   <div class='ocr_carea' id='block_1_55' title="bbox 525 5390 2099 5464">
    <p class='ocr_par' dir='ltr' id='par_1_55' title="bbox 525 5390 2099 5464">
     <span class='ocr_line' id='line_1_55' title="bbox 525 5390 2099 5464; baseline 0.002 -16"><span class='ocrx_word' id='word_1_396' title='bbox 525 5406 682 5464; x_wconf 90' lang='lat' dir='ltr'><strong>quam</strong></span> <span class='ocrx_word' id='word_1_397' title='bbox 711 5392 775 5446; x_wconf 90' lang='lat' dir='ltr'><strong>ad</strong></span> <span class='ocrx_word' id='word_1_398' title='bbox 807 5391 965 5447; x_wconf 87' lang='lat' dir='ltr'><strong>ﬁnem</strong></span> <span class='ocrx_word' id='word_1_399' title='bbox 992 5405 1157 5461; x_wconf 88' lang='lat' dir='ltr'><strong>usque</strong></span> <span class='ocrx_word' id='word_1_400' title='bbox 1185 5390 1286 5445; x_wconf 90' lang='lat' dir='ltr'><strong>diei</strong></span> <span class='ocrx_word' id='word_1_401' title='bbox 1313 5391 1579 5461; x_wconf 87' lang='lat' dir='ltr'><strong>produxit,</strong></span> <span class='ocrx_word' id='word_1_402' title='bbox 1608 5392 1816 5448; x_wconf 85' lang='lat' dir='ltr'><strong>abunde</strong></span> <span class='ocrx_word' id='word_1_403' title='bbox 1835 5396 2099 5451; x_wconf 84' lang='lat' dir='ltr'><strong>ostendit:</strong></span> 
     </span>
    </p>
   </div>
   <div class='ocr_carea' id='block_1_56' title="bbox 523 5482 2099 5554">
    <p class='ocr_par' dir='ltr' id='par_1_56' title="bbox 523 5482 2099 5554">
     <span class='ocr_line' id='line_1_56' title="bbox 523 5482 2099 5554; baseline 0.003 -15"><span class='ocrx_word' id='word_1_404' title='bbox 523 5500 630 5541; x_wconf 85' lang='lat' dir='ltr'><strong>non</strong></span> <span class='ocrx_word' id='word_1_405' title='bbox 657 5484 801 5539; x_wconf 88' lang='lat' dir='ltr'><strong>enim</strong></span> <span class='ocrx_word' id='word_1_406' title='bbox 827 5499 923 5554; x_wconf 90' lang='lat' dir='ltr'><strong>per</strong></span> <span class='ocrx_word' id='word_1_407' title='bbox 949 5491 1156 5552; x_wconf 89' lang='lat' dir='ltr'><strong>tempus</strong></span> <span class='ocrx_word' id='word_1_408' title='bbox 1190 5482 1335 5538; x_wconf 88' lang='lat' dir='ltr'><strong>licuit</strong></span> <span class='ocrx_word' id='word_1_409' title='bbox 1361 5498 1480 5539; x_wconf 87' lang='lat' dir='ltr'><strong>eam</strong></span> <span class='ocrx_word' id='word_1_410' title='bbox 1512 5484 1776 5553; x_wconf 88' lang='lat' dir='ltr'><strong>relegere,</strong></span> <span class='ocrx_word' id='word_1_411' title='bbox 1811 5494 1869 5540; x_wconf 92' lang='lat' dir='ltr'><strong>ut</strong></span> <span class='ocrx_word' id='word_1_412' title='bbox 1895 5487 1962 5541; x_wconf 90' lang='lat' dir='ltr'><strong>ab</strong></span> <span class='ocrx_word' id='word_1_413' title='bbox 1988 5487 2099 5543; x_wconf 57' lang='lat' dir='ltr'><strong>Au-</strong></span> 
     </span>
    </p>
   </div>
   <div class='ocr_carea' id='block_1_57' title="bbox 521 5572 2096 5647">
    <p class='ocr_par' dir='ltr' id='par_1_57' title="bbox 521 5572 2096 5647">
     <span class='ocr_line' id='line_1_57' title="bbox 521 5572 2096 5647; baseline 0.004 -17"><span class='ocrx_word' id='word_1_414' title='bbox 521 5575 735 5647; x_wconf 86' lang='lat' dir='ltr'><strong>gustino</strong></span> <span class='ocrx_word' id='word_1_415' title='bbox 758 5574 1181 5644; x_wconf 86' lang='lat' dir='ltr'><strong>redargueretur.</strong></span> <span class='ocrx_word' id='word_1_416' title='bbox 1209 5572 1315 5630; x_wconf 89' lang='lat' dir='ltr'><strong>Sed</strong></span> <span class='ocrx_word' id='word_1_417' title='bbox 1340 5589 1438 5630; x_wconf 90' lang='lat' dir='ltr'><strong>nec</strong></span> <span class='ocrx_word' id='word_1_418' title='bbox 1461 5574 1796 5631; x_wconf 80' lang='lat' dir='ltr'><strong>Maximinum</strong></span> <span class='ocrx_word' id='word_1_419' title='bbox 1828 5577 2096 5645; x_wconf 87' lang='lat' dir='ltr'><strong>inducere,</strong></span> 
     </span>
    </p>
   </div>
   <div class='ocr_carea' id='block_1_58' title="bbox 523 5667 2101 5739">
    <p class='ocr_par' dir='ltr' id='par_1_58' title="bbox 523 5667 2101 5739">
     <span class='ocr_line' id='line_1_58' title="bbox 523 5667 2101 5739; baseline 0.006 -18"><span class='ocrx_word' id='word_1_420' title='bbox 523 5675 584 5721; x_wconf 85' lang='lat' dir='ltr'><strong>ut</strong></span> <span class='ocrx_word' id='word_1_421' title='bbox 610 5668 930 5738; x_wconf 86' lang='lat' dir='ltr'><strong>colloquium</strong></span> <span class='ocrx_word' id='word_1_422' title='bbox 977 5667 1065 5723; x_wconf 91' lang='lat' dir='ltr'><strong>die</strong></span> <span class='ocrx_word' id='word_1_423' title='bbox 1105 5668 1344 5738; x_wconf 88' lang='lat' dir='ltr'><strong>sequenti</strong></span> <span class='ocrx_word' id='word_1_424' title='bbox 1389 5668 1739 5736; x_wconf 86' lang='lat' dir='ltr'><strong>continuaret,</strong></span> <span class='ocrx_word' id='word_1_425' title='bbox 1785 5672 2004 5739; x_wconf 85' lang='lat' dir='ltr'><strong>licebat,</strong></span> <span class='ocrx_word' id='word_1_426' title='bbox 2031 5689 2101 5730; x_wconf 89' lang='lat' dir='ltr'><strong>eo</strong></span> 
     </span>
    </p>
   </div>
   <div class='ocr_carea' id='block_1_59' title="bbox 524 5757 2101 5831">
    <p class='ocr_par' dir='ltr' id='par_1_59' title="bbox 524 5757 2101 5831">
     <span class='ocr_line' id='line_1_59' title="bbox 524 5757 2101 5831; baseline 0.007 -21"><span class='ocrx_word' id='word_1_427' title='bbox 524 5757 669 5825; x_wconf 90' lang='lat' dir='ltr'><strong>quod</strong></span> <span class='ocrx_word' id='word_1_428' title='bbox 719 5775 777 5813; x_wconf 89' lang='lat' dir='ltr'><strong>se</strong></span> <span class='ocrx_word' id='word_1_429' title='bbox 821 5759 1195 5831; x_wconf 88' lang='lat' dir='ltr'><strong>Carthaginem</strong></span> <span class='ocrx_word' id='word_1_430' title='bbox 1247 5762 1451 5831; x_wconf 89' lang='lat' dir='ltr'><strong>urgenti</strong></span> <span class='ocrx_word' id='word_1_431' title='bbox 1501 5763 1817 5819; x_wconf 83' lang='lat' dir='ltr'><strong>necessitate</strong></span> <span class='ocrx_word' id='word_1_432' title='bbox 1859 5766 2101 5822; x_wconf 88' lang='lat' dir='ltr'><strong>revocari</strong></span> 
     </span>
    </p>
   </div>
   <div class='ocr_carea' id='block_1_60' title="bbox 527 5846 2101 5925">
    <p class='ocr_par' dir='ltr' id='par_1_60' title="bbox 527 5846 2101 5925">
     <span class='ocr_line' id='line_1_60' title="bbox 527 5846 2101 5925; baseline 0.009 -26"><span class='ocrx_word' id='word_1_433' title='bbox 527 5846 858 5905; x_wconf 83' lang='lat' dir='ltr'><strong>obtenderet.</strong></span> <span class='ocrx_word' id='word_1_434' title='bbox 900 5853 1228 5924; x_wconf 87' lang='lat' dir='ltr'><strong>Proindeque</strong></span> <span class='ocrx_word' id='word_1_435' title='bbox 1275 5855 1507 5925; x_wconf 84' lang='lat' dir='ltr'><strong>oportuit</strong></span> <span class='ocrx_word' id='word_1_436' title='bbox 1544 5870 1651 5911; x_wconf 91' lang='lat' dir='ltr'><strong>uno</strong></span> <span class='ocrx_word' id='word_1_437' title='bbox 1692 5856 1855 5912; x_wconf 91' lang='lat' dir='ltr'><strong>verbo</strong></span> <span class='ocrx_word' id='word_1_438' title='bbox 1895 5857 1968 5912; x_wconf 91' lang='lat' dir='ltr'><strong>illi</strong></span> <span class='ocrx_word' id='word_1_439' title='bbox 2016 5873 2101 5913; x_wconf 87' lang='lat' dir='ltr'><strong>re-</strong></span> 
     </span>
    </p>
   </div>
   <div class='ocr_carea' id='block_1_61' title="bbox 1612 416 2628 478">
    <p class='ocr_par' dir='ltr' id='par_1_61' title="bbox 1612 416 2628 478">
     <span class='ocr_line' id='line_1_61' title="bbox 1612 416 2628 478; baseline -0.001 -2"><span class='ocrx_word' id='word_1_440' title='bbox 1612 422 1761 476; x_wconf 75' lang='lat' dir='ltr'><strong>VITA</strong></span> <span class='ocrx_word' id='word_1_441' title='bbox 1802 422 1861 478; x_wconf 76' lang='lat' dir='ltr'><strong>S.</strong></span> <span class='ocrx_word' id='word_1_442' title='bbox 1901 416 2265 477; x_wconf 75' lang='lat' dir='ltr'><strong>AUGUSTINI</strong></span> <span class='ocrx_word' id='word_1_443' title='bbox 2310 418 2628 476; x_wconf 83' lang='lat' dir='ltr'><strong>EPISCOPI.</strong></span> 
     </span>
    </p>
   </div>
   <div class='ocr_carea' id='block_1_62' title="bbox 2243 456 3686 627">
    <p class='ocr_par' dir='ltr' id='par_1_62' title="bbox 2243 456 3686 627">
     <span class='ocr_line' id='line_1_62' title="bbox 2243 456 3686 627; baseline 0.021 -37"><span class='ocrx_word' id='word_1_444' title='bbox 2243 536 2510 627; x_wconf 82' lang='lat' dir='ltr'><strong>spondere</strong></span> <span class='ocrx_word' id='word_1_445' title='bbox 2540 536 2889 608; x_wconf 82' lang='lat' dir='ltr'><strong>Augustinum</strong></span> <span class='ocrx_word' id='word_1_446' title='bbox 2921 556 2935 594; x_wconf 83' lang='lat'><strong>:</strong></span> <span class='ocrx_word' id='word_1_447' title='bbox 2965 556 3144 598; x_wconf 87' lang='lat' dir='ltr'><strong>verum</strong></span> <span class='ocrx_word' id='word_1_448' title='bbox 3173 550 3355 619; x_wconf 85' lang='lat' dir='ltr'><strong>recepit</strong></span> <span class='ocrx_word' id='word_1_449' title='bbox 3378 553 3493 613; x_wconf 84' lang='lat' dir='ltr'><strong>idem</strong></span> <span class='ocrx_word' id='word_1_450' title='bbox 3516 562 3584 622; x_wconf 70' lang='lat' dir='ltr'><strong>hic</strong></span> <span class='ocrx_word' id='word_1_451' title='bbox 3602 456 3686 627; x_wconf 39' lang='grc' dir='ltr'><strong>ἓξ</strong></span> 
     </span>
    </p>
   </div>
   <div class='ocr_carea' id='block_1_63' title="bbox 2238 621 3690 718">
    <p class='ocr_par' dir='ltr' id='par_1_63' title="bbox 2238 621 3690 718">
     <span class='ocr_line' id='line_1_63' title="bbox 2238 621 3690 718; baseline 0.017 -33"><span class='ocrx_word' id='word_1_452' title='bbox 2238 638 2376 698; x_wconf 87' lang='lat' dir='ltr'><strong>ctus,</strong></span> <span class='ocrx_word' id='word_1_453' title='bbox 2408 621 2467 687; x_wconf 82' lang='lat' dir='ltr'><strong>se</strong></span> <span class='ocrx_word' id='word_1_454' title='bbox 2485 629 2922 701; x_wconf 84' lang='lat' dir='ltr'><strong>disceptationem</strong></span> <span class='ocrx_word' id='word_1_455' title='bbox 2943 635 3151 707; x_wconf 88' lang='lat' dir='ltr'><strong>scriptis</strong></span> <span class='ocrx_word' id='word_1_456' title='bbox 3176 640 3487 718; x_wconf 80' lang='lat' dir='ltr'><strong>traditurum,</strong></span> <span class='ocrx_word' id='word_1_457' title='bbox 3510 621 3690 717; x_wconf 44' lang='lat' dir='ltr'><strong>satis;</strong></span> 
     </span>
    </p>
   </div>
   <div class='ocr_carea' id='block_1_64' title="bbox 2236 722 3689 809">
    <p class='ocr_par' dir='ltr' id='par_1_64' title="bbox 2236 722 3689 809">
     <span class='ocr_line' id='line_1_64' title="bbox 2236 722 3689 809; baseline 0.017 -33"><span class='ocrx_word' id='word_1_458' title='bbox 2236 722 2403 789; x_wconf 91' lang='lat' dir='ltr'><strong>mino,</strong></span> <span class='ocrx_word' id='word_1_459' title='bbox 2429 736 2586 792; x_wconf 89' lang='lat' dir='ltr'><strong>quam</strong></span> <span class='ocrx_word' id='word_1_460' title='bbox 2610 722 2743 779; x_wconf 89' lang='lat' dir='ltr'><strong>falsa</strong></span> <span class='ocrx_word' id='word_1_461' title='bbox 2767 723 3012 795; x_wconf 78' lang='lat' dir='ltr'><strong>dogmata</strong></span> <span class='ocrx_word' id='word_1_462' title='bbox 3040 732 3267 787; x_wconf 88' lang='lat' dir='ltr'><strong>tueretur</strong></span> <span class='ocrx_word' id='word_1_463' title='bbox 3286 734 3689 809; x_wconf 70' lang='lat' dir='ltr'><strong>demonstraturum;</strong></span> 
     </span>
    </p>
   </div>
   <div class='ocr_carea' id='block_1_65' title="bbox 2234 812 3725 901">
    <p class='ocr_par' dir='ltr' id='par_1_65' title="bbox 2234 812 3725 901">
     <span class='ocr_line' id='line_1_65' title="bbox 2234 812 3725 901; baseline 0.02 -34"><span class='ocrx_word' id='word_1_464' title='bbox 2234 812 2377 884; x_wconf 92' lang='lat' dir='ltr'><strong>quod</strong></span> <span class='ocrx_word' id='word_1_465' title='bbox 2408 814 2729 883; x_wconf 88' lang='lat' dir='ltr'><strong>promissum</strong></span> <span class='ocrx_word' id='word_1_466' title='bbox 2758 814 3147 885; x_wconf 84' lang='lat' dir='ltr'><strong>subscriptione</strong></span> <span class='ocrx_word' id='word_1_467' title='bbox 3173 835 3262 876; x_wconf 86' lang='lat' dir='ltr'><strong>sua</strong></span> <span class='ocrx_word' id='word_1_468' title='bbox 3288 829 3499 885; x_wconf 86' lang='lat' dir='ltr'><strong>munivit.</strong></span> <span class='ocrx_word' id='word_1_469' title='bbox 3518 834 3725 901; x_wconf 32' lang='lat' dir='ltr'><strong>Maximi;</strong></span> 
     </span>
    </p>
   </div>
   <div class='ocr_carea' id='block_1_66' title="bbox 2233 906 3691 998">
    <p class='ocr_par' dir='ltr' id='par_1_66' title="bbox 2233 906 3691 998">
     <span class='ocr_line' id='line_1_66' title="bbox 2233 906 3691 998; baseline 0.015 -41"><span class='ocrx_word' id='word_1_470' title='bbox 2233 919 2332 959; x_wconf 93' lang='lat' dir='ltr'><strong>nus</strong></span> <span class='ocrx_word' id='word_1_471' title='bbox 2362 918 2572 976; x_wconf 89' lang='lat' dir='ltr'><strong>quoque</strong></span> <span class='ocrx_word' id='word_1_472' title='bbox 2609 906 2822 976; x_wconf 84' lang='lat' dir='ltr'><strong>propria</strong></span> <span class='ocrx_word' id='word_1_473' title='bbox 2861 920 3018 962; x_wconf 90' lang='lat' dir='ltr'><strong>manu</strong></span> <span class='ocrx_word' id='word_1_474' title='bbox 3048 909 3254 979; x_wconf 87' lang='lat' dir='ltr'><strong>scripsit</strong></span> <span class='ocrx_word' id='word_1_475' title='bbox 3294 915 3343 970; x_wconf 90' lang='lat' dir='ltr'><strong>in</strong></span> <span class='ocrx_word' id='word_1_476' title='bbox 3364 918 3494 989; x_wconf 87' lang='lat' dir='ltr'><strong>culpa</strong></span> <span class='ocrx_word' id='word_1_477' title='bbox 3526 922 3613 982; x_wconf 78' lang='lat' dir='ltr'><strong>fore</strong></span> <span class='ocrx_word' id='word_1_478' title='bbox 3640 946 3691 998; x_wconf 60' lang='lat' dir='ltr'><strong>se,</strong></span> 
     </span>
    </p>
   </div>
   <div class='ocr_carea' id='block_1_67' title="bbox 2232 997 3693 1076">
    <p class='ocr_par' dir='ltr' id='par_1_67' title="bbox 2232 997 3693 1076">
     <span class='ocr_line' id='line_1_67' title="bbox 2232 997 3693 1076; baseline 0.016 -23"><span class='ocrx_word' id='word_1_479' title='bbox 2232 997 2335 1053; x_wconf 88' lang='lat' dir='ltr'><strong>nisi</strong></span> <span class='ocrx_word' id='word_1_480' title='bbox 2360 1006 2578 1069; x_wconf 86' lang='lat' dir='ltr'><strong>accepto</strong></span> <span class='ocrx_word' id='word_1_481' title='bbox 2605 997 2741 1053; x_wconf 83' lang='lat' dir='ltr'><strong>illius</strong></span> <span class='ocrx_word' id='word_1_482' title='bbox 2768 999 2902 1055; x_wconf 90' lang='lat' dir='ltr'><strong>libro</strong></span> <span class='ocrx_word' id='word_1_483' title='bbox 2928 1000 3149 1071; x_wconf 82' lang='lat' dir='ltr'><strong>singulis</strong></span> <span class='ocrx_word' id='word_1_484' title='bbox 3175 1005 3412 1075; x_wconf 86' lang='lat' dir='ltr'><strong>capitibus</strong></span> <span class='ocrx_word' id='word_1_485' title='bbox 3434 997 3693 1076; x_wconf 72' lang='lat' dir='ltr'><strong>satisfamet.</strong></span> 
     </span>
    </p>
   </div>
   <div class='ocr_carea' id='block_1_68' title="bbox 2230 1088 3695 1175">
    <p class='ocr_par' dir='ltr' id='par_1_68' title="bbox 2230 1088 3695 1175">
     <span class='ocr_line' id='line_1_68' title="bbox 2230 1088 3695 1175; baseline 0.01 -32"><span class='ocrx_word' id='word_1_486' title='bbox 2230 1088 2555 1160; x_wconf 85' lang='lat' dir='ltr'><strong>Augustinus</strong></span> <span class='ocrx_word' id='word_1_487' title='bbox 2590 1089 2750 1145; x_wconf 85' lang='lat' dir='ltr'><strong>fidem</strong></span> <span class='ocrx_word' id='word_1_488' title='bbox 2787 1090 3024 1147; x_wconf 88' lang='lat' dir='ltr'><strong>liberavit</strong></span> <span class='ocrx_word' id='word_1_489' title='bbox 3052 1108 3203 1149; x_wconf 88' lang='lat' dir='ltr'><strong>suam</strong></span> <span class='ocrx_word' id='word_1_490' title='bbox 3221 1136 3236 1163; x_wconf 92' lang='lat'><strong>,</strong></span> <span class='ocrx_word' id='word_1_491' title='bbox 3264 1112 3417 1169; x_wconf 87' lang='lat' dir='ltr'><strong>eoque</strong></span> <span class='ocrx_word' id='word_1_492' title='bbox 3437 1107 3572 1175; x_wconf 77' lang='lat' dir='ltr'><strong>magis</strong></span> <span class='ocrx_word' id='word_1_493' title='bbox 3596 1110 3633 1164; x_wconf 75' lang='lat' dir='ltr'><strong>id</strong></span> <span class='ocrx_word' id='word_1_494' title='bbox 3655 1114 3695 1168; x_wconf 75' lang='grc' dir='ltr'><strong>ίι.</strong></span> 
     </span>
    </p>
   </div>
   <div class='ocr_carea' id='block_1_69' title="bbox 2230 1178 3694 1276">
    <p class='ocr_par' dir='ltr' id='par_1_69' title="bbox 2230 1178 3694 1276">
     <span class='ocr_line' id='line_1_69' title="bbox 2230 1178 3694 1276; baseline 0.008 -38"><span class='ocrx_word' id='word_1_495' title='bbox 2230 1178 2339 1238; x_wconf 85' lang='lat' dir='ltr'><strong>lum</strong></span> <span class='ocrx_word' id='word_1_496' title='bbox 2367 1194 2621 1276; x_wconf 68' lang='lat' dir='ltr'><strong>praestare</strong></span> <span class='ocrx_word' id='word_1_497' title='bbox 2646 1201 2921 1243; x_wconf 87' lang='lat' dir='ltr'><strong>necessum</strong></span> <span class='ocrx_word' id='word_1_498' title='bbox 2944 1188 3063 1252; x_wconf 89' lang='lat' dir='ltr'><strong>fuit,</strong></span> <span class='ocrx_word' id='word_1_499' title='bbox 3093 1191 3230 1261; x_wconf 90' lang='lat' dir='ltr'><strong>quod</strong></span> <span class='ocrx_word' id='word_1_500' title='bbox 3250 1208 3471 1254; x_wconf 85' lang='lat' dir='ltr'><strong>reversus</strong></span> <span class='ocrx_word' id='word_1_501' title='bbox 3492 1200 3694 1276; x_wconf 59' lang='lat' dir='ltr'><strong>Coniugi.</strong></span> 
     </span>
    </p>
   </div>
   <div class='ocr_carea' id='block_1_70' title="bbox 2228 1273 3696 1351">
    <p class='ocr_par' dir='ltr' id='par_1_70' title="bbox 2228 1273 3696 1351">
     <span class='ocr_line' id='line_1_70' title="bbox 2228 1273 3696 1351; baseline 0.018 -25"><span class='ocrx_word' id='word_1_502' title='bbox 2228 1287 2351 1328; x_wconf 90' lang='lat' dir='ltr'><strong>nem</strong></span> <span class='ocrx_word' id='word_1_503' title='bbox 2372 1273 2712 1341; x_wconf 83' lang='lat' dir='ltr'><strong>Maximinus,</strong></span> <span class='ocrx_word' id='word_1_504' title='bbox 2748 1292 2779 1332; x_wconf 91' lang='lat' dir='ltr'><strong>e</strong></span> <span class='ocrx_word' id='word_1_505' title='bbox 2814 1276 3096 1336; x_wconf 88' lang='lat' dir='ltr'><strong>collatione</strong></span> <span class='ocrx_word' id='word_1_506' title='bbox 3118 1280 3359 1339; x_wconf 84' lang='lat' dir='ltr'><strong>victorem</strong></span> <span class='ocrx_word' id='word_1_507' title='bbox 3390 1300 3442 1342; x_wconf 87' lang='lat' dir='ltr'><strong>se</strong></span> <span class='ocrx_word' id='word_1_508' title='bbox 3471 1273 3696 1351; x_wconf 66' lang='lat' dir='ltr'><strong>discessisse</strong></span> 
     </span>
    </p>
   </div>
   <div class='ocr_carea' id='block_1_71' title="bbox 2226 1360 3697 1445">
    <p class='ocr_par' dir='ltr' id='par_1_71' title="bbox 2226 1360 3697 1445">
     <span class='ocr_line' id='line_1_71' title="bbox 2226 1360 3697 1445; baseline 0.018 -28"><span class='ocrx_word' id='word_1_509' title='bbox 2226 1365 2592 1434; x_wconf 88' lang='lat' dir='ltr'><strong>gloriabatur;</strong></span> <span class='ocrx_word' id='word_1_510' title='bbox 2668 1360 2791 1439; x_wconf 88' lang='lat' dir='ltr'><strong>quia</strong></span> <span class='ocrx_word' id='word_1_511' title='bbox 2848 1370 3096 1428; x_wconf 86' lang='lat' dir='ltr'><strong>videlicet</strong></span> <span class='ocrx_word' id='word_1_512' title='bbox 3157 1374 3258 1430; x_wconf 92' lang='lat' dir='ltr'><strong>illic</strong></span> <span class='ocrx_word' id='word_1_513' title='bbox 3320 1392 3374 1434; x_wconf 82' lang='lat' dir='ltr'><strong>se</strong></span> <span class='ocrx_word' id='word_1_514' title='bbox 3430 1383 3697 1445; x_wconf 66' lang='lat' dir='ltr'><strong>verbosiorem</strong></span> 
     </span>
    </p>
   </div>
   <div class='ocr_carea' id='block_1_72' title="bbox 2225 1456 3693 1547">
    <p class='ocr_par' dir='ltr' id='par_1_72' title="bbox 2225 1456 3693 1547">
     <span class='ocr_line' id='line_1_72' title="bbox 2225 1456 3693 1547; baseline 0.016 -36"><span class='ocrx_word' id='word_1_515' title='bbox 2225 1456 2542 1513; x_wconf 81' lang='lat' dir='ltr'><strong>exhibuerat</strong></span> <span class='ocrx_word' id='word_1_516' title='bbox 2582 1459 2920 1529; x_wconf 85' lang='lat' dir='ltr'><strong>(Possidius,</strong></span> <span class='ocrx_word' id='word_1_517' title='bbox 2978 1464 3030 1518; x_wconf 80' lang='lat' dir='ltr'><strong>in</strong></span> <span class='ocrx_word' id='word_1_518' title='bbox 3080 1464 3194 1519; x_wconf 81' lang='lat' dir='ltr'><strong>Vita</strong></span> <span class='ocrx_word' id='word_1_519' title='bbox 3236 1468 3506 1541; x_wconf 84' lang='lat' dir='ltr'><strong>Augustini,</strong></span> <span class='ocrx_word' id='word_1_520' title='bbox 3538 1493 3572 1529; x_wconf 74' lang='grc' dir='ltr'><strong>ο.</strong></span> <span class='ocrx_word' id='word_1_521' title='bbox 3603 1481 3693 1547; x_wconf 80' lang='grc'><strong>17).</strong></span> 
     </span>
    </p>
   </div>
   <div class='ocr_carea' id='block_1_73' title="bbox 2225 1546 3696 1635">
    <p class='ocr_par' dir='ltr' id='par_1_73' title="bbox 2225 1546 3696 1635">
     <span class='ocr_line' id='line_1_73' title="bbox 2225 1546 3696 1635; baseline 0.017 -34"><span class='ocrx_word' id='word_1_522' title='bbox 2225 1546 2477 1616; x_wconf 88' lang='lat' dir='ltr'><strong>Quamvis</strong></span> <span class='ocrx_word' id='word_1_523' title='bbox 2496 1558 2673 1605; x_wconf 91' lang='lat' dir='ltr'><strong>autem</strong></span> <span class='ocrx_word' id='word_1_524' title='bbox 2701 1552 2841 1607; x_wconf 89' lang='lat' dir='ltr'><strong>illius</strong></span> <span class='ocrx_word' id='word_1_525' title='bbox 2865 1554 3084 1610; x_wconf 88' lang='lat' dir='ltr'><strong>victoria</strong></span> <span class='ocrx_word' id='word_1_526' title='bbox 3104 1567 3445 1617; x_wconf 83' lang='lat' dir='ltr'><strong>commentum</strong></span> <span class='ocrx_word' id='word_1_527' title='bbox 3468 1576 3607 1635; x_wconf 74' lang='lat' dir='ltr'><strong>esset.</strong></span> 
     </span>
    </p>
   </div>
   <div class='ocr_carea' id='block_1_74' title="bbox 2224 1643 3696 1717">
    <p class='ocr_par' dir='ltr' id='par_1_74' title="bbox 2224 1643 3696 1717">
     <span class='ocr_line' id='line_1_74' title="bbox 2224 1643 3696 1717; baseline 0.014 -22"><span class='ocrx_word' id='word_1_528' title='bbox 2224 1652 2339 1696; x_wconf 89' lang='lat' dir='ltr'><strong>erat</strong></span> <span class='ocrx_word' id='word_1_529' title='bbox 2383 1650 2557 1697; x_wconf 90' lang='lat' dir='ltr'><strong>tamen</strong></span> <span class='ocrx_word' id='word_1_530' title='bbox 2599 1643 2903 1715; x_wconf 85' lang='lat' dir='ltr'><strong>expeditum</strong></span> <span class='ocrx_word' id='word_1_531' title='bbox 2951 1647 3266 1708; x_wconf 84' lang='lat' dir='ltr'><strong>tardioribus</strong></span> <span class='ocrx_word' id='word_1_532' title='bbox 3302 1666 3362 1709; x_wconf 81' lang='lat' dir='ltr'><strong>ac</strong></span> <span class='ocrx_word' id='word_1_533' title='bbox 3396 1656 3542 1712; x_wconf 88' lang='lat' dir='ltr'><strong>minus</strong></span> <span class='ocrx_word' id='word_1_534' title='bbox 3568 1658 3609 1715; x_wconf 77' lang='lat' dir='ltr'><strong>is</strong></span> <span class='ocrx_word' id='word_1_535' title='bbox 3630 1663 3696 1717; x_wconf 81' lang='lat' dir='ltr'><strong>title</strong></span> 
     </span>
    </p>
   </div>
   <div class='ocr_carea' id='block_1_75' title="bbox 2224 1732 3697 1814">
    <p class='ocr_par' dir='ltr' id='par_1_75' title="bbox 2224 1732 3697 1814">
     <span class='ocr_line' id='line_1_75' title="bbox 2224 1732 3697 1814; baseline 0.014 -27"><span class='ocrx_word' id='word_1_536' title='bbox 2224 1732 2446 1788; x_wconf 88' lang='lat' dir='ltr'><strong>eruditis</strong></span> <span class='ocrx_word' id='word_1_537' title='bbox 2475 1733 2545 1788; x_wconf 89' lang='lat' dir='ltr'><strong>de</strong></span> <span class='ocrx_word' id='word_1_538' title='bbox 2584 1734 2698 1804; x_wconf 90' lang='lat' dir='ltr'><strong>ipsa</strong></span> <span class='ocrx_word' id='word_1_539' title='bbox 2721 1734 2983 1804; x_wconf 88' lang='lat' dir='ltr'><strong>judicare.</strong></span> <span class='ocrx_word' id='word_1_540' title='bbox 3017 1738 3240 1811; x_wconf 88' lang='lat' dir='ltr'><strong>Scripsit</strong></span> <span class='ocrx_word' id='word_1_541' title='bbox 3264 1742 3428 1814; x_wconf 88' lang='lat' dir='ltr'><strong>itaque</strong></span> <span class='ocrx_word' id='word_1_542' title='bbox 3451 1744 3529 1802; x_wconf 90' lang='lat' dir='ltr'><strong>Vir</strong></span> <span class='ocrx_word' id='word_1_543' title='bbox 3550 1761 3697 1806; x_wconf 74' lang='lat' dir='ltr'><strong>sanust</strong></span> 
     </span>
    </p>
   </div>
   <div class='ocr_carea' id='block_1_76' title="bbox 2224 1824 3698 1910">
    <p class='ocr_par' dir='ltr' id='par_1_76' title="bbox 2224 1824 3698 1910">
     <span class='ocr_line' id='line_1_76' title="bbox 2224 1824 3698 1910; baseline 0.012 -31"><span class='ocrx_word' id='word_1_544' title='bbox 2224 1824 2357 1880; x_wconf 87' lang='lat' dir='ltr'><strong>duos</strong></span> <span class='ocrx_word' id='word_1_545' title='bbox 2377 1824 2541 1881; x_wconf 89' lang='lat' dir='ltr'><strong>libros</strong></span> <span class='ocrx_word' id='word_1_546' title='bbox 2560 1825 2847 1883; x_wconf 90' lang='lat' dir='ltr'><strong>admodum</strong></span> <span class='ocrx_word' id='word_1_547' title='bbox 2875 1829 3132 1899; x_wconf 77' lang='lat' dir='ltr'><strong>prolixos,</strong></span> <span class='ocrx_word' id='word_1_548' title='bbox 3157 1847 3375 1903; x_wconf 88' lang='lat' dir='ltr'><strong>quorum</strong></span> <span class='ocrx_word' id='word_1_549' title='bbox 3396 1838 3545 1907; x_wconf 88' lang='lat' dir='ltr'><strong>priore</strong></span> <span class='ocrx_word' id='word_1_550' title='bbox 3559 1840 3698 1910; x_wconf 69' lang='lat' dir='ltr'><strong>iisque</strong></span> 
     </span>
    </p>
   </div>
   <div class='ocr_carea' id='block_1_77' title="bbox 2222 1918 3698 1999">
    <p class='ocr_par' dir='ltr' id='par_1_77' title="bbox 2222 1918 3698 1999">
     <span class='ocr_line' id='line_1_77' title="bbox 2222 1918 3698 1999; baseline 0.01 -26"><span class='ocrx_word' id='word_1_551' title='bbox 2222 1918 2450 1988; x_wconf 89' lang='lat' dir='ltr'><strong>ipsemet</strong></span> <span class='ocrx_word' id='word_1_552' title='bbox 2475 1929 2844 1989; x_wconf 80' lang='lat' dir='ltr'><strong>proposuerat,</strong></span> <span class='ocrx_word' id='word_1_553' title='bbox 2862 1921 3205 1980; x_wconf 76' lang='lat' dir='ltr'><strong>Maximinum</strong></span> <span class='ocrx_word' id='word_1_554' title='bbox 3229 1928 3430 1984; x_wconf 89' lang='lat' dir='ltr'><strong>minime</strong></span> <span class='ocrx_word' id='word_1_555' title='bbox 3448 1931 3698 1999; x_wconf 78' lang='lat' dir='ltr'><strong>respondisse</strong></span> 
     </span>
    </p>
   </div>
   <div class='ocr_carea' id='block_1_78' title="bbox 2220 2006 3698 2086">
    <p class='ocr_par' dir='ltr' id='par_1_78' title="bbox 2220 2006 3698 2086">
     <span class='ocr_line' id='line_1_78' title="bbox 2220 2006 3698 2086; baseline 0.011 -26"><span class='ocrx_word' id='word_1_556' title='bbox 2220 2008 2436 2076; x_wconf 89' lang='lat' dir='ltr'><strong>planum</strong></span> <span class='ocrx_word' id='word_1_557' title='bbox 2468 2006 2592 2063; x_wconf 87' lang='lat' dir='ltr'><strong>fecit</strong></span> <span class='ocrx_word' id='word_1_558' title='bbox 2620 2026 2632 2061; x_wconf 91' lang='lat'>:</span> <span class='ocrx_word' id='word_1_559' title='bbox 2668 2011 2721 2065; x_wconf 92' lang='lat' dir='ltr'><strong>in</strong></span> <span class='ocrx_word' id='word_1_560' title='bbox 2748 2012 3041 2079; x_wconf 86' lang='lat' dir='ltr'><strong>posteriore</strong></span> <span class='ocrx_word' id='word_1_561' title='bbox 3068 2022 3264 2080; x_wconf 89' lang='lat' dir='ltr'><strong>autem,</strong></span> <span class='ocrx_word' id='word_1_562' title='bbox 3297 2017 3511 2086; x_wconf 82' lang='lat' dir='ltr'><strong>ejusdem</strong></span> <span class='ocrx_word' id='word_1_563' title='bbox 3531 2019 3698 2077; x_wconf 63' lang='lat' dir='ltr'><strong>heretici</strong></span> 
     </span>
    </p>
   </div>
   <div class='ocr_carea' id='block_1_79' title="bbox 2219 2097 3805 2182">
    <p class='ocr_par' dir='ltr' id='par_1_79' title="bbox 2219 2097 3805 2182">
     <span class='ocr_line' id='line_1_79' title="bbox 2219 2097 3805 2182; baseline 0.007 -29"><span class='ocrx_word' id='word_1_564' title='bbox 2219 2097 2630 2168; x_wconf 88' lang='lat' dir='ltr'><strong>disputationem</strong></span> <span class='ocrx_word' id='word_1_565' title='bbox 2663 2100 3002 2171; x_wconf 88' lang='lat' dir='ltr'><strong>prolixiorem</strong></span> <span class='ocrx_word' id='word_1_566' title='bbox 3023 2146 3038 2171; x_wconf 92' lang='lat'><strong>,</strong></span> <span class='ocrx_word' id='word_1_567' title='bbox 3070 2106 3160 2162; x_wconf 87' lang='lat' dir='ltr'><strong>cui</strong></span> <span class='ocrx_word' id='word_1_568' title='bbox 3199 2107 3250 2161; x_wconf 93' lang='lat' dir='ltr'><strong>in</strong></span> <span class='ocrx_word' id='word_1_569' title='bbox 3284 2108 3522 2179; x_wconf 89' lang='lat' dir='ltr'><strong>colloquio</strong></span> <span class='ocrx_word' id='word_1_570' title='bbox 3544 2124 3698 2182; x_wconf 63' lang='lat' dir='ltr'><strong>respuo</strong></span> <span class='ocrx_word' id='word_1_571' title='bbox 3798 2162 3805 2181; x_wconf 33' lang='grc' dir='ltr'>ί</span> 
     </span>
    </p>
   </div>
   <div class='ocr_carea' id='block_1_80' title="bbox 2218 2184 3811 2273">
    <p class='ocr_par' dir='ltr' id='par_1_80' title="bbox 2218 2184 3811 2273">
     <span class='ocr_line' id='line_1_80' title="bbox 2218 2184 3811 2273; baseline 0.011 -31"><span class='ocrx_word' id='word_1_572' title='bbox 2218 2187 2347 2243; x_wconf 89' lang='lat' dir='ltr'><strong>dere</strong></span> <span class='ocrx_word' id='word_1_573' title='bbox 2380 2190 2638 2259; x_wconf 83' lang='lat' dir='ltr'><strong>temporis</strong></span> <span class='ocrx_word' id='word_1_574' title='bbox 2663 2193 2904 2263; x_wconf 87' lang='lat' dir='ltr'><strong>angustia</strong></span> <span class='ocrx_word' id='word_1_575' title='bbox 2935 2192 3104 2249; x_wconf 83' lang='lat' dir='ltr'><strong>fuerat</strong></span> <span class='ocrx_word' id='word_1_576' title='bbox 3134 2197 3434 2267; x_wconf 84' lang='lat' dir='ltr'><strong>prohibitus,</strong></span> <span class='ocrx_word' id='word_1_577' title='bbox 3458 2208 3589 2256; x_wconf 81' lang='lat' dir='ltr'><strong>totam</strong></span> <span class='ocrx_word' id='word_1_578' title='bbox 3608 2200 3703 2257; x_wconf 80' lang='lat' dir='ltr'><strong>refn-</strong></span> 
     </span>
    </p>
   </div>
   <div class='ocr_carea' id='block_1_81' title="bbox 2220 2279 3811 2357">
    <p class='ocr_par' dir='ltr' id='par_1_81' title="bbox 2220 2279 3811 2357">
     <span class='ocr_line' id='line_1_81' title="bbox 2220 2279 3811 2357; baseline 0.007 -25"><span class='ocrx_word' id='word_1_579' title='bbox 2220 2279 2366 2333; x_wconf 89' lang='lat' dir='ltr'><strong>tavit.</strong></span> <span class='ocrx_word' id='word_1_580' title='bbox 2398 2280 2506 2335; x_wconf 89' lang='lat' dir='ltr'><strong>Hos</strong></span> <span class='ocrx_word' id='word_1_581' title='bbox 2547 2281 2712 2337; x_wconf 91' lang='lat' dir='ltr'><strong>libros</strong></span> <span class='ocrx_word' id='word_1_582' title='bbox 2741 2293 2953 2341; x_wconf 87' lang='lat' dir='ltr'><strong>sanctus</strong></span> <span class='ocrx_word' id='word_1_583' title='bbox 2979 2285 3181 2342; x_wconf 72' lang='lat' dir='ltr'><strong>Prmsul</strong></span> <span class='ocrx_word' id='word_1_584' title='bbox 3209 2303 3272 2343; x_wconf 91' lang='lat' dir='ltr'><strong>eo</strong></span> <span class='ocrx_word' id='word_1_585' title='bbox 3309 2290 3476 2346; x_wconf 88' lang='lat' dir='ltr'><strong>reticet</strong></span> <span class='ocrx_word' id='word_1_586' title='bbox 3500 2291 3543 2346; x_wconf 87' lang='lat' dir='ltr'><strong>in</strong></span> <span class='ocrx_word' id='word_1_587' title='bbox 3571 2291 3701 2347; x_wconf 81' lang='lat' dir='ltr'><strong>itetra-</strong></span> <span class='ocrx_word' id='word_1_588' title='bbox 3796 2280 3811 2357; x_wconf 48' lang='grc' dir='ltr'><strong>ξη</strong></span> 
     </span>
    </p>
   </div>
   <div class='ocr_carea' id='block_1_82' title="bbox 2218 2368 3703 2446">
    <p class='ocr_par' dir='ltr' id='par_1_82' title="bbox 2218 2368 3703 2446">
     <span class='ocr_line' id='line_1_82' title="bbox 2218 2368 3703 2446; baseline 0.01 -23"><span class='ocrx_word' id='word_1_589' title='bbox 2218 2368 2574 2439; x_wconf 90' lang='lat' dir='ltr'><strong>ctationibus,</strong></span> <span class='ocrx_word' id='word_1_590' title='bbox 2625 2373 2766 2443; x_wconf 89' lang='lat' dir='ltr'><strong>quod</strong></span> <span class='ocrx_word' id='word_1_591' title='bbox 2816 2373 2902 2429; x_wconf 83' lang='lat' dir='ltr'><strong>bis</strong></span> <span class='ocrx_word' id='word_1_592' title='bbox 2944 2375 3053 2446; x_wconf 87' lang='lat' dir='ltr'><strong>jam</strong></span> <span class='ocrx_word' id='word_1_593' title='bbox 3107 2388 3235 2435; x_wconf 87' lang='lat' dir='ltr'><strong>ante</strong></span> <span class='ocrx_word' id='word_1_594' title='bbox 3279 2394 3517 2436; x_wconf 86' lang='lat' dir='ltr'><strong>summam</strong></span> <span class='ocrx_word' id='word_1_595' title='bbox 3555 2397 3703 2437; x_wconf 76' lang='lat' dir='ltr'><strong>manum</strong></span> 
     </span>
    </p>
   </div>
   <div class='ocr_carea' id='block_1_83' title="bbox 2217 2459 3705 2538">
    <p class='ocr_par' dir='ltr' id='par_1_83' title="bbox 2217 2459 3705 2538">
     <span class='ocr_line' id='line_1_83' title="bbox 2217 2459 3705 2538; baseline 0.012 -27"><span class='ocrx_word' id='word_1_596' title='bbox 2217 2466 2554 2529; x_wconf 90' lang='lat' dir='ltr'><strong>apposuerat.</strong></span> <span class='ocrx_word' id='word_1_597' title='bbox 2589 2459 2693 2517; x_wconf 91' lang='lat' dir='ltr'><strong>Sed</strong></span> <span class='ocrx_word' id='word_1_598' title='bbox 2732 2462 2942 2519; x_wconf 91' lang='lat' dir='ltr'><strong>illorum</strong></span> <span class='ocrx_word' id='word_1_599' title='bbox 2970 2466 3022 2521; x_wconf 92' lang='lat' dir='ltr'><strong>in</strong></span> <span class='ocrx_word' id='word_1_600' title='bbox 3052 2467 3292 2537; x_wconf 85' lang='lat' dir='ltr'><strong>ejusdem</strong></span> <span class='ocrx_word' id='word_1_601' title='bbox 3317 2471 3427 2526; x_wconf 83' lang='lat' dir='ltr'><strong>Vita</strong></span> <span class='ocrx_word' id='word_1_602' title='bbox 3445 2512 3458 2538; x_wconf 93' lang='lat'><strong>,</strong></span> <span class='ocrx_word' id='word_1_603' title='bbox 3487 2487 3645 2529; x_wconf 85' lang='lat' dir='ltr'><strong>necnon</strong></span> <span class='ocrx_word' id='word_1_604' title='bbox 3668 2475 3705 2528; x_wconf 81' lang='lat' dir='ltr'><strong>in</strong></span> 
     </span>
    </p>
   </div>
   <div class='ocr_carea' id='block_1_84' title="bbox 2216 2547 3811 2635">
    <p class='ocr_par' dir='ltr' id='par_1_84' title="bbox 2216 2547 3811 2635">
     <span class='ocr_line' id='line_1_84' title="bbox 2216 2547 3811 2635; baseline 0.007 -31"><span class='ocrx_word' id='word_1_605' title='bbox 2216 2547 2395 2608; x_wconf 82' lang='lat' dir='ltr'><strong>Indice</strong></span> <span class='ocrx_word' id='word_1_606' title='bbox 2409 2553 2732 2613; x_wconf 88' lang='lat' dir='ltr'><strong>mentionem</strong></span> <span class='ocrx_word' id='word_1_607' title='bbox 2750 2555 2874 2612; x_wconf 82' lang='lat' dir='ltr'><strong>facit</strong></span> <span class='ocrx_word' id='word_1_608' title='bbox 2894 2557 3165 2616; x_wconf 86' lang='lat' dir='ltr'><strong>Possidius</strong></span> <span class='ocrx_word' id='word_1_609' title='bbox 3186 2561 3375 2635; x_wconf 82' lang='lat' dir='ltr'><strong>(lbid.,</strong></span> <span class='ocrx_word' id='word_1_610' title='bbox 3398 2574 3439 2618; x_wconf 85' lang='lat' dir='ltr'><strong>et</strong></span> <span class='ocrx_word' id='word_1_611' title='bbox 3462 2565 3505 2617; x_wconf 76' lang='lat' dir='ltr'><strong>ia</strong></span> <span class='ocrx_word' id='word_1_612' title='bbox 3521 2562 3706 2629; x_wconf 62' lang='lat' dir='ltr'><strong>Indicus,</strong></span> <span class='ocrx_word' id='word_1_613' title='bbox 3809 2608 3811 2615; x_wconf 37' lang='lat'><strong>.</strong></span> 
     </span>
    </p>
   </div>
   <div class='ocr_carea' id='block_1_85' title="bbox 2215 2639 3799 2726">
    <p class='ocr_par' dir='ltr' id='par_1_85' title="bbox 2215 2639 3799 2726">
     <span class='ocr_line' id='line_1_85' title="bbox 2215 2639 3799 2726; baseline 0.009 -31"><span class='ocrx_word' id='word_1_614' title='bbox 2215 2657 2330 2713; x_wconf 85' lang='lat' dir='ltr'><strong>cap.</strong></span> <span class='ocrx_word' id='word_1_615' title='bbox 2359 2639 2452 2717; x_wconf 82' lang='lat'><strong>5).</strong></span> <span class='ocrx_word' id='word_1_616' title='bbox 2491 2644 2641 2701; x_wconf 91' lang='lat' dir='ltr'><strong>Dicta</strong></span> <span class='ocrx_word' id='word_1_617' title='bbox 2675 2646 2912 2717; x_wconf 87' lang='lat' dir='ltr'><strong>ejusdem</strong></span> <span class='ocrx_word' id='word_1_618' title='bbox 2950 2650 3222 2708; x_wconf 88' lang='lat' dir='ltr'><strong>Maximini</strong></span> <span class='ocrx_word' id='word_1_619' title='bbox 3251 2654 3475 2724; x_wconf 69' lang='lat' dir='ltr'><strong>quaedam</strong></span> <span class='ocrx_word' id='word_1_620' title='bbox 3511 2655 3705 2726; x_wconf 69' lang='lat' dir='ltr'><strong>redarguit</strong></span> <span class='ocrx_word' id='word_1_621' title='bbox 3798 2690 3799 2699; x_wconf 59' lang='grc' dir='ltr'><strong>η</strong></span> 
     </span>
    </p>
   </div>
   <div class='ocr_carea' id='block_1_86' title="bbox 2216 2738 3811 2818">
    <p class='ocr_par' dir='ltr' id='par_1_86' title="bbox 2216 2738 3811 2818">
     <span class='ocr_line' id='line_1_86' title="bbox 2216 2738 3811 2818; baseline 0.006 -28"><span class='ocrx_word' id='word_1_622' title='bbox 2216 2744 2432 2792; x_wconf 89' lang='lat' dir='ltr'><strong>sanctus</strong></span> <span class='ocrx_word' id='word_1_623' title='bbox 2452 2738 2688 2796; x_wconf 85' lang='lat' dir='ltr'><strong>Antistes</strong></span> <span class='ocrx_word' id='word_1_624' title='bbox 2716 2741 2768 2796; x_wconf 94' lang='lat' dir='ltr'><strong>in</strong></span> <span class='ocrx_word' id='word_1_625' title='bbox 2790 2755 3036 2798; x_wconf 85' lang='lat' dir='ltr'><strong>sermone</strong></span> <span class='ocrx_word' id='word_1_626' title='bbox 3061 2745 3127 2800; x_wconf 87' lang='lat' dir='ltr'><strong>ad</strong></span> <span class='ocrx_word' id='word_1_627' title='bbox 3155 2747 3384 2816; x_wconf 85' lang='lat' dir='ltr'><strong>plebem,</strong></span> <span class='ocrx_word' id='word_1_628' title='bbox 3409 2749 3488 2818; x_wconf 88' lang='lat' dir='ltr'><strong>qui</strong></span> <span class='ocrx_word' id='word_1_629' title='bbox 3506 2747 3588 2802; x_wconf 86' lang='lat' dir='ltr'><strong>hoc</strong></span> <span class='ocrx_word' id='word_1_630' title='bbox 3605 2747 3707 2802; x_wconf 78' lang='lat' dir='ltr'><strong>titulo</strong></span> <span class='ocrx_word' id='word_1_631' title='bbox 3796 2788 3811 2801; x_wconf 46' lang='grc' dir='ltr'><strong>,η</strong></span> 
     </span>
    </p>
   </div>
   <div class='ocr_carea' id='block_1_87' title="bbox 2213 2830 3811 2909">
    <p class='ocr_par' dir='ltr' id='par_1_87' title="bbox 2213 2830 3811 2909">
     <span class='ocr_line' id='line_1_87' title="bbox 2213 2830 3811 2909; baseline 0.005 -26"><span class='ocrx_word' id='word_1_632' title='bbox 2213 2838 2540 2897; x_wconf 69' lang='lat' dir='ltr'><strong>prmnotatur</strong></span> <span class='ocrx_word' id='word_1_633' title='bbox 2570 2830 2793 2887; x_wconf 84' lang='lat' dir='ltr'><strong>:Contra</strong></span> <span class='ocrx_word' id='word_1_634' title='bbox 2816 2834 3069 2904; x_wconf 86' lang='lat' dir='ltr'><strong>quoddam</strong></span> <span class='ocrx_word' id='word_1_635' title='bbox 3111 2838 3303 2893; x_wconf 82' lang='lat' dir='ltr'><strong>dictum</strong></span> <span class='ocrx_word' id='word_1_636' title='bbox 3340 2837 3577 2894; x_wconf 66' lang='lat' dir='ltr'><strong>Maximini</strong></span> <span class='ocrx_word' id='word_1_637' title='bbox 3602 2837 3706 2891; x_wconf 80' lang='lat' dir='ltr'><strong>Aria-</strong></span> <span class='ocrx_word' id='word_1_638' title='bbox 3794 2878 3811 2909; x_wconf 50' lang='grc' dir='ltr'><em>η</em></span> 
     </span>
    </p>
   </div>
   <div class='ocr_carea' id='block_1_88' title="bbox 2212 2921 3811 2999">
    <p class='ocr_par' dir='ltr' id='par_1_88' title="bbox 2212 2921 3811 2999">
     <span class='ocr_line' id='line_1_88' title="bbox 2212 2921 3811 2999; baseline 0.007 -27"><span class='ocrx_word' id='word_1_639' title='bbox 2212 2934 2393 2974; x_wconf 86' lang='lat' dir='ltr'><strong>norum</strong></span> <span class='ocrx_word' id='word_1_640' title='bbox 2425 2921 2680 2994; x_wconf 76' lang='lat' dir='ltr'><strong>episcopi,</strong></span> <span class='ocrx_word' id='word_1_641' title='bbox 2718 2925 2803 2996; x_wconf 85' lang='lat' dir='ltr'><strong>qui</strong></span> <span class='ocrx_word' id='word_1_642' title='bbox 2830 2942 2943 2979; x_wconf 83' lang='lat' dir='ltr'><strong>cum</strong></span> <span class='ocrx_word' id='word_1_643' title='bbox 2978 2926 3264 2999; x_wconf 83' lang='lat' dir='ltr'><strong>Segisvulto</strong></span> <span class='ocrx_word' id='word_1_644' title='bbox 3289 2931 3457 2985; x_wconf 86' lang='lat' dir='ltr'><strong>comite</strong></span> <span class='ocrx_word' id='word_1_645' title='bbox 3487 2930 3707 2985; x_wconf 75' lang='lat' dir='ltr'><strong>constitutus</strong></span> <span class='ocrx_word' id='word_1_646' title='bbox 3810 2978 3811 2983; x_wconf 45' lang='grc' dir='ltr'><strong>η</strong></span> 
     </span>
    </p>
   </div>
   <div class='ocr_carea' id='block_1_89' title="bbox 2210 3009 3811 3099">
    <p class='ocr_par' dir='ltr' id='par_1_89' title="bbox 2210 3009 3811 3099">
     <span class='ocr_line' id='line_1_89' title="bbox 2210 3009 3811 3099; baseline 0.008 -36"><span class='ocrx_word' id='word_1_647' title='bbox 2210 3009 2265 3064; x_wconf 82' lang='lat' dir='ltr'><strong>in</strong></span> <span class='ocrx_word' id='word_1_648' title='bbox 2284 3009 2479 3081; x_wconf 78' lang='lat' dir='ltr'><strong>Africa,</strong></span> <span class='ocrx_word' id='word_1_649' title='bbox 2502 3010 2872 3085; x_wconf 81' lang='lat' dir='ltr'><strong>blasphemabat</strong></span> <span class='ocrx_word' id='word_1_650' title='bbox 2891 3015 3082 3087; x_wconf 78' lang='lat' dir='ltr'><strong>(Serm.</strong></span> <span class='ocrx_word' id='word_1_651' title='bbox 3114 3021 3240 3093; x_wconf 70' lang='lat'><strong>“0)</strong></span> <span class='ocrx_word' id='word_1_652' title='bbox 3267 3040 3280 3076; x_wconf 89' lang='lat'><strong>:</strong></span> <span class='ocrx_word' id='word_1_653' title='bbox 3305 3021 3393 3077; x_wconf 87' lang='lat' dir='ltr'><strong>sed</strong></span> <span class='ocrx_word' id='word_1_654' title='bbox 3414 3037 3472 3077; x_wconf 93' lang='lat' dir='ltr'><strong>au</strong></span> <span class='ocrx_word' id='word_1_655' title='bbox 3491 3035 3630 3076; x_wconf 81' lang='lat' dir='ltr'><strong>sermo</strong></span> <span class='ocrx_word' id='word_1_656' title='bbox 3644 3020 3707 3074; x_wconf 83' lang='lat' dir='ltr'><strong>illa</strong></span> <span class='ocrx_word' id='word_1_657' title='bbox 3809 3070 3811 3099; x_wconf 42' lang='grc' dir='ltr'>τ</span> 
     </span>
    </p>
   </div>
   <div class='ocr_carea' id='block_1_90' title="bbox 2211 3103 3811 3185">
    <p class='ocr_par' dir='ltr' id='par_1_90' title="bbox 2211 3103 3811 3185">
     <span class='ocr_line' id='line_1_90' title="bbox 2211 3103 3811 3185; baseline 0.008 -26"><span class='ocrx_word' id='word_1_658' title='bbox 2211 3103 2533 3176; x_wconf 88' lang='lat' dir='ltr'><strong>colloquium</strong></span> <span class='ocrx_word' id='word_1_659' title='bbox 2558 3108 2804 3178; x_wconf 90' lang='lat' dir='ltr'><strong>superius</strong></span> <span class='ocrx_word' id='word_1_660' title='bbox 2833 3119 3185 3169; x_wconf 82' lang='lat' dir='ltr'><strong>memoratum</strong></span> <span class='ocrx_word' id='word_1_661' title='bbox 3213 3113 3555 3185; x_wconf 74' lang='lat' dir='ltr'><strong>praecesserit,</strong></span> <span class='ocrx_word' id='word_1_662' title='bbox 3578 3126 3624 3166; x_wconf 84' lang='lat' dir='ltr'><strong>an</strong></span> <span class='ocrx_word' id='word_1_663' title='bbox 3642 3126 3705 3167; x_wconf 83' lang='lat' dir='ltr'><strong>se-</strong></span> <span class='ocrx_word' id='word_1_664' title='bbox 3796 3144 3811 3171; x_wconf 62' lang='grc' dir='ltr'>κ</span> 
     </span>
    </p>
   </div>
   <div class='ocr_carea' id='block_1_91' title="bbox 2211 3199 2754 3269">
    <p class='ocr_par' dir='ltr' id='par_1_91' title="bbox 2211 3199 2754 3269">
     <span class='ocr_line' id='line_1_91' title="bbox 2211 3199 2754 3269; baseline 0.006 -17"><span class='ocrx_word' id='word_1_665' title='bbox 2211 3212 2304 3253; x_wconf 88' lang='lat' dir='ltr'><strong>cus</strong></span> <span class='ocrx_word' id='word_1_666' title='bbox 2324 3238 2341 3263; x_wconf 91' lang='lat'><strong>,</strong></span> <span class='ocrx_word' id='word_1_667' title='bbox 2382 3199 2618 3269; x_wconf 88' lang='lat' dir='ltr'><strong>ignotum</strong></span> <span class='ocrx_word' id='word_1_668' title='bbox 2648 3210 2754 3257; x_wconf 90' lang='lat' dir='ltr'><strong>est.</strong></span> 
     </span>
    </p>
   </div>
   <div class='ocr_carea' id='block_1_92' title="bbox 2282 3278 3811 3365">
    <p class='ocr_par' dir='ltr' id='par_1_92' title="bbox 2282 3278 3811 3365">
     <span class='ocr_line' id='line_1_92' title="bbox 2282 3278 3811 3365; baseline 0.005 -21"><span class='ocrx_word' id='word_1_669' title='bbox 2282 3289 2336 3344; x_wconf 69' lang='grc' dir='ltr'><strong>δ.</strong></span> <span class='ocrx_word' id='word_1_670' title='bbox 2363 3289 2488 3345; x_wconf 59' lang='lat' dir='ltr'><strong>Hinc</strong></span> <span class='ocrx_word' id='word_1_671' title='bbox 2516 3292 2682 3346; x_wconf 82' lang='lat' dir='ltr'><strong>sancti</strong></span> <span class='ocrx_word' id='word_1_672' title='bbox 2729 3293 2994 3350; x_wconf 84' lang='lat' dir='ltr'><strong>Antistitis</strong></span> <span class='ocrx_word' id='word_1_673' title='bbox 3038 3311 3159 3352; x_wconf 89' lang='lat' dir='ltr'><strong>cum</strong></span> <span class='ocrx_word' id='word_1_674' title='bbox 3188 3298 3463 3353; x_wconf 83' lang='lat' dir='ltr'><strong>Maximino</strong></span> <span class='ocrx_word' id='word_1_675' title='bbox 3501 3293 3713 3365; x_wconf 75' lang='lat' dir='ltr'><strong>disputatio</strong></span> <span class='ocrx_word' id='word_1_676' title='bbox 3792 3278 3811 3361; x_wconf 57' lang='grc' dir='ltr'><strong>ζ</strong></span> 
     </span>
    </p>
   </div>
   <div class='ocr_carea' id='block_1_93' title="bbox 2210 3382 3811 3459">
    <p class='ocr_par' dir='ltr' id='par_1_93' title="bbox 2210 3382 3811 3459">
     <span class='ocr_line' id='line_1_93' title="bbox 2210 3382 3811 3459; baseline 0.002 -26"><span class='ocrx_word' id='word_1_677' title='bbox 2210 3387 2427 3446; x_wconf 86' lang='lat' dir='ltr'><strong>monet,</strong></span> <span class='ocrx_word' id='word_1_678' title='bbox 2460 3389 2518 3436; x_wconf 92' lang='lat' dir='ltr'><strong>ut</strong></span> <span class='ocrx_word' id='word_1_679' title='bbox 2546 3382 2646 3437; x_wconf 81' lang='lat' dir='ltr'><strong>alia</strong></span> <span class='ocrx_word' id='word_1_680' title='bbox 2673 3392 2854 3438; x_wconf 89' lang='lat' dir='ltr'><strong>contra</strong></span> <span class='ocrx_word' id='word_1_681' title='bbox 2891 3384 3134 3443; x_wconf 68' lang='lat' dir='ltr'><strong>hmresim</strong></span> <span class='ocrx_word' id='word_1_682' title='bbox 3160 3389 3406 3443; x_wconf 85' lang='lat' dir='ltr'><strong>Arianam</strong></span> <span class='ocrx_word' id='word_1_683' title='bbox 3427 3385 3651 3458; x_wconf 79' lang='lat' dir='ltr'><strong>opuscula,</strong></span> <span class='ocrx_word' id='word_1_684' title='bbox 3671 3396 3712 3436; x_wconf 82' lang='lat' dir='ltr'><strong>es</strong></span> <span class='ocrx_word' id='word_1_685' title='bbox 3798 3432 3811 3459; x_wconf 39' lang='grc' dir='ltr'><strong>μ</strong></span> 
     </span>
    </p>
   </div>
   <div class='ocr_carea' id='block_1_94' title="bbox 2210 3472 3812 3548">
    <p class='ocr_par' dir='ltr' id='par_1_94' title="bbox 2210 3472 3812 3548">
     <span class='ocr_line' id='line_1_94' title="bbox 2210 3472 3812 3548; baseline 0.007 -26"><span class='ocrx_word' id='word_1_686' title='bbox 2210 3472 2504 3539; x_wconf 74' lang='lat' dir='ltr'><strong>prmsertim</strong></span> <span class='ocrx_word' id='word_1_687' title='bbox 2532 3488 2758 3544; x_wconf 87' lang='lat' dir='ltr'><strong>quorum</strong></span> <span class='ocrx_word' id='word_1_688' title='bbox 2785 3484 2992 3546; x_wconf 84' lang='lat' dir='ltr'><strong>tempus</strong></span> <span class='ocrx_word' id='word_1_689' title='bbox 3016 3478 3300 3548; x_wconf 86' lang='lat' dir='ltr'><strong>explorare</strong></span> <span class='ocrx_word' id='word_1_690' title='bbox 3326 3478 3469 3534; x_wconf 88' lang='lat' dir='ltr'><strong>nobis</strong></span> <span class='ocrx_word' id='word_1_691' title='bbox 3487 3492 3575 3532; x_wconf 91' lang='lat' dir='ltr'><strong>non</strong></span> <span class='ocrx_word' id='word_1_692' title='bbox 3594 3474 3712 3537; x_wconf 77' lang='lat' dir='ltr'><strong>licuit,</strong></span> <span class='ocrx_word' id='word_1_693' title='bbox 3796 3500 3812 3543; x_wconf 80' lang='grc'><strong>;.</strong></span> 
     </span>
    </p>
   </div>
   <div class='ocr_carea' id='block_1_95' title="bbox 2212 3550 3812 3649">
    <p class='ocr_par' dir='ltr' id='par_1_95' title="bbox 2212 3550 3812 3649">
     <span class='ocr_line' id='line_1_95' title="bbox 2212 3550 3812 3649; baseline 0.003 -37"><span class='ocrx_word' id='word_1_694' title='bbox 2212 3558 2317 3614; x_wconf 80' lang='lat' dir='ltr'><strong>hoc</strong></span> <span class='ocrx_word' id='word_1_695' title='bbox 2344 3560 2464 3615; x_wconf 90' lang='lat' dir='ltr'><strong>loco</strong></span> <span class='ocrx_word' id='word_1_696' title='bbox 2502 3563 2647 3617; x_wconf 87' lang='lat' dir='ltr'><strong>velut</strong></span> <span class='ocrx_word' id='word_1_697' title='bbox 2684 3563 2735 3618; x_wconf 92' lang='lat' dir='ltr'><strong>in</strong></span> <span class='ocrx_word' id='word_1_698' title='bbox 2782 3564 2977 3620; x_wconf 85' lang='lat' dir='ltr'><strong>fascem</strong></span> <span class='ocrx_word' id='word_1_699' title='bbox 3016 3568 3348 3638; x_wconf 84' lang='lat' dir='ltr'><strong>colligamus.</strong></span> <span class='ocrx_word' id='word_1_700' title='bbox 3388 3569 3501 3623; x_wconf 81' lang='lat' dir='ltr'><strong>Erat</strong></span> <span class='ocrx_word' id='word_1_701' title='bbox 3529 3564 3717 3619; x_wconf 82' lang='lat' dir='ltr'><strong>Maximus</strong></span> 
     </span>
    </p>
   </div>
   <div class='ocr_carea' id='block_1_96' title="bbox 2212 3648 3811 3767">
    <p class='ocr_par' dir='ltr' id='par_1_96' title="bbox 2212 3648 3811 3767">
     <span class='ocr_line' id='line_1_96' title="bbox 2212 3648 3811 3767; baseline 0.001 -65"><span class='ocrx_word' id='word_1_702' title='bbox 2212 3648 2425 3718; x_wconf 87' lang='lat' dir='ltr'><strong>quidam</strong></span> <span class='ocrx_word' id='word_1_703' title='bbox 2451 3691 2468 3716; x_wconf 94' lang='lat'><strong>,</strong></span> <span class='ocrx_word' id='word_1_704' title='bbox 2500 3650 2671 3707; x_wconf 91' lang='lat' dir='ltr'><strong>dictus</strong></span> <span class='ocrx_word' id='word_1_705' title='bbox 2699 3653 2751 3708; x_wconf 89' lang='lat' dir='ltr'><strong>in</strong></span> <span class='ocrx_word' id='word_1_706' title='bbox 2784 3656 3010 3725; x_wconf 88' lang='lat' dir='ltr'><strong>antiquis</strong></span> <span class='ocrx_word' id='word_1_707' title='bbox 3037 3657 3313 3714; x_wconf 85' lang='lat' dir='ltr'><strong>codicibus</strong></span> <span class='ocrx_word' id='word_1_708' title='bbox 3341 3656 3554 3712; x_wconf 90' lang='lat' dir='ltr'><strong>medicus</strong></span> <span class='ocrx_word' id='word_1_709' title='bbox 3576 3650 3717 3708; x_wconf 83' lang='lat' dir='ltr'><strong>Thetti-</strong></span> <span class='ocrx_word' id='word_1_710' title='bbox 3798 3678 3811 3767; x_wconf 37' lang='grc' dir='ltr'><strong>ἢ</strong></span> 
     </span>
     <span class='ocr_line' id='line_1_97' title="bbox 2216 3730 3808 3767; baseline 0 0"><span class='ocrx_word' id='word_1_711' title='bbox 2216 3752 2366 3767; x_wconf 55' lang='grc' dir='ltr'><strong>ιηη.--</strong></span> <span class='ocrx_word' id='word_1_712' title='bbox 2398 3744 2786 3767; x_wconf 52' lang='grc' dir='ltr'><strong>Π..-.,.-..ξ--.εμ.-</strong></span> <span class='ocrx_word' id='word_1_713' title='bbox 2855 3748 2931 3767; x_wconf 45' lang='grc' dir='ltr'><strong>-ηρ</strong></span> <span class='ocrx_word' id='word_1_714' title='bbox 2971 3764 2995 3767; x_wconf 66' lang='lat'><strong><em>_</em></strong></span> <span class='ocrx_word' id='word_1_715' title='bbox 3021 3750 3046 3767; x_wconf 65' lang='lat'><strong>,-</strong></span> <span class='ocrx_word' id='word_1_716' title='bbox 3068 3749 3107 3767; x_wconf 60' lang='lat'><strong>1,</strong></span> <span class='ocrx_word' id='word_1_717' title='bbox 3208 3755 3218 3764; x_wconf 73' lang='grc' dir='ltr'>ι</span> <span class='ocrx_word' id='word_1_718' title='bbox 3416 3765 3429 3767; x_wconf 88' lang='lat'>_</span> <span class='ocrx_word' id='word_1_719' title='bbox 3465 3747 3625 3767; x_wconf 54' lang='lat' dir='ltr'><strong>A,,&#39;-..!..</strong></span> <span class='ocrx_word' id='word_1_720' title='bbox 3647 3744 3689 3767; x_wconf 61' lang='grc' dir='ltr'><strong>,ιη</strong></span> <span class='ocrx_word' id='word_1_721' title='bbox 3804 3730 3808 3767; x_wconf 67' lang='lat' dir='ltr'><strong>&#39;t</strong></span> 
     </span>
    </p>
   </div>
   <div class='ocr_carea' id='block_1_97' title="bbox 2216 3744 3711 3818">
    <p class='ocr_par' dir='ltr' id='par_1_97' title="bbox 2216 3744 3711 3818">
     <span class='ocr_line' id='line_1_98' title="bbox 2216 3744 3711 3818; baseline 0 -22"><span class='ocrx_word' id='word_1_722' title='bbox 2216 3752 2369 3798; x_wconf 91' lang='lat' dir='ltr'><strong>tanus</strong></span> <span class='ocrx_word' id='word_1_723' title='bbox 2396 3744 2814 3811; x_wconf 89' lang='lat' dir='ltr'><strong>Eunomianista,</strong></span> <span class='ocrx_word' id='word_1_724' title='bbox 2847 3748 2935 3818; x_wconf 91' lang='lat' dir='ltr'><strong>qui</strong></span> <span class='ocrx_word' id='word_1_725' title='bbox 2971 3749 3177 3818; x_wconf 90' lang='lat' dir='ltr'><strong>pridem</strong></span> <span class='ocrx_word' id='word_1_726' title='bbox 3206 3752 3435 3806; x_wconf 87' lang='lat' dir='ltr'><strong>irretitus</strong></span> <span class='ocrx_word' id='word_1_727' title='bbox 3456 3747 3628 3804; x_wconf 74' lang='lat' dir='ltr'><strong>Arionis</strong></span> <span class='ocrx_word' id='word_1_728' title='bbox 3644 3744 3711 3797; x_wconf 87' lang='lat' dir='ltr'><strong>do-</strong></span> 
     </span>
    </p>
   </div>
   <div class='ocr_carea' id='block_1_98' title="bbox 2212 3835 3716 3911">
    <p class='ocr_par' dir='ltr' id='par_1_98' title="bbox 2212 3835 3716 3911">
     <span class='ocr_line' id='line_1_99' title="bbox 2212 3835 3716 3911; baseline -0.001 -22"><span class='ocrx_word' id='word_1_729' title='bbox 2212 3835 2498 3905; x_wconf 86' lang='lat' dir='ltr'><strong>gmatibus,</strong></span> <span class='ocrx_word' id='word_1_730' title='bbox 2530 3838 2689 3893; x_wconf 86' lang='lat' dir='ltr'><strong>etiam</strong></span> <span class='ocrx_word' id='word_1_731' title='bbox 2712 3854 2964 3907; x_wconf 88' lang='lat' dir='ltr'><strong>persuasu</strong></span> <span class='ocrx_word' id='word_1_732' title='bbox 2993 3856 3090 3896; x_wconf 90' lang='lat' dir='ltr'><strong>suo</strong></span> <span class='ocrx_word' id='word_1_733' title='bbox 3116 3844 3359 3898; x_wconf 82' lang='lat' dir='ltr'><strong>eamdem</strong></span> <span class='ocrx_word' id='word_1_734' title='bbox 3388 3851 3565 3911; x_wconf 86' lang='lat' dir='ltr'><strong>pestem</strong></span> <span class='ocrx_word' id='word_1_735' title='bbox 3587 3837 3673 3891; x_wconf 87' lang='lat' dir='ltr'><strong>aliis</strong></span> <span class='ocrx_word' id='word_1_736' title='bbox 3695 3848 3716 3887; x_wconf 73' lang='grc' dir='ltr'>ο</span> 
     </span>
    </p>
   </div>
   <div class='ocr_carea' id='block_1_99' title="bbox 2210 3925 3720 4006">
    <p class='ocr_par' dir='ltr' id='par_1_99' title="bbox 2210 3925 3720 4006">
     <span class='ocr_line' id='line_1_100' title="bbox 2210 3925 3720 4006; baseline 0.003 -27"><span class='ocrx_word' id='word_1_737' title='bbox 2210 3925 2406 3980; x_wconf 89' lang='lat' dir='ltr'><strong>familia</strong></span> <span class='ocrx_word' id='word_1_738' title='bbox 2435 3943 2528 3982; x_wconf 88' lang='lat' dir='ltr'><strong>sua</strong></span> <span class='ocrx_word' id='word_1_739' title='bbox 2555 3927 2829 3985; x_wconf 78' lang='lat' dir='ltr'><strong>amaverat</strong></span> <span class='ocrx_word' id='word_1_740' title='bbox 2853 3930 3056 4004; x_wconf 81' lang='lat' dir='ltr'><strong>(Epist.</strong></span> <span class='ocrx_word' id='word_1_741' title='bbox 3090 3934 3214 4001; x_wconf 84' lang='grc'><strong>170,</strong></span> <span class='ocrx_word' id='word_1_742' title='bbox 3242 3953 3301 3988; x_wconf 75' lang='lat' dir='ltr'><strong>n-</strong></span> <span class='ocrx_word' id='word_1_743' title='bbox 3323 3933 3446 4006; x_wconf 87' lang='grc'><strong>10).</strong></span> <span class='ocrx_word' id='word_1_744' title='bbox 3473 3934 3671 3986; x_wconf 77' lang='lat' dir='ltr'><strong>Attamen</strong></span> <span class='ocrx_word' id='word_1_745' title='bbox 3690 3925 3720 3976; x_wconf 67' lang='lat' dir='ltr'><strong>is</strong></span> 
     </span>
    </p>
   </div>
   <div class='ocr_carea' id='block_1_100' title="bbox 2206 4018 3721 4089">
    <p class='ocr_par' dir='ltr' id='par_1_100' title="bbox 2206 4018 3721 4089">
     <span class='ocr_line' id='line_1_101' title="bbox 2206 4018 3721 4089; baseline 0.004 -17"><span class='ocrx_word' id='word_1_746' title='bbox 2206 4018 2315 4087; x_wconf 89' lang='lat' dir='ltr'><strong>jam</strong></span> <span class='ocrx_word' id='word_1_747' title='bbox 2337 4021 2512 4089; x_wconf 81' lang='lat' dir='ltr'><strong>gravis</strong></span> <span class='ocrx_word' id='word_1_748' title='bbox 2539 4030 2715 4085; x_wconf 79' lang='lat' dir='ltr'><strong>:etate,</strong></span> <span class='ocrx_word' id='word_1_749' title='bbox 2745 4023 2925 4079; x_wconf 88' lang='lat' dir='ltr'><strong>divino</strong></span> <span class='ocrx_word' id='word_1_750' title='bbox 2946 4025 3209 4082; x_wconf 81' lang='lat' dir='ltr'><strong>beneficio</strong></span> <span class='ocrx_word' id='word_1_751' title='bbox 3229 4026 3350 4081; x_wconf 91' lang='lat' dir='ltr'><strong>inde</strong></span> <span class='ocrx_word' id='word_1_752' title='bbox 3373 4024 3583 4083; x_wconf 86' lang='lat' dir='ltr'><strong>emersit,</strong></span> <span class='ocrx_word' id='word_1_753' title='bbox 3605 4029 3721 4087; x_wconf 69' lang='lat' dir='ltr'><strong>seqlto</strong></span> 
     </span>
    </p>
   </div>
   <div class='ocr_carea' id='block_1_101' title="bbox 2210 4110 3720 4191">
    <p class='ocr_par' dir='ltr' id='par_1_101' title="bbox 2210 4110 3720 4191">
     <span class='ocr_line' id='line_1_102' title="bbox 2210 4110 3720 4191; baseline 0.009 -26"><span class='ocrx_word' id='word_1_754' title='bbox 2210 4111 2484 4168; x_wconf 82' lang='lat' dir='ltr'><strong>catholicae</strong></span> <span class='ocrx_word' id='word_1_755' title='bbox 2508 4112 2759 4169; x_wconf 76' lang='lat' dir='ltr'><strong>Ecclesia:</strong></span> <span class='ocrx_word' id='word_1_756' title='bbox 2785 4118 3129 4182; x_wconf 85' lang='lat' dir='ltr'><strong>consociavit,</strong></span> <span class='ocrx_word' id='word_1_757' title='bbox 3156 4119 3448 4191; x_wconf 88' lang='lat' dir='ltr'><strong>Augustino</strong></span> <span class='ocrx_word' id='word_1_758' title='bbox 3477 4126 3610 4186; x_wconf 83' lang='lat' dir='ltr'><strong>atque</strong></span> <span class='ocrx_word' id='word_1_759' title='bbox 3629 4110 3720 4179; x_wconf 70' lang='lat' dir='ltr'><strong>Alf’</strong></span> 
     </span>
    </p>
   </div>
   <div class='ocr_carea' id='block_1_102' title="bbox 2211 4203 3722 4282">
    <p class='ocr_par' dir='ltr' id='par_1_102' title="bbox 2211 4203 3722 4282">
     <span class='ocr_line' id='line_1_103' title="bbox 2211 4203 3722 4282; baseline -0.003 -22"><span class='ocrx_word' id='word_1_760' title='bbox 2211 4206 2300 4277; x_wconf 92' lang='lat' dir='ltr'><strong>pio</strong></span> <span class='ocrx_word' id='word_1_761' title='bbox 2315 4207 2699 4276; x_wconf 68' lang='lat' dir='ltr'><strong>praesentibus;</strong></span> <span class='ocrx_word' id='word_1_762' title='bbox 2723 4224 2859 4279; x_wconf 89' lang='lat' dir='ltr'><strong>quos</strong></span> <span class='ocrx_word' id='word_1_763' title='bbox 2882 4210 2948 4265; x_wconf 91' lang='lat' dir='ltr'><strong>ad</strong></span> <span class='ocrx_word' id='word_1_764' title='bbox 2974 4211 3076 4267; x_wconf 90' lang='lat' dir='ltr'><strong>hoc</strong></span> <span class='ocrx_word' id='word_1_765' title='bbox 3094 4227 3316 4282; x_wconf 87' lang='lat' dir='ltr'><strong>operam</strong></span> <span class='ocrx_word' id='word_1_766' title='bbox 3340 4226 3482 4267; x_wconf 86' lang='lat' dir='ltr'><strong>suam</strong></span> <span class='ocrx_word' id='word_1_767' title='bbox 3504 4203 3722 4263; x_wconf 82' lang='lat' dir='ltr'><strong>contulisse</strong></span> 
     </span>
    </p>
   </div>
   <div class='ocr_carea' id='block_1_103' title="bbox 2213 4294 3724 4374">
    <p class='ocr_par' dir='ltr' id='par_1_103' title="bbox 2213 4294 3724 4374">
     <span class='ocr_line' id='line_1_104' title="bbox 2213 4294 3724 4374; baseline -0.001 -22"><span class='ocrx_word' id='word_1_768' title='bbox 2213 4297 2344 4352; x_wconf 87' lang='lat' dir='ltr'><strong>nulli</strong></span> <span class='ocrx_word' id='word_1_769' title='bbox 2391 4296 2712 4353; x_wconf 81' lang='lat' dir='ltr'><strong>dubitemus.</strong></span> <span class='ocrx_word' id='word_1_770' title='bbox 2756 4299 3131 4357; x_wconf 82' lang='lat' dir='ltr'><strong>Verumtamen</strong></span> <span class='ocrx_word' id='word_1_771' title='bbox 3162 4312 3409 4374; x_wconf 89' lang='lat' dir='ltr'><strong>apparet,</strong></span> <span class='ocrx_word' id='word_1_772' title='bbox 3449 4294 3724 4356; x_wconf 66' lang='lat' dir='ltr'><strong>illumadw</strong></span> 
     </span>
    </p>
   </div>
   <div class='ocr_carea' id='block_1_104' title="bbox 2209 4385 3724 4462">
    <p class='ocr_par' dir='ltr' id='par_1_104' title="bbox 2209 4385 3724 4462">
     <span class='ocr_line' id='line_1_105' title="bbox 2209 4385 3724 4462; baseline -0.006 -17"><span class='ocrx_word' id='word_1_773' title='bbox 2209 4388 2483 4445; x_wconf 87' lang='lat' dir='ltr'><strong>ducendos</strong></span> <span class='ocrx_word' id='word_1_774' title='bbox 2504 4429 2519 4455; x_wconf 93' lang='lat'><strong>,</strong></span> <span class='ocrx_word' id='word_1_775' title='bbox 2567 4404 2701 4459; x_wconf 92' lang='lat' dir='ltr'><strong>quos</strong></span> <span class='ocrx_word' id='word_1_776' title='bbox 2728 4406 2757 4444; x_wconf 92' lang='lat' dir='ltr'><strong>a</strong></span> <span class='ocrx_word' id='word_1_777' title='bbox 2790 4393 3015 4448; x_wconf 89' lang='lat' dir='ltr'><strong>veritate</strong></span> <span class='ocrx_word' id='word_1_778' title='bbox 3058 4402 3353 4459; x_wconf 89' lang='lat' dir='ltr'><strong>averterat,</strong></span> <span class='ocrx_word' id='word_1_779' title='bbox 3396 4400 3538 4462; x_wconf 90' lang='lat' dir='ltr'><strong>atque</strong></span> <span class='ocrx_word' id='word_1_780' title='bbox 3571 4385 3673 4439; x_wconf 81' lang='lat' dir='ltr'><strong>alios</strong></span> <span class='ocrx_word' id='word_1_781' title='bbox 3700 4394 3724 4432; x_wconf 82' lang='grc' dir='ltr'>θ</span> 
     </span>
    </p>
   </div>
   <div class='ocr_carea' id='block_1_105' title="bbox 2210 4476 3723 4553">
    <p class='ocr_par' dir='ltr' id='par_1_105' title="bbox 2210 4476 3723 4553">
     <span class='ocr_line' id='line_1_106' title="bbox 2210 4476 3723 4553; baseline 0.005 -17"><span class='ocrx_word' id='word_1_782' title='bbox 2210 4482 2340 4547; x_wconf 88' lang='lat' dir='ltr'><strong>suis,</strong></span> <span class='ocrx_word' id='word_1_783' title='bbox 2363 4495 2496 4551; x_wconf 90' lang='lat' dir='ltr'><strong>quos</strong></span> <span class='ocrx_word' id='word_1_784' title='bbox 2516 4496 2638 4550; x_wconf 88' lang='lat' dir='ltr'><strong>spes</strong></span> <span class='ocrx_word' id='word_1_785' title='bbox 2659 4482 2827 4537; x_wconf 85' lang='lat' dir='ltr'><strong>fuerat</strong></span> <span class='ocrx_word' id='word_1_786' title='bbox 2844 4483 3013 4553; x_wconf 88' lang='lat' dir='ltr'><strong>ipsius</strong></span> <span class='ocrx_word' id='word_1_787' title='bbox 3036 4486 3265 4542; x_wconf 85' lang='lat' dir='ltr'><strong>reditum</strong></span> <span class='ocrx_word' id='word_1_788' title='bbox 3296 4494 3572 4543; x_wconf 70' lang='lat' dir='ltr'><strong>secuturos.</strong></span> <span class='ocrx_word' id='word_1_789' title='bbox 3592 4476 3723 4531; x_wconf 66' lang='lat' dir='ltr'><strong>min&quot;</strong></span> 
     </span>
    </p>
   </div>
   <div class='ocr_carea' id='block_1_106' title="bbox 2213 4565 3724 4646">
    <p class='ocr_par' dir='ltr' id='par_1_106' title="bbox 2213 4565 3724 4646">
     <span class='ocr_line' id='line_1_107' title="bbox 2213 4565 3724 4646; baseline 0.001 -22"><span class='ocrx_word' id='word_1_790' title='bbox 2213 4570 2504 4626; x_wconf 81' lang='lat' dir='ltr'><strong>ferventem</strong></span> <span class='ocrx_word' id='word_1_791' title='bbox 2535 4587 2594 4626; x_wconf 89' lang='lat' dir='ltr'><strong>se</strong></span> <span class='ocrx_word' id='word_1_792' title='bbox 2624 4573 2933 4641; x_wconf 67' lang='lat' dir='ltr'><strong>praebuisse.</strong></span> <span class='ocrx_word' id='word_1_793' title='bbox 2964 4576 3138 4646; x_wconf 81' lang='lat' dir='ltr'><strong>Atque</strong></span> <span class='ocrx_word' id='word_1_794' title='bbox 3168 4577 3273 4632; x_wconf 88' lang='lat' dir='ltr'><strong>hoc</strong></span> <span class='ocrx_word' id='word_1_795' title='bbox 3298 4583 3501 4632; x_wconf 82' lang='lat' dir='ltr'><strong>sanctos</strong></span> <span class='ocrx_word' id='word_1_796' title='bbox 3521 4565 3724 4626; x_wconf 68' lang='lat' dir='ltr'><strong>antisiiles</strong></span> 
     </span>
    </p>
   </div>
   <div class='ocr_carea' id='block_1_107' title="bbox 2210 4657 3726 4735">
    <p class='ocr_par' dir='ltr' id='par_1_107' title="bbox 2210 4657 3726 4735">
     <span class='ocr_line' id='line_1_108' title="bbox 2210 4657 3726 4735; baseline 0.001 -19"><span class='ocrx_word' id='word_1_797' title='bbox 2210 4662 2424 4732; x_wconf 88' lang='lat' dir='ltr'><strong>impulit</strong></span> <span class='ocrx_word' id='word_1_798' title='bbox 2451 4662 2516 4717; x_wconf 90' lang='lat' dir='ltr'><strong>ad</strong></span> <span class='ocrx_word' id='word_1_799' title='bbox 2551 4664 2885 4720; x_wconf 84' lang='lat' dir='ltr'><strong>scribendum</strong></span> <span class='ocrx_word' id='word_1_800' title='bbox 2913 4666 3085 4721; x_wconf 87' lang='lat' dir='ltr'><strong>cidem</strong></span> <span class='ocrx_word' id='word_1_801' title='bbox 3121 4668 3389 4731; x_wconf 82' lang='lat' dir='ltr'><strong>Maximo;</strong></span> <span class='ocrx_word' id='word_1_802' title='bbox 3417 4678 3560 4735; x_wconf 88' lang='lat' dir='ltr'><strong>quem</strong></span> <span class='ocrx_word' id='word_1_803' title='bbox 3583 4657 3726 4714; x_wconf 67' lang='grc' dir='ltr'><strong>ωιιοΐ·</strong></span> 
     </span>
    </p>
   </div>
   <div class='ocr_carea' id='block_1_108' title="bbox 2211 4742 3807 4827">
    <p class='ocr_par' dir='ltr' id='par_1_108' title="bbox 2211 4742 3807 4827">
     <span class='ocr_line' id='line_1_109' title="bbox 2211 4742 3807 4827; baseline 0.002 -19"><span class='ocrx_word' id='word_1_804' title='bbox 2211 4762 2409 4819; x_wconf 89' lang='lat' dir='ltr'><strong>tantur,</strong></span> <span class='ocrx_word' id='word_1_805' title='bbox 2442 4763 2498 4809; x_wconf 89' lang='lat' dir='ltr'><strong>ut</strong></span> <span class='ocrx_word' id='word_1_806' title='bbox 2529 4755 2650 4809; x_wconf 86' lang='lat' dir='ltr'><strong>illos</strong></span> <span class='ocrx_word' id='word_1_807' title='bbox 2679 4765 2883 4827; x_wconf 88' lang='lat' dir='ltr'><strong>urgeat,</strong></span> <span class='ocrx_word' id='word_1_808' title='bbox 2915 4772 3012 4826; x_wconf 84' lang='lat' dir='ltr'><strong>pro</strong></span> <span class='ocrx_word' id='word_1_809' title='bbox 3041 4758 3146 4813; x_wconf 89' lang='lat' dir='ltr'><strong>illis</strong></span> <span class='ocrx_word' id='word_1_810' title='bbox 3173 4768 3313 4821; x_wconf 89' lang='lat' dir='ltr'><strong>oret,</strong></span> <span class='ocrx_word' id='word_1_811' title='bbox 3344 4758 3461 4813; x_wconf 89' lang='lat' dir='ltr'><strong>illos</strong></span> <span class='ocrx_word' id='word_1_812' title='bbox 3484 4742 3725 4807; x_wconf 78' lang='lat' dir='ltr'><strong>dcmumad</strong></span> <span class='ocrx_word' id='word_1_813' title='bbox 3806 4804 3807 4811; x_wconf 48' lang='grc' dir='ltr'><strong>η</strong></span> 
     </span>
    </p>
   </div>
   <div class='ocr_carea' id='block_1_109' title="bbox 2209 4833 3727 4918">
    <p class='ocr_par' dir='ltr' id='par_1_109' title="bbox 2209 4833 3727 4918">
     <span class='ocr_line' id='line_1_110' title="bbox 2209 4833 3727 4918; baseline -0.003 -19"><span class='ocrx_word' id='word_1_814' title='bbox 2209 4844 2500 4900; x_wconf 77' lang='lat' dir='ltr'><strong>Ecclesium</strong></span> <span class='ocrx_word' id='word_1_815' title='bbox 2521 4846 2763 4901; x_wconf 85' lang='lat' dir='ltr'><strong>adducat.</strong></span> <span class='ocrx_word' id='word_1_816' title='bbox 2789 4848 3060 4918; x_wconf 82' lang='lat' dir='ltr'><strong>Reliquam</strong></span> <span class='ocrx_word' id='word_1_817' title='bbox 3083 4849 3364 4918; x_wconf 87' lang='lat' dir='ltr'><strong>epistolam</strong></span> <span class='ocrx_word' id='word_1_818' title='bbox 3395 4848 3445 4903; x_wconf 88' lang='lat' dir='ltr'><strong>in</strong></span> <span class='ocrx_word' id='word_1_819' title='bbox 3474 4833 3727 4914; x_wconf 76' lang='lat' dir='ltr'><strong>explicando</strong></span> 
     </span>
    </p>
   </div>
   <div class='ocr_carea' id='block_1_110' title="bbox 2210 4925 3726 5011">
    <p class='ocr_par' dir='ltr' id='par_1_110' title="bbox 2210 4925 3726 5011">
     <span class='ocr_line' id='line_1_111' title="bbox 2210 4925 3726 5011; baseline 0.002 -20"><span class='ocrx_word' id='word_1_820' title='bbox 2210 4936 2403 4992; x_wconf 80' lang='lat' dir='ltr'><strong>divina:</strong></span> <span class='ocrx_word' id='word_1_821' title='bbox 2423 4937 2696 4993; x_wconf 84' lang='lat' dir='ltr'><strong>Trinitatis</strong></span> <span class='ocrx_word' id='word_1_822' title='bbox 2726 4941 3001 5011; x_wconf 83' lang='lat' dir='ltr'><strong>mysterio,</strong></span> <span class='ocrx_word' id='word_1_823' title='bbox 3026 4949 3085 4995; x_wconf 85' lang='lat' dir='ltr'><strong>ut</strong></span> <span class='ocrx_word' id='word_1_824' title='bbox 3103 4939 3386 4995; x_wconf 78' lang='lat' dir='ltr'><strong>Maximum</strong></span> <span class='ocrx_word' id='word_1_825' title='bbox 3416 4939 3468 4992; x_wconf 89' lang='lat' dir='ltr'><strong>in</strong></span> <span class='ocrx_word' id='word_1_826' title='bbox 3490 4933 3582 4990; x_wconf 80' lang='lat' dir='ltr'><strong>(ide</strong></span> <span class='ocrx_word' id='word_1_827' title='bbox 3600 4925 3726 4994; x_wconf 72' lang='grc' dir='ltr'><strong>ωελείε</strong></span> 
     </span>
    </p>
   </div>
   <div class='ocr_carea' id='block_1_111' title="bbox 2209 5030 3727 5101">
    <p class='ocr_par' dir='ltr' id='par_1_111' title="bbox 2209 5030 3727 5101">
     <span class='ocr_line' id='line_1_112' title="bbox 2209 5030 3727 5101; baseline 0.004 -19"><span class='ocrx_word' id='word_1_828' title='bbox 2209 5044 2272 5084; x_wconf 91' lang='lat' dir='ltr'><strong>ac</strong></span> <span class='ocrx_word' id='word_1_829' title='bbox 2303 5030 2469 5099; x_wconf 87' lang='lat' dir='ltr'><strong>magis</strong></span> <span class='ocrx_word' id='word_1_830' title='bbox 2492 5030 2901 5095; x_wconf 84' lang='lat' dir='ltr'><strong>conﬁrmarent,</strong></span> <span class='ocrx_word' id='word_1_831' title='bbox 2934 5046 3177 5100; x_wconf 86' lang='lat' dir='ltr'><strong>posuere.</strong></span> <span class='ocrx_word' id='word_1_832' title='bbox 3211 5030 3544 5101; x_wconf 84' lang='lat' dir='ltr'><strong>Peregrinum</strong></span> <span class='ocrx_word' id='word_1_833' title='bbox 3567 5030 3727 5093; x_wconf 74' lang='lat' dir='ltr'><strong>quo‘l“e</strong></span> 
     </span>
    </p>
   </div>
   <div class='ocr_carea' id='block_1_112' title="bbox 2210 5113 3725 5191">
    <p class='ocr_par' dir='ltr' id='par_1_112' title="bbox 2210 5113 3725 5191">
     <span class='ocr_line' id='line_1_113' title="bbox 2210 5113 3725 5191; baseline -0.007 -17"><span class='ocrx_word' id='word_1_834' title='bbox 2210 5121 2539 5191; x_wconf 85' lang='lat' dir='ltr'><strong>episcopum,</strong></span> <span class='ocrx_word' id='word_1_835' title='bbox 2563 5121 2786 5176; x_wconf 81' lang='lat' dir='ltr'><strong>fortasse</strong></span> <span class='ocrx_word' id='word_1_836' title='bbox 2812 5121 3186 5188; x_wconf 85' lang='lat' dir='ltr'><strong>Thenitanum,</strong></span> <span class='ocrx_word' id='word_1_837' title='bbox 3217 5123 3355 5179; x_wconf 88' lang='lat' dir='ltr'><strong>datis</strong></span> <span class='ocrx_word' id='word_1_838' title='bbox 3383 5119 3530 5177; x_wconf 85' lang='lat' dir='ltr'><strong>simul</strong></span> <span class='ocrx_word' id='word_1_839' title='bbox 3553 5113 3610 5169; x_wconf 87' lang='lat' dir='ltr'><strong>ad</strong></span> <span class='ocrx_word' id='word_1_840' title='bbox 3636 5120 3725 5165; x_wconf 82' lang='lat' dir='ltr'><strong>eum</strong></span> 
     </span>
    </p>
   </div>
   <div class='ocr_carea' id='block_1_113' title="bbox 2209 5202 3727 5293">
    <p class='ocr_par' dir='ltr' id='par_1_113' title="bbox 2209 5202 3727 5293">
     <span class='ocr_line' id='line_1_114' title="bbox 2209 5202 3727 5293; baseline -0.001 -27"><span class='ocrx_word' id='word_1_841' title='bbox 2209 5212 2400 5267; x_wconf 86' lang='lat' dir='ltr'><strong>litteris</strong></span> <span class='ocrx_word' id='word_1_842' title='bbox 2430 5213 2448 5283; x_wconf 94' lang='lat'><strong>(</strong></span> <span class='ocrx_word' id='word_1_843' title='bbox 2474 5213 2639 5283; x_wconf 79' lang='lat' dir='ltr'><strong>Epist.</strong></span> <span class='ocrx_word' id='word_1_844' title='bbox 2670 5215 2764 5269; x_wconf 88' lang='grc'><strong>171</strong></span> <span class='ocrx_word' id='word_1_845' title='bbox 2790 5212 2813 5288; x_wconf 93' lang='grc'><strong>)</strong></span> <span class='ocrx_word' id='word_1_846' title='bbox 2840 5216 3038 5283; x_wconf 85' lang='lat' dir='ltr'><strong>petiere</strong></span> <span class='ocrx_word' id='word_1_847' title='bbox 3055 5257 3069 5282; x_wconf 98' lang='lat'><strong>,</strong></span> <span class='ocrx_word' id='word_1_848' title='bbox 3094 5224 3150 5271; x_wconf 91' lang='lat' dir='ltr'><strong>ut</strong></span> <span class='ocrx_word' id='word_1_849' title='bbox 3171 5216 3342 5285; x_wconf 88' lang='lat' dir='ltr'><strong>prima</strong></span> <span class='ocrx_word' id='word_1_850' title='bbox 3367 5221 3480 5268; x_wconf 81' lang='lat' dir='ltr'><strong>nata</strong></span> <span class='ocrx_word' id='word_1_851' title='bbox 3500 5202 3727 5293; x_wconf 60' lang='lat' dir='ltr'><strong>comit)“</strong></span> 
     </span>
    </p>
   </div>
   <div class='ocr_carea' id='block_1_114' title="bbox 2208 5295 3728 5378">
    <p class='ocr_par' dir='ltr' id='par_1_114' title="bbox 2208 5295 3728 5378">
     <span class='ocr_line' id='line_1_115' title="bbox 2208 5295 3728 5378; baseline -0.009 -18"><span class='ocrx_word' id='word_1_852' title='bbox 2208 5305 2465 5361; x_wconf 87' lang='lat' dir='ltr'><strong>certiores</strong></span> <span class='ocrx_word' id='word_1_853' title='bbox 2519 5306 2663 5377; x_wconf 86' lang='lat' dir='ltr'><strong>ipsos</strong></span> <span class='ocrx_word' id='word_1_854' title='bbox 2716 5305 2952 5373; x_wconf 85' lang='lat' dir='ltr'><strong>faceret,</strong></span> <span class='ocrx_word' id='word_1_855' title='bbox 3012 5323 3139 5363; x_wconf 89' lang='lat' dir='ltr'><strong>num</strong></span> <span class='ocrx_word' id='word_1_856' title='bbox 3188 5305 3462 5378; x_wconf 84' lang='lat' dir='ltr'><strong>epistolam</strong></span> <span class='ocrx_word' id='word_1_857' title='bbox 3521 5295 3728 5354; x_wconf 72' lang='lat' dir='ltr'><strong>Maximus</strong></span> 
     </span>
    </p>
   </div>
   <div class='ocr_carea' id='block_1_115' title="bbox 2207 5377 3726 5467">
    <p class='ocr_par' dir='ltr' id='par_1_115' title="bbox 2207 5377 3726 5467">
     <span class='ocr_line' id='line_1_116' title="bbox 2207 5377 3726 5467; baseline -0.009 -19"><span class='ocrx_word' id='word_1_858' title='bbox 2207 5405 2356 5465; x_wconf 88' lang='lat' dir='ltr'><strong>grato</strong></span> <span class='ocrx_word' id='word_1_859' title='bbox 2405 5397 2701 5465; x_wconf 81' lang='lat' dir='ltr'><strong>accepisset</strong></span> <span class='ocrx_word' id='word_1_860' title='bbox 2750 5397 2961 5464; x_wconf 88' lang='lat' dir='ltr'><strong>animo,</strong></span> <span class='ocrx_word' id='word_1_861' title='bbox 3016 5377 3235 5467; x_wconf 83' lang='lat' dir='ltr'><strong>suisque</strong></span> <span class='ocrx_word' id='word_1_862' title='bbox 3278 5397 3504 5465; x_wconf 86' lang='lat' dir='ltr'><strong>ipsorum</strong></span> <span class='ocrx_word' id='word_1_863' title='bbox 3556 5377 3726 5442; x_wconf 75' lang='lat' dir='ltr'><strong>monitis</strong></span> 
     </span>
    </p>
   </div>
   <div class='ocr_carea' id='block_1_116' title="bbox 2208 5475 3725 5558">
    <p class='ocr_par' dir='ltr' id='par_1_116' title="bbox 2208 5475 3725 5558">
     <span class='ocr_line' id='line_1_117' title="bbox 2208 5475 3725 5558; baseline -0.005 -16"><span class='ocrx_word' id='word_1_864' title='bbox 2208 5489 2645 5557; x_wconf 86' lang='lat' dir='ltr'><strong>obtemperasset.</strong></span> <span class='ocrx_word' id='word_1_865' title='bbox 2686 5489 2767 5544; x_wconf 89' lang='lat' dir='ltr'><strong>Ad</strong></span> <span class='ocrx_word' id='word_1_866' title='bbox 2809 5489 2927 5544; x_wconf 74' lang='lat' dir='ltr'><strong>hmo</strong></span> <span class='ocrx_word' id='word_1_867' title='bbox 2958 5490 3205 5546; x_wconf 87' lang='lat' dir='ltr'><strong>eumdem</strong></span> <span class='ocrx_word' id='word_1_868' title='bbox 3240 5486 3562 5558; x_wconf 81' lang='lat' dir='ltr'><strong>Peregrinum</strong></span> <span class='ocrx_word' id='word_1_869' title='bbox 3602 5475 3725 5531; x_wconf 68' lang='lat' dir='ltr'><strong>obsc-</strong></span> 
     </span>
    </p>
   </div>
   <div class='ocr_carea' id='block_1_117' title="bbox 2206 5567 3727 5653">
    <p class='ocr_par' dir='ltr' id='par_1_117' title="bbox 2206 5567 3727 5653">
     <span class='ocr_line' id='line_1_118' title="bbox 2206 5567 3727 5653; baseline 0 -17"><span class='ocrx_word' id='word_1_870' title='bbox 2206 5591 2376 5645; x_wconf 89' lang='lat' dir='ltr'><strong>crant,</strong></span> <span class='ocrx_word' id='word_1_871' title='bbox 2413 5581 2490 5636; x_wconf 89' lang='lat' dir='ltr'><strong>uti</strong></span> <span class='ocrx_word' id='word_1_872' title='bbox 2517 5583 2629 5636; x_wconf 87' lang='lat' dir='ltr'><strong>suis</strong></span> <span class='ocrx_word' id='word_1_873' title='bbox 2652 5583 2882 5651; x_wconf 88' lang='lat' dir='ltr'><strong>ipsorum</strong></span> <span class='ocrx_word' id='word_1_874' title='bbox 2913 5582 3088 5637; x_wconf 88' lang='lat' dir='ltr'><strong>verbis</strong></span> <span class='ocrx_word' id='word_1_875' title='bbox 3122 5582 3197 5636; x_wconf 89' lang='lat' dir='ltr'><strong>illi</strong></span> <span class='ocrx_word' id='word_1_876' title='bbox 3229 5579 3499 5653; x_wconf 79' lang='lat' dir='ltr'><strong>significet,</strong></span> <span class='ocrx_word' id='word_1_877' title='bbox 3540 5567 3727 5644; x_wconf 69' lang='grc' dir='ltr'><strong>μοῑίιτίε</strong></span> 
     </span>
    </p>
   </div>
   <div class='ocr_carea' id='block_1_118' title="bbox 2208 5668 3724 5745">
    <p class='ocr_par' dir='ltr' id='par_1_118' title="bbox 2208 5668 3724 5745">
     <span class='ocr_line' id='line_1_119' title="bbox 2208 5668 3724 5745; baseline -0.001 -15"><span class='ocrx_word' id='word_1_878' title='bbox 2208 5674 2460 5745; x_wconf 86' lang='lat' dir='ltr'><strong>epistolas</strong></span> <span class='ocrx_word' id='word_1_879' title='bbox 2480 5675 2541 5729; x_wconf 89' lang='lat' dir='ltr'><strong>ad</strong></span> <span class='ocrx_word' id='word_1_880' title='bbox 2567 5674 3005 5731; x_wconf 84' lang='lat' dir='ltr'><strong>familiarissimos</strong></span> <span class='ocrx_word' id='word_1_881' title='bbox 3032 5690 3174 5742; x_wconf 89' lang='lat' dir='ltr'><strong>suos,</strong></span> <span class='ocrx_word' id='word_1_882' title='bbox 3206 5676 3366 5731; x_wconf 88' lang='lat' dir='ltr'><strong>etiam</strong></span> <span class='ocrx_word' id='word_1_883' title='bbox 3391 5670 3455 5725; x_wconf 85' lang='lat' dir='ltr'><strong>ad</strong></span> <span class='ocrx_word' id='word_1_884' title='bbox 3478 5668 3724 5738; x_wconf 68' lang='grc' dir='ltr'><strong>ορίςεοροεο</strong></span> 
     </span>
    </p>
   </div>
   <div class='ocr_carea' id='block_1_119' title="bbox 2206 5750 3725 5843">
    <p class='ocr_par' dir='ltr' id='par_1_119' title="bbox 2206 5750 3725 5843">
     <span class='ocr_line' id='line_1_120' title="bbox 2206 5750 3725 5843; baseline -0.003 -21"><span class='ocrx_word' id='word_1_885' title='bbox 2206 5781 2289 5834; x_wconf 87' lang='lat' dir='ltr'><strong>ea,</strong></span> <span class='ocrx_word' id='word_1_886' title='bbox 2311 5783 2413 5837; x_wconf 90' lang='lat' dir='ltr'><strong>qua</strong></span> <span class='ocrx_word' id='word_1_887' title='bbox 2444 5767 2528 5821; x_wconf 87' lang='lat' dir='ltr'><strong>illa</strong></span> <span class='ocrx_word' id='word_1_888' title='bbox 2551 5768 2745 5843; x_wconf 82' lang='lat' dir='ltr'><strong>scripta</strong></span> <span class='ocrx_word' id='word_1_889' title='bbox 2772 5777 2905 5832; x_wconf 89' lang='lat' dir='ltr'><strong>erat,</strong></span> <span class='ocrx_word' id='word_1_890' title='bbox 2932 5768 3101 5823; x_wconf 89' lang='lat' dir='ltr'><strong>forma</strong></span> <span class='ocrx_word' id='word_1_891' title='bbox 3129 5768 3362 5823; x_wconf 87' lang='lat' dir='ltr'><strong>scribere</strong></span> <span class='ocrx_word' id='word_1_892' title='bbox 3385 5779 3441 5821; x_wconf 91' lang='lat' dir='ltr'><strong>se</strong></span> <span class='ocrx_word' id='word_1_893' title='bbox 3474 5758 3627 5815; x_wconf 83' lang='lat' dir='ltr'><strong>solere</strong></span> <span class='ocrx_word' id='word_1_894' title='bbox 3643 5792 3657 5818; x_wconf 73' lang='grc' dir='ltr'>ι</span> <span class='ocrx_word' id='word_1_895' title='bbox 3681 5750 3725 5800; x_wconf 70' lang='grc' dir='ltr'><strong>υί</strong></span> 
     </span>
    </p>
   </div>
   <div class='ocr_carea' id='block_1_120' title="bbox 2205 5842 3750 5926">
    <p class='ocr_par' dir='ltr' id='par_1_120' title="bbox 2205 5842 3750 5926">
     <span class='ocr_line' id='line_1_121' title="bbox 2205 5842 3750 5926; baseline -0.016 -13"><span class='ocrx_word' id='word_1_896' title='bbox 2205 5866 2260 5913; x_wconf 88' lang='lat' dir='ltr'><strong>et</strong></span> <span class='ocrx_word' id='word_1_897' title='bbox 2301 5859 2405 5914; x_wconf 91' lang='lat' dir='ltr'><strong>cito</strong></span> <span class='ocrx_word' id='word_1_898' title='bbox 2449 5842 2782 5926; x_wconf 86' lang='lat' dir='ltr'><strong>scribantur,</strong></span> <span class='ocrx_word' id='word_1_899' title='bbox 2839 5869 2891 5915; x_wconf 89' lang='lat' dir='ltr'><strong>et</strong></span> <span class='ocrx_word' id='word_1_900' title='bbox 2940 5861 3119 5915; x_wconf 87' lang='lat' dir='ltr'><strong>charta</strong></span> <span class='ocrx_word' id='word_1_901' title='bbox 3170 5867 3408 5913; x_wconf 78' lang='lat' dir='ltr'><strong>teneatur</strong></span> <span class='ocrx_word' id='word_1_902' title='bbox 3446 5842 3750 5909; x_wconf 84' lang='lat' dir='ltr'><strong>commodius.</strong></span> 
     </span>
    </p>
   </div>
  </div>
