3880 6404
504 339 609 397 867

503 455 727 528 opponit
749 455 802 510 in
829 453 963 510 libro
988 453 1056 509 de
1073 451 1422 523 Correptione
1445 457 1499 508 et
1518 449 1716 517 Gratia,
1744 450 1825 506 vel
1855 450 1908 504 in
1933 449 2080 504 libris

503 555 687 602 contra
724 545 1022 610 lulianum;
1065 544 1168 600 hoc
1204 552 1372 600 totum
1412 544 1512 614 ipsi
1549 559 1645 613 pro
1682 558 1740 599 se
1767 541 2082 613 regerebant

501 653 710 695 summa
745 637 1086 693 contentione
1113 651 1175 692 ac
1204 651 1377 708 pugna
1405 654 1422 693 :
1451 644 1562 692 tum
1599 634 1898 690 doctrinam
1937 634 2081 688 illam

504 729 840 785 aediﬁcationi
884 727 1210 784 audientium
1253 728 1575 784 contrariam
1624 741 1746 784 esse
1794 725 2077 794 dicebant,

504 830 665 892 atque
691 836 754 877 ea
785 830 1002 892 propter
1023 861 1037 886 ,
1068 809 1279 876 etiamsi
1305 836 1431 877 vera
1459 822 1548 889 sit,
1577 835 1684 876 non
1709 819 2077 891 promendam.

503 911 769 971 Caeterum
806 913 1216 970 obstinationem
1257 928 1408 969 suam
1443 913 1718 969 vetustatis
1747 912 1960 968 nomine
1987 911 2082 968 de-

477 1003 820 1072 fendentes,
865 1004 1257 1062 contendebant
1299 1005 1554 1072 Paulum,
1593 1004 1743 1074 cujus
1771 1005 2082 1060 auctoritate

507 1098 694 1153 nititur
728 1097 1053 1168 Augustinus
1075 1138 1091 1164 ,
1138 1112 1171 1152 a
1210 1097 1358 1152 nullo
1398 1099 1652 1153 hactenus
1678 1097 1749 1151 ita
1777 1111 1896 1152 esse
1921 1096 2081 1150 intel-

510 1189 726 1244 lectum.
763 1187 912 1255 Quod
941 1187 1007 1242 ad
1035 1188 1286 1260 parvulos
1314 1195 1555 1258 spectat,
1596 1187 1649 1242 in
1678 1186 1868 1257 quibus
1903 1187 2081 1241 divina

507 1281 682 1336 elucet
702 1279 1114 1350 przedestinatio,
1147 1278 1280 1334 tales
1309 1278 1522 1334 aiebant
1542 1277 1692 1348 perdi
1715 1278 1950 1348 talesque
1978 1279 2084 1332 sal-

509 1375 640 1440 vari,
671 1373 852 1444 quales
879 1373 1086 1428 futuros
1118 1372 1238 1428 illos
1271 1372 1327 1426 in
1353 1371 1540 1442 majori
1566 1380 1721 1428 aetate
1741 1413 1757 1438 ,
1786 1373 1830 1426 si
1869 1373 1935 1427 ad
1965 1388 2084 1428 eam

505 1467 873 1538 pervenirent,
905 1466 1123 1522 scientia
1153 1464 1332 1520 divina
1357 1464 1690 1535 prmvidissct
1711 1464 1905 1536 (Epist.
1933 1464 2040 1520 225
2065 1507 2080 1531 ,

506 1576 559 1613 n.
590 1557 669 1629 5).
692 1557 798 1612 Nec
819 1557 1134 1612 absimiliter
1161 1556 1513 1626 quaestionem
1539 1555 1606 1610 de
1637 1555 1927 1625 majoribus
1944 1597 1958 1622 ,
1990 1571 2085 1610 cur

509 1649 855 1720 Evangelium
884 1664 989 1704 non
1015 1648 1261 1703 omnibus
1284 1647 1600 1718 praedicetur
1619 1687 1633 1712 ,
1660 1646 1962 1702 enodabant
1987 1663 2000 1712 ;
2033 1645 2086 1700 id

507 1743 836 1798 affirmantes
859 1739 1205 1811 praescientiaa
1231 1754 1352 1796 esse
1379 1738 1595 1806 divinae,
1627 1747 1686 1792 ut
1713 1737 1833 1792 ideo
1861 1737 2084 1808 quibus-

508 1836 632 1891 dam
675 1834 882 1906 populis
921 1849 1024 1888 non
1069 1832 1417 1903 praedicetur,
1465 1831 1606 1902 quod
1652 1831 1779 1886 illud
1825 1845 1933 1885 non
1981 1832 2089 1885 sint

514 1926 780 1995 recepturi
815 1924 1057 1997 (Ibid.,et
1077 1921 1245 1994 Epist.
1275 1922 1402 1990 226,
1430 1939 1483 1976 n.
1511 1920 1585 1992 5).
1606 1922 1868 1976 Praeterea
1899 1921 2088 1976 discri-

509 2035 632 2074 men
663 2018 1006 2074 constitutum
1031 2016 1100 2072 ab
1121 2017 1416 2085 Augustino
1450 2016 1587 2070 inter
1623 2015 1843 2085 gratiam
1880 2013 2087 2069 Adamo

507 2111 716 2174 datam,
757 2118 811 2164 et
846 2125 961 2164 eam
999 2123 1119 2178 quae.
1157 2106 1312 2162 nobis
1349 2105 1538 2172 datur,
1586 2105 1810 2160 moleste
1844 2103 2088 2160 ferebant

511 2201 706 2274 (Epist.
744 2201 848 2257 226
869 2244 884 2269 ,
916 2219 967 2256 η.
997 2201 1076 2272 6).
1105 2200 1211 2257 Nec
1238 2199 1485 2254 volebant
1508 2199 1755 2269 cuiquam
1779 2199 1937 2252 talem
1969 2197 2087 2252 dari

509 2293 954 2363 perseverantiam
976 2334 990 2358 ,
1021 2307 1050 2346 a
1076 2308 1179 2362 qua
1212 2306 1318 2346 non
1356 2291 1691 2362 permittatur
1716 2289 2048 2360 praevaricari
2068 2330 2084 2350 ,

504 2385 600 2442 sed
625 2402 654 2440 a
681 2401 783 2455 qua
809 2385 975 2455 possit
1003 2398 1098 2440 sua
1130 2383 1403 2438 voluntate
1437 2382 1698 2447 deﬁcere,
1739 2389 1793 2434 et
1840 2396 1957 2450 quae
2001 2379 2086 2434 vel

505 2477 817 2547 suppliciter
858 2475 1084 2531 emereri
1109 2515 1124 2542 ,
1172 2475 1257 2530 vel
1295 2474 1466 2528 amitti
1507 2472 1891 2528 contumaciter
1921 2470 2088 2539 possit

513 2568 698 2641 (Ibid,
725 2586 778 2622 n.
808 2567 888 2639 4).
917 2565 1140 2634 Quidam
1186 2565 1343 2620 etiam
1383 2579 1448 2619 ex
1497 2563 1682 2619 iisdem
1711 2562 1875 2618 Gallis
1913 2561 2087 2616 adhuc

512 2660 730 2730 prapius
752 2675 783 2713 a
813 2657 1091 2728 Pelagiana
1123 2655 1310 2711 haeresi
1367 2655 1704 2720 recedentes,
1734 2654 1953 2723 gratiam
1979 2653 2087 2706 sal-

503 2759 718 2805 vantem
756 2747 1149 2819 distinguebant
1172 2748 1240 2803 ab
1267 2747 1453 2802 initiali
1479 2747 1643 2817 gratia
1665 2788 1680 2812 ,
1709 2752 1764 2800 et
1791 2745 1926 2799 hanc
1953 2744 2085 2798 nihil

505 2841 646 2896 aliud
669 2855 787 2896 esse
815 2839 1110 2910 ponebant,
1143 2854 1301 2910 quam
1331 2839 1589 2892 rationem
1615 2846 1669 2892 et
1695 2836 1916 2890 liberum
1942 2835 2084 2890 arbi-

504 2933 663 2988 trium
694 2932 896 2987 homini
917 2931 1047 2986 nihil
1075 2931 1222 3002 prius
1244 2929 1499 2994 merenti,
1527 2929 1646 3000 quia
1674 2942 1776 2984 nec
1799 2927 2043 2982 existenti
2065 2967 2080 2992 ,

498 3024 768 3081 Creatoris
791 3024 1058 3082 beneﬁcio
1082 3038 1429 3087 concessum;
1456 3033 1612 3091 atque
1637 3021 1752 3090 ejus
1773 3035 1873 3089 ope
1891 3020 2084 3074 nihilo-

501 3119 678 3173 minus
704 3118 996 3183 hominem,
1024 3117 1151 3171 dum
1179 3116 1321 3171 bono
1362 3125 1560 3169 natura:
1605 3113 1741 3168 bene
1780 3114 1974 3180 utitur,
2015 3113 2083 3168 ad

502 3211 792 3265 salvantem
835 3208 1060 3279 gratiam
1108 3205 1385 3276 pervenire
1427 3203 1614 3276 (Epist.
1651 3203 1778 3269 225,
1803 3220 1856 3256 η.
1884 3204 1962 3274 4).
2004 3206 2084 3260 Ac

500 3303 580 3357 sic
607 3315 726 3355 cum
754 3301 806 3354 in
834 3299 1142 3368 majoribus,
1173 3298 1262 3368 qui
1286 3297 1452 3352 libero
1470 3305 1690 3352 utuntur
1708 3297 1945 3363 arbitrio,
1975 3296 2082 3352 duo

501 3392 612 3448 sint
651 3407 770 3462 quae
813 3390 1098 3444 humanam
1147 3398 1434 3460 operantur
1475 3389 1719 3454 salutem,
1757 3389 1850 3443 Dei
1879 3389 2082 3445 scilicet

501 3482 690 3556 gratia,
719 3492 772 3538 et
800 3481 1033 3537 hominis
1061 3481 1359 3536 obedientia
1382 3498 1396 3545 ;
1423 3481 1654 3551 priorem
1679 3480 1928 3535 volebant
1953 3481 2080 3537 obe-

505 3573 756 3629 dientiam
783 3587 922 3640 esse,
951 3587 1107 3643 quam
1134 3572 1379 3643 gratiam,
1408 3580 1467 3626 ut
1492 3572 1697 3626 initium
1721 3572 1906 3628 salutis
1926 3590 1992 3628 ex
2013 3589 2079 3629 eo

501 3665 591 3736 qui
620 3665 872 3729 salvatur,
896 3679 1001 3719 non
1021 3679 1086 3719 ex
1116 3679 1182 3720 eo
1209 3664 1532 3719 credendum
1580 3665 1650 3719 sit
1681 3672 1823 3720 stare
1849 3667 1937 3735 qui
1967 3667 2076 3720 sal-

501 3765 626 3821 vat;
673 3765 726 3812 et
765 3755 1010 3810 voluntas
1053 3756 1283 3810 hominis
1328 3754 1520 3810 divinae
1561 3755 1745 3824 gratiae
1780 3756 1878 3811 sibi
1909 3758 2080 3827 pariat

502 3861 680 3916 opem,
711 3861 816 3900 non
839 3846 1006 3916 gratia
1034 3845 1132 3900 sibi
1170 3846 1450 3900 humanam
1482 3845 1726 3916 subjiciat
1752 3847 2075 3902 voluntatem

505 3937 689 4007 (Ibid,
730 3955 782 3991 n.
813 3937 891 4008 6).
923 3937 1156 3992 Tandem
1201 3945 1454 4007 quantum
1492 3937 1714 4008 quisque
1741 3938 1809 3992 ad
1840 3939 2072 4004 malum,

497 4037 701 4084 tantum
729 4028 928 4085 habere
958 4028 1220 4083 facultatis
1247 4027 1313 4082 ad
1340 4029 1539 4084 bonum
1567 4029 1955 4098 praedicabant;
1985 4045 2078 4101 pa-

497 4123 648 4192 rique
679 4129 950 4176 momento
979 4121 1212 4176 animum
1235 4135 1294 4177 se
1318 4122 1399 4177 vel
1426 4121 1492 4176 ad
1522 4122 1644 4175 vitia
1666 4123 1747 4178 vel
1769 4124 1834 4176 ad
1857 4125 2076 4180 virtutes

497 4230 736 4281 movere,
764 4231 922 4286 quem
954 4216 1089 4270 bona
1133 4225 1468 4286 appetentem
1515 4216 1680 4286 gratia
1725 4217 1818 4272 Dei
1858 4217 2070 4284 foveat,

496 4310 633 4364 mala
656 4317 948 4364 sectantem
974 4307 1242 4363 damnatio
1263 4308 1406 4378 justa
1431 4309 1681 4378 suscipiat
1711 4308 1760 4380 (1
1767 4310 1893 4376 bid.,
1916 4328 1968 4364 η.
1992 4311 2070 4381 4).

496 4399 622 4454 Haec
663 4400 872 4470 aliaque
906 4408 1090 4454 contra
1116 4398 1276 4453 ﬁdem
1304 4399 1784 4468 praedestinationis
1811 4409 1864 4454 et
1890 4402 2073 4471 gratiae

489 4493 828 4564 jactabantur
852 4509 882 4547 a
908 4493 1037 4549 viris
1065 4494 1155 4564 qui
1176 4493 1297 4547 vita:
1321 4494 1512 4549 merito
1537 4494 1617 4548 vel
1646 4495 1724 4549 sui
1755 4495 1804 4548 in
1833 4494 2072 4552 Ecclesia

499 4583 694 4655 gradus
721 4585 974 4655 dignitate
1013 4593 1215 4639 tantum
1273 4585 1632 4654 praestabant,
1662 4593 1721 4641 ut
1764 4600 1868 4640 non
1918 4586 2072 4643 facile

493 4676 796 4743 quisquam,
829 4685 1022 4744 praeter
1047 4690 1240 4746 paucos
1279 4675 1526 4745 perfecta:
1567 4677 1748 4747 gratiae
1784 4679 2070 4748 intrepidos

497 4773 802 4830 amatores,
845 4766 1104 4821 obsistere
1149 4782 1332 4821 eorum
1380 4767 1823 4838 disputationibus
1851 4769 2071 4826 auderet

499 4852 684 4924 (Ibid.,
711 4872 765 4909 η.
796 4856 848 4926 7)
886 4874 900 4909 :
931 4871 995 4912 ac
1031 4857 1250 4926 proinde
1298 4860 1653 4914 necessarium
1701 4860 2070 4917 existimarunt

493 4943 726 5013 Prosper
770 4953 825 4999 et
866 4945 1123 5014 Hilarius,
1174 4949 1254 5001 vir
1301 4958 1522 5018 uterque
1571 4951 1767 5018 laicus,
1816 4952 2066 5022 Augusti-

498 5051 624 5089 num
655 5049 751 5104 per
774 5034 978 5089 litteras
999 5036 1305 5101 admonere,
1336 5048 1394 5092 ut
1418 5052 1566 5093 suam
1596 5039 1760 5109 ipsius
1787 5043 2068 5098 auctorita-

493 5133 602 5181 tem
639 5125 742 5179 illis
778 5125 1068 5193 objiciens,
1114 5143 1231 5195 qua:
1256 5126 1307 5180 in
1335 5127 1450 5181 istis
1473 5130 1850 5197 quaestionibus
1878 5133 2068 5189 obscu-

491 5217 634 5270 riora
660 5225 784 5269 sunt
805 5225 860 5270 et
882 5215 948 5269 ad
977 5217 1370 5286 percipiendum
1396 5218 1692 5274 difficiliora
1715 5263 1730 5288 ,
1765 5238 1922 5292 quam
1946 5225 2066 5280 luci-

493 5307 726 5364 dissimis
785 5307 1204 5377 expositionibus
1267 5310 1473 5380 aperire
1541 5326 1646 5366 non
1710 5325 2060 5383 gravaretur:

489 5401 683 5472 quippe
722 5399 810 5470 qui
849 5409 1158 5468 sperarent,
1202 5415 1307 5455 non
1346 5401 1516 5456 solum
1557 5418 1616 5459 se
1653 5403 2063 5474 disputationum

489 5494 606 5564 ejus
631 5493 879 5565 prsesidio
902 5493 1248 5559 roborandos,
1277 5494 1369 5550 sed
1391 5495 1548 5550 etiam
1573 5497 1715 5566 ipsos
1733 5497 2064 5559 adversarios

488 5576 945 5642 defaecatissimum
969 5587 1146 5641 lumen
1169 5587 1349 5656 gratia:
1375 5598 1679 5658 recepturos
1708 5588 1890 5662 (Ibid.,
1909 5609 1960 5648 η.
1982 5597 2059 5670 9).

491 5675 775 5749 Quidquid,
819 5680 892 5734 ait
928 5678 1176 5745 Hilarius,
1219 5695 1310 5750 pro
1335 5696 1392 5733 ea
1417 5680 1598 5751 gratia,
1627 5699 1780 5753 quam
1816 5685 1867 5739 in
1897 5695 1944 5740 te
1967 5706 2064 5758 pu-

489 5766 590 5821 silli
614 5783 723 5822 cum
745 5773 935 5840 magnis
963 5771 1224 5838 miramur,
1256 5772 1469 5827 volueris
1498 5782 1583 5826 aut
1611 5776 1844 5843 valueris,
1875 5781 2058 5848 gratis-

1651 328 1802 384 VlTA
1844 326 1900 382 S.
1942 326 2302 385 AUGUSTINI
2342 328 2662 387 EPISCOPI.

2185 448 2310 504 sime
2349 448 2656 520 accipiemus
2675 489 2692 516 ,
2726 459 2961 523 tanquam
2985 471 3016 507 a
3041 454 3179 510 nobis
3205 456 3490 516 charissima
3518 481 3572 519 ac
3591 483 3701 524 ηκ-

2185 541 2488 595 rendissima
2529 543 2823 598 auctoritate
2859 545 3112 600 decretum
3151 546 3342 620 (Epist.
3383 549 3501 620 226,
3536 559 3702 631 n.10).

2186 631 2372 688 Eidem
2402 632 2682 703 significat,
2713 649 2742 688 a
2772 635 3034 706 Prospero
3054 653 3111 693 se
3136 638 3423 697 obtinuisse
3445 645 3704 717 epistolam,

2185 737 2342 794 quam
2372 738 2484 780 sum
2516 725 2852 796 conjunctam
2879 727 2952 783 illi
2983 729 3179 798 mittit,
3210 748 3312 802 qua
3351 733 3458 803 ipse
3483 737 3706 811 Prosper,

2186 822 2438 885 quantum
2479 815 2534 870 in
2569 831 2627 872 se
2658 815 2786 884 fuit,
2833 818 3254 876 adversariorum
3293 823 3524 895 dogmata
3552 831 3711 898 princi.

2187 905 2376 976 piaque
2395 907 2572 962 omnia
2603 909 2909 979 complexus
2933 920 3033 966 est.
3057 911 3225 982 Hujus
3250 914 3338 968 ille
3361 915 3503 972 initio
3520 919 3711 979 declarat

2187 1007 2372 1051 sancto
2401 997 2632 1065 Doctori,
2662 999 2771 1070 jam
2805 1016 2910 1055 non
2931 1003 3045 1057 solo
3067 1004 3381 1060 urbanitatis
3403 1007 3591 1077 ofﬁcio,
3615 1016 3712 1071 utin

2187 1087 2369 1158 priore
2398 1091 2625 1160 quadam
2652 1092 2875 1161 epistola
2907 1094 3129 1161 fecerat,
3170 1097 3236 1150 ad
3262 1113 3383 1152 eum
3413 1101 3622 1158 scribere
3645 1120 3712 1172 se,

2188 1179 2280 1233 sed
2302 1194 2482 1234 amore
2511 1179 2655 1249 ﬁdei,
2687 1197 2788 1252 qua
2831 1183 3064 1239 Ecclesia
3095 1186 3241 1241 vivit.
3273 1186 3553 1245 Excubante
3573 1196 3707 1263 enim,

2190 1272 2385 1342 inquit,
2427 1291 2517 1342 pro
2555 1275 2793 1330 universis
2817 1277 3048 1332 membris
3075 1282 3300 1350 corporis
3334 1279 3516 1338 Christi
3543 1288 3716 1356 vigilan-

2190 1365 2382 1419 tissima
2409 1367 2657 1421 industria
2677 1379 2782 1434 tua,
2811 1379 2857 1422 et
2881 1370 3116 1425 adversus
3143 1371 3491 1429 ha‘reticarum
3513 1378 3718 1434 doctrina-

2189 1473 2300 1510 rum
2327 1457 2533 1512 insidias
2570 1460 2788 1514 veritatis
2815 1462 2991 1517 virtute
3011 1474 3286 1534 pugnante,
3319 1467 3460 1521 nullo
3481 1471 3605 1524 modo
3621 1474 3720 1527 milii

2189 1549 2456 1602 verendum
2495 1552 2663 1620 putavi
2682 1593 2696 1614 ,
2745 1569 2805 1606 ne
2847 1571 3082 1610 onerosus
3112 1557 3201 1611 tibi
3225 1567 3314 1612 aut
3351 1561 3640 1631 importunus
3662 1583 3722 1620 es-

2190 1657 2293 1695 sem
2318 1641 2369 1694 in
2393 1659 2449 1696 eo
2473 1683 2488 1708 ,
2529 1645 2664 1713 quod
2690 1646 2758 1698 ad
2788 1647 3055 1702 multorum
3082 1651 3330 1719 salutent,
3373 1671 3432 1708 ac
3464 1658 3643 1727 perinde
3670 1663 3720 1715 ad

2193 1733 2424 1802 pietatem
2465 1743 2603 1788 tuam
2644 1737 2852 1804 pertinet
2876 1754 2894 1792 :
2919 1755 3031 1793 cum
3058 1743 3221 1810 potius
3249 1760 3392 1798 reum
3426 1751 3724 1817 futurumesse

2191 1843 2271 1879 me
2293 1825 2580 1896 crederem,
2602 1829 2646 1882 si
2670 1845 2728 1883 ea
2755 1847 2866 1900 quae
2888 1831 3033 1886 valde
3061 1835 3342 1904 perniciosa
3375 1854 3481 1893 esse
3506 1839 3722 1913 intelligo,

2192 1917 2259 1968 ad
2295 1919 2560 1986 specialem
2585 1928 2850 1990 patronum
2879 1923 2997 1991 fidei
3022 1940 3122 1978 non
3146 1926 3383 1996 referrem
3412 1929 3592 2000 (Epist.
3616 1932 3721 2001 225,

2189 2024 2242 2060 η.
2274 2007 2348 2080 1).

2262 2099 2315 2152 2.
2350 2101 2569 2158 Moleste
2599 2104 2718 2159 tulit
2741 2106 3062 2175 Augustinus
3087 2149 3101 2176 ,
3133 2110 3274 2179 quod
3302 2111 3496 2166 divinis
3517 2114 3722 2186 eloquiis,

2193 2191 2381 2260 quibus
2411 2194 2503 2248 Dei
2541 2195 2710 2264 gratia
2733 2197 3066 2265 praedicatur,
3099 2215 3219 2269 quae
3243 2204 3463 2258 omnino
3493 2206 3619 2260 nulla
3639 2221 3725 2274 est,

2192 2283 2237 2337 si
2269 2285 2558 2339 secundum
2597 2288 2784 2342 merita
2815 2298 2995 2344 nostra
3033 2290 3209 2359 datur,
3241 2301 3348 2347 tam
3390 2296 3565 2352 multis
3597 2301 3727 2353 mani-

2194 2374 2447 2445 festisque
2481 2392 2586 2431 non
2625 2378 2903 2434 cederetur
2947 2399 2960 2434 :
2993 2381 3239 2452 Prosperi
3288 2395 3465 2442 tamen
3503 2399 3554 2444 et
3590 2391 3730 2445 Hilarii
3827 2451 3829 2454 ,

2191 2466 2366 2520 studio
2385 2510 2399 2531 ,
2425 2481 2490 2522 ac
2509 2468 2590 2537 pia
2611 2483 2737 2540 erga
2763 2481 3004 2526 errantes
3033 2488 3159 2527 cura
3190 2485 3366 2531 motus
3395 2487 3502 2545 est,
3547 2492 3596 2534 ut
3631 2481 3730 2536 isto-

2191 2572 2308 2610 rum
2336 2571 2493 2611 causa
2512 2599 2526 2624 ,
2549 2567 2670 2628 post
2699 2568 2775 2614 tot
2800 2560 2962 2616 libros
2987 2572 3042 2617 et
3065 2564 3316 2634 epistolas
3345 2567 3414 2621 de
3435 2567 3535 2622 hac
3554 2586 3603 2625 re
3619 2586 3729 2637 suas,
3823 2617 3829 2622 .

2189 2648 2364 2704 adhuc
2387 2659 2565 2719 ageret
2585 2691 2599 2716 ,
2626 2652 2766 2722 quod
2789 2667 2847 2708 se
2876 2655 3004 2708 satis
3024 2657 3201 2726 egisse
3228 2659 3478 2715 credebat
3503 2661 3602 2731 (De
3618 2661 3731 2717 Prai-
3825 2683 3829 2690 τ

2189 2740 2316 2794 dest.
2339 2751 2522 2808 sanet.,
2551 2743 2637 2796 lib.
2670 2745 2691 2798 l
2719 2786 2732 2811 ,
2766 2761 2854 2798 nn.
2889 2748 2914 2800 1
2940 2788 2954 2813 ,
2985 2746 3064 2818 2).
3095 2749 3236 2804 Duos
3265 2751 3442 2822 itaque
3462 2755 3524 2808 ad
3561 2756 3732 2811 eosdem

2187 2830 2506 2902 Prosperum
2537 2842 2590 2889 et
2615 2835 2869 2892 Hilarium
2891 2837 3052 2893 libros
3081 2839 3153 2894 De
3174 2841 3623 2902 Prwdestinatione
3640 2868 3732 2903 san-
3823 2877 3831 2916 ς

2187 2931 2381 2977 ctorum
2401 2925 2644 2994 scripsit,
2679 2927 2779 2983 hoc
2799 2929 2984 2985 ambos
3006 2931 3156 2987 titulo
3190 2934 3455 3006 (quamvis
3477 2939 3652 2994 horum
3672 2943 3733 2995 al-

2188 3022 2269 3068 ter
2299 3030 2438 3070 nunc
2471 3017 2624 3086 vulgo
2657 3017 2732 3072 De
2754 3018 2904 3074 Dono
2935 3028 3315 3091 perseverantia:
3344 3029 3616 3103 vocitetur)
3651 3047 3730 3086 non

2187 3103 2380 3173 injuria
2438 3117 2756 3175 praenotatos
2813 3109 3066 3181 (Admon.
3120 3117 3172 3170 in
3221 3117 3307 3171 lib.
3348 3119 3383 3173 2
3421 3121 3480 3174 de
3521 3121 3729 3180 Predest.

2185 3205 2372 3261 sanet.,
2401 3206 2447 3249 et
2477 3195 2694 3268 Prae/at.
2719 3201 2772 3253 in
2798 3210 2918 3254 tom.
2946 3203 3011 3257 10
3030 3245 3044 3269 ,
3075 3222 3189 3277 cap.
3221 3208 3312 3279 29)
3350 3228 3362 3262 :
3395 3227 3514 3266 cum
3543 3214 3592 3267 in
3617 3225 3732 3269 utro-

2186 3302 2288 3356 que
2316 3299 2500 3344 sancto
2529 3291 2739 3346 Doctori
2766 3307 2960 3363 scopus
2987 3296 3086 3363 sit,
3121 3297 3376 3356 Ecclesia:
3404 3305 3660 3361 catholica:
3680 3306 3732 3362 de

2185 3377 2652 3446 praedestinationc
2674 3423 2688 3447 ,
2717 3398 2821 3452 qua
2851 3400 2948 3439 nos
2971 3386 3111 3442 Deus
3132 3389 3320 3461 elegit,
3352 3409 3458 3448 non
3489 3397 3605 3466 quia
3633 3412 3729 3452 sau-
3829 3461 3831 3474 Ι

2183 3470 2256 3524 cti
2281 3468 2443 3524 futuri
2463 3486 2704 3537 eramus,
2733 3474 2827 3528 sed
2847 3517 2860 3540 ,
2893 3478 3337 3546 quemadmodum
3366 3486 3638 3554 Apostolus
3658 3487 3732 3542 do-

2183 3573 2287 3630 cet,
2322 3571 2380 3618 ut
2399 3566 2565 3618 sancti
2593 3581 2830 3623 essemus
2864 3568 3076 3642 (Ep/tes.
3104 3590 3154 3638 ι,
3183 3575 3237 3646 «1)
3262 3619 3276 3640 ,
3309 3577 3598 3636 doctrinam
3627 3583 3733 3638 tueri
3823 3577 3833 3646 ἶ

2187 3652 2288 3725 (De
2312 3653 2559 3710 Prwdest.
2601 3669 2786 3725 sanet.,
2809 3677 2864 3715 η.
2898 3662 3062 3718 55-59
3081 3706 3096 3731 ,
3128 3675 3175 3719 et
3209 3665 3287 3721 De
3322 3669 3471 3725 Dono
3500 3690 3730 3741 μετιέναι,

2183 3762 2270 3798 nn.
2313 3747 2410 3809 54,
2439 3747 2538 3811 48,
2579 3748 2740 3820 etc.);
2782 3751 3019 3823 duosque
3057 3766 3241 3813 contra
3282 3760 3425 3816 illam
3468 3765 3730 3835 singillatim

2181 3837 2481 3893 convellere
2501 3855 2711 3894 errores
2735 3841 3008 3900 Gallorum
3030 3888 3043 3912 ,
3067 3850 3157 3918 qui
3173 3859 3235 3905 ut
3253 3867 3317 3907 ex
3347 3854 3589 3926 Prasperi
3613 3857 3730 3912 llila-
3831 3847 3833 3856 “

2182 3927 2350 3997 riique
2377 3927 2566 3984 litteris
2592 3930 2890 4003 intelligere
2909 3945 3042 4002 erat,
3067 3948 3121 3992 et
3146 3940 3354 3997 initium
3382 3946 3500 4001 lidei
3516 3989 3529 4011 ,
3556 3957 3604 4001 et
3624 3964 3731 4017 pne

2183 4025 2327 4073 terea
2355 4034 2518 4089 usque
2547 4021 2598 4074 in
2643 4023 2803 4077 linem
2852 4033 3330 4102 perseverantiam,
3377 4038 3454 4091 sic
3497 4039 3546 4093 in
3581 4050 3729 4094 nostra

2179 4110 2570 4165 constituebant
2606 4121 2866 4182 potestate
2885 4157 2901 4182 ,
2932 4126 2993 4171 ut
3037 4119 3128 4175 Dei
3172 4123 3311 4179 dona
3340 4143 3460 4184 esse
3483 4145 3580 4186 non
3606 4141 3731 4202 puta-

2181 4210 2330 4268 rent;
2359 4217 2532 4272 neque
2558 4204 2624 4258 ad
2650 4204 2763 4259 haec
2803 4206 3040 4263 habenda
3079 4222 3238 4283 atque
3279 4219 3550 4276 retinenda
3592 4223 3729 4276 Deum

2179 4296 2388 4365 operari
2419 4306 2627 4352 nostras
2651 4299 2998 4368 cogitationes
3025 4313 3078 4358 et
3101 4307 3432 4366 voluntates:
3455 4314 3546 4368 etsi
3568 4324 3729 4368 cauere

2178 4387 2349 4456 ipsum
2377 4387 2506 4443 dare
2535 4390 2925 4458 concederent,
2956 4411 3074 4450 cum
3097 4398 3162 4452 ab
3187 4399 3280 4454 illo
3305 4404 3615 4460 credentium
3641 4405 3728 4460 ﬁde

2180 4479 2527 4547 impetrantur
2558 4479 2658 4551 (De
2682 4481 2831 4537 Dono
2857 4501 3128 4555 persever.,
3159 4507 3211 4542 n.
3241 4493 3356 4563 42).
3397 4495 3562 4550 Primo
3595 4497 3717 4566 igitur

2177 4568 2314 4622 libro
2339 4568 2494 4624 docet
2518 4571 2875 4641 Augustinus,
2904 4576 3101 4632 donum
3150 4581 3241 4635 Dei
3287 4598 3409 4640 esse
3444 4601 3540 4642 non
3582 4587 3726 4641 solum

2177 4662 2559 4717 incrementum
2581 4705 2596 4731 ,
2629 4665 2721 4719 sed
2751 4668 2909 4722 etiam
2953 4669 3157 4726 initium
3200 4673 3322 4730 lidei
3357 4695 3369 4730 :
3403 4680 3560 4749 gratia
3597 4679 3726 4733 duri-

2177 4753 2301 4808 tiam
2339 4754 2514 4808 cordis
2555 4755 2783 4824 auferri;
2828 4768 2881 4815 et
2917 4761 2983 4816 ad
3008 4761 3274 4820 Christum
3315 4770 3497 4826 venire
3535 4786 3723 4836 omnes,

2173 4844 2263 4914 qui
2292 4859 2320 4897 a
2351 4843 2507 4900 Patre
2541 4846 2800 4904 docentur
2827 4859 2882 4904 ut
2911 4853 3123 4908 veniant
3153 4874 3163 4908 :
3193 4873 3328 4926 quos
3355 4870 3527 4916 autem
3556 4862 3690 4917 docet
3709 4902 3722 4924 ,

2172 4936 2535 4990 misericordia
2551 4937 2764 5004 docere;
2783 4951 2833 4995 et
2856 4957 2988 5012 quos
3015 4960 3117 4999 non
3133 4945 3309 5015 docet,
3327 4951 3524 5019 judicio
3540 4968 3630 5006 non
3643 4951 3724 5005 do-

2172 5040 2312 5082 cere.
2327 5025 2570 5083 Ostendit
2583 5030 2708 5099 quid
2733 5032 2938 5089 intersit
2958 5035 3096 5092 inter
3113 5041 3336 5108 gratiam
3354 5052 3407 5097 ct
3421 5043 3722 5114 praedestina-

2170 5115 2369 5172 tlonem
2404 5137 2417 5174 :
2447 5134 2606 5189 porro
2640 5123 3104 5190 praedestinatione
3129 5129 3293 5185 Deum
3318 5148 3380 5188 ea
3407 5135 3719 5204 pnescivisse,

2171 5223 2289 5278 qua:
2313 5218 2456 5264 esset
2477 5211 2588 5280 ipse
2619 5213 2869 5268 facturus.
2896 5216 3381 5278 Prmdestinationis
3401 5224 3718 5286 adversarios,

2170 5301 2256 5368 qui
2275 5314 2332 5355 se
2343 5300 2407 5354 ad
2425 5300 2681 5356 incertum
2700 5304 2985 5362 voluntatis
3010 5309 3100 5364 Dei
3121 5310 3305 5367 deduci
3328 5315 3464 5370 nolle
3484 5313 3718 5377 dicuntur,

2169 5393 2390 5450 miratur
2400 5396 2556 5451 malle
2568 5411 2626 5452 se
2638 5398 2778 5467 ipsos
2791 5399 3076 5457 infirmitati
3089 5385 3381 5475 sua:,quam
3396 5406 3610 5462 ﬁrmitati
3621 5418 3713 5474 pm.

2169 5485 2434 5540 missionis
2463 5487 2555 5542 Dei
2580 5490 2933 5548 committere.
2967 5493 3162 5549 Gratia:
3189 5505 3243 5551 et
3275 5494 3713 5566 praedestinatiouis

2168 5575 2442 5632 veritatem
2491 5577 2646 5635 docet
2691 5582 2930 5639 relucere
2969 5583 3021 5638 in
3063 5587 3294 5657 parvulis
3324 5590 3413 5659 qui
3459 5588 3708 5646 salvantur,

2165 5669 2324 5723 nullis
2347 5670 2456 5725 suis
2486 5673 2688 5727 meritis
2707 5673 2919 5730 discreti
2947 5692 2975 5730 a
3001 5680 3204 5733 cmteris
3229 5681 3316 5749 qui
3348 5689 3588 5751 pereunt;
3623 5690 3706 5729 non

2124 5837 2132 5840 _
2167 5762 2306 5814 enim
2337 5763 2470 5818 inter
2512 5780 2603 5820 eos
2645 5767 2871 5824 discerni
2917 5785 2979 5823 ex
3028 5771 3356 5840 prmscientia
3401 5771 3702 5835 meritorum,
