3880 6364
4 1294 33 1721 ἑ

2 1844 19 2015 ἒ

143 494 248 554 qua:
268 476 311 536 si
335 475 531 533 diutius
557 476 831 542 viverent,
858 473 1066 531 fuerant
1090 469 1321 526 habituri
1348 487 1364 526 :
1394 467 1692 540 praeclaris-

141 574 310 630 simum
348 580 525 625 autem
552 567 856 638 exemplum
899 561 1375 637 prtedestinationis
1417 569 1472 616 et
1510 560 1694 631 gratiae

139 679 243 723 esse
265 664 427 734 ipsum
468 660 826 718 Salvatorem.
870 658 1105 729 Denique
1134 654 1534 727 praedestinatos
1569 663 1695 710 ante

137 755 294 816 mundi
317 753 754 810 constitutionem
789 752 988 808 electos
1032 765 1186 817 esse,
1232 763 1336 804 non
1374 749 1494 819 quia
1522 747 1694 803 credi-

137 850 225 906 turi
252 846 666 918 praesciebantur
708 853 763 902 et
807 843 966 898 futuri
1008 843 1176 897 sancti
1196 883 1210 905 ,
1241 841 1335 896 sed
1364 850 1419 895 ιιι
1443 840 1575 895 tales
1602 853 1690 894 es-

133 951 237 1000 sent
256 956 343 1012 per
368 939 695 995 electionem
724 937 924 1009 gratia).
972 936 1028 991 ln
1073 934 1307 991 secundo
1330 934 1467 990 libro
1506 932 1692 1004 probat

133 1030 553 1105 perseverantiam
594 1030 741 1085 illam
761 1068 778 1095 ,
805 1043 906 1100 qua
933 1028 986 1083 in
1012 1026 1227 1083 Christo
1254 1040 1421 1096 usque
1449 1026 1500 1080 in
1531 1025 1691 1081 ﬁnem

130 1130 487 1197 perseveratur,
516 1136 650 1177 esse
669 1121 864 1176 donum
904 1120 998 1175 Dei
1030 1136 1044 1173 :
1074 1117 1216 1190 quod
1240 1117 1451 1189 quidem
1491 1117 1690 1172 donum

131 1215 401 1286 suppliciter
427 1214 669 1269 emereri
715 1223 912 1283 potest,
960 1211 1054 1268 sed
1102 1227 1223 1266 cum
1270 1210 1448 1265 datum
1497 1208 1685 1276 fuerit,

132 1308 265 1365 amitti
288 1306 680 1363 contumaciter
708 1320 813 1360 non
838 1313 1031 1375 potest.
1078 1303 1208 1359 lllud
1246 1318 1352 1359 non
1393 1302 1687 1359 secundum

130 1399 463 1469 accipientium
490 1398 713 1464 merita,
741 1396 834 1451 sed
862 1395 981 1449 aliis
1007 1394 1105 1450 Dei
1145 1394 1509 1450 misericordia
1550 1394 1683 1458 dari,

127 1489 224 1546 aliis
237 1488 373 1561 justo
397 1488 519 1558 ejus
544 1487 753 1557 judicio
778 1501 882 1542 non
906 1486 1041 1541 dari.
1064 1485 1172 1541 Cur
1195 1500 1261 1540 ex
1288 1485 1576 1555 majoribus
1599 1484 1688 1539 ille

125 1583 269 1654 potius
287 1596 439 1652 quam
467 1580 575 1635 iste
604 1587 848 1647 vocetur,
877 1577 1320 1649 quemadmodum
1348 1586 1402 1632 et
1443 1591 1508 1632 ex
1555 1576 1688 1630 duo-

126 1674 203 1729 bus
240 1671 499 1744 parvulis,
532 1686 635 1726 cur
682 1671 784 1727 iste
830 1678 1161 1733 assumatur,
1202 1667 1291 1722 ille
1338 1668 1683 1738 relinquatur,

122 1763 461 1829 inscrutabile;
492 1761 900 1818 inscrutabilius
919 1775 1046 1815 vero
1063 1800 1079 1827 ,
1108 1774 1204 1815 cur
1229 1774 1295 1815 ex
1316 1757 1525 1813 duobus
1551 1758 1682 1828 piis,

8 1848 17 1927 ξ
119 1856 225 1912 huic
248 1868 596 1927 perseverare
638 1853 887 1918 donetur,
917 1866 1024 1907 non
1055 1850 1129 1904 illi
1159 1868 1172 1903 :
1217 1848 1311 1904 sed
1352 1849 1479 1904 illud
1506 1858 1682 1905 tamen

122 1947 439 2004 certissimum
459 1984 474 2010 ,
506 1943 664 2000 hunc
690 1958 812 1999 esse
840 1958 904 1998 ex
930 1940 1316 2012 praedestinatis
1334 1982 1350 2007 ,
1389 1939 1535 1994 illum
1576 1955 1682 1996 non

119 2054 241 2094 esse.
280 2037 454 2092 Postea
501 2034 715 2091 refellit
742 2032 883 2104 quod
913 2031 1199 2087 adversarii
1220 2031 1450 2101 jactant,
1475 2029 1681 2100 prcede-

120 2129 386 2185 stinationis
410 2127 796 2183 deﬁnitionem
821 2139 941 2182 esse
968 2123 1181 2178 utilitati
1205 2121 1585 2178 exhortationis
1628 2130 1684 2177 et

118 2220 435 2292 correptionis
464 2219 760 2275 adversam
789 2235 802 2270 :
832 2216 1021 2271 asserit
1045 2222 1229 2271 contra
1258 2213 1680 2284 prmdestinatio-

120 2330 219 2368 nem
246 2311 435 2368 utiliter
472 2309 801 2382 praedicari,
831 2316 890 2362 ut
914 2307 1074 2361 homo
1098 2320 1202 2361 non
1230 2306 1282 2359 in
1315 2320 1372 2361 se
1412 2305 1559 2375 ipso,
1587 2303 1682 2359 sed

120 2404 162 2457 in
188 2403 393 2458 Domino
417 2402 708 2473 glorietur.
740 2398 870 2467 Quae
905 2397 974 2453 ab
1003 2397 1105 2452 illis
1130 2405 1315 2451 contra
1334 2395 1680 2466 praedestina-

124 2496 289 2549 tionem
314 2494 685 2564 objectantur,
724 2490 910 2547 eadem
933 2489 1019 2544 vel
1043 2496 1228 2544 contra
1266 2488 1360 2542 Dei
1394 2486 1681 2556 prazscien-

124 2589 249 2653 tiam,
276 2587 352 2644 vel
384 2596 586 2642 contra
622 2585 845 2656 gratiam
868 2583 1015 2638 illam
1033 2623 1048 2649 ,
1074 2597 1231 2653 quam
1276 2588 1499 2650 excepto
1528 2579 1681 2635 initio

127 2679 222 2734 ﬁdei
242 2688 292 2734 et
314 2678 738 2749 perseverantiae
778 2674 1135 2747 perfectione,
1165 2671 1520 2728 necessariam
1563 2686 1682 2728 esse

124 2773 458 2840 consentiunt,
492 2785 660 2842 posse
686 2768 959 2840 obiectari.
982 2765 1512 2822 Praedestinationem
1538 2765 1680 2819 enim

126 2874 390 2919 sancton
420 2862 568 2918 nihil
595 2860 738 2916 aliud
765 2875 884 2915 esse
904 2901 920 2926 ,
944 2873 1101 2929 quam
1127 2855 1562 2927 praeparationem
1588 2855 1682 2910 be-

129 2956 396 3011 neﬁciorum
420 2956 545 3022 Dei,
567 2954 757 3026 quibus
780 2952 1078 3008 certissime
1102 2950 1415 3013 liberantur,
1442 2949 1682 3020 quicum-

131 3062 211 3118 que
227 3040 535 3106 liberantur.
570 3048 764 3103 Verum
791 3043 1314 3115 prmdestinationem
1339 3055 1568 3111 congrua
1596 3056 1683 3095 ra-

131 3138 243 3194 tione
266 3139 549 3210 praedicari
583 3138 771 3209 jubet,
802 3151 864 3191 ac
889 3151 993 3191 non
1024 3150 1089 3190 eo
1120 3142 1304 3205 pacto,
1330 3141 1391 3187 ut
1418 3132 1556 3203 apud
1583 3132 1681 3186 im-

130 3231 315 3299 petitam
351 3229 753 3288 multitudinem
782 3225 1026 3297 redargui
1052 3225 1163 3296 ipsa
1191 3224 1563 3295 prmdicatione
1605 3223 1683 3278 vi-

132 3320 300 3376 deatur.
370 3322 662 3378 Postremo
722 3318 1137 3375 illustrissimum
1202 3316 1682 3386 prmdestinationis

134 3413 388 3483 exemplum
420 3414 581 3469 nobis
603 3411 834 3484 positum
874 3410 945 3466 ob
982 3409 1166 3465 oculos
1190 3409 1470 3464 Dominum
1500 3409 1682 3465 Jesum

136 3516 282 3559 rursus
308 3503 666 3561 commendat.
700 3502 792 3558 His
837 3492 1128 3572 praesertim
1175 3515 1238 3555 ex
1283 3499 1434 3555 libris
1468 3501 1683 3571 agnosci

136 3594 265 3649 voluit
301 3595 613 3652 Hormisdas
662 3609 829 3665 papa,
878 3591 1003 3662 quid
1046 3590 1282 3646 Romana
1324 3599 1379 3646 et
1422 3591 1681 3648 catholica

140 3681 330 3741 Ecclesia
354 3688 421 3744 de
456 3687 631 3742 libero
665 3684 883 3740 arbitrio
906 3691 961 3738 et
997 3682 1164 3754 gratia
1194 3681 1290 3737 Dei
1327 3681 1676 3752 proﬁteatur:

140 3778 256 3847 cujus
287 3784 595 3839 auctoritate
624 3782 792 3836 libros
815 3779 1031 3835 eosdem
1060 3779 1292 3850 episcopi
1323 3760 1554 3835 Africatii
1584 3796 1681 3850 pro

143 3868 223 3925 lide
241 3872 284 3926 in
306 3873 544 3930 Sardinia
572 3872 787 3927 exsules
821 3872 1050 3926 maxime
1079 3870 1454 3925 commendant
1490 3871 1540 3924 in
1571 3870 1683 3940 epi-

143 3960 244 4014 stola
265 3965 522 4036 synodica.
553 3962 676 4017 Prw
701 3962 944 4026 omnibus,
970 3961 1231 4031 inquiunt,
1259 3960 1482 4014 studium
1505 3962 1676 4032 gerite,

146 4050 261 4110 libros
280 4058 430 4111 sancti
457 4056 759 4128 Augustini,
785 4071 907 4125 quos
929 4053 996 4107 ad
1024 4052 1331 4122 Prosperum
1352 4064 1398 4107 et
1428 4053 1680 4108 Hilarium

144 4147 329 4216 scripsit,
358 4147 643 4202 memoratis
692 4146 932 4217 fratribus
982 4144 1215 4215 legendos
1255 4144 1493 4215 ingerere.
1544 4145 1682 4211 Quo-

148 4243 523 4296 "multationem
553 4241 709 4294 beata:
734 4238 984 4292 memoriae
1006 4235 1280 4290 Hormisda
1306 4236 1454 4291 Sedis
1479 4247 1681 4308 aposto-

152 4323 240 4381 licae
265 4332 485 4401 gloriosus
523 4332 760 4395 antistes,
802 4330 854 4383 in
883 4328 1095 4399 epistola
1121 4346 1271 4399 quant
1309 4329 1587 4385 consulenti
1624 4346 1678 4387 se

148 4429 285 4474 suum
308 4425 443 4495 fratri
482 4422 923 4493 consacerdotique
962 4430 1130 4475 nostro
1176 4420 1461 4476 Possessori
1498 4423 1677 4499 rescri-

147 4508 244 4576 ρείι,
279 4530 381 4568 cum
425 4531 608 4586 magno
644 4514 896 4584 prteconio
937 4512 1196 4566 catholica:
1240 4512 1403 4566 laudis
1445 4515 1671 4569 inseruit.

146 4591 267 4667 Cujus
285 4606 384 4659 haec
399 4607 540 4659 verba
559 4615 677 4660 sunt
702 4620 720 4658 :
746 4623 764 4655 ι
792 4601 871 4656 De
896 4603 1101 4658 arbitrio
1127 4612 1293 4656 tamen
1315 4604 1466 4657 libero
1488 4615 1532 4658 et
1558 4623 1675 4676 gra-

149 4687 200 4741 ιίο
232 4690 310 4750 Dei
341 4699 454 4767 quid
493 4698 761 4761 Romana,
804 4696 898 4750 hoc
938 4705 1043 4759 est,
1076 4696 1323 4750 catholica
1351 4709 1590 4766 sequntur
1627 4707 1675 4753 et

147 4796 265 4842 met
291 4789 528 4857 Ecclesia,
564 4792 676 4846 licet
700 4791 752 4844 in
779 4790 928 4844 variis
959 4790 1097 4844 libris
1134 4789 1263 4843 beati
1297 4789 1595 4861 Augustini,
1626 4799 1672 4845 et

149 4881 319 4937 maxime
330 4884 392 4938 ad
408 4882 714 4954 Prosperum
729 4891 772 4936 et
794 4881 1047 4936 Hilarium
1060 4880 1258 4935 abunde
1272 4882 1424 4951 possit
1444 4883 1666 4951 agnosci,

150 4975 274 5027 tamen
295 4984 338 5029 et
356 4976 403 5029 in
423 4975 617 5029 scriniis
639 4972 982 5027 ecclesiasticis
1007 4988 1242 5042 expressa
1262 4971 1483 5042 capitula
1506 4973 1669 5026 conti-

150 5070 287 5117 nentur
303 5084 319 5115 ›
339 5066 583 5138 (Λρρεηά.
601 5067 721 5118 tanti
746 5064 829 5129 10,
845 5063 1010 5133 episc.
1027 5062 1260 5116 African.
1284 5063 1462 5131 epist.,
1481 5080 1534 5116 η.
1554 5064 1665 5131 17).

149 5145 225 5206 illis
242 5152 483 5228 Pelagiani
511 5158 710 5212 erroris
738 5155 973 5225 reliquiis
1012 5171 1115 5209 non
1146 5155 1451 5209 recordatur
1490 5157 1668 5226 Augu-

150 5239 275 5299 SIintts
297 5246 347 5303 in
374 5248 504 5303 libro
532 5249 600 5304 de
628 5247 961 5303 Haeresibus:
992 5247 1112 5316 quia
1142 5254 1342 5316 partem
1375 5246 1507 5300 hanc
1542 5262 1668 5316 ope-

150 5332 203 5390 ris
221 5337 274 5393 ad
303 5339 716 5408 Quodvultdeum
737 5382 752 5406 ,
782 5338 922 5411 quod
967 5338 1134 5393 altero
1175 5337 1347 5392 adhuc
1377 5338 1511 5391 libro
1536 5352 1664 5392 con-

151 5432 512 5504 “tredebehat,
536 5435 646 5505 jam
675 5434 896 5488 fortasse
921 5431 986 5486 ad
1014 5430 1317 5485 umbilicum
1349 5429 1659 5498 adduxerat,

150 5525 239 5574 ull
253 5520 479 5594 Prosperi
500 5536 555 5581 et
582 5522 764 5578 Hilarii
786 5518 993 5576 litteras
1012 5521 1239 5592 accepit.

197 5610 239 5666 '5.
266 5612 388 5671 Cum
421 5617 597 5671 animo
642 5622 913 5685 reputaret
952 5610 1348 5681 Quodvultdeus
1387 5609 1662 5682 Carthagi-

150 5704 288 5761 Iensis
317 5705 596 5774 diaconus,
645 5714 840 5778 quanta
884 5706 1048 5777 gratia
1092 5705 1230 5760 Deus
1275 5704 1661 5774 Hipponensem

151 5783 411 5868 Ῐβκοριιιιι
435 5798 500 5857 ad
527 5799 661 5855 alios
690 5797 1036 5854 instituendos
1058 5797 1377 5863 donaverat;
1409 5797 1660 5866 interpel-

1469 351 1673 411 LlBER
1705 346 2041 410 OCTAVUS.

3273 358 3381 421 570

1798 467 1910 523 lare
1934 467 2212 535 eumdem,
2242 469 2392 526 senio
2433 467 2558 527 licet
2584 475 2638 528 et
2666 468 2989 529 inﬁrmitate.
3011 475 3248 547 corporis
3292 476 3376 534 la-

1801 561 2115 627 borantem,
2153 562 2456 632 constituit,
2496 572 2774 634 rogaturus
2809 573 2869 622 ut
2917 565 2984 622 de
3019 568 3267 625 omnibus
3303 569 3374 627 ab

1797 653 2037 712 Ecclesia
2064 656 2276 711 condita
2317 656 2455 713 natis
2491 656 2780 714 haeresibus
2807 660 3162 717 narrationem
3189 669 3371 731 texat;

1796 745 1885 803 ubi
1915 763 2031 818 qua:
2050 748 2156 803 sint
2183 748 2390 804 illarum
2428 749 2702 821 dogmata,
2733 750 2926 821 quibus
2964 752 3300 823 opinionibus
3339 768 3374 811 ι

1795 840 2017 896 veritate
2042 841 2390 909 dissentiant,
2437 824 2687 915 quidnam
2732 843 2801 899 ad
2842 844 2983 915 ipsas
3023 846 3372 906 revincendas

1794 932 2062 1004 Scriptura
2083 944 2137 991 et
2171 936 2307 991 ratio
2322 944 2604 1008 suggerat,
2635 951 2739 1008 qua
2760 937 2967 994 ratione
2992 938 3082 1009 qui
3102 954 3192 996 eas
3215 941 3373 1011 abju-

1794 1036 1944 1093 rant,
1973 1026 2207 1083 Ecclesia
2236 1029 2519 1100 suscipiat,
2548 1044 2771 1100 quarum
2799 1029 3026 1101 denique
3063 1030 3151 1087 illa
3186 1033 3369 1104 Bapti-

1794 1134 1966 1175 smum
2015 1120 2259 1177 admittat
2298 1122 2381 1177 vel
2426 1131 2672 1193 respuat,
2721 1122 2789 1178 ab
2827 1122 3015 1179 eodem
3055 1134 3367 1195 exponatur.

1792 1211 2051 1279 Quoniam
2074 1222 2249 1268 autem
2269 1215 2562 1285 Augustino
2581 1213 2751 1270 futura
2771 1224 2886 1271 erat
2905 1217 3149 1272 immensi
3172 1216 3371 1275 laboris

1791 1304 2061 1374 provincia
2090 1305 2368 1361 universas
2410 1305 2641 1361 hrcreses
2669 1305 2943 1372 refellere;
2970 1308 3109 1379 cogit
3143 1323 3204 1364 se
3230 1323 3366 1364 con-

1791 1396 1937 1450 tinuo
1989 1396 2120 1450 intra
2170 1396 2440 1452 breviores
2492 1397 2686 1453 limites
2736 1397 3163 1469 Quodvultdeus,
3202 1416 3368 1474 seque

1789 1494 2094 1541 contentum
2139 1486 2250 1542 fore
2287 1495 2527 1554 testatur,
2558 1488 2716 1543 modo
2743 1489 2829 1543 ille
2858 1503 2955 1560 per
2995 1492 3367 1561 compendium

1789 1576 2030 1643 adnotet,
2060 1577 2355 1649 cuiusmodi
2381 1578 2488 1633 sint
2512 1593 2693 1634 earum
2737 1578 2958 1649 placita,
2996 1596 3222 1651 quamve
3266 1582 3369 1639 do.

1788 1669 2010 1723 ctrinam
2040 1669 2297 1724 catholica
2336 1669 2568 1725 Ecclesia
2597 1669 2851 1725 adversus
2878 1671 3090 1727 easdem
3122 1682 3364 1741 tueatur;

1787 1759 1877 1829 qui
1901 1761 2212 1830 ampliorem
2237 1761 2589 1833 cognitionem
2609 1770 2893 1832 cuperent,
2923 1763 3179 1820 mittendo
3204 1765 3271 1821 ad
3301 1767 3368 1822 il-

1787 1852 1865 1907 las
1890 1853 2287 1924 disputationes,
2322 1868 2453 1924 quas
2484 1853 2568 1908 vel
2611 1853 2723 1923 ipse
2756 1852 2850 1908 Vir
2890 1863 3135 1922 sanctus,
3166 1856 3246 1912 vel
3273 1858 3366 1914 alii

1786 1959 1945 2014 super
2003 1944 2191 2000 eodem
2246 1953 2560 2015 argumento
2613 1944 3039 2002 lucubraverant.
3083 1947 3179 2003 Hic
3214 1948 3365 2005 labor

1788 2035 1923 2090 haud
1952 2036 2112 2091 dubie
2150 2044 2356 2106 poterat
2391 2036 2667 2092 utilitatem
2716 2051 2823 2092 non
2864 2037 3219 2107 mediocrem,
3249 2049 3378 2098 tum:

1784 2125 2021 2190 rudibus,
2040 2135 2148 2181 tum
2173 2127 2302 2196 ipsis
2329 2126 2489 2181 etiam
2519 2127 2741 2181 eruditis
2771 2127 2962 2184 afferre
2987 2146 3000 2182 :
3027 2131 3274 2201 quocirca
3300 2132 3367 2188 il-

1786 2217 1890 2271 lum
1916 2226 1974 2272 ut
2007 2226 2219 2273 sanctus
2256 2219 2447 2273 Doctor
2476 2233 2543 2276 ne
2570 2218 2863 2287 detrectet,
2894 2235 3016 2276 eum
3041 2237 3138 2293 per
3165 2222 3364 2281 Christi

1785 2326 2008 2377 nomen,
2041 2312 2131 2382 qui
2164 2312 2378 2367 doctum
2410 2312 2524 2367 sine
2556 2311 2838 2368 invidentia
2863 2327 2983 2369 esse
3016 2314 3117 2385 ipsi
3144 2331 3365 2372 conces-

1784 2412 1954 2469 serat,
1985 2402 2297 2457 obtestatur.
2321 2402 2435 2457 Non
2467 2402 2719 2458 difﬁtetur
2744 2403 2958 2475 quidem
2990 2405 3360 2477 gravissimum

1784 2507 1918 2547 onus
1948 2492 2218 2562 imponere
2247 2508 2335 2559 se,
2383 2494 2600 2549 meliora
2629 2494 2913 2565 cogitanti,
2962 2503 3019 2552 et
3062 2494 3362 2566 disponenti

1784 2586 1985 2655 majora
2025 2597 2210 2642 sancto
2251 2588 2393 2654 seni,
2430 2596 2484 2642 et
2521 2589 2766 2658 querelas
2792 2588 3031 2658 corporis
3057 2589 3360 2645 sustinenti.

1785 2677 1890 2733 Sed
1910 2694 1985 2731 me
2012 2678 2268 2744 animavit,
2298 2678 2372 2732 ait
2397 2678 2505 2744 ille,
2534 2677 2868 2733 Beatitudinis
2893 2688 2992 2733 tute
3019 2679 3357 2735 benevolentia

1784 2769 2010 2823 omnibus
2038 2768 2359 2839 comprobata
2382 2785 2401 2823 :
2427 2785 2580 2839 quam
2609 2769 2730 2823 dum
2756 2770 3015 2825 considero
3037 2811 3054 2838 ,
3097 2773 3257 2843 magis
3294 2772 3363 2826 ti-

1782 2861 1886 2914 mui
1905 2903 1919 2928 ,
1952 2876 2015 2915 ne
2048 2877 2149 2915 non
2175 2860 2387 2931 petendo
2412 2862 2656 2931 superbus
2676 2903 2691 2929 ,
2726 2878 2829 2916 non
2851 2863 3117 2933 querendo
3140 2864 3360 2920 desidio-

1783 2968 1902 3020 sus,
1942 2968 2042 3008 non
2079 2952 2326 3023 pulsando
2364 2953 2503 3023 piger
2538 2969 2570 3005 a
2611 2951 2824 3026 Domino
2849 2953 3113 3024 judicarer
3149 2954 3359 3026 (Epist.

1785 3041 1879 3097 22l
1907 3083 1920 3108 ,
1948 3060 2002 3097 η.
2030 3042 2107 3114 1).
2133 3041 2464 3113 Cogitaverat
2496 3042 2805 3114 jamdudum
2835 3044 3187 3114 Augustinus,
3220 3045 3361 3105 hunc

1784 3133 1931 3189 illum
1958 3134 2191 3189 laborem
2217 3134 2520 3204 suscipere;
2549 3149 2611 3189 ac
2635 3150 2755 3190 eum
2790 3133 2974 3206 utique
3007 3137 3358 3208 suscepisset,

1785 3228 1887 3283 nisi
1922 3240 2180 3297 perpensa
2223 3225 2301 3281 rei
2340 3223 2677 3292 difﬁcultate,
2708 3226 2837 3282 illud
2863 3227 3041 3282 oneris
3067 3228 3209 3283 vires
3237 3243 3363 3285 suas

1783 3320 1938 3393 longe
1966 3334 2216 3390 superare
2242 3327 2384 3374 esset
2412 3318 2697 3375 arbitratus
2720 3316 2821 3391 (De
2850 3317 3046 3373 Heres.
3065 3359 3080 3384 ,
3110 3318 3361 3392 praefat).

1783 3412 1981 3469 Nactus
2007 3412 2165 3483 igitur
2201 3414 2651 3483 opportunitatem
2692 3410 3044 3481 Hipponensis
3085 3411 3363 3480 cujusdam

1784 3504 2018 3574 primarii
2048 3504 2178 3559 civis
2196 3545 2212 3571 ,
2240 3503 2322 3558 cui
2345 3517 2537 3559 nomen
2557 3502 2828 3559 Philocalo
2851 3501 3040 3574 (Epist.
3059 3501 3185 3569 222,
3203 3521 3257 3558 η.
3283 3505 3360 3575 1),

1784 3594 2061 3650 confestim
2083 3595 2149 3650 ad
2173 3594 2596 3662 Quodvultdeum
2627 3594 2933 3665 epistolam,
2959 3610 3081 3666 quas
3108 3597 3363 3668 temporis

1783 3685 1972 3755 injuria
1998 3686 2204 3757 perdita
2230 3694 2341 3751 est,
2376 3686 2538 3751 misit,
2580 3701 2686 3756 qua
2728 3685 2802 3740 illi
2844 3687 3164 3756 postulatum
3211 3688 3362 3745 nimii

1785 3776 1981 3832 laboris
2004 3792 2067 3832 ac
2092 3777 2289 3849 negotii
2318 3793 2437 3834 esse
2466 3779 2536 3835 ob
2563 3777 2743 3833 oculos
2768 3777 3015 3848 ponebat.
3046 3778 3179 3835 Huic
3204 3780 3360 3836 aliam

1782 3870 1964 3939 paucis
1994 3877 2115 3938 post
2137 3868 2326 3923 diebus
2354 3868 2545 3938 adjecit
2581 3883 2676 3938 per
2701 3882 2855 3922 suum
2882 3867 3165 3938 quemdam
3193 3867 3362 3942 hypo—

1782 3957 2062 4013 diaconum
2083 3998 2097 4024 ,
2127 3972 2285 4028 quem
2313 3957 2690 4026 Carthaginem
2737 3955 2997 4027 proﬁcisci
3025 3972 3183 4012 causa
3211 3974 3360 4028 quaa-

1784 4050 1921 4120 piam
1979 4049 2241 4119 adigebat.
2298 4049 2453 4104 Hisce
2499 4048 2687 4103 litteris
2723 4047 2987 4103 haeresum
3024 4049 3292 4120 catalogos
3326 4064 3359 4106 a

1785 4139 2067 4195 Philastrio
2113 4148 2269 4209 atque
2318 4138 2610 4209 Epiphanio
2641 4138 2752 4209 jam
2800 4138 3141 4194 concinnatos
3191 4137 3359 4196 fuisse

1786 4242 2038 4300 testatur;
2070 4248 2290 4305 quarum
2330 4233 2375 4287 si
2416 4232 2675 4287 minorem
2704 4246 2984 4287 numerum
3004 4230 3354 4302 Epiphanius,

1782 4325 2064 4380 Philastrio
2098 4325 2254 4396 longe
2282 4323 2506 4390 doctior,
2537 4323 2911 4391 constitueret,
2942 4322 2996 4378 id
3035 4321 3161 4379 hinc
3203 4323 3318 4379 ﬁeri
3337 4364 3355 4389 ,

1780 4417 1921 4488 quod
1947 4418 2016 4472 sit
2042 4416 2475 4487 operosissimum
2494 4458 2510 4483 ,
2541 4415 2790 4485 quidnam
2828 4428 2925 4485 pro
2953 4413 3142 4470 haeresi
3172 4413 3357 4471 haberi

1779 4512 2005 4577 debeat,
2036 4510 2376 4580 pronuntiare
2407 4507 2428 4581 (
2456 4508 2591 4563 Ibid.
2615 4550 2630 4574 ,
2662 4525 2713 4561 η.
2744 4506 2833 4579 2).
2862 4508 3110 4562 Paratum
3164 4522 3225 4564 se
3270 4493 3363 4564 di-i

1778 4605 1849 4659 cit
1902 4603 1968 4657 ad
2010 4617 2131 4656 eum
2172 4601 2527 4655 transmittere
2565 4597 2845 4669 Epiphanii
2867 4597 3091 4666 librum,
3120 4614 3355 4671 graecum

1779 4694 1925 4748 illum
1952 4692 2162 4762 quidem
2179 4732 2194 4759 ,
2224 4691 2317 4746 sed
2338 4705 2493 4760 quem
2522 4690 2684 4744 latine
2710 4689 2801 4760 qui
2825 4689 3104 4759 redderet,
3130 4689 3355 4747 Cartha.

1776 4787 1897 4856 gine
1924 4786 2073 4840 nullo
2103 4785 2313 4854 negotio
2332 4785 2607 4854 reperiret.
2640 4783 2829 4840 Petita
2849 4783 3220 4851 Quodvultdeo
3239 4789 3351 4843 Au-

1775 4877 2050 4949 gttstitms,
2092 4884 2149 4930 ut
2186 4874 2284 4929 sibi
2334 4875 2400 4929 de
2446 4874 2772 4942 Theodosio,
2824 4875 2995 4947 deque
3048 4877 3354 4937 Manichaeis

1776 4984 1909 5039 quos
1947 4968 2036 5022 hic
2081 4966 2417 5037 prodiderat,
2463 4980 2526 5021 ac
2571 4966 2638 5022 de
2683 4966 3011 5037 profectione
3047 4979 3351 5028 sanctorum

1774 5063 2141 5130 episcoporum
2187 5058 2401 5114 scribat.
2453 5058 2527 5114 De
2574 5058 2872 5116 Theodosio
2918 5061 3020 5116 isto
3055 5077 3215 5134 supra
3242 5064 3354 5135 egi-

1773 5167 1891 5207 mus
1924 5151 2056 5222 (Lib.
2086 5152 2119 5206 8
2138 5192 2152 5218 ,
2181 5167 2293 5221 cap.
2323 5150 2391 5216 5,
2422 5167 2476 5204 η.
2508 5150 2560 5221 1)
2594 5168 2606 5204 :
2634 5149 2773 5220 quod
2804 5166 2931 5207 vero
2972 5151 3039 5207 ad
3076 5153 3353 5223 episcopo-

1772 5258 1888 5298 rnm
1928 5242 2045 5306 iter,
2087 5240 2213 5296 illud
2261 5254 2328 5296 eo
2365 5249 2605 5311 spectare
2655 5250 2861 5310 potest,
2913 5240 3053 5311 quod
3096 5241 3349 5314 Alypium

1772 5334 1954 5389 Roma:
1982 5348 2121 5388 anno
2145 5332 2665 5403 quadringentesimo
2700 5332 2955 5401 vigesimo
2977 5340 3167 5387 octavo
3195 5347 3346 5387 com-

1770 5436 2034 5484 moratum
2074 5440 2194 5483 esse
2232 5426 2629 5481 observavimus
2672 5424 2988 5496 (lbid.,cap.
3037 5421 3106 5488 9,
3146 5440 3199 5476 η.
3245 5422 3296 5494 1)
3323 5413 3360 5490 ;~

1769 5520 1964 5591 quippe
1992 5526 2115 5573 ante
2140 5517 2242 5572 hoc
2261 5524 2471 5588 tempus
2495 5530 2613 5572 eam
2641 5514 2919 5585 Augustini
2945 5510 3220 5582 epistolam
3244 5510 3343 5566 da-

1768 5618 1874 5665 tam
1903 5609 2066 5665 fuisse
2090 5607 2220 5663 nihil
2244 5616 2405 5663 vetat.

1838 5703 1890 5756 ὃ·
1918 5699 2321 5768 Quodvultdeus
2347 5698 2571 5754 alteram
2594 5695 2730 5750 hanc
2755 5693 2821 5748 ad
2849 5687 3199 5760 Augustinum
3224 5690 3342 5760 epi-

1765 5793 1956 5852 stolam
1980 5801 2181 5849 tantum
2201 5798 2492 5859 receperat,
2514 5802 2633 5845 cum
2662 5781 3022 5841 infelicitatem
3046 5793 3198 5837 suam
3215 5778 3336 5839 aliis
