3880 6384
573 326 672 390 οη

574 446 767 505 litteris
800 454 921 501 cum
959 443 1115 499 beato
1141 441 1368 497 Doctors
1403 448 1724 510 conquestus
1752 450 1869 509 est,
1896 438 2037 511 quod
2067 441 2146 496 vis

573 528 801 604 delicat,
846 548 916 593 ne
952 540 1065 591 rem
1113 542 1275 589 tanta:
1317 533 1555 589 utilitatis
1599 533 1859 588 universa:
1896 532 2148 588 Ecclesia

571 630 803 687 futuram
834 627 1170 698 impetraret,
1202 632 1299 695 per
1325 638 1420 679 sua
1446 623 1614 694 ipsius
1654 631 1868 694 peccata
1893 623 2143 679 stetisset.

572 722 761 778 Aiebat
782 717 1124 775 nihilominus
1146 732 1176 771 c
1197 714 1394 771 Christi
1422 714 1779 770 misericordia
1809 723 1863 771 et
1881 715 1959 770 eis
1980 715 2148 771 visce-

570 809 717 871 ribus
744 813 972 884 pietatis.
994 810 1186 881 quibus
1204 808 1270 863 ad
1296 808 1430 865 bene
1448 807 1516 863 de
1535 807 1654 863 aliis
1673 807 1982 862 merendum
2011 823 2145 863 ηυη-

570 918 728 976 quam
768 909 981 973 paratus
1017 914 1122 954 non
1146 906 1260 954 erat
1296 898 1385 953 Vir
1408 904 1623 953 sanctus
1640 936 1656 965 ,
1684 911 1899 967 sperare
1923 912 1983 952 se
2009 896 2142 967 fore,

570 1005 629 1053 ut
659 997 995 1061 alimentum.
1027 992 1168 1063 quod
1196 991 1298 1047 sibi
1335 1001 1494 1062 atque
1535 991 1653 1047 aliis
1691 989 2020 1062 postulabat,
2054 991 2144 1047 ille

570 1102 680 1144 non
707 1094 942 1156 negaret.
976 1085 1102 1154 Ejus
1130 1083 1352 1153 epistola
1381 1083 1588 1137 caeteris
1613 1082 1891 1152 capitibus,
1919 1098 2141 1154 quorum

570 1178 624 1234 in
646 1184 739 1233 sna
764 1177 1085 1232 mentionem
1107 1175 1428 1244 Augustinus
1449 1172 1664 1241 fecerat,
1687 1175 1903 1230 minime
1921 1190 2141 1246 respon-

568 1272 659 1328 det
682 1286 695 1327 :
717 1278 771 1325 at
813 1269 969 1339 hujus
1018 1268 1095 1323 rei
1145 1267 1350 1322 videtur
1384 1266 1499 1321 haec
1537 1281 1656 1322 esse
1684 1283 1874 1334 causa,
1902 1268 2040 1338 quod
2077 1284 2141 1324 ex

566 1361 913 1433 scriptoribus
941 1359 1133 1429 placuit
1160 1373 1222 1413 ea
1258 1372 1532 1424 resecare,
1562 1368 1616 1412 ut
1654 1375 1770 1429 quae
1808 1358 2143 1428 pertinebant

565 1456 634 1511 ad
664 1455 855 1509 librum
881 1453 948 1508 de
978 1451 1297 1515 Haeresibus,
1331 1452 1439 1506 sola
1472 1459 1812 1520 ponerentur.
1836 1451 2044 1506 Etenim
2074 1467 2141 1507 ne

567 1546 654 1602 illa
685 1544 898 1616 quidem
925 1542 1352 1609 salutatiuucula,
1372 1557 1529 1612 quam
1560 1542 1611 1596 iu
1642 1542 1743 1596 line
1768 1541 1961 1597 addere
1984 1557 2140 1597 manu

566 1639 777 1712 propria
804 1639 1042 1693 solemne
1070 1644 1209 1701 erat,
1244 1645 1454 1691 servata
1481 1643 1580 1689 est.
1601 1634 1797 1689 ibidem
1819 1643 1998 1706 aperte
2020 1650 2142 1705 pro-

567 1729 765 1795 fitetur,
795 1728 1141 1784 nihilominus
1167 1729 1216 1783 ei
1247 1742 1305 1782 se
1332 1728 1607 1782 molestum
1645 1737 1749 1780 tam
1778 1727 1867 1781 diu
1908 1726 2140 1782 futurum

564 1832 703 1889 esse,
724 1822 897 1894 quoad
920 1822 1018 1877 sibi
1034 1821 1297 1891 postulata
1317 1821 1403 1876 ille
1421 1820 1797 1875 concessisset:
1822 1828 1873 1873 ut
1891 1820 2025 1890 quod
2039 1838 2139 1876 non

568 1917 806 1988 impetrat
824 1914 1162 1987 privilegium,
1179 1914 1263 1967 ubi
1288 1912 1483 1967 nullum
1502 1921 1574 1968 est
1599 1914 1845 1978 meritum,
1863 1914 2039 1967 saltem
2061 1914 2139 1967 in-

563 2007 761 2079 defessa
784 2006 1136 2077 importunitas
1155 2011 1405 2058 mereatur
1424 2002 1609 2076 (Epist.
1631 2002 1759 2069 225,
1778 2021 1828 2056 η.
1844 2003 1917 2074 5).
1938 2004 2140 2059 Asserit

563 2092 922 2167 Augustinus,
963 2095 1030 2149 ab
1063 2094 1157 2149 illo
1196 2109 1255 2149 se
1296 2092 1754 2149 crebrescentibus
1803 2094 2138 2164 petitionibus

561 2195 826 2255 eoactum,
853 2203 917 2243 ac
939 2187 1279 2242 vehementer
1308 2195 1530 2257 urgente
1552 2186 1646 2240 illo
1671 2185 1772 2241 hoc
1798 2201 1930 2255 Opus
1955 2199 2137 2241 susce-

563 2278 725 2350 pisse,
754 2294 854 2334 ncc
879 2278 978 2334 sibi
1008 2292 1236 2349 unquam
1269 2278 1427 2332 alium
1467 2278 1630 2331 ullum
1672 2285 1946 2347 tantopere
1986 2278 2136 2332 insti-

557 2369 691 2428 tisse
729 2369 1016 2441 poscendo.
1061 2369 1219 2440 Igitur
1262 2368 1554 2425 cedendum
1602 2369 1813 2424 tandem
1854 2370 2137 2439 aliquando

564 2462 799 2534 putavit;
828 2462 879 2517 in
901 2476 1007 2532 quo
1031 2461 1190 2516 etiam
1216 2460 1391 2515 divina
1422 2460 1712 2526 voluntate,
1737 2476 1893 2531 quam
1925 2461 2137 2517 nomine

564 2554 684 2626 ipso
710 2554 847 2610 idem
876 2554 1127 2610 diaconus
1162 2551 1521 2623 significabat,
1555 2558 1755 2605 motum
1791 2567 1849 2606 se
1887 2552 2014 2606 dicit
2040 2552 2137 2625 (De

564 2644 787 2712 Hiera”
819 2645 1046 2719 praefat.)
1063 2646 1236 2713 Quare
1262 2660 1381 2699 cum
1415 2643 1549 2698 forte
1577 2643 1781 2698 fortuna
1808 2642 2136 2699 Fussalensis

560 2741 837 2813 presbyter
875 2739 1246 2810 Carthaginem
1298 2748 1438 2793 esset
1497 2738 1863 2808 profecturus,
1912 2738 2134 2807 primam

559 2829 911 2900 Quodvultdei
956 2829 1231 2900 epistolam
1262 2828 1354 2883 Vir
1378 2839 1589 2884 sanctus
1628 2828 1842 2899 relegit,
1888 2827 2133 2883 lucubra-

559 2925 757 2981 tieuem
788 2924 923 2978 hanc
948 2922 1134 2979 saltem
1159 2922 1389 2978 exordiri
1414 2923 1676 2993 cogitans,
1707 2930 1762 2976 ut
1786 2923 1933 2991 quasi
1961 2922 2133 2991 Speci-

556 3017 701 3074 mine
725 3017 1034 3072 transmisso
1060 3031 1181 3071 eum
1208 3015 1440 3079 doceret,
1465 3030 1624 3084 quam
1650 3013 1866 3069 difficile
1888 3028 2022 3068 onus
2045 3014 2134 3070 ille

559 3109 661 3165 sibi
698 3108 857 3163 Vellet
899 3107 1223 3177 impositum.
1270 3107 1427 3174 Atqui
1472 3105 1601 3159 nihil
1643 3104 1861 3159 omnino
1900 3104 2133 3161 scribere

557 3199 728 3271 potuit
751 3197 823 3254 ob
846 3206 1179 3267 emergentes
1204 3196 1596 3265 occupationes,
1628 3211 1746 3266 quae
1767 3196 1950 3260 etiam,
1974 3204 2030 3249 ut
2051 3212 2132 3251 re-

557 3298 809 3360 sponsum
834 3288 899 3342 ad
921 3286 1184 3343 lulianum
1216 3286 1607 3351 intermitteret,
1633 3288 1686 3340 in
1711 3302 1868 3342 causa
1895 3286 2129 3342 fuerunt.

558 3382 708 3437 Tunc
745 3394 871 3449 ergo
906 3378 1034 3433 nihil
1072 3377 1214 3432 aliud
1253 3392 1408 3448 quam
1449 3377 1814 3433 Fussalensem
1859 3379 2130 3449 presbyte-

558 3483 681 3529 rum
707 3510 723 3539 ,
761 3468 980 3541 ejusque
1015 3478 1228 3527 causam
1274 3469 1641 3537 Quodvultdeo
1703 3470 2126 3537 commendavit;

555 3563 756 3619 addens
787 3562 1124 3617 nihilominus
1152 3575 1366 3630 sperare
1389 3574 1447 3614 se
1474 3560 1617 3625 fore,
1662 3570 1718 3614 ut
1748 3575 1867 3614 cum
1903 3560 2129 3630 primum

554 3668 673 3725 quae
711 3667 771 3708 se
799 3652 1120 3707 distinebant
1149 3651 1499 3722 cupediisset,
1533 3666 1738 3708 necnon
1775 3653 2005 3723 quinque
2035 3653 2127 3709 Ju—

554 3747 680 3802 liani
718 3746 864 3800 libris
892 3744 1249 3814 reapondisset
1270 3785 1285 3809 ,
1317 3745 1499 3813 operi,
1524 3743 1664 3813 quod
1695 3744 1782 3798 ille
1811 3744 2122 3814 expetebat,

554 3837 915 3903 incumberet,
952 3851 1014 3889 ac
1041 3834 1198 3889 simul
1225 3834 1442 3904 reliquis
1478 3835 1823 3889 retractandis
1861 3836 2127 3904 opusculis

551 3931 683 3995 suis,
713 3937 920 3984 uectem
952 3928 1040 3981 uni
1059 3966 1074 3993 ,
1104 3927 1255 3982 alteri
1286 3927 1424 3981 diem
1465 3926 1817 3995 impendendo
1843 3944 1855 3979 :
1880 3927 1923 3981 si
1953 3936 2125 3981 tamen

554 4034 662 4079 tres
685 4022 875 4078 Juliani
904 4021 1019 4075 libri
1045 4020 1112 4074 ad
1139 4034 1196 4074 se
1223 4019 1368 4089 prius
1394 4018 1536 4073 allati
1560 4030 1662 4073 non
1690 4018 1909 4073 fuissent
1933 4016 2121 4090 (Epist.

548 4112 676 4180 ω,
703 4130 755 4179 a,
790 4113 863 4183 l).
896 4110 1076 4166 Fidem
1103 4126 1251 4164 suam
1281 4109 1493 4165 demum
1531 4109 1848 4164 liberaturus
1878 4108 1979 4164 hoc
2010 4125 2125 4164 ver-

551 4209 695 4258 tente
748 4217 888 4256 anno
929 4201 1451 4272 quadringentesimo
1502 4200 1756 4270 vigesimo
1807 4210 1996 4255 octavo
2043 4202 2125 4256 vel

551 4294 765 4349 ineunte
808 4294 1049 4363 sequenti
1093 4305 1307 4346 manum
1351 4291 1586 4345 admovit
1622 4292 1802 4361 operi;
1832 4290 1985 4361 cujus
2012 4293 2124 4361 (ιυὶσ

547 4387 669 4442 dem
683 4381 834 4443 binas
854 4394 1029 4455 partes
1045 4383 1219 4439 facere
1246 4383 1508 4454 cogitabat
1531 4400 1542 4435 :
1564 4381 1759 4452 primas
1780 4382 2022 4438 videlicet
2058 4383 2124 4440 de

547 4476 841 4536 bmresibus
877 4489 995 4549 qua!
1039 4485 1157 4547 post
1182 4475 1377 4531 Christi
1419 4474 1702 4529 adventum
1749 4482 1804 4530 et
1845 4489 2120 4532 ascensum

545 4575 800 4629 adversus
815 4571 1110 4627 doctrinam
1141 4569 1303 4640 ipsius
1329 4568 1645 4624 exstiterunt
1674 4586 1685 4621 :
1710 4568 2030 4638 posteriores
2056 4568 2122 4624 de

547 4664 839 4735 quaestione
856 4676 1107 4734 perquam
1127 4662 1261 4727 utili,
1281 4661 1481 4717 scilicet
1493 4658 1616 4729 quid
1630 4658 2117 4727 faciathaereticum;

547 4765 605 4812 ttt
630 4759 875 4811 nimirum
893 4771 1051 4812 omne
1069 4770 1234 4825 genus
1247 4755 1476 4811 increase
1492 4755 1602 4809 sive
1619 4762 1770 4809 notas
1791 4752 1903 4808 sive
1919 4753 2120 4824 ignotas

548 4848 843 4910 declinare,
876 4847 1046 4915 deque
1072 4847 1314 4901 omnibus
1346 4856 1465 4915 qua:
1493 4854 1838 4901 nascerentur
1865 4846 1917 4899 in
1943 4854 2119 4914 poste-

548 4949 696 5003 rum,
727 4938 1042 4992 sententiam
1073 4936 1210 4991 ferre
1239 4938 1288 4990 in
1317 4946 1558 5006 promptu
1594 4944 1738 4992 esset
1768 4935 1869 5009 (De
1896 4935 2115 5001 Htt'res.,

551 5029 816 5101 Pratfan).
847 5029 901 5084 ld
926 5030 1133 5085 consilii
1154 5040 1394 5100 magnam
1416 5045 1543 5084 sane
1564 5032 1840 5087 utilitatem
1868 5030 2117 5101 praefere-

547 5120 654 5185 bat,
689 5119 948 5190 siquidem
976 5118 1107 5173 illud
1137 5119 1325 5173 adduci
1356 5120 1611 5188 potuisset
1647 5121 1712 5175 ad
1757 5124 1992 5176 exitum:
2026 5122 2117 5177 sed

547 5219 636 5265 res
661 5216 776 5264 cret
803 5207 1110 5278 plenissima
1146 5207 1497 5274 difﬁcultatis,
1537 5224 1655 5264 cum
1683 5212 1944 5281 generalis
1974 5212 2118 5266 nulla

546 5302 751 5371 regula,
778 5300 895 5371 quis
923 5298 1255 5355 definiendus
1297 5299 1366 5354 sit
1401 5300 1681 5355 haereticus
1710 5302 1991 5357 ostendere
2029 5319 2119 5357 va-

544 5391 683 5460 leat,
716 5407 780 5446 eo
801 5391 940 5463 quod
982 5404 1085 5445 non
1131 5404 1341 5447 omnem
1380 5405 1615 5448 errorem
1658 5392 1853 5448 habere
1880 5401 2119 5462 oporteat

544 5494 644 5556 pro
663 5484 876 5541 haeresi.
896 5484 943 5539 A
958 5480 1171 5539 Christo
1189 5497 1347 5554 passo
1365 5482 1430 5538 ad
1451 5499 1599 5539 suam
1622 5498 1787 5554 usque
1809 5486 2114 5541 memoriam

544 5584 808 5655 octoginta
834 5591 955 5638 octo
979 5581 1210 5638 haereses
1238 5583 1289 5638 in
1316 5583 1492 5652 primo
1516 5582 1651 5640 libro
1685 5594 1958 5640 enumerat
1983 5603 1996 5639 :
2019 5602 2114 5642 ne-

544 5680 648 5744 que
685 5672 910 5745 proinde
949 5681 1206 5746 quotquot
1245 5673 1390 5730 fuere
1430 5684 1689 5746 unquam,
1716 5683 1806 5731 aut
1832 5686 2009 5732 earum
2049 5677 2115 5734 de

546 5763 734 5831 quibus
777 5765 1041 5837 loquitur,
1077 5760 1323 5838 dogmata
1363 5766 1539 5825 omnia
1565 5782 1624 5823 se
1651 5769 1979 5826 rcceusuisse
2014 5768 2111 5825 sibi

2571 224 2579 240 ι
2612 226 2781 255 ντῐοοι

1683 327 1838 383 Vl'l‘A
1879 329 1936 385 S.
1979 327 2345 386 AUGUSTINI
2384 330 2702 390 EPISCOPI.
3696 354 3767 416 δη

2256 443 2570 511 persuadet;
2598 445 2736 514 quod
2764 461 3010 517 superare
3034 450 3317 510 humanam
3347 466 3493 526 putat
3516 459 3763 527 facultatem

2258 532 2441 606 (lbid.,
2465 538 2725 609 perorat.).
2751 539 2878 608 Quae
2904 542 3048 610 dicit,
3076 560 3138 600 ea
3164 547 3491 617 potissimum
3507 543 3764 629 elEpipha-

2252 628 2363 694 nio,
2386 644 2543 700 quem
2567 639 2741 689 tamen
2771 649 2875 689 non
2903 652 3272 711 usquequaque
3292 644 3550 714 sequitur,
3569 628 3764 711 desumit.

2252 715 2386 772 Huic
2412 717 2747 776 Philastrium
2774 737 2980 795 quoque
3016 741 3079 781 ac
3110 727 3395 784 Eusebium
3424 746 3456 785 a
3480 725 3656 791 Ruﬁno
3680 753 3767 796 con-

2256 825 2488 879 versum,
2519 829 2676 883 quem
2700 814 2875 871 dedita
2901 832 3060 887 opera
3088 819 3292 876 videtur
3318 823 3389 879 ob
3412 822 3515 879 hoc
3542 826 3697 897 ipsum
3714 824 3765 889 le-

2249 903 2423 973 gisse,
2449 905 2720 978 adiungit;
2748 908 2811 963 iis
2838 919 3095 981 praeterea
3122 912 3369 970 adhibitis
3401 914 3765 994 cognitionibus,

2249 1008 2381 1064 quas
2406 1011 2500 1066 per
2524 1011 2582 1053 se
2611 998 2708 1054 sibi
2735 1012 3148 1072 comparaverat.
3181 1003 3459 1064 Postremo
3482 1002 3595 1065 loco
3616 1020 3768 1072 memo-

2248 1094 2331 1140 rat
2354 1086 2662 1159 Pelagianos
2687 1107 2701 1145 :
2724 1091 2956 1147 nondum
2989 1094 3117 1148 satis
3144 1096 3473 1165 exploratam
3500 1096 3680 1157 habens
3702 1121 3768 1163 no-

2248 1191 2367 1233 vam
2394 1179 2639 1235 lmresim
2682 1181 3133 1239 Nestorianornm.
3166 1184 3384 1242 Librum
3426 1203 3605 1258 suum,
3637 1194 3768 1252 statim

2248 1281 2404 1339 atque
2433 1272 2665 1328 ultimam
2691 1273 2762 1328 illi
2786 1290 2995 1329 manum
3017 1278 3280 1345 apposuit,
3309 1279 3375 1333 ad
3401 1274 3768 1348 Quodvule

2249 1374 2313 1415 eo
2337 1359 2681 1417 deferendum
2706 1366 2943 1433 curavit,
2974 1375 3029 1420 ut
3050 1382 3170 1421 cum
3192 1366 3302 1436 ille,
3324 1377 3435 1425 tum
3459 1362 3546 1426 alii
3564 1376 3641 1444 qui
3656 1391 3771 1434 eum-

2246 1449 2367 1504 dem
2398 1462 2577 1507 essent
2610 1454 2797 1509 lecturi
2820 1489 2835 1523 ,
2857 1456 2978 1512 inde
3020 1458 3388 1517 vehementius
3413 1460 3772 1525 accenderentur

2247 1539 2310 1594 ad
2350 1542 2729 1613 implorandam
2761 1560 2790 1598 a
2820 1547 2928 1603 Deo
2971 1549 3192 1619 gratiam
3233 1566 3295 1605 ac
3334 1551 3536 1620 lucem,
3567 1557 3697 1626 queis
3724 1554 3769 1615 ad

2246 1631 2464 1686 alteram
2494 1644 2698 1704 partem
2718 1679 2732 1704 ,
2760 1638 2910 1708 cujus
2942 1648 3083 1695 tanta
3107 1652 3222 1697 erat
3260 1644 3461 1701 utilitas
3497 1642 3769 1715 futuram!»

2246 1720 2549 1777 solvendam
2592 1740 2725 1795 opus
2761 1716 3006 1783 habebat.
3062 1729 3165 1785 Sed
3209 1724 3355 1788 illam
3382 1743 3443 1789 ut
3469 1730 3771 1797 conscriberet

2248 1810 2328 1865 vel
2360 1813 2663 1881 perliceret,
2693 1816 2930 1873 divinum
2973 1822 3252 1877 consilium
3296 1840 3403 1879 non
3437 1830 3770 1888 concessit:ob

2245 1900 2403 1971 idque
2432 1903 2565 1959 liber
2583 1905 2650 1960 de
2670 1906 2971 1963 Haeresibus
2991 1925 3022 1963 a
3043 1908 3284 1968 Possidio
3304 1914 3654 1986 imperfectum
3670 1935 3767 1993 opus

2244 1994 2555 2062 appellatur.

2315 2084 2367 2137 5.
2411 2084 2643 2155 Epistula
2680 2103 2798 2158 quae
2832 2088 3080 2161 inscripta
3110 2100 3192 2148 est
3210 2136 3224 2161 ,
3247 2089 3433 2166 Alypio
3462 2097 3591 2164 seni,
3617 2097 3675 2155 ad
3698 2094 3769 2157 hoc

2248 2173 2356 2228 fere
2393 2185 2600 2246 tempus
2628 2179 2855 2248 pertinet
2878 2199 2891 2235 :
2914 2181 3015 2236 nisi
3053 2182 3187 2239 forte
3224 2185 3364 2240 alius
3408 2188 3505 2243 iste
3523 2189 3586 2244 sit
3611 2188 3669 2244 ab
3687 2192 3769 2263 epi-

2244 2280 2406 2336 scopo
2432 2267 2761 2338 Tagastensi,
2789 2273 2875 2341 qui
2904 2271 3138 2342 profecto
3158 2268 3224 2329 ad
3254 2276 3541 2345 provincia:
3562 2270 3769 2337 Numidis

2244 2358 2554 2415 decanatum
2596 2377 2690 2417 seu
2737 2364 3017 2434 primatum
3063 2366 3161 2423 hac
3197 2364 3413 2424 demum
3453 2381 3604 2429 astate
3627 2389 3770 2445 perve-

2244 2450 2407 2518 nisse,
2430 2469 2533 2509 non
2564 2470 2762 2512 temere
2791 2458 3137 2515 existimetur.
3161 2461 3423 2520 Caeterum
3447 2476 3646 2538 quoque
3666 2484 3770 2525 anno

2244 2555 2455 2600 exarata
2480 2546 2636 2602 fuerit
2656 2550 2901 2618 epistola,
2922 2567 3034 2607 rem
3058 2556 3313 2611 memoria
3333 2557 3544 2629 dignam
3568 2554 3662 2615 illic
3677 2558 3771 2633 Aly-

2244 2636 2332 2705 pio
2374 2646 2553 2692 narrat
2584 2640 2904 2710 Augustinus
2932 2643 2982 2697 in
3012 2643 3124 2699 haec
3150 2644 3348 2700 verba:
3373 2645 3625 2704 Archiater
3656 2651 3769 2705 etiam

2241 2726 2513 2784 Dioscorus
2538 2731 2838 2788 Christianus
2866 2735 3029 2803 ﬁdelis
3051 2740 3141 2803 est,
3168 2732 3322 2792 simul
3343 2739 3559 2810 gratiam
3581 2756 3770 2797 consecu-

2243 2829 2358 2885 tus;
2399 2823 2518 2876 audi
2556 2825 2706 2878 etiam
2744 2828 3197 2896 quemadmodum:
3221 2848 3378 2902 neque
3411 2831 3541 2889 enim
3570 2837 3770 2890 cet-sicula
3836 2890 3841 2901 ,

2240 2912 2331 2966 illa
2371 2915 2446 2968 vel
2482 2916 2686 2987 lingua,
2721 2919 2817 2973 nisi
2858 2921 3027 2991 aliquo
3068 2922 3297 2994 prodigio
3340 2924 3636 2982 demoretur.
3662 2918 3767 2983 Filia

2241 3006 2347 3075 ejus
2366 3006 2418 3060 in
2445 3024 2542 3077 qua
2568 3009 2713 3063 unica
2738 3012 3076 3082 acquiescebat
3095 3055 3108 3078 ,
3135 3017 3439 3084 aegrotabat,
3480 3027 3527 3073 et
3560 3037 3693 3090 usque
3719 3020 3768 3074 ad

2240 3106 2394 3151 totam
2423 3099 2815 3171 desperationem
2842 3104 3021 3159 salutis
3044 3108 3354 3177 temporalis,
3384 3106 3554 3165 eodem
3576 3112 3667 3183 ipso
3689 3128 3766 3183 pa-

2241 3201 2315 3245 tre
2340 3195 2685 3262 renuntiante,
2722 3200 2959 3266 pervenit.
2993 3197 3190 3252 Dicitur
3214 3218 3351 3273 ergo,
3380 3212 3427 3256 et
3451 3213 3658 3269 constat;
3680 3222 3767 3258 cum

2239 3286 2363 3339 mihi
2388 3287 2481 3340 hoc
2505 3298 2550 3342 et
2574 3298 2686 3341 ante
2706 3292 2875 3360 fratris
2908 3289 3057 3346 Pauli
3076 3293 3289 3348 reditum
3309 3313 3473 3351 comes
3492 3294 3763 3370 Peregrinus,

2238 3377 2313 3429 vir
2332 3377 2596 3433 laudabilis
2617 3390 2662 3434 et
2684 3379 2806 3435 bene
2828 3383 3145 3451 christianos,
3170 3386 3256 3456 qui
3280 3403 3393 3441 cum
3411 3384 3484 3443 eis
3502 3380 3655 3444 eodem
3674 3399 3767 3442 teta-

2240 3485 2360 3537 pore
2402 3470 2679 3539 baptizatus
2718 3483 2819 3539 est,
2865 3474 3099 3527 indicarit
3141 3492 3159 3528 :
3192 3475 3375 3531 dicitur
3398 3495 3514 3551 ergo
3548 3472 3626 3534 ille
3650 3494 3767 3535 senes

2238 3560 2437 3614 tandem
2477 3579 2742 3617 rottvcrsus
2780 3566 2846 3618 ad
2885 3566 3255 3635 implorandum
3297 3569 3483 3626 Christi
3522 3573 3765 3626 misericor-

2237 3652 2393 3718 diam,
2419 3662 2530 3707 voto
2557 3671 2611 3708 se
2634 3657 2879 3727 obligasse
2896 3700 2908 3723 ,
2939 3654 3267 3714 christianum
3296 3665 3437 3734 fore,
3464 3666 3508 3719 si
3533 3662 3658 3719 illam
3683 3664 3765 3719 sal-

2236 3746 2579 3798 vam‘videret.
2612 3745 2824 3801 Factum
2852 3757 2941 3802 est.
2975 3750 3037 3803 At
3064 3751 3150 3805 ille
3168 3754 3303 3823 quod
3328 3765 3551 3824 voverat,
3576 3750 3766 3812 dissim-

2238 3835 2370 3889 labat
2396 3839 2675 3893 exsolvere:
2699 3836 2786 3894 sed
2813 3842 2978 3896 adhuc
3007 3861 3185 3899 manus
3214 3847 3432 3901 excelsa.
3470 3842 3600 3904 Nam
3620 3865 3762 3920 repeti.

2235 3927 2340 3981 tina
2382 3931 2601 3983 cwcitate
2644 3932 2992 4000 suﬂunditur;
3039 3938 3304 4008 statimque
3344 3938 3474 3994 venit
3509 3942 3558 3995 in
3596 3948 3763 3995 mentas
3836 3927 3841 4008 Ξ

2232 4023 2365 4075 unde
2392 4022 2521 4076 illud
2549 4034 2669 4078 esset
2694 4041 2711 4077 :
2733 4027 3026 4080 exclamavit
3055 4030 3318 4098 confitens,
3347 4041 3498 4104 atque
3522 4034 3679 4088 iterum
3698 4049 3762 4084 so-

2233 4116 2328 4177 vit,
2365 4131 2415 4168 se
2441 4125 2633 4185 recepto
2676 4118 2863 4171 lumine
2904 4120 3225 4189 impleturum
3267 4138 3375 4177 esse
3419 4125 3550 4195 quod
3584 4131 3757 4178 uouerat.

2234 4206 2467 4278 Recepit,
2492 4209 2745 4277 implevit;
2770 4218 2814 4263 et
2848 4211 3010 4265 adhuc
3048 4229 3227 4267 manus
3260 4215 3477 4270 excelsa.
3514 4206 3758 4287 Symbolum
3840 4206 3841 4225 ¹

2231 4316 2332 4353 non
2359 4309 2616 4367 tenuerat,
2648 4310 2734 4354 aut
2763 4305 2972 4372 fortasse
2994 4313 3156 4359 tenere
3182 4316 3498 4361 recusaverat
3513 4348 3526 4375 ,
3556 4318 3597 4362 et
3618 4323 3663 4361 se
3681 4322 3757 4359 non

2232 4391 2450 4461 potuisse
2473 4402 2788 4446 excusaverat
2813 4409 2831 4446 :
2854 4392 2986 4447 Deus
3014 4395 3223 4449 viderat.
3254 4394 3377 4450 Jam
3402 4405 3507 4451 tum
3531 4408 3626 4465 post
3652 4392 3759 4468 festa
3840 4448 3841 4457 χ

2232 4483 2401 4535 omnia
2425 4483 2717 4553 receptionis
2752 4501 2886 4549 sate,
2917 4487 2965 4538 in
2997 4488 3275 4559 paralysim
3313 4490 3520 4545 solvitur
3548 4490 3685 4546 multis
3704 4505 3757 4542 ac

2231 4590 2356 4643 pene
2398 4574 2624 4628 omnibus
2653 4578 2915 4645 membris,
2947 4588 2993 4631 et
3023 4581 3168 4633 etiam
3200 4572 3394 4652 lingua.
3431 4583 3567 4638 Tunc
3599 4582 3756 4638 somnio
3840 4570 3841 4593 ¹

2229 4664 2512 4719 admonitus
2541 4666 2804 4735 conﬁtetur
2830 4685 2916 4738 per
2944 4670 3268 4740 scripturam,
3299 4672 3360 4726 ob
3382 4673 3477 4728 hoc
3498 4675 3583 4729 sibi
3603 4673 3754 4727 dictum
3840 4698 3841 4713 ι

2228 4775 2331 4813 esse
2358 4758 2618 4824 accidisse,
2640 4760 2773 4828 quod
2788 4759 3068 4831 symbolum
3088 4778 3187 4817 non
3207 4764 3495 4820 reddiderit.
3516 4766 3626 4821 Post
3641 4762 3753 4819 illam

2228 4851 2586 4920 confessionem
2638 4850 2918 4904 redduntur
2968 4852 3131 4923 officia
3174 4855 3398 4909 omnium
3436 4852 3749 4919 membrorum,

2227 4943 2324 4997 nisi
2346 4944 2531 5015 lingua:
2561 4944 2718 4998 solius
2744 4961 2830 4998 :se
2859 4954 3024 4998 tamen
3058 4945 3292 5002 didicisse
3321 4944 3617 5020 symbolum,
3644 4942 3752 5002 ideo-

2225 5052 2320 5104 que
2340 5038 2575 5091 memoria
2584 5038 2695 5107 jam
2723 5047 2902 5100 tenere,
2922 5038 3247 5095 nihilominus
3269 5042 3320 5096 in
3340 5043 3509 5098 eadem
3528 5043 3753 5099 tentatiotte

2227 5127 2403 5180 litteris
2443 5130 2607 5198 fassus
2637 5137 2706 5181 est
2728 5144 2744 5181 :
2769 5129 2936 5197 sicque
2972 5129 3134 5183 omnis
3164 5141 3237 5184 est
3265 5130 3412 5200 ab‘eo
3436 5126 3588 5188 deleta
3616 5146 3747 5202 nuga-

2225 5217 2379 5283 citas;
2396 5234 2525 5291 qute,
2544 5229 2597 5271 ut
2612 5220 2729 5283 scis,
2749 5220 2959 5272 multum
2977 5221 3293 5276 decolorabat
3315 5222 3587 5279 naturalem
3603 5237 3747 5293 quam-
3790 5276 3793 5283 ι

2225 5309 2340 5361 dam
2366 5309 2472 5378 ejus
2503 5308 2883 5380 benignitatem,
2913 5326 3124 5382 eumque
3156 5312 3471 5368 insultantem
3496 5304 3747 5369 Christianis

2223 5400 2435 5472 faciebat
2461 5401 2605 5454 ualde
2624 5402 2919 5474 sacrilegum
2943 5403 3132 5477 (Epist.
3153 5405 3300 5480 2‘27).

2845 5494 3070 5561 CAPUT
3108 5495 3199 5552 Xl.

2226 5583 2249 5636 l
2276 5582 2568 5656 Bonifacius
2592 5601 2707 5639 cum
2728 5584 2962 5640 Placidia
2988 5588 3039 5641 in
3060 5591 3271 5660 gratiam
3292 5592 3450 5658 redit;
3468 5590 3617 5662 idque,
3638 5603 3739 5664 ρτιτ·

2292 5685 2365 5731 ter
2400 5678 2555 5741 alios,
2584 5687 2789 5748 agente,
2819 5688 2871 5731 ut
2915 5679 3182 5747 videbitur,
3209 5681 3368 5738 Dario
3404 5686 3602 5748 comite;
3623 5681 3738 5754 cujus

2291 5770 2559 5824 amicitiam
2600 5772 2778 5839 quaerit
2817 5770 3139 5842 Augustinus.
3174 5776 3210 5829 2
3260 5775 3423 5833 Victus
3461 5795 3490 5833 α
3536 5771 3733 5832 Vandali:
