3880 6434
428 345 487 353 ‘—

140 428 235 496 515

191 642 370 699 edunt
394 638 730 696 obsidendum
764 640 1022 694 admovent
1046 652 1062 693 :
1084 641 1272 694 interea
1306 638 1477 695 morbo
1514 642 1670 695 corri-

189 736 305 811 pitur
325 728 659 805 Augustinus.
684 728 719 789 3
740 726 991 788 Sanitates
1014 727 1249 787 divinitus
1279 732 1427 804 facta:
1462 732 1529 787 ad
1561 732 1669 788 Au-

184 824 347 902 gustini
364 838 530 897 preces
556 836 576 879 :
598 820 769 879 animo
798 830 900 879 toto
924 840 974 880 se
999 822 1234 895 tacrymis
1276 835 1323 880 et
1370 822 1671 895 poenitentia:

182 916 315 985 dedit,
340 928 392 975 ut
411 916 481 973 ad
501 916 699 985 exitum
733 930 783 972 se
808 920 1097 988 comparet:
1125 919 1369 986 moritur;
1400 935 1458 973 ac
1500 919 1666 974 oblato

181 1007 660 1087 procommendanda
681 1008 784 1081 ejus
804 1004 1108 1081 depositione
1126 1006 1391 1080 sacriﬁcio,
1408 1008 1661 1080 sepelitur.

177 1104 207 1161 Δ
227 1102 383 1159 Annus
411 1101 577 1157 obitus
599 1100 867 1173 Augustini
893 1096 1025 1155 :Itoc
1053 1101 1163 1171 ipso
1190 1112 1323 1155 anno
1348 1100 1416 1155 ad
1446 1099 1661 1173 Ephesi-

179 1215 273 1254 πω
307 1188 553 1267 synodum
594 1213 628 1248 a
664 1188 945 1249 Theodosio
982 1192 1267 1249 vocabatur.
1313 1194 1346 1249 5
1393 1188 1660 1267 Hippone-

179 1281 307 1361 Reyio
343 1283 459 1341 urbe
493 1285 760 1356 aliquanto
786 1292 894 1355 post
934 1290 1154 1357 tempore
1181 1280 1409 1339 incendio
1434 1294 1655 1352 vastata,

178 1385 492 1436 conservantur
516 1370 855 1431 nihilominus
880 1370 1062 1430 ibidem
1088 1374 1247 1446 ipsius
1284 1376 1471 1446 scripta
1490 1394 1508 1431 :
1534 1392 1658 1447 quo-

173 1488 263 1525 rum
302 1462 572 1523 indicatum
620 1462 884 1524 Possidius
921 1460 1047 1522 Vita:
1070 1462 1291 1538 ejusdem
1327 1486 1357 1521 a
1391 1485 1443 1523 se
1478 1468 1656 1523 litteris

174 1556 495 1618 commendata:
520 1558 782 1631 adiunxit.
822 1550 971 1634 (Vid.
1000 1568 1127 1613 tom.
1153 1556 1248 1614 ult.
1276 1558 1433 1630 hujus
1459 1559 1587 1615 edit.
1612 1561 1649 1631 ).

176 1652 213 1709 Ι.
247 1648 501 1723 Superiuri
548 1668 696 1707 anno
736 1649 1063 1706 Bonifacium
1107 1652 1391 1718 comitem,
1433 1652 1652 1707 fortunat

122 1744 374 1819 temporalis
395 1746 679 1801 servandae
708 1758 887 1808 causa,
923 1744 1230 1800 societatem
1255 1760 1375 1798 cum
1403 1743 1651 1799 Vandalis

116 1838 261 1896 iniisse
285 1838 494 1893 vidimus
520 1857 531 1889 :
558 1846 802 1892 attamen
833 1838 975 1892 Deus
1001 1832 1129 1892 satis
1172 1836 1383 1903 habuit,
1412 1838 1650 1893 decretas

117 1945 269 2001 pinnas
292 1924 348 1984 ab
376 1926 546 1983 Africa
578 1944 682 1999 per
702 1923 934 1996 iniquam
962 1924 1183 1998 hujusce
1221 1926 1429 1984 comitis
1461 1929 1647 1983 volun-

119 2024 253 2076 tatem
279 2020 488 2089 exegisse
517 2036 528 2070 :
555 2033 695 2073 usus
716 2017 856 2072 enim
880 2027 960 2073 est
990 2016 1242 2072 adversus
1267 2034 1387 2073 eum
1416 2018 1649 2074 clemen-

116 2117 187 2178 tia,
212 2113 338 2184 eique
357 2109 584 2167 admissa
611 2126 711 2166 sua
738 2112 1021 2181 utcumque
1046 2111 1324 2180 reparandi
1348 2110 1645 2165 facultatem

115 2206 254 2270 dedit,
293 2206 450 2275 ipsum
492 2220 618 2260 cum
671 2198 901 2259 Placidia
941 2203 1313 2258 reconcilians.
1359 2203 1647 2273 Praecpius

114 2296 316 2353 lonilacii
353 2297 579 2352 reditum
612 2297 672 2350 in
697 2296 919 2367 gratiam
946 2302 1223 2365 acceptum
1252 2294 1415 2349 refert
1439 2310 1642 2362 eorum,

115 2407 216 2459 quos
232 2391 352 2445 idem
375 2391 426 2444 in
456 2388 604 2446 Urbe
636 2388 898 2453 habebat,
923 2388 1214 2443 amicorum
1246 2384 1451 2442 ofﬁciis.
1478 2386 1647 2442 Placi-

24 2496 29 2509 ί
115 2481 176 2535 dia
194 2482 308 2536 Darii
325 2482 526 2535 comitis
555 2480 786 2535 forsitan
816 2494 975 2549 Opera
1013 2480 1064 2533 in
1099 2478 1263 2535 lioccc
1302 2476 1512 2547 negotio
1553 2493 1643 2532 usa

26 3292 41 3379 ἑ

26 3394 39 3469 ῗ

28 3486 39 3571 i

26 3596 45 3643 ε

28 3664 43 3753 ἓ

24 3758 39 3793 η.

116 2581 187 2625 est.
207 2568 246 2625 is
278 2580 490 2641 namque
535 2579 668 2641 post
707 2569 905 2625 editum
949 2585 1088 2624 anno
1127 2569 1643 2639 quadringentesimo

116 2658 314 2732 tigesimo
334 2663 501 2732 primo
521 2654 877 2716 Enchiridion
922 2660 988 2714 de
1025 2652 1153 2714 Fide
1172 2703 1186 2727 ,
1217 2660 1323 2730 Spe
1342 2701 1357 2727 ,
1389 2669 1443 2715 et
1464 2659 1644 2714 Chari-

118 2762 217 2817 tate,
240 2762 379 2822 atque
406 2752 591 2806 ultima
641 2746 916 2821 Augustini
950 2757 1104 2805 artato
1133 2751 1277 2806 venit
1324 2751 1378 2803 in
1411 2749 1641 2804 Africam

116 2841 260 2913 (Epist.
283 2840 397 2909 23l,
427 2860 481 2896 η.
515 2842 583 2908 7;
622 2838 789 2911 Epist.
811 2839 934 2905 229,
958 2859 1008 2895 η.
1034 2837 1119 2911 t);
1152 2850 1294 2896 eteo
1318 2841 1511 2896 missus
1531 2850 1643 2896 erat

117 2936 163 2989 ad
182 2933 528 2991 conciliandam
572 2950 767 3005 pacem
786 2974 803 3001 ,
832 2934 895 2989 ad
928 2934 1125 2990 bellum
1151 2949 1281 2989 voce
1319 2949 1639 3003 componen-

117 3028 221 3093 dum,
238 3044 291 3084 ac
316 3044 379 3084 ne
403 3028 726 3098 cujusquam
751 3026 964 3104 sanguis
985 3034 1347 3097 quaereretur:
1370 3040 1471 3095 qua
1503 3027 1552 3079 in
1582 3041 1641 3080 re

121 3119 226 3173 illum
242 3126 411 3175 asserit
426 3120 763 3191 Augustinus
781 3117 945 3189 gloria
970 3118 1297 3187 superiorem
1320 3131 1438 3172 esse
1466 3116 1641 3172 fortis-

120 3210 225 3265 simis
252 3221 297 3266 et
331 3211 658 3267 ﬁdelissimis
686 3211 1058 3275 bellatoribus,
1093 3214 1181 3280 qui
1220 3211 1328 3265 Deo
1358 3212 1465 3265 suis
1496 3211 1638 3279 ipso-

122 3316 202 3355 rum
224 3302 363 3357 artnis
389 3302 717 3373 opitulante,
739 3302 1010 3372 fregerunt
1035 3301 1242 3356 hostem
1289 3300 1599 3355 indomitum
1621 3342 1635 3367 ,

121 3405 162 3445 sc
204 3392 470 3462 reipublicae
536 3393 938 3465 provinciisque
1012 3393 1243 3462 quietem
1320 3400 1640 3462 pepererunt

125 3480 261 3553 (Epist.
281 3485 391 3552 229,
414 3505 465 3541 η.
495 3487 575 3558 2).
623 3485 946 3540 Bonifacium
976 3494 1120 3539 certe
1146 3499 1267 3538 cum
1298 3484 1523 3552 Imperio
1547 3499 1635 3538 re-

123 3574 389 3632 conciliatum
412 3592 527 3633 esse
559 3585 796 3641 constat,
820 3591 924 3630 non
951 3591 1015 3629 ex
1044 3575 1305 3645 Procopio
1331 3575 1524 3639 solum,
1547 3589 1639 3628 ve-

125 3679 208 3719 rum
221 3667 351 3726 etiam
369 3684 432 3725 ex
447 3668 717 3733 Possidio,
734 3683 761 3722 a
779 3682 883 3738 quo
905 3667 991 3722 ille
1007 3682 1036 3719 a
1058 3666 1323 3733 Vandalis,
1339 3680 1478 3720 anno
1494 3665 1639 3719 vidc-

126 3753 212 3810 lit‘et
226 3758 723 3830 quadringentesimo
742 3758 1030 3827 trigesimo,
1052 3757 1185 3810 intra
1208 3755 1636 3825 llipponis-Regii

127 3860 258 3901 muros
269 3848 494 3905 obsessus
510 3848 711 3904 dicitur
725 3846 948 3917 (Possid.
962 3888 975 3912 ,
1000 3847 1052 3899 in
1078 3844 1191 3899 Vita
1210 3846 1445 3916 August.,
1460 3861 1504 3899 ο.
1521 3845 1632 3913 28).

22 3976 31 3989 ι
127 3933 258 4007 Neque
277 3942 417 3995 etiam
454 3942 679 3997 dubium
717 3948 827 4005 est,
851 3939 1044 3994 bellum
1080 3954 1108 3992 a
1139 3939 1318 4003 Dario,
1345 3939 1425 3992 sin
1460 3938 1635 3992 minus

22 4066 29 4075 .
130 4030 615 4098 exstinctum,saltcm
641 4032 862 4086 dilatum
887 4030 1068 4093 fuisse,
1095 4044 1157 4083 ac
1180 4030 1337 4093 mala,
1367 4046 1484 4101 quae
1513 4039 1636 4085 tunc

22 4142 31 4169 τ
130 4116 174 4169 ad
203 4119 509 4177 mlamitatum
538 4122 818 4178 cumulum
849 4121 1197 4186 devenerant,
1229 4122 1397 4192 sopita
1446 4120 1631 4193 (Epist.

129 4201 275 4274 350m.
294 4208 356 4283 3).
377 4213 452 4268 Ab
470 4227 620 4267 anno
642 4219 820 4265 autem
844 4210 1362 4281 quadringentesimo
1382 4211 1636 4280 vigesimo

135 4294 265 4360 primo
296 4301 416 4356 nulla
455 4296 674 4358 occasio
716 4302 867 4356 nobis
910 4302 1173 4369 occurrit,
1212 4300 1263 4355 in
1307 4316 1463 4371 quam
1504 4301 1634 4356 illud

133 4397 254 4452 queat
269 4400 363 4460 apte
386 4394 651 4464 quadrare
670 4435 684 4460 ,
724 4393 823 4447 nisi
862 4393 1099 4448 dicamus
1125 4388 1327 4448 huncce
1350 4394 1594 4448 comitem
1616 4436 1631 4460 ,

133 4473 223 4539 lium
241 4483 397 4550 agebat
410 4501 526 4541 cum
552 4482 846 4547 Bonifacio,
875 4485 1029 4538 simul
1050 4485 1209 4540 etiam
1240 4500 1360 4540 cum
1384 4485 1634 4541 Vandalis

133 4566 490 4634 egissemccnon
533 4590 661 4630 cum
704 4576 783 4628 eis
823 4575 1008 4630 fecisse
1051 4574 1322 4630 inducias:
1354 4575 1453 4631 hac
1490 4578 1633 4632 enim

134 4650 223 4709 belli
245 4659 465 4720 dilatione
499 4665 636 4721 nihil
667 4665 810 4721 aliud
847 4666 1056 4721 videtur
1083 4667 1382 4738 signiﬁcari.
1417 4668 1635 4738 Accepit

136 4740 273 4804 Darius
294 4757 418 4822 pacis
441 4752 680 4814 obsidem
729 4757 1007 4829 quemdam
1039 4757 1378 4812 Verimodum
1394 4798 1409 4825 ,
1433 4761 1599 4830 patria
1614 4801 1630 4827 ,

137 4850 327 4905 titantem
367 4850 662 4919 conjectura
704 4848 831 4905 licet
875 4850 1119 4920 assequi,
1168 4849 1497 4916 Romanum,
1541 4860 1634 4907 aut

135 4929 273 4989 Saltem
303 4937 538 4998 afﬁnitate
566 4959 688 4998 cum
716 4936 985 4999 Bonifacio
1007 4944 1247 5012 junctum
1271 4960 1283 4995 :
1306 4943 1631 5014 quandoqui-

138 5015 224 5077 dem
250 5027 304 5081 ab
335 5030 609 5102 Augustino
648 5034 927 5100 salutatur,
955 5050 1110 5103 quem
1135 5043 1189 5089 et
1215 5034 1299 5088 ille
1333 5044 1515 5091 mutuo
1542 5050 1630 5091 re-

139 5110 296 5180 “lml.
308 5123 531 5193 quodque
559 5124 641 5179 sui
672 5124 1018 5191 meminisset,
1035 5122 1297 5194 impendio
1319 5126 1549 5195 gaudere
1572 5141 1631 5182 se

140 5203 377 5287 testiﬁcatur
392 5212 540 5285 (Ibid.
568 5224 613 5269 et
638 5215 805 5284 Epist.
827 5216 953 5282 229,
972 5233 1021 5270 η.
1046 5215 1113 5281 2;
1136 5215 1301 5286 Epist.
1323 5210 1447 5283 231,
1473 5234 1524 5271 η.
1549 5212 1628 5287 7).

140 5284 279 5351 Darius
293 5299 606 5360 christianum
630 5306 935 5376 religionem
962 5307 1062 5362 sibi
1084 5323 1115 5361 a
1141 5307 1427 5377 majoribus
1455 5318 1627 5365 trans-

142 5379 303 5442 Mittam
347 5396 705 5463 proﬁtebatur;
737 5413 833 5453 nec
863 5408 1036 5454 tamen
1073 5414 1103 5453 a
1136 5414 1270 5454 vana
1302 5399 1628 5470 Paganorum

144 5479 436 5541 “Mutinae
465 5489 589 5543 satis
623 5489 975 5545 abhorrebat:
998 5490 1092 5545 sed
1123 5491 1258 5546 lecto
1282 5491 1493 5546 demum
1517 5492 1626 5546 Au-

145 5564 316 5659 W.
331 5578 532 5644 milites
554 5582 711 5651 ritus,
731 5590 788 5637 ut
813 5598 1080 5652 nunquam
1101 5583 1253 5644 alias.
1276 5583 1483 5638 abunde
1502 5581 1628 5636 aﬁ'a-

147 5654 294 5727 ιίωιιιιε
315 5672 602 5743 contempsit
630 5670 820 5746 (Epist.
849 5673 954 5729 230
974 5715 988 5739 ,
1022 5691 1073 5728 η.
1100 5674 1177 5747 4).
1213 5673 1348 5741 Quin
1377 5674 1534 5729 etiam
1560 5675 1626 5730 ad

148 5751 237 5835 Ψ
256 5751 427 5818 βαθύς
451 5763 661 5834 gradum
695 5766 967 5835 pervenit,
999 5775 1055 5820 ut
1090 5774 1308 5821 sanctus
1333 5765 1535 5821 Praesul
1559 5766 1627 5823 de

153 5832 289 5897 metu
306 5832 479 5910 locutus
495 5832 806 5928 reperiatur,
834 5869 1081 5930 tanquam
1105 5859 1171 5917 de
1185 5874 1377 5931 magno
1396 5845 1657 5931 quodam'

17 5976 381 6332 μ

1433 426 1635 487 LIBER
1673 424 2006 491 OCTAVUS.
3263 446 3364 512 574

194 548 462 621 Bonifacius
493 543 1023 620 [importem-Regium
1058 562 1111 603 se
1138 546 1349 619 recipit:
1374 560 1430 604 eo
1459 544 1675 604 Vandali

1780 548 1916 640 viro,
1940 567 1969 607 a
1998 568 2107 640 quo
2126 548 2327 640 laudari
2358 572 2416 614 se
2442 555 2560 615 ideo
2588 558 2878 633 gaudebat,
2907 565 3049 635 quod
3076 565 3120 622 is
3143 577 3360 640 propter

1779 639 2048 698 Christum
2079 638 2324 717 diligeret
2349 664 2531 704 servos
2561 649 2710 721 eius;
2738 669 2942 711 necnon
2974 654 3058 711 vir
3083 638 3281 728 bonus,
3305 670 3358 717 et

1776 742 1883 788 nan
1922 736 1974 790 in
2013 734 2328 807 superﬁcie‘,
2374 740 2467 795 sed
2512 741 2564 796 in
2602 736 2884 799 christiana
2921 742 3178 807 charitate
3215 761 3357 810 esset

1774 814 2091 883 Christianus
2108 824 2295 901 (Epist.
2310 824 2434 897 251,
2454 849 2541 888 nn.
2561 828 2615 899 2,
2632 830 2710 905 6).
2726 832 3053 908 Quapropter
3068 843 3353 900 amicitiam

1758 916 1889 987 'ejus
1936 912 2039 975 sibi
2086 935 2395 990 comparare
2425 925 2637 979 sanctus
2666 918 2950 997 Virtnagnl
2992 930 3227 998 putabat.
3272 926 3352 989 Illi

1770 998 1836 1061 de
1857 1018 1984 1078 paCe
2013 1010 2124 1067 sive
2155 1007 2378 1069 induciis
2399 1056 2415 1080 ,
2447 1030 2577 1084 quas
2606 1011 2838 1083 fecerat,
2868 1010 3187 1088 gratulatum
3216 1024 3349 1079 scri-

1770 1097 1875 1167 psit
1893 1096 2079 1171 (Epist.
2103 1098 2251 1175 229),
2274 1104 2597 1175 voluptatem
2624 1100 2861 1163 fortassis
2894 1108 2963 1164 ob
2988 1108 3047 1165 id
3065 1112 3347 1170 maximam

1768 1202 1875 1257 prae
1898 1205 1955 1245 se
1978 1188 2172 1257 ferens,
2198 1194 2336 1263 quod
2368 1212 2453 1249 res
2474 1196 2646 1251 amico
2667 1212 2763 1253 suo
2780 1198 3047 1256 Bonifacio
3073 1202 3350 1274 obtigisset

1764 1279 1921 1351 longe
1950 1282 2267 1351 gratissima.
2309 1285 2384 1338 De
2411 1285 2561 1342 libris
2588 1297 2764 1343 autem
2790 1289 2917 1359 suis,
2946 1290 3064 1348 illos
3089 1286 3216 1349 dicit
3241 1295 3348 1351 for-

1764 1373 1899 1427 sitan
1935 1370 2033 1445 ipsi
2079 1391 2185 1431 non
2233 1374 2597 1448 diSplicnisse,
2630 1378 2918 1438 dummodo
2958 1383 3061 1439 illis
3093 1387 3343 1444 evolven-

1761 1464 1843 1520 dis
1889 1464 2010 1536 plus
2050 1467 2323 1523 charitatis
2398 1466 2756 1538 adhibuisset,
2820 1490 2978 1545 quam
3020 1477 3339 1537 severitatis.

1760 1555 1840 1610 Ad
1870 1566 2165 1613 extremum
2187 1567 2242 1613 ut
2270 1576 2327 1615 se
2354 1575 2444 1614 sua
2476 1559 2649 1632 aliqua
2676 1563 2896 1634 epistola
2920 1564 3165 1636 dignetur
3190 1570 3337 1638 petit.

1758 1648 1947 1706 Darius
1983 1650 2124 1708 illius
2164 1652 2421 1708 voluntati
2460 1671 2661 1711 morem
2687 1657 2853 1727 gessit
2881 1677 2893 1713 :
2920 1673 2983 1714 ac
3016 1658 3341 1717 benevolen-

1759 1740 1883 1795 tiam
1907 1757 2030 1813 erga
2055 1743 2222 1798 virum
2252 1755 2490 1799 sanctum
2518 1762 2580 1801 ac
2602 1749 3000 1805 venerationem
3037 1751 3193 1821 plane
3227 1753 3339 1808 sin—

1756 1834 1990 1903 gularem
2023 1835 2209 1891 litteris
2238 1836 2575 1907 amplissimis
2606 1848 2827 1895 testatus
2852 1851 2935 1896 est
2955 1840 3150 1914 (Epist.
3184 1845 3334 1917 250).

1755 1923 1829 1978 lbi
1857 1941 1975 1996 qua:
2016 1927 2082 1981 ad
2118 1943 2302 1997 pacem
2343 1929 2722 1985 conciliandam
2758 1941 3015 2003 gesserat,
3043 1932 3115 1989 illi
3139 1936 3338 2007 signiﬁ-

1753 2023 1857 2077 cat,
1893 2016 2094 2072 addens
2130 2035 2346 2088 sperare
2383 2035 2466 2085 se,
2493 2030 2736 2076 votorum
2766 2023 3001 2093 ejusdem
3031 2035 3188 2096 atque
3218 2044 3337 2082 ora-

1755 2106 1954 2160 tionum
1987 2108 2233 2177 prtesidio
2272 2109 2418 2177 fore,
2458 2120 2515 2165 ut
2548 2111 2742 2166 bellum
2774 2113 2912 2182 quod
2942 2114 3055 2185 ipse
3081 2115 3336 2173 duntaxat

1752 2195 2081 2264 distulisset,
2126 2200 2334 2269 penitus
2382 2200 2673 2256 tolleretur.
2728 2203 2802 2257 De
2846 2204 3064 2259 historia
3105 2208 3331 2279 Abagari

1752 2289 2072 2343 intentionem
2094 2288 2241 2356 facit;
2268 2300 2578 2345 etsanctum
2602 2292 2901 2347 Antistitem
2931 2294 3242 2362 obtestatur,
3274 2308 3331 2354 ut

1750 2377 1816 2432 ad
1840 2394 1895 2433 se
1922 2379 2134 2444 scribat,
2158 2379 2422 2451 librosque
2436 2382 2837 2438 Confessionum
2861 2401 2963 2438 una
2987 2388 3325 2442 transmittat.

1751 2462 1869 2538 ipse
1907 2486 2032 2526 vero
2074 2487 2168 2542 per
2216 2471 2475 2543 Lazapum
2524 2474 2889 2546 presbyterum
2931 2475 3218 2532 deferenda
3260 2479 3329 2533 ad

1751 2576 1870 2615 eum
1901 2562 2103 2616 curavit
2130 2563 2369 2634 qumdam
2401 2564 2803 2634 medicamenta,
2824 2583 2940 2639 qua:
2966 2568 3205 2638 ejusdem
3233 2586 3326 2624 va-

1750 2653 2037 2709 letudinem
2062 2656 2237 2735 levare
2263 2673 2417 2727 posse
2442 2658 2682 2713 inedicus
2710 2659 2996 2715 afﬁrmarat
3019 2679 3030 2713 :
3055 2660 3137 2716 his
3167 2677 3326 2732 pecu-

1748 2743 1888 2798 niam
1917 2762 2125 2817 quoque
2154 2747 2412 2817 adjecisse
2444 2746 2670 2817 videtur,
2716 2750 2780 2804 ad
2820 2751 3139 2807 coemendos
3188 2753 3330 2810 illius

1747 2836 2082 2894 bibliothecae
2125 2838 2323 2907 libros;
2362 2843 2568 2897 tametsi
2610 2843 2709 2899 hoc
2752 2844 2962 2899 silentio
2991 2846 3323 2914 praeterierit.

1746 2926 1964 2984 Comitis
1997 2931 2133 2986 dona
2177 2942 2229 2987 et
2270 2933 2449 2988 laudes
2478 2944 2629 3005 grato
2655 2933 2831 2989 animo
2863 2937 2949 2990 Vir
2985 2947 3198 2994 sanctus
3237 2953 3326 2996 ac-

1747 3023 1915 3091 cepit;
1948 3022 2067 3092 quia
2095 3022 2283 3078 bonam
2309 3022 2481 3078 dantis
2503 3034 2555 3080 et
2586 3026 2846 3082 laudantis
2876 3038 3103 3083 mentem
3133 3045 3325 3101 argue—-

1745 3108 1871 3167 bant
1896 3130 1907 3164 :
1931 3114 2174 3182 quocirca
2198 3116 2244 3167 ei
2278 3123 2381 3168 tum
2426 3117 2639 3170 incitato
2672 3127 2880 3187 tamque
2923 3127 3106 3174 tenero
3135 3120 3325 3175 affectu

1744 3202 2050 3273 respondit,
2085 3215 2139 3259 ut
2174 3205 2224 3259 in
2255 3206 2352 3261 hoc
2380 3222 2407 3259 a
2441 3223 2536 3261 suo
2568 3223 2715 3263 more
2744 3210 2856 3279 ipse
2883 3210 3173 3267 recederet.
3203 3209 3316 3268 Non

1745 3295 1885 3349 solas
1905 3295 2275 3351 Confessiones
2295 3297 2360 3350 ad
2384 3313 2502 3351 eum
2527 3298 2700 3362 misit;
2733 3300 2827 3352 sed
2868 3300 2981 3369 ejus
3008 3303 3322 3371 posutlatum

1744 3403 1998 3458 superare
2015 3391 2251 3460 cupiens,
2272 3390 2462 3459 adjecit
2479 3400 2703 3460 quatuor
2721 3400 2996 3456 tractatus,
3011 3407 3144 3461 quos
3163 3394 3324 3449 libros

1747 3488 1920 3542 vocat,
1943 3472 2013 3532 De
2044 3481 2145 3548 ﬁde
2175 3498 2338 3533 rerum
2356 3498 2467 3551 quia
2489 3499 2588 3535 non
2611 3483 2858 3547 videntur,
2880 3483 2941 3537 de
2959 3482 3230 3551 Patientia,
3250 3484 3327 3538 De

1745 3566 2076 3635 Continentia,
2097 3566 2173 3624 De
2192 3566 2533 3636 Providentia,
2556 3588 2759 3627 necnon
2782 3574 2978 3642 grande
2994 3590 3125 3644 opus
3136 3574 3214 3629 De
3229 3574 3323 3629 Fi-

1744 3656 1823 3727 de,
1846 3662 1949 3731 Spe
1963 3671 2009 3715 et
2031 3656 2305 3728 Clam-itote,
2337 3662 2475 3732 quod
2505 3664 2658 3734 vulgo
2674 3664 3002 3718 Encltiridion
3029 3665 3324 3735 appellatur

1748 3748 1935 3823 (Epist.
1963 3750 2085 3819 251,
2122 3773 2172 3807 n.
2198 3748 2274 3826 ‘7).
2306 3746 2492 3826 Rogat,
2523 3766 2579 3811 ut
2601 3757 2701 3811 sibi
2729 3772 2879 3811 suum
2907 3756 2971 3811 de
3000 3756 3147 3813 hisce
3174 3759 3322 3813 lucu-

1741 3843 2068 3901 brationibus
2090 3847 2367 3917 judicium,
2400 3848 2660 3917 siquidem
2690 3849 2811 3902 illas
2838 3849 2982 3917 prius
3009 3848 3184 3919 legere
3227 3863 3325 3919 po-

1743 3939 1928 4003 tuerit,
1964 3955 2119 4009 quam
2158 3930 2522 4009 proﬁciscatur
2562 3955 2629 3994 ex
2667 3939 2878 4005 Africa,
2919 3941 3174 3995 rescribat
3202 3958 3214 3994 :
3238 3942 3323 3997 sin

1740 4040 1914 4085 autem
1956 4047 2138 4095 secus,
2171 4032 2295 4085 illud
2331 4029 2646 4102 Carthagine
2674 4034 2960 4100 relinquat,
2985 4032 3121 4085 unde
3148 4032 3322 4100 ipsum

1740 4118 1986 4176 Aurelius
2012 4120 2256 4175 dominus
2281 4137 2406 4176 suus
2430 4137 2492 4175 ac
2520 4120 2680 4175 frater
2706 4121 2769 4175 ad
2798 4137 2855 4177 se
2882 4119 3077 4176 deferri
3112 4120 3315 4189 jubeat.

1810 4211 1864 4266 2.
1907 4211 2204 4267 Bonifacius
2231 4213 2279 4267 in
2304 4212 2526 4282 gratiam
2566 4221 2808 4281 receptus
2838 4226 2866 4265 a
2897 4211 3146 4277 Placidia,
3179 4211 3314 4266 nihil

1742 4300 2055 4357 intentatum
2103 4303 2347 4373 reliquit,
2382 4311 2439 4357 ut
2481 4302 2777 4369 Vandalus,
2808 4316 2931 4357 cum
2972 4302 3163 4372 quibus
3209 4309 3317 4357 tam

1740 4395 1974 4449 strictam
1994 4396 2172 4450 iniisse
2188 4396 2493 4451 societatem
2509 4409 2631 4450 eum
2651 4388 2822 4450 serius
2842 4409 2996 4465 aequo
3007 4388 3314 4465 pmnitebat,

1739 4501 1839 4556 qua
1892 4481 2137 4556 precibus
2166 4528 2179 4551 ,
2234 4502 2336 4557 qua
2383 4486 2657 4557 promissis
2685 4528 2699 4550 ,
2745 4485 2811 4540 ad
2858 4484 3216 4539 excedendum
3251 4499 3317 4540 ex

1740 4577 1913 4633 Africa
1947 4578 2248 4647 impelleret
2282 4595 2295 4632 :
2341 4577 2433 4632 sed
2462 4576 2653 4631 frustra
2681 4575 2812 4641 fuit;
2840 4590 3003 4646 seque
3031 4575 3207 4630 deludi
3247 4578 3317 4633 ab

1738 4682 1803 4721 eo
1833 4666 2049 4722 Barbari
2074 4668 2351 4738 conquesti
2393 4675 2516 4722 sunt
2544 4665 2889 4739 (Procopius).
2943 4666 3123 4736 Itaque
3169 4660 3317 4723 arma

1738 4774 1948 4828 capere,
1991 4768 2150 4829 atque
2174 4759 2242 4813 ad
2271 4774 2363 4814 eos
2398 4759 2450 4812 vi
2491 4773 2553 4813 ac
2595 4757 2738 4813 ferro
2775 4757 3062 4828 ejiciendus
3091 4757 3306 4829 aggredi

1737 4859 1951 4905 coactus
1974 4860 2074 4905 est.
2124 4850 2315 4904 Verum
2351 4865 2472 4905 cum
2502 4865 2710 4916 manus,
2777 4848 2912 4905 forte
2936 4849 3044 4919 jam
3088 4848 3156 4903 ab
3192 4849 3315 4905 anni

1738 4942 2239 5013 quadringentesimi
2268 4942 2506 5013 vigesimi
2534 4942 2657 4996 noni
2705 4941 2867 5006 exitu,
2900 4957 3019 4997 cum
3060 4941 3166 4995 illis
3189 4956 3317 4997 con-

1742 5035 2014 5100 seruisset,
2041 5034 2243 5100 victus,
2274 5042 2437 5105 atque
2490 5033 2785 5105 Hipponem
2813 5074 2828 5099 ,
2860 5048 2979 5103 quae
3024 5032 3151 5087 urbs
3191 5039 3315 5087 tunc

1738 5123 1990 5191 temporis
2021 5116 2190 5176 valida
2215 5131 2351 5188 erat,
2394 5138 2459 5177 ex
2490 5122 2611 5193 fuga
2659 5129 2841 5192 petere
2867 5121 3172 5191 compulsus
3209 5132 3311 5176 est.

1736 5202 1847 5267 Hoc
1871 5212 2028 5267 modo
2057 5214 2192 5267 Deus
2210 5229 2330 5268 eum
2345 5204 2640 5284 Augustino
2660 5227 2688 5268 e
2705 5213 2835 5266 vivis
2863 5212 2999 5266 haud
3019 5213 3186 5267 multo
3196 5220 3313 5282 post

1736 5308 1940 5361 exituro
1967 5306 2195 5361 reddidit
2224 5325 2235 5359 :
2268 5305 2405 5361 unde
2435 5306 2563 5362 licet
2579 5305 2873 5369 existimes,
2898 5302 3034 5358 hanc
3056 5303 3152 5372 ipsi
3189 5318 3313 5373 gra-

1736 5399 1860 5452 tiam
1889 5399 2052 5453 Deum
2101 5398 2421 5467 impertitum
2463 5411 2602 5463 esse,
2628 5395 2768 5466 quod
2798 5394 3063 5456 eumdem,
3091 5392 3163 5446 uti
3201 5392 3309 5460 jam

1734 5506 1855 5548 cum
1881 5492 2129 5561 Imperio,
2153 5491 2223 5546 ita
2244 5506 2423 5546 secum
2445 5490 2793 5545 reconciliare
2820 5484 3143 5541 decrevisset
3166 5501 3178 5533 :
3206 5481 3311 5534 sal-

1737 5592 1840 5639 tem
1868 5599 1971 5637 non
2001 5592 2103 5647 est,
2141 5597 2236 5637 cur
2260 5589 2499 5636 sanctum
2522 5561 2808 5635 Prtesulem
2838 5574 2992 5644 hujus
3031 5572 3105 5626 rei
3149 5583 3305 5624 causa

1735 5676 1877 5730 omni
1904 5690 2003 5745 ope
2023 5684 2293 5741 conatum,
2324 5689 2385 5727 ac
2409 5660 2677 5742 sapienter
2703 5679 2806 5724 tam
2828 5671 3122 5734 opportuna
3148 5673 3305 5714 occa-

1734 5768 1884 5823 sione
1909 5780 2061 5821 nsum
2093 5765 2253 5821 fuisse
2272 5763 2569 5819 addubites.
2594 5761 2881 5829 Hipponem
2902 5766 3109 5823 quoque
3124 5749 3306 5806 Passi-

1733 5858 1851 5914 dius
1878 5867 2035 5928 atque
2055 5857 2143 5912 alii
2184 5856 2480 5924 complures
2505 5868 2534 5907 θ
2568 5849 2751 5905 vicinis
2768 5843 3091 5903 antistitibus
3121 5841 3307 5901 confu-
