3880 6438
582 381 690 444 575

579 512 727 570 gere.
771 495 831 554 In
869 511 1028 555 causa
1070 495 1168 556 fuit
1218 495 1304 554 hic
1347 495 1603 554 Bonifacil
1653 506 1896 568 receptus
1947 498 2001 552 in
2034 511 2153 552 eam

579 589 787 658 urbem,
833 606 928 646 cur
979 591 1124 646 illam
1160 589 1383 647 Vandali
1423 592 1521 647 sub
1561 607 1686 664 rege
1730 607 1830 648 suo
1865 591 2154 648 Genserico

579 682 857 740 obsessum
903 684 1147 740 venerint
1182 683 1442 755 (Possid.,
1473 685 1527 740 in
1559 683 1674 739 Vita
1719 685 1957 756 August.,
1987 701 2032 739 c.
2054 684 2149 756 28)

579 790 720 832 anno
744 776 1263 847 quadringentesimo
1299 777 1569 848 trigesimo
1593 818 1609 844 ,
1637 777 1737 832 sub
1781 776 1980 833 exitum
2003 791 2153 831 men-

578 868 653 926 sis
685 867 811 923 maii
848 868 932 922 vel
952 867 1085 938 junii
1111 867 1339 935 initium,
1367 868 1576 939 quando
1594 868 1782 924 beatus
1804 867 2148 938 Augustinus,

575 955 668 1027 qui
704 955 771 1011 ad
812 969 1034 1024 superos
1060 955 1243 1025 quinto
1266 956 1517 1013 kalendas
1555 957 1870 1027 septembris
1914 956 2150 1027 ejusdem

577 1047 702 1101 anni
744 1046 1009 1118 migravit,
1045 1047 1200 1103 tertio
1229 1047 1521 1103 obsidionis
1546 1063 1728 1103 mense
1774 1049 1827 1103 in
1854 1057 2151 1104 extremum

577 1137 763 1193 incidit
813 1138 1076 1206 morbum,
1117 1154 1274 1210 quem
1313 1138 1443 1194 duas
1478 1147 1652 1196 tresve
1694 1139 2072 1204 hebdomadas,
2096 1149 2153 1195 ut

577 1229 734 1293 solet,
759 1229 976 1285 durasse
1002 1229 1288 1285 verisimile
1313 1240 1424 1295 est;
1455 1246 1572 1285 cum
1596 1231 1640 1285 is
1669 1246 1840 1300 neque
1874 1230 2150 1286 diuturnus

576 1334 747 1390 neque
789 1318 1001 1374 brevior
1039 1319 1202 1376 fuisse
1229 1319 1698 1386 animadvertatur,
1741 1329 1901 1392 atque
1940 1321 2150 1376 aliunde

574 1418 778 1464 certum
835 1410 904 1464 sit
953 1410 1196 1465 eumdem
1261 1412 1392 1466 ultra
1443 1411 1625 1466 decem
1679 1411 1794 1466 dies
1837 1412 2149 1481 productum

577 1499 742 1571 (Ibid.
780 1517 825 1553 c.
856 1500 967 1570 5i).
999 1500 1208 1568 Dolori,
1254 1517 1410 1572 quem
1457 1510 1668 1556 sanctus
1693 1502 1891 1556 Pracsnl
1919 1518 1981 1557 ex
2019 1503 2148 1556 alia-

577 1609 692 1648 rum
715 1593 905 1648 Δί’τίοω
935 1594 1203 1648 civitatum
1225 1595 1374 1649 ruina
1390 1603 1623 1665 ceperat,
1646 1604 1848 1650 tantum
1881 1596 2147 1667 augmenti

575 1700 640 1740 ex
685 1686 910 1755 propriae
955 1700 1066 1742 sua:
1089 1686 1236 1741 urbis
1265 1687 1537 1744 obsidione
1581 1689 1807 1743 accessit
1837 1731 1850 1757 ,
1895 1698 2147 1759 quantum

576 1774 731 1830 facile
798 1789 976 1830 secum
1025 1777 1246 1847 quilibet
1297 1778 1560 1848 conjiciat.
1617 1779 1796 1845 Tunc,
1854 1779 1925 1833 ait
1971 1780 2151 1835 Victor

581 1865 837 1931 Vitcnsis,
883 1867 1010 1921 illud
1050 1868 1370 1938 eloquentiae,
1429 1868 1564 1936 quod
1596 1869 1806 1922 ubertim
1851 1887 1938 1938 per
1982 1886 2150 1926 omnes

574 1971 779 2026 campos
825 1955 1067 2011 Ecclesia:
1105 1958 1412 2024 decurrebat,
1463 1960 1573 2028 ipso
1624 1968 1755 2012 metu
1800 1963 2037 2014 siccatum
2080 1971 2150 2016 est

576 2047 796 2115 flumen;
839 2054 987 2114 atque
1037 2047 1250 2100 dulcedo
1303 2048 1563 2101 suauitatis
1615 2048 1811 2103 dulcius
1859 2051 2148 2120 propinata,

576 2137 630 2190 in
657 2139 1041 2192 amaritudinem
1064 2139 1302 2193 absinthii
1327 2157 1465 2194 versa
1486 2141 1788 2211 est(Victor.
1822 2141 2054 2210 Vitensis,
2079 2143 2152 2199 De

575 2227 776 2282 Persec.
804 2227 1019 2285 Vandal.
1044 2229 1130 2285 lib.
1155 2233 1206 2292 l.
1225 2249 1276 2285 η.
1297 2232 1374 2301 ὅ).
1394 2232 1650 2287 Eumdem
1668 2234 1918 2289 continuo
1939 2251 2152 2291 recrea-

573 2317 650 2373 vit
676 2317 776 2373 hoc
790 2317 1052 2382 solatium.
1074 2320 1215 2391 quod
1237 2331 1360 2375 tunc
1389 2322 1569 2391 plures
1590 2322 1883 2392 episcopos,
1916 2324 2152 2395 inqneiis

576 2408 896 2475 Possidium,
912 2410 1288 2483 discipulorum
1310 2413 1741 2478 illustrissimum,
1759 2431 1937 2471 secum
1955 2416 2154 2471 habue-

541 2499 544 2502 ί
573 2499 663 2555 rit.
686 2498 980 2569 Nobiscum,
1002 2502 1076 2556 ait
1101 2502 1212 2569 ille,
1246 2518 1404 2572 super
1425 2504 1507 2559 his
1551 2505 1851 2561 infortuniis
1883 2508 2154 2578 smpissime

574 2591 996 2660 colloquebamur,
1035 2603 1083 2647 et
1108 2592 1204 2647 Dei
1229 2595 1482 2650 tremenda
1504 2596 1699 2666 judicia
1725 2614 1829 2669 pra:
1879 2598 2035 2653 oculis
2064 2616 2154 2653 no-

577 2682 695 2738 stris
722 2683 883 2755 posita
907 2685 1342 2741 considerabamus
1369 2688 1622 2743 dicentes:
1661 2708 1680 2741 ‹
1725 2689 1905 2744 Justus
1943 2708 2024 2758 es,
2058 2690 2154 2746 Do-

577 2774 730 2840 mine,
756 2783 805 2830 et
830 2785 1020 2830 rectum
1062 2777 1314 2846 judicium
1338 2787 1476 2833 tuum
1514 2799 1532 2832 i
1581 2780 1751 2852 (Psal.
1779 2797 1966 2852 cxvm,
2004 2785 2151 2855 157).

579 2860 875 2936 Par-iterque
916 2864 1134 2922 dolentes
1152 2911 1166 2935 ,
1222 2879 1469 2940 gementes
1493 2910 1508 2937 ,
1558 2881 1603 2926 et
1654 2874 1830 2942 flentes
1891 2874 2155 2930 orabamus

577 2955 955 3011 miserationum
998 2967 1188 3027 patrem
1241 2971 1285 3012 et
1335 2959 1498 3014 Deum
1549 2964 1710 3016 omnis
1760 2965 2113 3019 consolationis
2134 3008 2148 3031 ,

578 3056 632 3101 ut
680 3049 734 3102 in
785 3049 958 3103 eadem
1018 3066 1107 3104 nos
1159 3052 1476 3106 tribulatione
1530 3052 1785 3107 sublevare
1845 3054 2151 3124 dignaretur.

579 3138 647 3193 Et
676 3144 805 3210 forte
838 3145 1078 3211 provenit,
1123 3153 1177 3197 ut
1205 3161 1304 3197 una
1326 3161 1438 3198 cum
1465 3144 1637 3199 eodem
1681 3147 1748 3200 ad
1785 3163 2008 3202 mensam
2033 3165 2154 3202 con-

579 3230 782 3296 stitutis,
830 3239 876 3283 et
924 3231 1040 3284 inde
1083 3232 1537 3302 confabulantibus,
1583 3236 1724 3289 nobis
1781 3235 2010 3290 diceret:
2040 3237 2156 3293 No-

581 3319 748 3372 ueritis
774 3335 852 3371 me
880 3320 972 3373 hoc
995 3329 1216 3390 tempore
1242 3333 1427 3378 nostrae
1457 3325 1758 3381 calamitatis
1796 3329 1850 3380 id
1884 3327 2047 3384 Deum
2073 3347 2157 3384 ro-

582 3424 721 3478 gare,
763 3416 817 3462 ut
850 3420 938 3462 aut
979 3411 1106 3465 hanc
1139 3413 1383 3466 civitatem
1429 3415 1493 3469 ab
1532 3416 1754 3472 hostibus
1796 3421 2156 3477 circumdatam

582 3498 794 3553 liberare
819 3499 1068 3570 dignetur,
1090 3511 1177 3556 aut
1200 3503 1245 3557 si
1267 3503 1410 3557 aliud
1431 3507 1476 3560 ei
1510 3507 1724 3575 videtur,
1752 3526 1870 3564 suos
1894 3528 2060 3568 servos
2087 3515 2155 3568 ad

584 3592 929 3662 perferendam
949 3610 1092 3649 suam
1113 3596 1411 3651 voluntatem
1432 3602 1587 3669 fortes
1615 3600 1788 3669 faciat,
1830 3613 1916 3657 aut
1936 3615 2072 3660 certe
2102 3615 2156 3660 ut

581 3699 662 3738 me
679 3683 743 3736 de
761 3687 854 3737 hoc
875 3682 1061 3738 steculo
1079 3684 1148 3738 ad
1169 3701 1224 3739 se
1241 3688 1474 3757 accipiat.
1511 3688 1635 3756 Quae
1648 3690 1734 3745 ille
1758 3693 1945 3757 dicens,
1970 3710 2157 3764 nosque

582 3774 856 3838 instruens,
888 3774 1121 3844 deinceps
1145 3792 1259 3829 cum
1285 3778 1456 3832 eodem
1482 3789 1533 3834 et
1557 3797 1676 3845 nos,
1703 3790 1750 3835 et
1778 3786 1936 3837 nostri
1963 3801 2152 3852 omnes,

581 3873 627 3917 et
646 3864 744 3932 ipsi
763 3865 849 3932 qui
866 3865 918 3918 in
945 3865 1116 3919 eadem
1147 3870 1344 3937 fuerant
1363 3869 1575 3936 civitate,
1604 3887 1636 3924 α
1653 3887 1846 3926 summo
1872 3872 1979 3928 Deo
2017 3876 2157 3930 simi-

581 3957 694 4010 liter
719 3956 1022 4026 petebamus.
1072 3957 1140 4011 Et
1165 3974 1278 4013 ecce
1324 3961 1468 4014 tertio
1513 3961 1652 4016 illius
1694 3962 1963 4020 obsidionis
1989 3982 2158 4022 mense

579 4046 812 4100 decubuit
853 4047 1073 4117 febribus
1102 4049 1361 4122 fatigatus,
1407 4059 1454 4104 et
1499 4050 1588 4104 illa
1624 4053 1799 4107 ultima
1837 4057 2155 4112 exercebatur

577 4139 888 4209 aegritudine.
932 4138 1042 4194 Nec
1074 4156 1220 4194 suum
1266 4157 1388 4195 sane
1427 4141 1676 4198 Dominus
1711 4146 1955 4215 famulum
1988 4149 2155 4218 fructu

579 4245 684 4284 sua:
709 4232 864 4299 precis
895 4220 1167 4301 fraudavit.
1221 4229 1360 4285 Nam
1380 4241 1425 4285 et
1445 4233 1538 4287 sibi
1555 4235 1673 4303 ipsi,
1700 4243 1746 4288 et
1767 4235 1926 4289 eidem
1949 4237 2152 4306 civitati,

581 4321 716 4388 quod
744 4321 1038 4391 lacrymosis
1074 4321 1364 4392 depoposcit
1395 4323 1642 4392 precibus,
1669 4326 1722 4378 in
1749 4335 1973 4396 tempore
1998 4329 2158 4398 impe-

583 4413 731 4466 travit
755 4410 1004 4482 (Possid.,
1029 4413 1082 4466 in
1109 4411 1222 4466 Vita
1242 4413 1476 4485 August,
1491 4431 1564 4468 cc.
1587 4415 1676 4478 28,
1695 4414 1809 4487 Q9).
1833 4417 2031 4484 Quibus
2047 4436 2157 4475 ver-

577 4503 659 4560 bis
685 4505 734 4559 id
766 4504 996 4560 indicare
1024 4503 1526 4569 videturPossidius,
1549 4506 1689 4576 quod
1714 4523 1742 4561 a
1776 4508 2032 4579 Procopio
2054 4521 2157 4567 tra-

581 4593 740 4661 ditur,
782 4594 952 4650 fessos
975 4595 1297 4650 obsessionis
1315 4610 1462 4650 mora
1485 4595 1765 4664 Barbaros,
1783 4599 1850 4654 ab
1867 4607 1928 4654 ea
1945 4602 2156 4659 tandem

577 4688 862 4742 recessisse
884 4706 896 4742 :
915 4703 1034 4757 quae
1061 4703 1145 4742 res
1173 4688 1375 4743 civibus
1395 4689 1706 4744 deserenda:
1720 4690 1884 4754 urbis,
1902 4693 2040 4762 quod
2063 4708 2157 4748 eos

581 4775 768 4830 fecisse
794 4777 1062 4832 Possidius
1083 4779 1175 4845 ait,
1204 4793 1266 4834 ac
1281 4779 1465 4834 salutis
1491 4795 1600 4834 suae
1619 4781 1920 4837 asserendae
1949 4782 2158 4839 faculta-

583 4873 690 4919 tem
725 4865 888 4920 dedit.

651 4955 704 5009 5.
750 4954 864 5009 Non
897 4955 1115 5010 dubium
1156 4965 1238 5013 est
1284 4959 1409 5028 quin
1453 4958 1722 5016 Possidius
1757 4961 1823 5016 ad
1859 4971 2155 5018 extremum

582 5046 722 5101 hunc
765 5047 1005 5102 morbum
1030 5048 1193 5102 relata
1215 5049 1441 5104 voluerit
1461 5065 1553 5115 ea,
1590 5067 1709 5121 quae
1739 5054 2156 5125 paueisinterje-

582 5139 681 5195 etis
707 5131 920 5208 subjicit
941 5140 991 5193 in
1017 5139 1132 5195 haec
1153 5140 1312 5196 verba
1339 5158 1351 5194 :
1379 5140 1801 5214 Itemque(novi),
1820 5146 1888 5198 ad
1906 5157 2158 5217 regrotan~

583 5239 678 5285 tem
703 5239 749 5284 et
772 5230 898 5285 lecto
922 5239 1180 5285 vacantem
1199 5233 1463 5301 quemdam
1487 5249 1600 5286 cum
1623 5250 1713 5288 suo
1727 5247 1916 5306 aegroto
1942 5239 2152 5305 venisse,

582 5331 628 5376 et
652 5321 920 5391 rogauisse,
947 5329 1003 5374 ut
1029 5321 1190 5376 eidem
1214 5337 1418 5376 manum
1436 5323 1730 5392 imponeret,
1752 5340 1848 5393 quo
1873 5341 2026 5379 sanus
2053 5342 2158 5382 esse

583 5423 794 5484 posset:
820 5429 1028 5483 eumque
1075 5414 1406 5484 respondisse,
1452 5415 1496 5468 si
1537 5415 1730 5485 aliquid
1761 5416 1814 5469 in
1857 5417 1934 5471 his
1973 5429 2155 5488 posset,

582 5507 677 5561 sibi
699 5507 793 5561 hoc
808 5506 974 5576 utique
990 5506 1216 5577 primitus
1241 5506 1547 5577 prtestitisset
1575 5521 1595 5560 :
1621 5515 1666 5560 et
1690 5506 1836 5561 illum
1859 5508 2064 5576 dixisse,
2087 5511 2159 5564 ui-

584 5599 790 5651 sitatum
831 5612 883 5652 se
918 5595 1102 5666 fuisse,
1142 5595 1332 5666 sibique
1376 5611 1466 5666 per
1502 5598 1751 5651 somnium
1792 5598 1980 5652 dictum
2009 5616 2112 5656 esse
2139 5618 2158 5656 :

593 5687 733 5742 Vade
756 5688 824 5742 ad
849 5689 1182 5760 Augustinum
1218 5688 1531 5760 episcopum,
1559 5697 1612 5742 ut
1635 5689 1794 5745 eidem
1826 5706 2030 5745 manum
2070 5693 2160 5747 im-

588 5788 761 5850 ponat,
783 5788 829 5834 et
857 5779 1024 5835 saluus
1047 5781 1158 5835 erit.
1193 5778 1341 5848 Quod
1357 5779 1476 5835 dum
1495 5782 1835 5852 comperisset,
1865 5783 2029 5853 facere
2056 5799 2189 5838 non.

1695 381 1856 440 VITA
1893 382 1951 440 S.
1990 378 2352 439 AUGUSTINI
2393 381 2708 443 EPISCOPI.

2259 500 2484 566 distulit;
2508 512 2556 557 et
2581 505 2726 559 illum
2752 505 3010 577 inﬁrmum
3032 511 3267 567 continuo
3294 511 3526 572 Dominus
3544 535 3686 578 sanum
3703 528 3743 582 ai

2258 593 2430 647 eodem
2467 595 2716 652 discedere
2735 599 2848 667 fecit
2876 599 3058 670 (lbid.,
3088 619 3132 656 c.
3155 602 3275 674 29).
3299 605 3473 662 Visum
3505 621 3576 666 est
3602 614 3740 674 divina

2258 683 2552 742 clementiae
2575 687 2676 744 hoc
2696 691 2970 757 miraculo,
2995 693 3132 763 quod
3160 711 3258 764 per
3277 711 3396 750 eum
3421 698 3469 752 in
3493 701 3650 758 ultimo
3662 709 3742 766 vita

2258 780 2521 836 curriculo
2561 785 2901 852 perpetravit,
2931 785 3045 855 ejus
3073 787 3126 841 in
3167 775 3374 858 agendo
3400 795 3744 870 sanctimoniam,

2257 885 2467 927 necnon
2493 872 2546 927 in
2567 874 2847 929 scribendo
2875 875 3167 931 doctrinam
3195 893 3260 933 ac
3285 883 3520 948 pietatem
3543 889 3665 953 quasi
3683 892 3746 945 ob-

2255 961 2483 1032 signare.
2531 962 2666 1018 Novi
2712 982 2937 1037 quoque,
2977 967 3050 1021 ait
3077 967 3216 1024 idem
3253 983 3462 1038 auctor,
3511 977 3692 1031 amttam
3719 993 3748 1035 et

2258 1053 2618 1124 presbyterum,
2641 1063 2686 1108 et
2707 1057 3014 1126 episcopum,
3036 1075 3126 1129 pro
3151 1059 3449 1126 quibusdam
3489 1072 3750 1136 energummis

2257 1137 2554 1206 patientibus
2578 1146 2635 1192 ut
2651 1148 2834 1204 oraret,
2853 1149 3102 1211 rogatum,
3124 1159 3336 1212 eumque
3354 1143 3405 1196 in
3423 1147 3619 1202 oratione
3633 1149 3749 1222 laug-

2256 1242 2364 1281 mas
2388 1226 2677 1298 fundentem
2697 1229 2857 1283 Deum
2883 1247 3104 1302 rogasse,
3128 1241 3174 1286 et
3205 1233 3454 1288 daemones
3467 1237 3524 1289 ab
3541 1238 3750 1296 hominibus

2254 1317 2510 1372 recessisse
2522 1317 2722 1390 (Ibid.).
2746 1319 2814 1375 Et
2833 1319 2950 1376 haec
2964 1321 3182 1376 omnino
3201 1322 3271 1376 de
3288 1324 3608 1381 exterioribus
3621 1328 3750 1387 Sancti

2256 1407 2412 1478 hujus
2439 1411 2606 1464 nostri
2656 1411 2922 1467 miraculis
2963 1413 3219 1483 reperias.
3251 1412 3432 1469 Dicere
3462 1427 3604 1472 autem
3630 1421 3746 1489 nobis,

2255 1499 2422 1568 inquit
2468 1499 2774 1568 Possidius,
2823 1503 2952 1556 inter
3000 1505 3280 1573 familiaria
3327 1507 3558 1577 colloquia
3595 1527 3748 1566 consue-
3839 1501 3843 1556 1

2255 1597 2409 1655 verat,
2442 1599 2552 1657 post
2581 1599 2866 1660 perceptum
2891 1590 3230 1662 Baptismum,
3254 1595 3405 1648 etiam
3426 1596 3627 1652 laudatos
3645 1599 3749 1654 Cirri-

2254 1679 2440 1733 stianos
2465 1689 2512 1732 et
2559 1679 2839 1735 sacerdotes
2879 1683 3061 1752 absque
3105 1684 3262 1755 digna
3289 1697 3335 1738 et
3363 1690 3625 1758 competenti
3643 1693 3748 1760 peni-

2255 1771 2405 1824 tentia
2446 1772 2580 1825 exire
2617 1772 2680 1826 de
2710 1789 2921 1843 corpore
2954 1790 3053 1828 non
3085 1775 3282 1829 debere.
3317 1775 3462 1841 Quod
3487 1789 3528 1831 et
3564 1781 3651 1848 ipse
3669 1785 3748 1851 fuit

2255 1863 2453 1928 ultima,
2485 1879 2583 1934 qua
2607 1863 2870 1932 defunctus
2887 1874 2980 1932 est,
2998 1866 3301 1936 (egritudine
3321 1883 3339 1920 :
3358 1884 3470 1921 nam
3496 1868 3576 1922 sibi
3587 1871 3749 1939 iusserat

2256 1951 2489 2008 Psalmos
2527 1953 2809 2020 Davidicos,
2851 1955 2936 2024 qui
2971 1966 3088 2009 sunt
3117 1957 3408 2027 paucissimi
3430 1957 3489 2011 de
3515 1961 3746 2028 poenitentia,
3842 1987 3843 2016 :

2253 2044 2435 2110 scribi,
2480 2045 2711 2115 ipsosque
2735 2047 3082 2116 quaterniones
3097 2047 3289 2116 jacens
3315 2049 3365 2102 in
3392 2049 3507 2102 lecto
3529 2060 3668 2104 contra
3684 2070 3746 2120 ρα-
3842 2077 3843 2108 ξ

2254 2135 2426 2190 rietem
2453 2136 2640 2205 positos
2663 2136 2836 2190 diebus
2863 2152 2968 2190 sua:
2990 2137 3304 2206 infirmitatis
3328 2138 3588 2193 intuebatur
3607 2152 3644 2194 et
3659 2143 3747 2211 lege-

2255 2224 2358 2292 bat,
2385 2235 2432 2281 et
2451 2227 2643 2297 jugiter
2681 2243 2743 2280 ac
2782 2227 2991 2282 ubertim
3017 2227 3168 2298 ﬂebat
3202 2245 3220 2282 :
3258 2239 3306 2283 et
3341 2247 3401 2283 ne
3426 2231 3608 2285 intentio
3631 2234 3709 2302 ejus
3729 2251 3749 2285 α

2255 2332 2501 2386 quoquam
2523 2317 2864 2388 impediretur,
2879 2328 2994 2372 ante
3007 2319 3113 2373 dies
3137 2322 3299 2390 ferme
3317 2320 3496 2387 decem,
3512 2328 3749 2392 quarneriret

2256 2406 2318 2461 de
2336 2424 2561 2477 corpore,
2592 2426 2624 2462 α
2661 2411 2802 2464 nobis
2828 2410 3097 2481 postulauit
3123 2413 3472 2483 praesentibus,
3509 2431 3562 2467 ne
3596 2416 3680 2482 quis
3704 2418 3749 2467 ad

2257 2517 2368 2554 eum
2393 2501 2752 2572 ingrederetur,
2787 2504 2882 2558 nisi
2919 2505 2980 2559 iis
3007 2514 3207 2559 tantum
3242 2507 3400 2572 horis,
3434 2507 3589 2578 quibus
3624 2508 3750 2562 medici

2257 2591 2324 2644 ad
2352 2593 2716 2662 inspiciendum
2745 2595 3008 2660 intrarent,
3031 2597 3110 2650 vel
3123 2614 3240 2651 cum
3260 2599 3514 2669 eirefectio
3535 2599 3749 2669 inferretur.

2259 2682 2325 2735 Et
2353 2683 2424 2736 ita
2453 2684 2762 2738 obseruatum
2787 2702 2845 2740 ac
2880 2687 3068 2756 factum
3102 2697 3210 2752 est;
3250 2699 3296 2744 et
3323 2689 3455 2743 onmi
3489 2690 3566 2743 illo
3597 2698 3751 2756 tempore

2259 2775 2474 2827 orationi
2507 2775 2734 2830 vacabat.
2764 2775 2980 2832 Verbum
3033 2778 3143 2845 Dei,
3197 2797 3357 2850 usque
3397 2780 3460 2833 ad
3483 2782 3619 2850 ipsam
3653 2797 3752 2834 suam

2259 2875 2530 2919 extremam
2553 2867 2924 2938 tegritudinem,
2945 2869 3374 2939 imprtetermisse,
3399 2872 3606 2926 alacriter
3619 2883 3654 2927 et
3681 2873 3750 2940 [οτι
3842 2911 3843 2914 η

2260 2955 2371 3008 titer
2403 2972 2528 3009 sana
2549 2966 2712 3012 mente
2731 2974 2952 3028 saneque
2961 2961 3169 3014 consilio
3196 2962 3252 3015 in
3275 2961 3495 3017 Ecclesia
3517 2963 3751 3032 pradicant.

2260 3044 2498 3100 Membris
2522 3048 2748 3102 omnibus
2773 3051 2852 3104 sui
2870 3051 3093 3120 corporis
3117 3051 3406 3120 incolumis,
3428 3054 3595 3124 integro
3609 3063 3751 3122 aspectu

2258 3146 2407 3206 atque
2430 3137 2627 3205 auditu,
2643 3147 2706 3204 et,
2735 3148 2790 3192 ut
2817 3141 3056 3212 scriptum
3093 3149 3181 3205 est,
3231 3142 3372 3197 nobis
3397 3144 3632 3197 astantibus
3649 3152 3683 3193 et
3701 3145 3752 3193 ri-

2261 3227 2508 3293 dentibus,
2541 3238 2587 3282 et
2615 3246 2728 3283 cum
2768 3247 2826 3284 eo
2871 3234 3059 3302 pariter
3087 3235 3372 3300 orantibus,
3409 3235 3752 3288 obdormiritcust

2261 3316 2486 3386 patribus
2525 3319 2628 3373 suis
2659 3360 2674 3385 ,
2721 3321 2962 3376 enutritus
3007 3322 3059 3375 in
3105 3323 3239 3376 bona
3279 3333 3544 3386 senectute;
3578 3331 3615 3375 et
3647 3321 3744 3375 trabis

2259 3421 2427 3460 coram
2483 3424 2573 3477 pro
2621 3409 2730 3478 ejus
2779 3411 3174 3464 commendanda
3245 3414 3464 3483 corporis
3523 3411 3749 3480 depositione
3827 3485 3832 3490 ι

2257 3499 2559 3568 sacriﬁcium
2607 3498 2713 3554 Deo
2759 3501 2978 3556 oblatum
3028 3513 3118 3568 est,
3177 3514 3226 3558 et
3268 3506 3484 3575 sepultus
3524 3513 3583 3557 est
3617 3501 3746 3569 (ibid,
3831 3549 3834 3552 ,

2258 3607 2304 3644 c.
2325 3590 2384 3644 5i
2407 3588 2446 3662 ).
2477 3591 2704 3661 Prosper
2723 3592 2788 3647 ad
2811 3609 3004 3647 annum
3029 3594 3228 3650 Christi
3263 3594 3747 3666 quadringentesimum

2262 3682 2611 3752 trigesimum,
2662 3684 2864 3739 scilicet
2899 3684 3202 3741 Theodosio
3230 3687 3483 3743 decimum
3523 3685 3688 3740 tertium
3713 3689 3748 3735 et
3833 3737 3843 3752 ,

2261 3769 2630 3827 Valentiniano
2673 3775 2884 3828 tertium
2913 3776 3220 3831 consulibus
3241 3819 3253 3843 ,
3285 3778 3476 3832 obitum
3513 3775 3607 3844 ejus
3638 3770 3747 3826 refert

2260 3862 2343 3917 his
2371 3862 2545 3916 verbis
2569 3879 2580 3914 :
2613 3864 2917 3933 Augustinus
2943 3866 3202 3936 episcopus
3228 3884 3318 3938 per
3341 3867 3498 3920 omnia
3513 3860 3747 3918 excellentis-

2259 3953 2414 4006 simus
2439 3953 2649 4005 moritur
2669 3954 2840 4022 quinto
2861 3952 3100 4008 kalendas
3115 3957 3428 4026 septembris,
3463 3955 3586 4009 libris
3605 3950 3633 4004 l
3637 3948 3746 4002 alieni

2261 4045 2392 4096 inter
2416 4044 2627 4113 impetus
2668 4044 2997 4098 obsidentium
3042 4044 3386 4100 Vandalorum
3413 4047 3460 4099 in
3487 4046 3580 4115 ipso
3609 4041 3746 4094 dierum

2262 4148 2468 4187 suorum
2501 4133 2601 4201 ﬁne
2620 4136 2942 4203 respondens,
2976 4144 3022 4189 et
3061 4137 3278 4206 gloriose
3291 4138 3342 4191 in
3371 4135 3623 4206 defensione
3652 4127 3747 4182 clui-

2261 4225 2442 4278 stiana:
2467 4226 2643 4294 gratia:
2671 4243 2986 4295 perseverans
3011 4225 3276 4298 (Prosper,
3309 4229 3362 4282 in
3403 4226 3570 4283 Chron.
3593 4223 3646 4275 ad
3661 4236 3745 4274 artu.

2263 4317 2411 4387 450).
2460 4318 2501 4371 Ε
2540 4318 2648 4371 vita
2687 4319 2930 4388 migravit
2957 4335 3122 4372 annos
3159 4329 3312 4374 natus
3352 4319 3642 4389 septuaginta
3667 4324 3744 4369 ses.

2261 4423 2488 4479 quorum
2518 4408 2683 4464 ferme
2702 4410 3042 4480 quadraginta
3063 4412 3114 4464 in
3141 4411 3396 4467 obeundis
3423 4421 3521 4464 tum
3541 4404 3744 4476 presbyter

2262 4507 2409 4553 ratus
2433 4506 2541 4551 tum
2567 4499 2902 4568 episcOpatus
2920 4498 3106 4553 ofﬁciis
3135 4510 3403 4570 exegerat,
3423 4515 3451 4552 a
3477 4498 3588 4558 Deo,
3610 4487 3742 4544 videli-

2265 4597 2350 4644 cet
2375 4597 2479 4642 tam
2506 4588 2758 4658 producta
2780 4597 2936 4644 aelate
2953 4589 3194 4655 donatus,
3218 4600 3277 4645 ut
3323 4589 3553 4644 Ecclesia:
3594 4577 3744 4636 utilitati

2261 4689 2315 4738 et
2344 4680 2578 4736 felicitati
2626 4681 2865 4737 serviret.
2899 4681 3282 4750 Testamentum,
3309 4682 3472 4753 pergit
3509 4673 3742 4734 Possidius.

2261 4773 2456 4827 nullum
2483 4775 2628 4844 fecit;
2657 4774 2774 4844 quia
2802 4775 2934 4828 unde
2956 4775 3160 4845 faceret,
3185 4792 3372 4847 pauper
3397 4773 3486 4826 Dei
3503 4786 3587 4824 non
3604 4762 3742 4819 habuit.

2263 4863 2503 4920 Ecclesia:
2564 4864 2936 4931 bibliothecam,
2986 4883 3248 4936 omnesque
3311 4865 3494 4920 codices
3549 4859 3745 4926 άὶιὲςεπιετ

2263 4956 2472 5026 posteris
2499 4955 2847 5011 custodiendos
2875 4974 3068 5027 semper
3082 4958 3304 5028 jubebat.
3325 4956 3384 5012 Si
3399 4955 3509 5025 quid
3523 4965 3617 5004 vero
3635 4942 3744 5000 eccle-

2263 5047 2338 5101 sia
2363 5047 2436 5100 vel
2460 5047 2512 5100 in
2540 5048 2818 5115 sumptibus
2837 5047 2913 5100 vel
2935 5049 2989 5101 in
3007 5050 3311 5102 ornamentis
3338 5046 3512 5110 habuit,
3531 5039 3630 5110 ﬁdei
3658 5048 3742 5104 prt-

2262 5139 2466 5208 sbyteri,
2496 5139 2583 5209 qui
2605 5140 2697 5192 sub
2721 5140 2891 5192 eodem
2921 5139 3099 5193 domus
3121 5139 3354 5194 Ecclesite
3387 5148 3541 5190 curam
3575 5125 3740 5200 gmw.

2264 5230 2470 5298 dimisit,
2502 5248 2590 5285 nec
2632 5248 2746 5285 suos
2772 5233 3184 5302 consanguineos,
3223 5232 3299 5286 vel
3337 5231 3384 5283 in
3420 5223 3656 5298 proposito.
3687 5209 3740 5266 νει

2263 5331 2405 5375 extra
2425 5322 2735 5388 constitutos,
2764 5323 2816 5375 in
2844 5338 2937 5376 sua
2985 5323 3086 5376 vita
3127 5333 3172 5376 et
3199 5331 3353 5376 morte
3389 5317 3511 5388 vulgi
3537 5315 3742 5402 moretur

2263 5411 2412 5465 ctavit
2441 5427 2459 5465 :
2483 5411 2679 5481 quibus,
2710 5412 2831 5465 dum
2860 5413 3024 5466 adhuc
3042 5421 3348 5484 superesset,
3387 5409 3436 5463 id
3459 5408 3498 5460 si
3528 5414 3632 5472 opus
3653 5397 3735 5484 fit“.

2265 5503 2399 5572 quod
2426 5511 2472 5556 et
2496 5503 2685 5558 steteris
2707 5505 2943 5575 erogavit,
2972 5521 3072 5559 non
3175 5505 3365 5558 diuitias
3385 5499 3605 5555 haberent.
3623 5483 3739 5542 κάτα

2264 5600 2352 5646 aut
2377 5609 2499 5661 non,
2529 5603 2616 5647 aut
2644 5594 2808 5648 minus
2847 5605 3058 5665 egerent.
3105 5594 3300 5650 (Iterum
3334 5579 3731 5661 sufficientissimw.

2263 5693 2311 5741 et
2335 5688 2636 5741 monasteria
2653 5687 2872 5740 uirorum
2891 5703 2950 5742 ac
2976 5688 3270 5757 feminarum
3286 5727 3302 5753 9
3328 5673 3734 5768 σοπίίηεπίίωξξῗω

2263 5783 2367 5837 suis
2383 5780 2661 5849 praepositis
2688 5781 2852 5849 plena,
2879 5753 3116 5834 Ecclesia:
3139 5777 3337 5844 dimisit,
3372 5787 3461 5828 una
3483 5779 3575 5822 cum
3598 5753 3729 5812 biblio-
