3878 6270
142 358 220 416 επ
741 365 746 369 -
1349 336 1547 394 LIBER
1585 339 1611 394 (

1720 336 1918 397 AVUS.

136 471 272 533 thecis,
292 465 419 519 libros
439 468 482 516 et
509 467 748 515 tractatus
767 458 844 513 vel
861 472 975 512 suos
998 455 1074 511 vel
1095 455 1310 510 aliorum
1335 464 1622 508 sanctorum

137 557 366 614 bellantibus
391 550 683 623 (Possidius,
716 550 768 603 in
804 548 914 604 Vita
938 549 1222 618 Augustini,
1251 563 1296 600 c.
1324 547 1436 616 31).

190 653 233 706 t.
265 644 559 716 Marcellinus
601 641 880 712 Augustini
928 640 1126 695 obitum
1177 654 1316 694 anno
1367 638 1619 709 quadrin-

134 741 364 814 gentesimo
411 733 654 805 vigesimo
708 746 850 787 nono
889 731 1214 801 consignavit
1250 730 1526 802 (Μαι-ΜΛ,
1567 731 1621 785 in

135 830 321 899 Chron):
337 825 416 883 sed
434 825 687 894 Prospero
709 839 828 879 eum
845 837 986 878 anno
1005 823 1520 894 quadringentesimo
1537 823 1623 879 tri-

132 923 286 994 gesimo
306 913 610 971 adscribendi
636 913 994 969 testimonium
1010 954 1025 978 ,
1052 927 1157 982 quo
1184 914 1337 968 nobis
1363 913 1428 967 ad
1453 913 1620 969 sancti

134 1011 324 1068 Prtesulis
340 1006 733 1063 consecrandam
776 1005 1085 1060 memoriam
1121 1021 1188 1060 ne
1215 1007 1385 1076 optari
1407 1006 1620 1076 quidem

135 1103 262 1174 possit
303 1101 442 1156 ullum
487 1098 624 1153 aliud
666 1097 1010 1168 splendidius,
1051 1097 1381 1169 suffragatur.
1412 1099 1618 1156 Etenim

134 1214 228 1253 cum
253 1192 643 1250 Nestorianorum
696 1190 916 1246 bteresis
956 1190 1311 1246 Theodosium
1354 1193 1619 1262 juniorem

136 1290 378 1360 impulisset,
395 1293 443 1338 ut
459 1284 840 1339 mcumenicam
863 1283 1122 1354 synodum
1143 1283 1410 1354 Ephesum
1427 1299 1620 1340 convo-

131 1389 252 1444 catet,
275 1392 466 1447 eamque
491 1376 562 1430 ob
580 1391 694 1431 rem
716 1377 918 1430 litteras
939 1376 1091 1432 daret
1121 1376 1187 1432 ad
1217 1392 1402 1433 omnes
1427 1388 1622 1434 metro-

129 1471 323 1540 politanos
339 1483 352 1531 ;
371 1465 504 1522 misit
522 1467 683 1520 etiam
711 1467 762 1520 in
787 1465 1018 1520 Africam
1041 1482 1137 1538 per
1160 1467 1438 1537 quemdam
1458 1469 1622 1539 magi-

127 1564 336 1622 strianum,
361 1560 438 1614 cui
459 1574 654 1614 nomen
676 1559 912 1630 Ebagnio
940 1559 1180 1630 (Liberat.
1209 1561 1364 1625 brev.,
1404 1576 1516 1629 cap.
1540 1559 1618 1632 5),

126 1667 280 1708 sacrum
306 1651 603 1719 rescriptum
633 1651 927 1721 Augustino
950 1651 1232 1722 praecipue,
1250 1650 1302 1705 id
1322 1660 1422 1716 cst,
1446 1651 1622 1720 potius

119 1761 231 1817 quam
253 1743 482 1813 Capreolo
498 1752 626 1797 tunc
645 1744 896 1813 temporis
907 1743 1329 1814 Carthaginiensi
1347 1743 1617 1813 episcopo,

115 1840 363 1894 destinatum
385 1837 661 1910 (CapreoL,
681 1837 848 1908 Epist.
874 1839 942 1892 ad
953 1838 1150 1909 Synod.
1170 1837 1383 1909 Ephes.,
1403 1847 1542 1908 parte
1559 1837 1615 1904 2,

114 1941 185 1983 act.
204 1930 276 1998 1):
305 1944 398 1999 quo
422 1929 683 1999 rescripto
710 1929 876 1997 illum,
903 1939 961 1984 ut
979 1928 1230 1985 accedere
1251 1929 1316 1984 ad
1337 1930 1619 1984 concilium

111 2020 364 2090 dignaretur,
388 2019 642 2089 peculiari
682 2021 889 2074 ratione
921 2020 1138 2090 rogabat
1160 2019 1470 2090 Imperator.
1502 2018 1619 2086 Quo

111 2112 170 2165 hic
199 2111 293 2166 loco
319 2112 670 2181 Augustinum
722 2111 966 2179 haberet,
1012 2113 1111 2167 alia
1136 2127 1345 2183 quoque
1387 2112 1620 2168 declarat

108 2201 292 2270 epistola,
320 2201 398 2257 bis
423 2203 552 2272 ipsis
584 2203 1038 2272 metrOpolitanis,
1080 2218 1214 2272 quos
1239 2202 1304 2256 ad
1334 2202 1618 2258 concilium

107 2292 371 2357 inritaverat,
400 2307 585 2348 mense
609 2293 743 2364 julio
769 2293 891 2347 anni
917 2294 1187 2364 sequentis
1215 2294 1373 2348 missa
1405 2293 1612 2363 (Naris,

105 2381 204 2436 Hist.
220 2381 374 2454 Pelag.
396 2382 479 2438 lib.
495 2383 552 2448 2,
572 2400 691 2454 cap.
710 2383 788 2456 9).
803 2384 898 2439 Hic
911 2383 1050 2439 enim
1076 2383 1401 2439 clarissimus
1416 2383 1616 2438 Prtesul

103 2476 286 2544 proxime
295 2477 950 2546 post'l‘hessalonicensem
975 2477 1282 2539 antistitem,
1298 2486 1419 2531 ante
1429 2491 1616 2532 omnes

107 2569 228 2622 nudos
259 2571 680 2638 metropolitanos
700 2612 716 2636 ,
743 2571 1050 2626 collocatur.
1079 2571 1238 2626 Sacra
1277 2570 1615 2640 Imperatoris

104 2659 148 2711 ad
165 2660 584 2730 metropolitanos,
599 2661 839 2731 signatur
848 2661 1053 2716 decimo
1082 2661 1236 2716 tertio
1257 2659 1508 2715 kalendas
1522 2660 1616 2716 de-

100 2750 270 2805 oembris
305 2752 419 2805 anni
445 2751 954 2823 quadringentesimi
985 2750 1239 2822 trigesimi
1258 2751 1377 2806 data
1398 2749 1610 2824 (Concil.

99 2839 238 2907 Ephes.
275 2846 482 2913 partel,
535 2861 656 2899 can.
706 2843 846 2915 52);
887 2844 1212 2915 proindeqne
1264 2845 1613 2916 Augustinum

99 2933 234 2999 quinto
269 2935 510 2990 kalendas
573 2937 893 3006 septembris
939 2939 1061 2992 anni
1109 2936 1612 3009 quadringentesimi

96 3022 274 3092 *ἱερείωί
290 3027 404 3081 noni
430 3026 656 3093 obiissc,
682 3028 802 3097 jure
825 3027 1017 3083 dixerit
1053 3044 1230 3084 nemo.

145 3115 182 3168 5.
194 3115 585 3188 PostAugustini
613 3119 910 3185 transitum,
938 3119 1328 3191 Hippo-Regius
1345 3119 1610 3176 Vandalo-

95 3219 177 3257 rum
191 3207 420 3263 sustinere
441 3209 676 3278 impetus
695 3211 1044 3278 perseveravit
1065 3227 1078 3264 :
1101 3219 1155 3265 et
1175 3212 1413 3280 quamvis
1439 3211 1474 3266 ii
1487 3227 1611 3282 por-

96 3304 171 3347 tum
187 3298 328 3366 ipsum
354 3300 784 3355 interclusissent
805 3299 1113 3372 (Possidius,
1145 3301 1198 3354 in
1232 3300 1346 3354 Vita
1367 3302 1605 3372 August.,

93 3404 124 3440 ε.
144 3388 231 3458 28),
249 3407 501 3462 nunquam
535 3401 718 3446 tamen
742 3393 951 3459 urbem,
980 3408 1150 3463 neque
1169 3393 1240 3460 vi,
1271 3408 1440 3463 neque
1468 3393 1610 3448 dedi-

93 3480 195 3534 tione
218 3496 390 3551 capere
415 3493 712 3554 potuerunt
746 3503 757 3537 :
790 3487 860 3538 ita
893 3493 949 3538 ut
978 3494 1097 3554 post
1126 3485 1339 3554 longum
1379 3486 1606 3556 Spatium

90 3567 136 3621 ad
155 3571 248 3639 ejus
271 3589 442 3629 muros
469 3576 623 3629 nullo
651 3589 827 3646 operce
857 3576 1029 3645 pretio
1059 3586 1428 3646 consumptum
1448 3617 1463 3643 ,
1507 3577 1606 3632 ob-

91 3662 319 3717 sessionem
344 3675 483 3720 totos
533 3665 705 3721 ferme
730 3667 1123 3738 quatuordecim
1164 3684 1374 3724 menses
1407 3668 1606 3738 produ-

90 3759 204 3816 ctam,
231 3755 469 3812 solverint
501 3756 857 3828 (Procopius).
888 3757 1038 3812 Haud
1068 3760 1231 3813 multo
1260 3768 1378 3828 post
1417 3759 1608 3815 libera-

89 3848 163 3893 tam
180 3845 427 3903 obsidione
448 3849 774 3919 Hipponem,
806 3850 1102 3905 Bonifacius
1114 3859 1331 3921 accepto
1360 3851 1526 3906 Roma
1554 3859 1609 3907 et

88 3928 479 4007 Constantinopoli
511 3940 689 3993 valido
713 3940 969 4008 subsidio,
998 3941 1206 3996 collatis
1233 3941 1396 4010 signis
1417 3943 1604 3998 iterum

86 4033 174 4075 cum
193 4025 413 4083 Vandalis
452 4031 742 4101 pugnavit,
777 4031 871 4087 sed
897 4048 1047 4102 reque
1092 4031 1286 4087 infelici
1313 4047 1560 4089 successu
1590 4053 1603 4089 :

86 4113 293 4186 proﬂigati
312 4120 526 4175 omnino
556 4120 703 4176 fuere
732 4121 988 4188 Romani;
1011 4123 1143 4178 alius
1172 4124 1274 4178 alio
1318 4124 1496 4195 fugam
1519 4141 1608 4180 ca-

86 4205 287 4272 pessivit;
313 4209 615 4266 Bonifacius
645 4227 770 4267 vero
796 4213 849 4266 in
880 4213 1078 4268 Italiam
1107 4216 1222 4270 vela
1265 4214 1392 4271 fecit
1417 4255 1433 4282 ,
1465 4232 1606 4271 anno

86 4295 234 4350 salutis
252 4301 766 4374 quadringentesimo
816 4305 1084 4377 trigesimo
1121 4309 1373 4364 secundo.
1407 4309 1604 4380 Hippo-

85 4397 239 4442 nenses
260 4394 390 4446 omni
415 4409 511 4464 spe
531 4395 862 4452 defensionis
891 4406 999 4451 tum
1025 4397 1258 4465 demum,
1293 4408 1350 4454 ut
1371 4415 1498 4455 vero
1525 4409 1606 4454 est

84 4475 240 4543 simile,
262 4481 508 4553 destituti,
542 4487 727 4542 urbem
755 4504 906 4545 suam
927 4490 1230 4547 deseruere.
1260 4491 1406 4548 Hanc
1425 4491 1605 4548 hostes

83 4563 286 4654 incendio
316 4573 654 4646 deleverunt,
685 4589 904 4650 excepta
943 4592 1138 4649 tamen,
1171 4598 1328 4654 quam
1353 4583 1604 4640 Ecclesia:

86 4651 168 4706 \‘ir
195 4671 375 4718 sanctus
415 4667 728 4738 reliquerat,
768 4669 1086 4728 bibliotheca
1109 4713 1125 4740 ,
1161 4651 1279 4744 quae
1317 4674 1505 4730 mediis
1551 4675 1604 4731 in

83 4744 273 4838 flammis
292 4756 599 4829 Arianisque
630 4759 872 4820 Barbaris
906 4774 1216 4821 conservata
1247 4775 1359 4833 est;
1393 4767 1603 4838 quando

85 4835 303 4900 Possidius
326 4862 438 4919 eos,
460 4852 658 4921 quibus
681 4854 825 4910 cordi
844 4855 1002 4914 fuerit
1029 4857 1392 4915 emendatiora
1410 4835 1466 4914 wA
1476 4876 1602 4931 ugu-

86 4933 177 4987 uini
197 4943 502 5012 exemplaria
531 4947 707 5016 legere
729 4949 811 5003 vel
827 4951 1195 5019 transcribere,
1213 4952 1279 5008 ad
1295 4953 1604 5024 Hipponen-

86 5029 335 5116 semrrnittit
352 5033 728 5092 bibliothecam
750 5038 1055 5109 (Possidius,
1079 5043 1134 5096 in
1180 5042 1289 5097 Vita
1313 5045 1600 5116 Augustini,

83 5126 117 5164 ι.
137 5115 240 5186 18):
268 5132 319 5177 et
347 5123 448 5180 hoc
471 5128 654 5198 utique
683 5129 814 5197 ﬁeri,
847 5133 948 5188 nisi
969 5135 1218 5205 singulari
1243 5136 1337 5192 Dei
1360 5115 1602 5208 praesidio

84 5215 340 5298 2°"_P°|uit
372 5217 672 5288 (Batonius,
709 5225 772 5275 ad
794 5240 911 5278 ann.
942 5227 1068 5294 450,
1092 5236 1138 5281 et
1167 5227 1370 5298 Rivius,
1405 5231 1460 5283 in
1488 5228 1603 5284 Vita

81 5288 132 5346 δ.
149 5295 334 5372 August.
358 5305 446 5363 tib.
471 5309 531 5378 4,
557 5325 676 5380 cap.
701 5311 783 5377 υ,
808 5288 1150 5386 §8).Invidus
1181 5288 1454 5390 diabolus,
1478 5335 1602 5377 cum

1728 455 2103 511 tantiDoctoris
2115 472 2272 530 opera
2290 459 2651 530 perVandalos
2669 465 2878 522 abolere
2895 467 3300 542 haudquaquam

1727 547 1995 614 valuisset,
2029 559 2087 603 ut
2109 565 2292 606 eorum
2320 553 2504 609 saltem
2529 559 2891 615 auctoritatem
2919 576 2980 616 ac
3001 561 3300 619 doctrinam

1728 637 2090 710 labefactaret,
2112 644 2284 699 varias
2309 655 2450 702 artes
2482 657 2534 703 et
2559 649 2844 707 calumnias
2864 653 3118 723 adhibuit,
3165 670 3300 726 quas

1727 731 1908 786 multis
1935 733 2140 789 in'locis
2159 735 2380 792 diversis
2406 738 2702 796 hominibus
2730 741 2944 799 afflavit.
2968 745 3163 802 Verum
3191 763 3297 804 non

1725 822 1989 880 credimus
2027 827 2194 882 nostri
2218 843 2336 886 esse
2365 829 2608 897 instituti,
2631 848 2693 888 ea
2708 833 2775 889 de
2794 849 2854 890 re
2873 834 2973 891 hoc
2987 836 3101 892 loco
3119 838 3298 909 dispu-

1729 923 1862 983 tare,
1887 931 2059 987 ncque
2070 934 2336 990 exponere
2352 923 2794 993 quemadmodum
2807 929 2855 982 ei
2877 931 3298 997 praestantissimi

1723 1006 2037 1065 defensores
2058 1012 2310 1068 continuo
2329 1014 2380 1068 in
2399 1014 2680 1086 Prospero,
2708 1016 2924 1083 Hilario,
2943 1034 3006 1075 ac
3015 1017 3302 1078 Caelestino

1723 1112 1858 1168 papa
1890 1098 2144 1155 divinitus
2171 1103 2382 1158 excitati
2414 1113 2566 1171 sunt;
2597 1104 2732 1160 sicut
2760 1121 2860 1162 nec
2879 1107 3084 1177 Iaudes,
3109 1110 3302 1180 quibus

1725 1192 1974 1248 eumdem
2004 1201 2057 1248 et
2075 1194 2251 1249 vivum
2279 1204 2333 1251 et
2359 1205 2624 1251 mortuum
2647 1197 2745 1252 viri
2767 1199 2820 1252 in
2845 1198 3078 1255 Ecclesia
3116 1201 3301 1260 claris-

1725 1283 1845 1338 simi
1863 1282 2270 1352 decoraverunt,
2300 1285 2402 1342 huc
2423 1288 2473 1341 in
2503 1302 2750 1343 acervum
2771 1303 3078 1360 congerere.
3124 1292 3302 1349 Pessi-

1725 1375 1843 1432 dius
1863 1376 2189 1434 Calamensis
2216 1381 2495 1452 episcOpus
2518 1423 2532 1447 ,
2562 1382 2652 1453 qui
2692 1383 2808 1451 ejus
2861 1385 2913 1438 in
2951 1387 3301 1444 contubernio

1727 1484 1894 1525 annos
1917 1469 2084 1527 ferme
2103 1473 2448 1544 quadraginta
2467 1475 2669 1530 vixerat
2697 1474 2950 1548 (Possid.,
2980 1480 3034 1534 in
3054 1478 3169 1534 Vita
3192 1482 3300 1536 Au-

1726 1572 1883 1633 gust.,
1907 1580 1951 1616 c.
1979 1564 2090 1634 31),
2109 1565 2345 1634 ejusdem
2368 1576 2514 1636 gesta
2535 1582 2601 1622 ex
2622 1567 2699 1622 cis
2720 1584 2836 1638 quae
2852 1579 2959 1624 tum
2983 1571 3095 1641 ipse
3119 1589 3216 1642 per
3242 1588 3302 1630 se

1725 1652 2120 1720 observaverat,
2156 1665 2265 1711 tum
2286 1653 2339 1710 in
2356 1656 2595 1713 familiari
2611 1672 2897 1730 congressu
2919 1661 2986 1716 ab
3013 1661 3102 1717 illo
3120 1663 3302 1720 audie-

1726 1752 1830 1808 rat,
1864 1746 2136 1799 memoria:
2159 1745 2424 1816 prodidit;
2461 1756 2607 1803 ratus
2653 1749 2901 1804 nimirum
2930 1750 3066 1806 hanc
3092 1753 3160 1808 ad
3187 1769 3298 1808 rem

1723 1833 2052 1889 adhibendas
2062 1850 2200 1902 esse,
2219 1852 2349 1907 quas
2365 1837 2545 1894 divino
2561 1855 2780 1897 munere
2789 1851 3086 1914 acceperat,
3106 1844 3300 1915 ingenii

1723 1934 1777 1980 et
1800 1927 2064 1982 sermonis
2091 1927 2386 1997 facultates,
2413 1940 2472 1986 ut
2489 1932 2557 1986 ad
2579 1933 2828 1990 Ecclesia:
2857 1936 3131 1993 catholica:
3167 1939 3299 1994 aedi-

1723 2017 2025 2074 ficationem
2074 2021 2270 2091 aliquid
2301 2022 2588 2079 conferret.
2633 2024 2770 2094 Quin
2814 2029 2972 2083 etiam
3015 2039 3074 2084 ut
3114 2041 3295 2088 sancta

1722 2111 1960 2167 veritatis
1985 2112 2237 2168 aviditate
2258 2115 2526 2170 succensis
2551 2117 2694 2170 omni
2722 2118 2926 2174 ratione
2945 2121 3291 2188 satisfaceret,

1722 2199 1862 2256 idem
1891 2203 2058 2256 sancti
2083 2204 2321 2259 Doctoris
2345 2205 2465 2259 vitae
2491 2207 2715 2262 attexnit
2736 2222 2955 2276 operum
2992 2210 3130 2266 illius
3159 2212 3296 2267 indi-

1721 2292 1924 2359 culum,
1954 2294 2005 2347 in
2041 2310 2146 2364 quo
2171 2296 2260 2366 qui
2292 2297 2522 2352 terrenis
2549 2298 2738 2367 opibus
2761 2299 2988 2354 divinam
3017 2303 3289 2359 veritatem

1721 2393 2073 2455 anteponunt,
2107 2386 2244 2442 inter
2273 2387 2634 2444 incredibilem
2654 2389 2796 2444 illam
2817 2391 3134 2460 scriptorum
3159 2393 3296 2447 mul-

1721 2475 2023 2544 titudinem,
2063 2493 2183 2548 qua:
2225 2478 2324 2534 sibi
2371 2479 2538 2550 magis
2581 2480 2929 2535 conducibilia
2975 2481 3294 2551 judicarcnt,

1721 2565 1968 2635 seligere,
2002 2581 2066 2622 ac
2114 2567 2230 2623 sine
2257 2568 2542 2625 invidentia
2573 2572 2966 2626 communicare
2999 2588 3116 2627 cum
3147 2573 3298 2628 indi-

1718 2658 1961 2728 gentibus
1978 2667 2196 2729 possent
2219 2658 2269 2732 (1
2275 2660 2402 2727 bid.,
2421 2677 2466 2714 c.
2488 2661 2599 2732 18).
2617 2663 2952 2719 Elucubravit
2974 2664 3099 2719 illud
3120 2667 3296 2736 operis

1713 2747 1824 2818 jam
1843 2749 2075 2818 collapso
2096 2750 2146 2803 in
2175 2750 2384 2806 cineres
2406 2751 2848 2822 HipponeRegio,
2865 2762 3199 2825 mortuoque,
3221 2755 3296 2811 uti

1719 2841 1946 2909 videtur,
1977 2841 2249 2898 Bonifacio
2271 2841 2454 2915 (Ibid.,
2473 2862 2520 2898 c.
2542 2842 2656 2916 28),
2687 2853 2803 2914 post
2825 2861 3024 2900 annum
3049 2846 3294 2903 videlicet

1717 2932 2299 3003 quadringentesimum
2362 2935 2688 3005 trigesimum
2737 2936 3026 2992 secundum
3066 2953 3295 2994 :verum

1716 3032 1842 3080 ante
1866 3039 2064 3080 annum
2102 3026 2680 3097 quadringentesimum
2710 3027 3038 3098 trigesimum
3070 3044 3290 3097 nonum,

1715 3130 1821 3184 quo
1837 3125 2131 3186 expugnata
2156 3115 2250 3171 fuit
2274 3116 2536 3188 Carthago
2552 3133 2582 3172 a
2609 3116 2862 3173 Vandalis
2885 3160 2899 3184 ,
2928 3120 3286 3191 conscriptum

1713 3205 1880 3262 fuisse
1905 3208 2241 3262 manifestum
2266 3216 2374 3273 est;
2399 3208 2825 3280 quandoquidem
2846 3209 3295 3267 necdumCartha-

1716 3299 1894 3368 ginem
1924 3307 1978 3354 et
2003 3299 2198 3354 Cirtam
2230 3300 2436 3356 excisas
2470 3315 2611 3368 esse,
2656 3299 2749 3355 sed
2773 3299 2950 3354 divino
2977 3308 3032 3356 et
3062 3300 3292 3357 humano

1714 3388 1874 3444 fultas
1899 3389 2166 3459 praesidio,
2209 3390 2367 3446 etiam
2403 3398 2527 3444 tunc
2553 3398 2696 3445 stare
2721 3390 3000 3460 signiﬁcat.
3030 3389 3291 3447 Caeterum

1711 3481 1881 3551 qualis
1891 3481 2030 3536 dono
2050 3481 2162 3548 Dei,
2181 3490 2511 3552 quantusque
2526 3480 2827 3536 inlEcclesia
2843 3481 3125 3548 exstiterit,
3142 3483 3292 3552 cujus

1711 3586 1798 3628 res
1824 3580 2001 3643 gestas
2025 3572 2295 3627 memoria:
2328 3587 2390 3628 ac
2414 3571 2604 3627 litteris
2638 3571 2872 3636 mandat,
2900 3571 3062 3627 videri
3090 3572 3199 3626 vult
3237 3573 3289 3628 in

1713 3664 1880 3735 ipsius
1907 3681 2003 3735 pro
2037 3665 2119 3718 illa
2147 3665 2302 3721 editis
2330 3665 2482 3721 libris
2509 3675 2562 3721 et
2593 3665 2898 3720 tractatibus
2928 3682 2942 3719 :
2981 3665 3033 3719 in
3073 3665 3285 3735 quibus,

1713 3757 1786 3810 uti
1812 3754 2060 3821 affirmat,
2083 3770 2294 3824 semper
2321 3756 2502 3810 vivere
2522 3769 2550 3809 a
2575 3754 2815 3810 fidelibus
2835 3755 3115 3810 invenitur.
3147 3754 3210 3808 Et
3237 3757 3289 3810 in

1709 3847 1814 3900 suis
1829 3847 2028 3916 quidem
2040 3847 2258 3916 scriptis,
2278 3847 2448 3917 pergit
2464 3845 2602 3901 idem
2619 3845 2884 3900 Possidius
2903 3843 3060 3917 (Ibid.
3071 3887 3086 3912 ,
3105 3863 3150 3899 c.
3173 3846 3285 3915 18),

1709 3937 1796 3990 ille
1835 3936 1943 3991 Deo
1971 3948 2201 4007 acceptus
2226 3945 2272 3992 et
2313 3938 2497 3992 chorus
2520 3936 2784 4003 sacerdos,
2825 3946 3065 4006 quantum
3093 3937 3289 3991 lucente

1709 4031 1915 4083 veritate
1941 4029 2107 4083 videre
2130 4029 2436 4094 conceditur,
2465 4039 2613 4083 rectm
2655 4045 2714 4082 ac
2737 4043 2875 4084 same
2903 4028 3040 4096 ﬁdei,
3079 4028 3204 4098 spei,
3239 4037 3287 4081 et

1710 4120 1990 4188 charitatis,
2013 4120 2273 4174 catholica:
2298 4119 2538 4175 Ecclesia:
2547 4119 2726 4174 vixisse
2742 4119 3089 4188 manifestatur
3113 4133 3130 4172 :
3152 4118 3285 4188 quod

1709 4220 2008 4281 agnoscunt,
2035 4211 2122 4281 qui
2161 4226 2271 4264 eum
2299 4210 2361 4264 de
2394 4210 2575 4264 divinis
2598 4209 2887 4264 scribentem
2921 4210 3136 4280 legentes
3163 4225 3285 4280 pro-

1709 4302 1903 4370 ﬁciunt.
1928 4301 2035 4357 Sed
2060 4319 2150 4373 ego
2175 4301 2410 4367 arbitror,
2443 4302 2556 4372 plus
2583 4319 2647 4357 ex
2690 4318 2746 4356 eo
2785 4302 3025 4373 proﬁcere
3047 4301 3283 4370 potuisse,

1707 4397 1792 4465 qui
1816 4411 1928 4449 eum
1956 4405 2002 4449 et
2042 4397 2317 4466 loquentem
2351 4395 2405 4449 in
2433 4393 2660 4450 Ecclesia
2701 4404 2994 4464 prasentem
3017 4392 3197 4446 audire
3237 4401 3286 4447 et

1708 4490 1872 4544 videre
1888 4498 2174 4559 potuerunt,
2189 4491 2358 4558 eteius
2384 4489 2660 4560 prazsertim
2685 4489 2813 4542 inter
2837 4487 3060 4542 homines
3079 4501 3286 4541 conver-

1707 4584 1956 4637 sationem
1977 4598 2077 4636 non
2105 4583 2472 4653 ignoraverunt.
2509 4579 2635 4635 Erat
2657 4580 2788 4632 enim
2807 4595 2908 4634 non
2927 4579 3089 4633 solum
3107 4578 3284 4633 erudi-

1710 4686 1789 4732 tus
1816 4677 1977 4730 scriba
2001 4676 2052 4730 in
2073 4691 2228 4744 regno
2264 4674 2520 4741 calorum,
2559 4673 2622 4726 de
2647 4672 2882 4726 thesauro
2905 4687 2998 4726 suo
3024 4673 3284 4742 proferens

1707 4787 1838 4825 nova
1855 4779 1903 4824 et
1922 4779 2117 4832 vetera;
2145 4776 2192 4822 et
2219 4783 2350 4822 unus
2375 4765 2759 4838 negotiatorum,
2785 4763 2870 4834 qui
2888 4764 3138 4817 inventam
3157 4777 3279 4832 pre-

1716 4862 1895 4917 tiosam
1938 4859 2296 4931 margaritam,
2341 4873 2453 4929 quae
2495 4856 2704 4911 habebat
2727 4854 2955 4922 venditis,
2977 4852 3286 4924 comparavit

1711 4952 1941 5026 (Matth.
1987 4967 2079 5006 xm
2100 4991 2114 5018 ,
2145 4951 2248 5016 45,
2285 4948 2392 5018 46)
2425 4964 2439 5003 :
2471 4963 2641 5002 verum
2668 4947 2816 5001 etiam
2851 4961 2914 5000 ea:
2949 4945 3012 4998 iis
3047 4944 3115 4997 ad
3159 4959 3284 5014 quos

1707 5045 1952 5115 scriptum
2002 5051 2072 5098 est
2092 5084 2106 5108 ,
2152 5059 2170 5094 i
2223 5039 2312 5097 Sic
2353 5038 2632 5110 loquimini,
2668 5045 2713 5091 et
2739 5037 2810 5091 sic
2837 5035 2986 5106 facite
3017 5052 3037 5086 ι
3084 5030 3285 5104 (Jacobi

1705 5153 1764 5204 tl,
1784 5136 1872 5209 12)
1899 5153 1913 5202 ;
1945 5146 1991 5190 et
2036 5137 2098 5190 de
2125 5134 2302 5206 quibus
2323 5131 2557 5189 Salvator
2581 5129 2722 5196 dicit,
2757 5145 2774 5180 ι
2807 5126 2904 5193 Qui
2927 5125 3094 5195 fecerit
3118 5132 3165 5178 et
3189 5123 3280 5178 do-

1723 5228 1878 5284 cuerit
1900 5228 1972 5282 sic
1995 5227 2238 5294 homines,
2261 5223 2342 5279 hic
2361 5236 2574 5294 magnus
2593 5217 2844 5275 vocabitur
2867 5216 2920 5271 in
2945 5228 3098 5286 regno
3123 5210 3281 5267 calo-

1703 5336 1817 5375 rum
1837 5338 1856 5372 ι
1883 5318 2089 5394 (Matth.
2109 5335 2161 5387 v,
2184 5315 2293 5387 l9).

3064 5421 3092 5430 ,ι
3125 5400 3252 5428 .λλόι³’
3299 5413 3307 5426 ι

3148 5483 3156 5490 ’
3217 5482 3240 5510 ’⁷2
3248 5497 3255 5506 '
3263 5460 3310 5512 lca

3284 5521 3298 5532 β

1444 5606 1862 5717 W

1898 5756 1970 5781 β’..
1990 5770 2016 5781 η
