3880 6434
597 409 3709 480 ﬂ

1445 568 1616 674 IN
1717 562 2312 670 PRIMUM
2410 561 2935 672 TOMUM

1805 793 2486 976 amittatis.
2545 782 2632 863 (¹)

1896 1043 2524 1122 mem

645 1194 721 1248 De
742 1191 961 1261 hujusce
983 1190 1112 1244 toml
1137 1187 1387 1253 editione,
1419 1187 1636 1243 Erudite
1655 1188 1862 1256 Lector,
1898 1205 2003 1244 non
2027 1197 2110 1245 est
2133 1205 2162 1244 α
2190 1189 2342 1245 nobis
2369 1185 2690 1242 instituenda
2722 1185 2874 1254 longa
2894 1181 3149 1256 prmfatlo.
3172 1180 3533 1252 Complectitur
3556 1182 3646 1246 hrec
3659 1199 3742 1254 pan

576 1286 760 1341 eadem
793 1284 1010 1339 omnino
1036 1283 1312 1353 Augustini
1342 1282 1620 1350 opuscula,
1648 1297 1764 1351 quae
1803 1281 1941 1350 apud
1983 1283 2259 1337 Erasmum
2300 1291 2354 1336 et
2394 1280 2750 1335 Lovanienses
2777 1275 3202 1331 continebantur.
3235 1273 3364 1329 lllud
3396 1284 3572 1330 tantum
3593 1276 3747 1332 interest

567 1379 890 1435 discriminis
911 1418 924 1443 ,
953 1377 1092 1448 quod
1132 1378 1184 1430 in
1218 1375 1575 1446 Appcndlcem
1607 1375 1885 1444 rcjecimus
1912 1376 2160 1430 nonnulla
2183 1416 2198 1441 ,
2227 1389 2344 1444 qum
2377 1389 2470 1444 pro
2493 1371 2733 1442 genuinis
2759 1368 3036 1440 Augustini
3065 1367 3506 1423 lucubrationibus
3532 1368 3749 1427 habuerant

571 1471 674 1526 viri
699 1470 923 1535 eruditi;
954 1478 1007 1524 et
1032 1467 1171 1539 quod
1195 1467 1433 1538 quaedam
1463 1467 1519 1522 Β.
1554 1467 1792 1523 Doctoris
1820 1483 1977 1538 Opera
2009 1468 2124 1523 loco
2153 1468 2411 1536 tantisper
2439 1466 2725 1529 movimus,
2752 1473 2808 1519 ut
2838 1464 3030 1518 seriem
3053 1461 3401 1539 ordinemque
3424 1461 3661 1538 temporis,
3679 1475 3749 1530 quo

571 1568 983 1639 unumquodque
1011 1582 1143 1636 opus
1173 1566 1239 1620 ab
1270 1566 1498 1619 Auctore
1523 1563 1738 1636 prodiit,
1767 1565 1938 1635 quoad
1971 1565 2084 1633 ejus
2109 1563 2220 1617 ﬂeri
2247 1563 2446 1633 potuit.
2472 1575 2822 1616 servaremus.
2849 1558 2917 1612 Et
2936 1556 3150 1628 quidem
3177 1564 3464 1626 opportune
3493 1570 3535 1608 in
3555 1552 3632 1607 hoc
3653 1563 3750 1608 temo

567 1659 823 1731 diSposita
853 1669 975 1715 sunt
1006 1674 1064 1714 ea
1085 1701 1099 1722 ,
1125 1675 1241 1729 quae
1265 1658 1812 1734 Augustinusjuvenis
1845 1674 1905 1713 ac
1934 1659 2164 1712 nondum
2194 1658 2469 1728 presbyter
2495 1656 2737 1727 scripsit;
2778 1655 2847 1710 ita
2885 1662 3060 1710 tamen
3089 1660 3145 1707 ut
3179 1652 3406 1730 primum
3429 1651 3584 1707 locum
3602 1651 3749 1705 obtine-

576 1727 830 1807 rentlibrl
865 1727 1509 1819 Retractationum,ﬁqnos
1551 1727 1715 1803 edidit
1757 1766 1917 1803 senex
1942 1791 1954 1814 ,
1985 1749 2134 1819 quasi
2174 1727 2422 1819 praeviam
2462 1746 2904 1808 introductionem
2948 1743 3012 1798 ad
3055 1727 3190 1798 alios.
3217 1743 3397 1798 libros.
3427 1741 3752 1804 Retractationes

576 1861 735 1915 porro
763 1843 1168 1899 Confessionum
1194 1843 1333 1907 libri,
1363 1859 1494 1912 quos
1525 1843 1804 1912 cpiscopus
1833 1842 2094 1910 vulgavit,
2123 1857 2228 1896 non
2269 1841 2531 1896 immerito
2560 1849 2956 1910 consequuntur
2984 1855 2996 1888 :
3030 1837 3154 1912 quia
3189 1835 3327 1890 sicut
3352 1836 3401 1888 in
3425 1835 3606 1908 scriptis
3627 1836 3703 1888 suis
3724 1836 3752 1890 si
3827 1867 3829 1884 ι

568 1938 694 2007 quid
725 1937 1030 2002 obscurum,
1055 1937 1098 1990 si
1121 1935 1242 2006 quid
1262 1936 1560 2001 dubium,si
1579 1936 1702 2006 quid
1731 1937 1934 1990 veritati
1969 1953 2070 1990 non
2102 1939 2230 1992 satis
2257 1950 2547 1991 consonum
2570 1932 3226 2005 irrepserat,retractand0
3242 1931 3543 2011 explanavit,
3562 1929 3747 1992 caedant,
3828 1959 3829 1982 ;

580 2033 1017 2101 emendavitque;
1052 2032 1118 2084 ita
1153 2032 1202 2084 in
1233 2030 1635 2086 Confessiomnn
1681 2029 1828 2083 libris
1877 2030 1919 2084 si
1967 2031 2091 2100 quid
2116 2030 2168 2090 in
2195 2030 2431 2092 moribus
2457 2044 2519 2083 ac
2549 2029 2654 2082 vita
2686 2043 2779 2082 sua
2799 2044 2829 2086 a
2857 2043 2993 2081 vera:
3023 2041 3180 2100 quam
3210 2024 3366 2086 tradit
3395 2023 3580 2100 pietatis
3605 2023 3750 2076 tramite
3828 2057 3829 2062 η

571 2127 940 2189 aberraverat,
970 2124 1220 2194 piaculari
1271 2124 1605 2178 confessione
1653 2124 1904 2192 expiavit.
1936 2124 2123 2194 Sicque
2161 2125 2215 2178 in
2259 2125 2405 2178 libris
2441 2123 2891 2177 Retractationum
2932 2123 3197 2182 sincerum
3247 2135 3309 2174 ac
3358 2118 3556 2174 minimc
3593 2115 3750 2172 fucatam

580 2217 814 2272 veritatis
844 2229 1077 2269 amorem
1123 2231 1241 2269 cum
1292 2215 1540 2284 singulari
1585 2215 1840 2269 modestia
1873 2215 2122 2284 inspirat,
2157 2215 2209 2269 in
2233 2213 2668 2270 Confessionibus
2696 2229 2876 2268 veram
2901 2213 3153 2286 pietatem
3185 2219 3240 2266 et
3259 2209 3570 2286 disciplinam
3593 2224 3603 2259 :
3624 2205 3752 2282 quibus
3828 2255 3829 2262 η

573 2308 786 2365 dotibus
815 2309 1130 2363 instructum
1161 2323 1278 2362 esse
1308 2316 1514 2377 oportet
1545 2324 1664 2361 eum
1684 2349 1696 2371 ,
1725 2308 1812 2377 qui
1836 2307 1898 2360 ad
1923 2308 2037 2376 ejus
2067 2307 2358 2362 doctrinam
2389 2307 2660 2361 contendit
2686 2322 2748 2360 ex
2774 2306 2972 2360 animo.

643 2402 752 2456 Illis
777 2417 884 2456 non
912 2403 1026 2457 sine
1057 2402 1203 2455 uberi
1236 2402 1434 2463 fructu,
1468 2401 1737 2478 multoque
1765 2400 2050 2470 voluptatis
2072 2416 2231 2455 sensu
2259 2401 2532 2464 decursis,
2567 2398 2921 2454 succedebant
2947 2397 3082 2468 apud
3111 2397 3398 2460 Erasmum
3425 2403 3474 2457 et.
3497 2392 3758 2458 Levanieuttt
3828 2425 3829 2433 ι

570 2495 827 2564 opuscula
851 2492 1115 2563 quaedam,
1141 2493 1387 2545 nimirum
1418 2491 1483 2544 dc
1512 2491 1885 2554 Gramniatica,
1911 2491 2201 2561 Categoria:
2221 2534 2234 2556 ,
2265 2491 2526 2562 Principia
2551 2491 2846 2546 Dialectica:
2867 2531 2880 2554 ,
2914 2498 2967 2543 et
2997 2489 3265 2562 Principia
3295 2485 3595 2556 Rhetorice;
3621 2484 3660 2545 in
3683 2482 3758 2554 qui-
3828 2551 3829 2556 η

567 2585 670 2642 bus
701 2585 1054 2640 eruditionem
1080 2626 1093 2649 ,
1129 2584 1394 2653 ingenium
1425 2584 1798 2654 solertiainque
1828 2584 2103 2652 Augustini
2145 2583 2517 2638 desiderabant
2554 2581 2755 2637 cordati
2801 2581 3048 2648 lectores,
3081 2581 3167 2660 qui
3197 2583 3267 2636 ab
3297 2581 3408 2650 ipso
3429 2573 3758 2652 limineaperle
3809 2569 3829 2644 ii

572 2679 761 2747 gendis
789 2679 914 2733 tomi
942 2677 1099 2749 primi
1125 2678 1376 2747 Operibus
1405 2676 1706 2736 referebant
1734 2675 1922 2750 pedem
1945 2718 1958 2740 ,
1987 2677 2134 2752 quasi
2177 2676 2414 2745 ejusdem
2443 2673 2626 2736 farinae
2655 2674 2756 2736 alia
2787 2674 3259 2752 subsequerentur.
3297 2673 3367 2726 At
3393 2667 3648 2742 huiusmodi
3668 2666 3760 2740 quis

570 2771 760 2843 quilias
785 2771 1003 2849 propius
1029 2771 1373 2839 inspicientcs
1393 2810 1406 2834 ,
1433 2785 1551 2824 cum
1583 2769 1742 2823 certis
1775 2770 2101 2838 argumentis
2129 2767 2665 2837 deprelicndissemus
2691 2783 2794 2822 non
2823 2767 3088 2840 pertinere
3114 2766 3180 2828 ad
3213 2767 3543 2836 Augustinum
3564 2803 3576 2829 ,
3597 2761 3687 2823 inde
3705 2771 3761 2818 cat
3809 2759 3816 2849 ᾖ

572 2863 628 2918 in
657 2865 953 2934 spuriorum
977 2864 1296 2938 scriptorum
1325 2863 1546 2918 classem
1574 2862 2006 2928 amandavimus;
2035 2871 2093 2916 ut
2119 2869 2237 2936 post
2263 2863 2716 2924 Rctractationum
2739 2861 3257 2938 Confessionumque
3283 2859 3546 2924 lectionem
3573 2855 3760 2916 studiosos

657 2905 953 2934 .,,......J......
977 2905 1296 2938 υν..,,.υ......
1326 2905 1546 2918 υνυυν...
1574 2905 1975 2924 ................,,..-
1993 2905 2006 2928 ,
2037 2905 2093 2916 ..-
2119 2905 2237 2936 νυν-
2743 2905 3257 2931 νηηνντηηηημιυν
3283 2905 3546 2924 .-_.,..-,._,,.

577 2957 709 3012 nihil
737 2966 1037 3012 remoretur
1065 2971 1097 3011 a
1122 2956 1351 3011 lectione
1383 2955 1654 3022 librorum,
1691 2970 1824 3026 quos
1855 2956 2179 3026 Augustinus
2208 2969 2398 3010 recens
2419 2969 2708 3010 conversus
2739 2953 3087 3016 elucubravit.
3171 2935 3182 2941 ”

642 3051 824 3128 Neque
854 3067 981 3106 vero
1008 3059 1288 3128 propterea
1314 3049 1572 3114 strictim,
1613 3058 1668 3102 ut
1695 3048 1932 3118 pluribus
1973 3047 2024 3102 in
2066 3056 2297 3103 mentem
2341 3048 2522 3103 venire
2549 3047 2717 3112 solet,
2751 3045 3141 3118 przetereunda,
3169 3055 3264 3100 aut
3293 3044 3438 3116 quasi
3463 3060 3489 3098 e
3515 3040 3657 3100 limine
3671 3037 3762 3100 μω·

642 3091 824 3128 neque
863 3091 980 3106 .υ..,
1011 3091 1288 3128 FNP“...
1559 3091 1572 3114 ,
1615 3091 1668 3102 υ.
1695 3091 1931 3118 rm“.--
2353 3091 2522 3103 .,....,
2549 3091 2717 3112 mw,
2753 3091 3141 3118 ,...--.,.-...._,.,,
3169 3091 3264 3100 ...η
3294 3091 3438 3116 ηπ--.
3467 3091 3489 3098 -
3739 3091 3744 3094 .
3813 3091 3816 3092 ν

575 3144 736 3200 tanda
779 3152 901 3198 sunt
939 3143 1133 3197 nobilis
1175 3140 1369 3210 ingenii
1413 3142 1579 3210 prima
1607 3151 1969 3205 monumenta,
1993 3140 2140 3208 quasi
2164 3139 2290 3193 nihil
2317 3137 2601 3194 reconditae
2626 3137 2880 3200 doctrinae
2902 3137 3246 3204 contineant,
3271 3151 3389 3206 qua:
3428 3151 3455 3190 a
3479 3131 3762 3190 catcchumeno
3805 3091 3818 3210 ᾖ

574 3234 947 3306 necpliytoque
973 3275 985 3298 ,
1019 3234 1141 3287 stilo
1173 3231 1436 3306 perpolito
1464 3232 1512 3282 in
1544 3230 1870 3299 dialogorum
1911 3229 2132 3284 formam
2163 3228 2395 3302 perfecta
2422 3238 2559 3283 sunt.
2585 3227 2743 3284 Certe
2783 3229 2926 3286 enim
2952 3227 3278 3299 quaestiones
3311 3225 3416 3286 illic
3443 3235 3650 3294 perquam
3669 3217 3762 3272 dilli-
3809 3217 3818 3310 ξ

581 3328 732 3391 ciles,
766 3327 818 3379 in
846 3326 1036 3402 quibus
1057 3324 1185 3380 olim
1213 3323 1441 3376 maxima
1469 3338 1691 3398 qumque
1721 3322 1924 3392 ingenia
1952 3322 2294 3387 desudarunt,
2323 3321 2752 3394 defeceruntque,
2779 3321 2990 3384 discutit
3009 3321 3122 3390 ipse
3140 3319 3406 3389 gnaviter,
3436 3333 3492 3374 ac
3517 3313 3765 3387 sagacissime
3809 3311 3829 3386 ἒξ

586 3417 824 3474 resolvit.
864 3397 1031 3483 Quam
1070 3413 1397 3484 gravissimis
1437 3397 1699 3470 ratimnnn
1741 3416 2024 3476 momentis
2061 3415 2126 3470 de
2165 3415 2400 3470 veritatis
2437 3415 2776 3484 perceptione
2813 3424 2996 3476 contra
3035 3411 3424 3479 Academicos,
3453 3420 3551 3470 tum
3582 3407 3635 3461 de
3661 3406 3764 3468 Betti

582 3511 692 3566 vita
715 3552 727 3576 ,
759 3509 822 3563 de
848 3508 1042 3562 Ordine
1079 3522 1288 3574 rerum,
1326 3505 1392 3558 de
1415 3506 1615 3560 Anima:
1644 3507 1933 3576 quantitate
1958 3517 2010 3562 et
2037 3508 2431 3570 immortalitate
2451 3549 2464 3574 ,
2503 3507 2674 3577 deque
2702 3508 2818 3561 aliis
2846 3507 3016 3578 magni
3047 3505 3315 3569 momenti
3343 3503 3492 3566 rebus
3518 3503 3629 3556 inter
3645 3497 3764 3567 displl'

574 3603 796 3658 tandum
824 3602 1228 3658 occurrentibus
1257 3608 1405 3672 agat,
1432 3601 1550 3670 quis
1580 3617 1682 3656 non
1711 3601 2037 3662 admiretur?
2059 3603 2256 3660 Deinde
2303 3604 2352 3658 in
2399 3604 2631 3674 quinque
2675 3604 2956 3674 postremis
2988 3603 3114 3662 tomi
3144 3602 3393 3674 ejusdem
3422 3595 3668 3674 opusculiS.
3691 3602 3766 3659 ll“

580 3695 842 3751 adversus
867 3695 1180 3750 Manu-lucos
1203 3694 1441 3762 dictavit,
1465 3708 1622 3764 quam
1645 3695 1802 3748 variis
1823 3705 1870 3750 et
1901 3696 2280 3766 multiplicibus
2304 3711 2487 3752 eorum
2515 3696 2786 3764 haeresim,
2812 3712 2967 3768 quam
2995 3697 3182 3752 validis
3224 3712 3290 3752 ac
3315 3695 3512 3754 invictis
3531 3681 3765 3760 argumenlii

577 3787 865 3850 labefactat
891 3798 942 3842 et
969 3787 1199 3842 evertit?
1228 3802 1343 3856 qua:
1371 3785 1617 3846 nimirum
1649 3789 1898 3858 opuscula
1938 3789 2006 3844 ita
2044 3789 2226 3843 mirari
2249 3803 2308 3842 se
2333 3798 2491 3864 atque
2523 3790 2797 3862 suspicere
2824 3769 3035 3846 dicebat
3059 3789 3116 3844 Β.
3148 3789 3420 3854 Paulinus,
3447 3795 3498 3846 ut
3519 3784 3668 3846 dictum
3686 3773 3766 3830 δίτδ·

579 3885 714 3938 nitus
739 3882 886 3936 verba
918 3880 1162 3940 crederet
1199 3879 1386 3951 (Epist.
1413 3879 1504 3947 24,
1535 3897 1586 3934 η.
1614 3878 1692 3950 2).
1724 3880 1960 3950 Denique
1987 3882 2112 3936 dum
2145 3881 2369 3940 tirocinii
2395 3882 2478 3939 sui
2503 3891 2681 3952 partes
2706 3882 2910 3954 implet,
2938 3893 3095 3954 atque
3121 3885 3360 3948 animum
3385 3895 3540 3952 nuper
3560 3877 3615 3941 ab
3640 3867 3766 3928 Martii

581 3991 902 4031 conversum
936 3972 1214 4030 catholica:
1246 3971 1364 4033 fidei
1399 3971 1607 4044 penitus
1635 3972 1849 4042 subigit,
1880 3973 2007 4028 nihil
2036 3973 2254 4032 omnino
2282 3975 2664 4043 prmtermittit,
2688 3991 2794 4046 quo
2820 3976 2952 4031 alios
2978 3975 3169 4032 liberet
3195 3991 3227 4030 a
3253 3961 3550 4046 perniciosis
3571 3966 3655 4030 illis
3672 3973 3766 4020 θΐΐθ·

581 4069 748 4133 ribus,
781 4067 832 4121 in
860 4081 993 4138 quos
1025 4064 1303 4122 infeliciter
1327 4062 1636 4124 incurrerat.
1672 4062 1741 4116 Et
1762 4065 1873 4120 sive
1888 4063 1952 4118 de
1966 4063 2319 4133 Pliilosopliis,
2341 4066 2452 4120 sive
2478 4065 2545 4120 dc
2570 4065 2872 4121 Mauielimis
2900 4081 3085 4137 pinnas
3111 4069 3328 4136 repetit,
3355 4074 3526 4128 contra
3545 4053 3766 4122 eorude

578 4175 800 4218 errores
820 4156 1112 4218 communit
1132 4155 1345 4212 lectoris
1369 4155 1628 4221 animum,
1646 4170 1889 4225 veraeque
1904 4154 2025 4210 fidei
2051 4169 2112 4208 ac
2137 4153 2405 4223 religionis
2432 4155 2743 4214 Christianas
2771 4157 3112 4222 fundamenta
3142 4158 3308 4218 menti
3340 4157 3489 4212 altius
3510 4149 3662 4220 infuit-
3679 4138 3767 4209 0⁸³ίά

588 4250 727 4322 quod
777 4250 841 4302 ab
884 4250 1096 4308 ineunte
1136 4247 1256 4300 vitae
1297 4247 1530 4302 melioris
1555 4247 1826 4318 preposito
1858 4246 1925 4300 ita
1952 4254 2286 4316 comparatus
2318 4246 2412 4302 fuit
2439 4247 2521 4302 vir
2550 4258 2763 4308 sanctus
2783 4291 2798 4317 ,
2828 4259 2886 4304 ut
2915 4261 3058 4306 artes
3093 4250 3238 4319 ipsas
3269 4247 3508 4313 liberales
3537 4258 3626 4306 non
3645 4238 3768 4308 3⁸1⁸³³⁸

593 4347 687 4406 illo
727 4345 1019 4415 vulgarium
1066 4351 1338 4396 auctorum
1370 4341 1528 4396 modo
1553 4349 1832 4406 tractaret,
1861 4341 1952 4396 sed
1983 4342 2159 4397 animo
2186 4342 2339 4412 plane
2369 4343 2688 4410 christiano,
2713 4355 2970 4416 quatenus
3005 4345 3262 4408 lectorum
3293 4347 3492 4409 animos
3513 4339 3570 4400 sd
3591 4331 3769 4394 Gwdiw‘

583 4438 657 4500 ris
688 4452 922 4500 amorem
954 4433 1302 4505 perduceret?
1334 4431 1407 4488 lta
1435 4431 1572 4488 enim
1604 4441 1834 4488 mentem
1859 4435 1954 4488 hac
1983 4433 2048 4489 de
2074 4449 2133 4490 re
2155 4449 2305 4488 suam
2345 4436 2511 4504 aperit
2543 4436 2592 4492 in
2630 4435 2721 4490 lib.
2769 4438 2794 4502 1
2843 4438 3103 4505 Retract.,
3149 4454 3199 4494 e.
3239 4438 3296 4494 6.
3334 4436 3478 4496 Unde
3513 4430 3693 4504 ιιιιὶυφιε
3725 4420 3770 4476 δε

585 4529 781 4590 Musica
809 4527 1066 4590 absolutis
1097 4525 1244 4580 libris
1275 4523 1467 4593 adjecit
1496 4531 1722 4589 sextum,
1754 4522 1843 4592 qui
1875 4525 2033 4580 totius
2052 4525 2348 4594 argumenti
2376 4540 2635 4586 summam
2663 4526 2730 4582 ad
2752 4528 2916 4593 Deum
2947 4529 3173 4592 traducit
3192 4570 3208 4598 ,
3231 4529 3501 4600 erigitque.

656 4622 904 4680 Jamvero
932 4620 1020 4692 qui
1051 4617 1447 4688 Angustinianrc
1475 4615 1724 4674 doetrinae
1751 4616 1982 4678 animum
2023 4615 2385 4682 assuefacere,
2422 4618 2642 4690 ejusque
2671 4622 2949 4691 praeceptis
2983 4632 3038 4684 et
3075 4623 3330 4684 institutis
3373 4620 3565 4693 penitus
3598 4610 3768 4669 imbue“

583 4713 851 4778 voluerit,
905 4726 995 4781 per
1049 4711 1264 4770 eosdem
1313 4724 1534 4766 necesse
1581 4720 1662 4768 est
1715 4718 1773 4766 ut
1815 4710 2054 4784 proﬁciat
2106 4710 2299 4781 gradus
2328 4751 2344 4778 ,
2395 4719 2450 4770 et
2487 4711 2552 4776 ad
2597 4713 2893 4776 absolutam
2932 4714 3073 4777 illius
3111 4715 3480 4785 perfectionem
3527 4701 3765 4780 pedetentim

589 4813 849 4874 assurgat.
883 4804 1000 4862 Non
1053 4805 1226 4874 pigeat
1272 4803 1515 4866 eamdem
1568 4803 1815 4866 incedere
1858 4804 2029 4870 viam,
2064 4819 2221 4881 quam
2257 4804 2424 4860 tenuit
2449 4806 2790 4875 Augustinus,
2817 4808 2897 4870 vir
2929 4816 3123 4869 tantus.
3147 4809 3225 4866 Eo
3250 4807 3432 4866 invitat
3453 4788 3770 4871 sutargumenli
3817 4855 3820 4860 ,

589 4896 840 4967 dignitas,
867 4907 958 4950 aut
984 4896 1172 4952 modus
1198 4895 1457 4956 tractandi
1489 4909 1595 4956 res,
1631 4895 1824 4966 ubique
1859 4911 2067 4953 summo
2107 4905 2162 4952 et
2196 4898 2351 4967 plane
2385 4898 2677 4960 christiano
2718 4897 2936 4962 homine
2975 4899 3167 4970 dignus
3203 4918 3217 4956 :
3258 4899 3446 4970 ubique
3486 4892 3597 4968 quid
3628 4889 3766 4946 dimi.

590 5000 682 5044 aut
731 4987 1000 5056 quonmdo
1045 4988 1216 5044 discas
1263 4989 1519 5050 invenies.
1568 4986 1707 5044 Sane
1756 4989 1806 5042 in
1839 4987 1920 5052 bis
1962 4988 2030 5052 de
2082 4990 2270 5060 quibus
2321 4992 2526 5062 agimus
2575 4992 2724 5056 libris
2761 5008 2952 5062 graves
2998 4993 3195 5063 passim
3244 5000 3517 5057 occurrunt
3539 4977 3764 5056 βοηιοωίε,

591 5080 844 5140 StudiOSis
873 5079 1212 5142 instituendis
1238 5080 1518 5151 perutiles,
1551 5095 1772 5147 quarum
1803 5082 1886 5138 vel
1912 5098 2012 5136 una
2039 5083 2204 5140 cuivis
2231 5083 2384 5140 fuerit
2409 5101 2503 5154 pro
2533 5084 2722 5154 integri
2750 5085 2868 5150 libri
2893 5086 3231 5155 compendio,
3259 5084 3473 5140 Accedit
3504 5075 3684 5151 quodin
3709 5069 3766 5126 iis.

585 5190 705 5245 quae
731 5175 958 5244 juvenes
985 5173 1286 5237 scribimus,
1315 5173 1556 5244 pinguior
1577 5173 1783 5235 incedat
1810 5175 2000 5243 oratio,
2024 5191 2085 5232 ac
2107 5177 2313 5246 plenior
2333 5178 2647 5248 eloquentia:
2673 5193 2857 5244 succo;
2883 5180 3106 5250 plusque
3129 5181 3318 5235 habeat
3343 5173 3592 5233 vivacior“
3610 5159 3765 5236 ἱιιεθηίίν

583 5241 746 5340 quam
769 5284 834 5331 ea
861 5282 979 5344 qua:
1008 5274 1250 5335 torpente
1285 5241 1394 5336 jam
1413 5241 1587 5331 astate
1625 5267 1961 5330 meditantur.
1989 5241 2049 5324 ld
2075 5241 2451 5340 caperiinento-
2471 5282 2680 5333 constat
2713 5272 2767 5326 in
2805 5241 2989 5341 pri-mis
3019 5241 3164 5328 hisce
3191 5273 3367 5339 libris,
3392 5282 3516 5340 quos
3540 5241 3777 5320 Ritstoriwi

585 5363 867 5433 praeceptis
913 5358 1146 5429 perfecte
1178 5361 1408 5414 imbutus
1435 5360 1668 5413 elimavit
1689 5361 2012 5428 Augustinus
2035 5370 2156 5425 ante
2185 5363 2448 5433 pauloque
2473 5374 2589 5434 post
2618 5364 2940 5434 baptismum
2970 5381 3144 5430 suum.
3177 5366 3382 5422 Habent
3403 5377 3523 5432 ergo
3551 5352 3765 5428 plut-imum

585 5456 852 5513 momenti
874 5455 990 5509 haec
1009 5467 1188 5524 opera,
1224 5454 1334 5508 sive
1361 5453 1627 5522 ingenium
1655 5463 1708 5506 et
1737 5453 2108 5520 eloquentiam,
2139 5455 2251 5509 sive
2275 5433 2569 5510 doctrinam
2597 5471 2656 5510 ac
2686 5433 2934 5526 pietatem
2966 5469 3194 5527 spectes.
3239 5457 3381 5526 Quod
3406 5455 3468 5509 de
3494 5446 3695 5506 omnibus
3715 5435 3748 5488 di
3771 5433 3781 5500 i

586 5549 776 5612 cimus,
803 5546 858 5602 id
887 5546 954 5601 de
979 5560 1042 5600 eo
1069 5545 1206 5615 quod
1228 5545 1292 5600 de
1322 5545 1513 5599 Libero
1540 5544 1758 5599 arbitrio
1786 5543 2049 5613 inscripsit
2079 5547 2417 5616 Augustinus,
2451 5557 2705 5616 expertus
2726 5557 2811 5602 est
2842 5548 2975 5614 Odo,
3000 5558 3181 5618 postea
3207 5549 3473 5620 episcopus
3494 5540 3763 5596 Cameracen-

589 5643 684 5709 sis,
715 5641 804 5712 qui
831 5642 957 5697 dum
999 5639 1136 5694 forte
1179 5639 1386 5693 fortuna
1414 5653 1443 5692 a
1473 5638 1698 5707 quodam
1730 5637 1920 5692 clerico
1950 5641 2092 5702 nunc
2116 5639 2305 5700 librum
2335 5639 2650 5706 coemisset,
2698 5640 2750 5694 in
2781 5640 2960 5695 scrinii
2987 5643 3232 5712 angulum
3275 5638 3510 5711 projecit,
3534 5636 3680 5700 utpote
3699 5621 3760 5687 Q'ii

3827 3733 3829 3764 1

656 5798 729 5862 (1)
764 5801 845 5850 Hic
864 5802 1027 5862 incipit
1048 5807 1206 5849 tomus
1233 5802 1415 5862 primus
1451 5799 1766 5849 Benedictina‘
1790 5798 2028 5859 editionis,
2047 5801 2300 5861 praeposita
2317 5799 2470 5848 solum
2491 5799 2689 5861 epistola
2708 5800 3011 5850 dcdicatoria.
3053 5812 3106 5852 Μ.
