3880 6392
97 401 215 466 585

95 516 335 588 magistro
358 525 490 579 uno,
531 511 689 582 cujus
713 509 782 568 de
823 508 1200 567 otl‘ensionibus
1238 507 1372 562 meis
1404 507 1658 576 judicium

103 605 315 669 evadere
339 602 511 674 cupio.
543 601 829 673 Magistros
852 609 1026 657 autem
1057 599 1234 670 plures
1261 607 1388 654 tunc
1411 598 1524 653 fieri
1549 599 1659 653 exi-

105 699 282 763 stimo,
317 710 432 751 cum
466 692 681 750 diversa
709 701 870 763 atque
894 692 1032 748 inter
1057 704 1116 746 se
1153 689 1374 746 adversa
1402 689 1658 744 sentiunt.

109 793 232 848 Cum
256 801 370 842 vero
397 785 630 856 idipsum
651 783 838 841 dicunt
855 798 1061 848 omnes,
1085 791 1140 838 et
1160 797 1345 837 verum
1370 780 1570 849 dicunt,
1594 781 1662 836 ab

115 881 252 940 unius
266 877 371 934 veri
399 877 641 947 magistri
684 875 992 947 magisterio
1031 889 1136 930 non
1175 873 1446 930 recedunt.
1477 872 1658 929 Otl'en-

124 974 236 1030 dunt
254 977 436 1034 autem,
461 982 571 1024 non
591 983 713 1023 cum
735 966 878 1021 illius
895 966 1057 1021 multa
1079 964 1281 1029 dicunt,
1310 963 1405 1020 sed
1427 979 1548 1020 cum
1570 963 1664 1018 ad-

128 1066 236 1122 dunt
254 1079 357 1119 sua.
383 1062 472 1120 Sic
490 1060 689 1134 quippe
712 1059 953 1117 incidunt
979 1074 1046 1116 ex
1064 1057 1394 1128 multiloquio
1417 1056 1578 1114 etiam
1607 1056 1662 1112 in

132 1155 458 1226 falsiloquium.

184 1249 227 1303 ὅ.
250 1247 479 1303 Scribere
504 1253 686 1301 autem
715 1245 818 1300 ista
853 1243 984 1300 mihi
1022 1242 1247 1316 placuit,
1279 1250 1338 1297 ut
1362 1241 1478 1296 haec
1503 1241 1662 1297 emit-

134 1348 216 1394 tam
239 1339 284 1394 in
306 1351 485 1393 manus
514 1336 790 1392 hominum
807 1378 822 1404 ,
854 1350 887 1391 a
911 1334 1104 1406 quibus
1130 1348 1194 1390 ea
1219 1348 1339 1404 quae
1358 1332 1468 1404 jam
1496 1331 1660 1398 edidi,

134 1448 336 1489 revocare
355 1431 684 1488 emendanda
711 1445 818 1486 non
844 1443 1083 1500 possum.
1110 1427 1218 1484 Nec
1242 1428 1332 1482 illa
1353 1441 1484 1483 sane
1516 1441 1658 1497 pra:-

134 1535 260 1591 tereo,
282 1539 392 1593 qua
416 1521 831 1578 catechumenus
854 1520 964 1590 jam
979 1560 995 1585 ,
1028 1519 1153 1576 licet
1175 1518 1358 1574 relicta
1382 1532 1478 1587 spe
1501 1530 1660 1588 quam

1457 385 1660 448 LIBER
1697 386 1969 448 PRIMUS.
1987 393 1989 396 ⁴

3235 397 3340 457 586

1767 515 2033 561 terrenam
2061 505 2308 575 gerebam
2332 544 2348 572 ,
2377 505 2471 561 sed
2507 505 2680 563 adhuc
2708 508 3024 565 secularium
3046 510 3344 566 htterarum

1766 596 1977 653 inﬂatus
1996 597 2382 654 consuetudine
2399 599 2586 670 scripsi
2609 618 2622 654 :
2651 602 2773 671 quia
2797 610 2852 657 et
2876 602 2990 673 ipsa
3014 603 3258 660 exierunt
3286 604 3344 660 in

1766 691 2007 748 notitiam
2034 690 2446 748 describentium
2474 699 2630 762 atque
2659 693 2977 764 legentium,
3007 705 3061 752 et
3094 695 3347 768 leguntur

1766 782 1987 851 utiliter,
2008 783 2054 838 si
2069 781 2342 838 nonnullis
2360 782 2690 854 ignoscatur;
2722 783 2804 840 vel
2821 784 2868 840 si
2891 800 2998 841 non
3017 786 3322 857 ignoscatur

1765 890 1872 932 non
1897 887 2076 933 tamen
2094 876 2418 935 iuhereatur
2435 879 2644 934 erratis.
2668 878 3007 952 Quapropter
3027 882 3346 954 quicumque

1769 968 1872 1025 ista
1898 969 2087 1025 lecturi
2115 978 2259 1039 sunt,
2285 985 2390 1025 non
2417 986 2503 1026 me
2529 969 2802 1027 imitentur
2824 980 3090 1028 errantem
3109 1015 3126 1041 ,
3161 971 3257 1028 sed
3291 972 3346 1027 in

1771 1062 1962 1118 melius
1985 1061 2370 1133 proficientem.
2397 1063 2632 1120 Inveniet
2653 1064 2796 1120 enim
2823 1063 3053 1122 fortasse
3083 1063 3351 1136 quomodo

1773 1154 2056 1210 scribendo
2084 1156 2427 1226 profecerim.
2456 1155 2694 1226 quisquis
2719 1156 2973 1227 opuscula
2995 1169 3135 1224 mea,
3166 1153 3354 1210 ordino

1769 1261 1875 1317 quo
1900 1248 2096 1318 scripta
2124 1255 2275 1317 sunt,
2307 1247 2513 1319 legerit.
2541 1247 2693 1317 Quod
2722 1259 2781 1304 ut
2805 1251 3004 1321 posslt,
3035 1247 3136 1304 hoc
3163 1261 3351 1318 opere,

1770 1349 2025 1409 quantum
2068 1347 2288 1411 potero,
2332 1340 2530 1397 curabo
2570 1349 2629 1397 ut
2674 1341 2921 1398 eumdem
2968 1339 3208 1398 ordinem
3250 1353 3386 1397 uo-.
3423 1404 3435 1416 θ

1771 1433 1926 1488 verit.

1110 1705 1587 1834 LIBER
1661 1721 2076 1828 PRIM
2096 1673 2302 1830 us.

528 1934 596 1990 IN
637 1933 780 2002 QUO
819 1926 1384 1988 RETRACTANTUR
1423 1922 1603 1981 LIBRI
1641 1921 1819 1992 QUOS
1854 1921 2157 1980 SCRIPSIT
2195 1922 2481 1982 NONDUM
2521 1925 2912 1987 EPISCOPUS.

1511 2065 1929 2122 W

629 2189 855 2248 CAPUT
891 2187 1176 2246 PRIMUM.

449 2283 638 2339 Contra
667 2279 1010 2345 Academicos,
1040 2277 1152 2333 libri
1181 2285 1301 2332 tres.

28 2363 40 2434 ἰ
171 2377 219 2432 1.
253 2375 380 2431 Cum
415 2390 547 2446 ergo
575 2373 910 2444 reliquissem
929 2411 945 2439 ,
975 2370 1059 2425 vel
1082 2384 1200 2440 qua:
1223 2367 1444 2438 adeptus
1467 2363 1673 2420 fueram

29 2449 46 2600 ξ
118 2471 157 2524 in
183 2468 554 2540 cupiditatibus
591 2466 746 2536 hujus
775 2463 989 2529 mundi,
1015 2463 1098 2518 vel
1133 2476 1252 2532 qua:
1285 2458 1504 2529 adipisci
1531 2457 1675 2512 vole-

120 2561 216 2600 lmn
286 2571 334 2600 of
378 2576 464 2600 mo
492 2559 557 2600 ad
603 2559 907 2600 nhriclianm
941 2556 1063 2600 vitm.
1090 2555 1254 2600 ntinm
1303 2552 1671 2600 mnlnlissem:

39 2568 50 2636 ζ
119 2561 216 2617 bam
239 2602 255 2628 ,
286 2571 338 2617 et
378 2576 464 2616 me
492 2559 558 2615 ad
603 2559 907 2614 Christianae
941 2556 1063 2612 vitae
1090 2555 1256 2611 otium
1303 2552 1672 2617 contulissem;

120 2653 325 2708 nondum
368 2652 699 2722 baptizatus,
742 2659 925 2706 contra
954 2647 1299 2704 Academicos
1327 2645 1413 2701 vel
1441 2643 1509 2700 de
1536 2644 1675 2699 Aca-

51 2741 62 2814 ῐ
121 2742 317 2799 demicis
359 2745 592 2814 primum
621 2741 838 2812 scripsi,
866 2750 924 2795 ut
947 2746 1257 2810 argumenta
1299 2752 1520 2804 eorum,
1559 2749 1677 2806 quae

121 2837 280 2891 multis
321 2837 571 2906 ingerunt
615 2833 725 2889 veri
779 2830 1080 2887 inveniendi
1125 2827 1577 2899 desperationem,
1623 2833 1678 2881 et

77 2972 80 2992 ξ
123 2927 381 2996 prohibent
416 2927 663 2995 cuiquam
699 2923 778 2980 rei
803 2921 1054 2978 assentiri
1075 2961 1092 2987 ,
1123 2928 1178 2976 et
1204 2918 1421 2975 omnino
1449 2915 1674 2988 aliquid,

125 3023 342 3087 mnam
385 3015 728 3070 manifestum
767 3022 1077 3082 certumque
1118 3010 1220 3078 sit,
1265 3007 1558 3079 approbare
1594 3020 1680 3062 sa-

127 3107 349 3178 pientem,
374 3123 498 3162 cum
527 3106 606 3162 eis
630 3103 808 3161 omnia
823 3103 1104 3159 videantur
1131 3101 1356 3157 obscura
1375 3107 1431 3154 et
1456 3099 1676 3163 incerta,

75 3193 80 3269 ζ
127 3199 178 3255 ab
197 3201 365 3256 animo
388 3214 532 3267 meo,
555 3198 679 3269 quia
710 3207 765 3254 et
788 3213 877 3253 me
901 3194 1205 3261 movebant,
1234 3193 1444 3264 quantis
1467 3205 1678 3263 possem

127 3291 386 3348 rationibus
407 3305 737 3346 amoverem.
755 3287 907 3356 Quod
927 3287 1214 3343 miserante
1228 3293 1385 3356 atque
1400 3283 1683 3355 adjuvante

131 3379 324 3438 Domino
342 3382 543 3438 factun
572 3390 673 3436 est.

186 3472 238 3528 2.
264 3472 364 3530 Sed
392 3475 443 3529 in
467 3473 672 3529 eisdem
700 3473 870 3528 tribus
893 3471 1043 3527 libris
1063 3471 1216 3538 meis,
1236 3483 1342 3525 non
1362 3468 1490 3524 mihi
1510 3468 1683 3539 placet

131 3563 260 3619 toties
283 3581 364 3621 me
383 3564 687 3636 appellasse
713 3561 1140 3634 Fortunam(Lib.
1162 3562 1215 3627 1,
1235 3576 1282 3614 c.
1305 3562 1358 3626 1,
1390 3577 1444 3615 n.
1463 3561 1490 3615 1
1519 3567 1567 3614 et
1592 3557 1681 3630 7);

134 3661 343 3727 quamvis
372 3674 478 3714 non
507 3658 740 3727 aliquam
764 3656 914 3712 deam
946 3654 1202 3710 voluerim
1229 3652 1332 3708 hoc
1358 3651 1573 3708 nomine
1597 3651 1682 3706 in-

135 3750 292 3822 telligi,
315 3752 407 3808 sed
432 3750 711 3807 fortuitum
737 3764 916 3804 rerum
942 3756 1187 3803 eventum
1204 3787 1220 3813 ,
1255 3746 1339 3802 vel
1363 3744 1416 3799 in
1444 3742 1684 3814 corporis

139 3843 310 3907 latri,
337 3842 421 3897 vel
453 3842 508 3897 in
547 3840 787 3895 externis
816 3837 969 3893 bonis
1001 3844 1092 3892 aut
1128 3835 1302 3891 malis.
1343 3833 1497 3890 Unde
1517 3839 1574 3888 et
1595 3831 1685 3887 illa

25 3923 80 4003 Ι
136 3931 273 3988 verba
297 3942 436 4000 sunt,
469 3948 590 4003 qua:
620 3931 763 3987 nulla
794 3929 979 4001 religio
997 3927 1180 3984 dicere
1206 3926 1474 3998 prohibet,
1499 3923 1682 3992 Forte,

73 4017 80 4086 ῗ
138 4017 311 4088 arm,
339 4023 580 4086 forsitan,
608 4021 853 4088 fortasse,
876 4019 1091 4074 fortuito
1115 4037 1129 4074 :
1155 4017 1297 4089 quod
1319 4025 1495 4071 tamen
1518 4023 1686 4070 totum

69 4103 80 4192 ξ
139 4109 200 4166 ad
216 4111 431 4168 divinam
458 4110 816 4168 revocandum
841 4118 925 4166 est
949 4107 1354 4179 providentiam.
1385 4105 1498 4161 Hoc
1525 4103 1687 4160 etiam

139 4199 316 4259 ibim
343 4206 502 4270 tacui,
523 4203 712 4258 dicens
736 4219 750 4256 :
783 4199 980 4256 Etenim
1005 4201 1238 4272 fortasse,
1265 4213 1377 4267 qua:
1398 4196 1547 4268 vulgo
1577 4199 1685 4268 for-

143 4302 256 4348 m
280 4297 573 4364 nuntiantur,
615 4293 810 4350 occulto
837 4291 1056 4365 quodam
1084 4290 1259 4346 ordine
1281 4290 1504 4361 regitur;
1529 4284 1687 4342 nihil-

141 4401 234 4456 que
253 4385 382 4441 aliud
405 4391 453 4445 in
477 4390 630 4445 rebus
672 4403 844 4443 casum
878 4401 1110 4442 vocamus
1125 4426 1142 4452 ,
1174 4384 1274 4439 nisi
1309 4384 1454 4455 cujus
1489 4381 1618 4437 ratio
1643 4388 1688 4435 et

25 4477 80 4551 ιι
141 4491 284 4534 ωηο
303 4491 480 4537 secreta
506 4491 600 4536 est.
644 4480 764 4536 Dixi
791 4479 1003 4551 quidem
1029 4477 1156 4545 hoc,
1182 4484 1546 4534 verumtamen
1570 4487 1687 4544 pm-

73 4637 76 4642 _
144 4569 260 4627 nitet
290 4589 372 4630 me
405 4575 485 4630 sic
517 4573 629 4630 illic
665 4573 970 4630 nominasse
1005 4570 1268 4627 fortunam
1289 4609 1307 4637 ,
1332 4584 1450 4624 cum
1480 4567 1688 4624 videam

145 4660 361 4722 homines
396 4667 595 4724 habere
637 4666 692 4722 in
735 4665 966 4736 pessima
1002 4662 1419 4729 consuetudine,
1461 4660 1550 4716 ubi
1586 4658 1691 4714 dici

91 4765 94 4770 '
148 4750 309 4821 debet,
349 4757 462 4814 Hoc
485 4757 628 4813 Deus
655 4755 826 4812 voluit
844 4797 859 4822 ,
891 4755 1104 4822 dicere,
1133 4752 1248 4809 Hoc
1268 4751 1438 4808 voluit
1459 4749 1686 4806 fortuna.

150 4842 276 4910 Quod
310 4856 481 4907 autem
520 4848 753 4921 quodam
786 4848 903 4904 loco
930 4845 1066 4914 dixi,
1098 4843 1184 4900 Ita
1209 4850 1558 4914 comparatum
1585 4848 1689 4909 est,

153 4937 236 4995 liis
256 4958 340 5011 pro
365 4942 555 4997 meritis
580 4941 785 5009 nostris,
823 4940 926 4995 sive
948 4953 1040 5010 pro
1064 4937 1352 4993 necessitate
1383 4943 1576 4990 naturae
1593 4975 1607 5002 ,
1635 4940 1693 4988 ut

157 5027 342 5087 binum
393 5033 621 5088 animum
665 5029 962 5086 mortalibus
1008 5029 1333 5084 inhaerentem
1383 5041 1695 5098 nequaquam

34 5115 92 5196 τ’
160 5117 449 5194 mnia
495 5132 674 5196 portus
718 5121 960 5192 accipiat,
996 5127 1100 5176 etc.
1152 5117 1336 5192 (Ibid.
1365 5116 1411 5190 ),
1469 5126 1560 5173 aut
1611 5115 1697 5171 ni-

164 5207 222 5266 ll'l
265 5213 441 5271 borum
493 5215 723 5271 duorum
773 5212 1052 5270 dicendum
1086 5207 1218 5278 fuit,
1259 5208 1384 5280 quia
1419 5207 1578 5264 etiam
1619 5207 1700 5263 sic

89 5317 96 5379 Ρ
167 5314 314 5364 Iulus
350 5318 530 5379 posset
551 5321 674 5363 esse
703 5305 937 5376 integer;
965 5310 1058 5358 aut
1088 5301 1218 5358 satis
1242 5309 1358 5356 erat
1378 5300 1577 5368 dicere,
1607 5313 1698 5370 pro

89 5392 96 5460 ἶ
169 5399 316 5456 luitis
334 5400 541 5468 nostris,
566 5399 707 5455 sicut
730 5412 916 5453 verum
943 5403 1028 5453 est
1059 5410 1125 5452 ex
1151 5393 1318 5450 Adam
1344 5401 1509 5450 tracta
1535 5392 1699 5448 mise-

168 5482 246 5558 r’n;
269 5506 362 5549 nec
381 5491 611 5557 addere,
652 5489 758 5545 sive
782 5503 877 5560 pro
904 5488 1193 5544 necessitate
1217 5494 1438 5553 naturae,
1467 5482 1702 5555 quando-

155 5579 334 5656 avidam
357 5592 565 5640 natura:
591 5588 794 5637 nostras
823 5579 955 5636 dura
977 5578 1267 5636 necessitas
1289 5577 1480 5634 merito
1499 5589 1702 5646 praece-

55 5733 60 5742 ,
149 5669 302 5730 datis
319 5673 619 5748 iniquitatis
647 5679 834 5728 exorta
858 5681 960 5727 est.
982 5670 1220 5743 Itemque
1245 5670 1354 5725 illic
1385 5667 1527 5740 quod
1554 5665 1662 5723 dixi
1683 5708 1700 5734 ,

141 5759 278 5826 Niﬁl
289 5767 492 5824 mnino
508 5764 785 5821 colendum
800 5779 925 5828 esse,
948 5771 1200 5835 totumque
1217 5760 1553 5833 abjiciendttm
1567 5757 1705 5831 quid-

135 5855 251 5929 quid
273 5857 569 5914 mortalibus
598 5855 765 5912 oculis
805 5854 1046 5922 cernitur,
1075 5853 1318 5927 quidquid
1359 5851 1495 5910 ullus
1534 5867 1705 5908 sensus

0 5971 90 6228 ὃ
397 5955 630 6020 ελπατ.
681 5954 958 6015 Auens'r.
985 5949 1036 6011 Ι.

29 6361 522 6392 “at
603 6387 606 6390 .

1780 2183 1976 2254 attingit
1996 2181 2180 2256 (Ibid.,
2198 2199 2251 2237 n.
2271 2183 2325 2257 3)
2343 2201 2359 2251 ;
2380 2185 2619 2242 addenda
2631 2197 2783 2244 erant
2795 2191 2975 2259 verba,
2994 2202 3051 2250 ut
3069 2194 3357 2255 diceretur!

1777 2273 2021 2344 quidquid
2066 2274 2294 2330 mortalis
2340 2278 2564 2348 corporis
2609 2279 2743 2334 ullus
2784 2298 2959 2338 sensus
3003 2287 3247 2358 attingit:
3275 2300 3360 2348 est

1777 2364 1920 2421 enim
1942 2379 2132 2422 sensus
2157 2375 2212 2422 et
2261 2368 2476 2425 mentis.
2501 2369 2606 2426 Sed
2637 2386 2821 2428 eorum
2845 2391 2993 2432 more
3017 2386 3144 2433 tunc
3171 2377 3360 2450 loque-

1779 2457 1898 2526 bar,
1928 2459 2017 2530 qui
2038 2474 2255 2514 sensum
2282 2476 2389 2516 non
2417 2462 2519 2517 nisi
2543 2465 2783 2534 corporis
2809 2465 3021 2538 dicunt,
3049 2479 3104 2526 et
3127 2473 3360 2530 sensibi-

1780 2548 1848 2603 lia
1881 2565 1985 2604 non
2012 2550 2114 2606 nisi
2148 2551 2464 2622 corporalia.
2492 2553 2672 2625 Itaque
2709 2557 3025 2630 ubicumque
3053 2563 3130 2618 sic
3153 2563 3362 2623 locutus

1780 2653 1924 2704 sum,
1949 2654 2133 2709 parum
2158 2649 2238 2697 est
2257 2642 2574 2714 ambiguitas
2594 2647 2808 2714 evitata,
2835 2649 2936 2705 nisi
2959 2652 3096 2723 apud
3116 2668 3211 2709 eos
3230 2669 3365 2728 quo-

1781 2745 1900 2785 rum
1924 2731 2254 2787 consuetudo
2275 2742 2356 2788 est
2374 2733 2658 2793 locutionis
2681 2737 2858 2809 hujus.
2889 2741 3018 2798 Item
3046 2743 3154 2799 dixi
3179 2763 3192 2800 :
3226 2746 3366 2813 Quid

1781 2836 1950 2876 censes
1978 2822 2119 2877 aliud
2145 2839 2250 2878 esse
2277 2823 2418 2880 beate
2441 2827 2618 2894 vivere,
2651 2830 2749 2884 nisi
2773 2833 3046 2887 secundum
3069 2835 3126 2889 id
3151 2837 3286 2908 quod
3311 2839 3366 2892 in

1783 2911 1986 2966 homine
2010 2914 2258 2983 optimum
2285 2924 2388 2983 est,
2435 2918 2632 2972 uiuere?
2662 2920 2724 2975 Et
2746 2922 2870 2991 quid
2904 2923 3149 2994 dixerim,
3183 2928 3238 2982 in
3275 2929 3366 2984 ho-

1784 3003 1918 3058 mine
1944 3020 2051 3060 esse
2086 3007 2328 3076 optimum
2348 3049 2364 3074 ,
2405 3011 2564 3078 paulo
2589 3020 2710 3081 post
2737 3014 3008 3084 explicans
3032 3036 3045 3073 :
3093 3017 3249 3087 Quis,
3277 3020 3362 3075 in-
3387 3011 3395 3018 ’

1783 3113 1960 3168 quam,
1998 3097 2296 3154 dubitauerit
2316 3141 2330 3166 ,
2367 3101 2495 3156 nihil
2534 3119 2640 3158 esse
2668 3105 2810 3159 aliud
2847 3107 3062 3163 hominis
3089 3111 3363 3181 optimum,

1783 3205 1938 3259 quam
1965 3207 2077 3245 eam
2115 3199 2308 3262 partem
2345 3193 2534 3262 animi,
2580 3196 2663 3248 cui
2707 3195 2988 3253 dominanti
3030 3201 3368 3272 obtemperare

1785 3283 2016 3338 convenit
2039 3293 2222 3340 etatem
2237 3301 2444 3358 queque
2463 3287 2517 3342 in
2543 3288 2744 3344 homine
2767 3292 2924 3346 sunt?
2954 3291 3077 3347 Haec
3095 3305 3282 3365 autem,
3305 3314 3368 3353 ne

1785 3375 1940 3428 aliam
1965 3375 2186 3447 postules
2226 3377 2570 3447 deﬁnitionem
2587 3420 2603 3446 ,
2631 3395 2770 3435 mens
2798 3390 2886 3435 aut
2922 3384 3052 3438 ratio
3077 3385 3176 3441 dici
3205 3396 3398 3458 potest.

1790 3463 1974 3537 (Ibid.,
2001 3481 2047 3520 c.
2073 3465 2130 3534 2,
2153 3483 2207 3521 n.
2226 3465 2305 3541 5).
2333 3467 2447 3524 Hoc
2466 3469 2677 3540 quidem
2706 3486 2893 3529 verum
2919 3481 3032 3541 est;
3059 3492 3178 3533 nam
3199 3494 3359 3551 quan-
3395 3471 3427 3507 ’ν

1787 3564 1898 3612 tum
1947 3557 2138 3614 attinet
2179 3557 2250 3613 ad
2299 3558 2528 3615 hominis
2563 3569 2835 3629 naturam,
2876 3564 3007 3620 nihil
3061 3577 3144 3623 est
3193 3571 3249 3625 in
3297 3585 3366 3628 eo

1787 3647 1977 3703 melius
1999 3663 2160 3719 quam
2187 3663 2341 3706 mens
2361 3659 2417 3706 et
2437 3651 2577 3706 ratio
2601 3669 2614 3705 :
2644 3653 2739 3709 sed
2762 3668 2868 3710 non
2888 3657 3178 3714 secundum
3199 3661 3370 3732 ipsam
3401 3699 3406 3704 η

1787 3736 1948 3794 debet
1969 3738 2185 3806 vivere,
2220 3740 2311 3811 qui
2354 3741 2511 3797 beate
2547 3742 2660 3798 vult
2685 3744 2883 3814 vivere,
2912 3746 3143 3819 alioquin
3173 3766 3336 3810 secun
3394 3754 3400 3815 ξ

1789 3827 1915 3884 dum
1943 3829 2214 3886 hominem
2233 3831 2382 3900 vivit,
2413 3847 2535 3888 cum
2564 3835 2856 3891 secundum
2889 3837 3055 3894 Deum
3083 3841 3366 3902 vivendum
3397 3872 3402 3891 τ

1789 3925 1889 3990 sit,
1931 3935 1992 3980 ut
2035 3926 2202 3996 possit
2256 3925 2325 3981 ad
2367 3926 2747 3985 beatitudinem
2797 3931 3106 4000 pervenire;
3153 3947 3400 4006 propter

1790 4031 1948 4087 quam
1983 4016 2410 4089 consequendam
2438 4033 2543 4074 non
2568 4019 2743 4089 seipsa
2770 4019 2930 4077 debet
2953 4036 3074 4079 esse
3095 4034 3366 4092 contenta,

1790 4108 1884 4163 sed
1913 4109 2022 4164 Deo
2045 4123 2198 4164 mens
2229 4116 2411 4164 nostra
2439 4108 2712 4166 subdenda
2738 4117 2840 4167 est.
2878 4109 3010 4168 Item
3038 4115 3372 4185 respondens

1778 4200 1863 4268 ,ei,
1891 4213 2012 4254 cum
2039 4214 2146 4270 quo
2171 4198 2572 4269 disputabatur:
2597 4198 2700 4255 Hic
2724 4199 2896 4272 plane,
2923 4202 3148 4273 inquam,
3171 4222 3404 4264 ποκα..

1790 4308 1911 4358 ras;
1947 4291 2082 4356 quod
2107 4299 2163 4345 ut
2200 4290 2289 4344 tibi
2315 4305 2460 4345 omen
2487 4290 2552 4346 sit
2573 4289 2644 4346 ad
2665 4291 2894 4364 reliqua,
2925 4294 3132 4352 libenter
3167 4308 3399 4372 θρίων.-⁸

1791 4382 1889 4436 rim
1915 4380 2102 4456 (Ibid.,
2132 4398 2179 4437 c.
2206 4381 2261 4449 4,
2288 4399 2342 4436 n.
2374 4381 2624 4456 11).1-Ιοο
2650 4383 2780 4440 licet
2805 4399 2912 4440 non
2932 4387 3105 4455 serio,
3127 4389 3222 4444 sed
3245 4390 3371 4461 joco

1791 4472 1992 4529 dictum
2016 4475 2117 4543 sit,
2144 4475 2342 4532 nollem
2367 4483 2544 4531 tamen
2569 4490 2636 4532 eo
2657 4475 2822 4532 verbo
2849 4478 2946 4533 uti.
2973 4477 3142 4535 Omen
3170 4481 3352 4555 quipp.
3377 4487 3402 4564 ἑ

1793 4578 1881 4621 me
1927 4564 2120 4636 legisse
2159 4579 2266 4620 non
2311 4565 2523 4632 recolo,
2563 4565 2676 4620 sive
2723 4565 2776 4621 in
2816 4567 2986 4624 sacris
3013 4550 3229 4627 Litteris
3261 4550 3336 4630 no
3358 4550 3411 4625 δ’,

1793 4655 1922 4712 stris
1951 4653 2050 4730 (α),
2072 4656 2190 4712 sive
2218 4656 2272 4714 in
2297 4670 2544 4713 sermone
2562 4657 2871 4728 cujusquam
2893 4661 3236 4721 ecclesiastici
3259 4665 3372 4722 dis-

1795 4745 2088 4817 putatoris:
2119 4747 2358 4818 quamvis
2381 4747 2706 4804 abominatio
2728 4748 2852 4807 inde
2875 4749 2946 4807 sit
2962 4752 3134 4823 dicta,
3163 4770 3282 4827 qua:
3315 4758 3372 4816 in
3399 4792 3408 4819 ;

1796 4837 1990 4894 divinis
2017 4837 2192 4894 Libris
2215 4837 2430 4895 assidue
2457 4839 2739 4910 reperitur.
3120 4822 3124 4823 ν
3179 4822 3198 4827 ”
3415 4822 3426 4834 ’

1868 4933 1922 4988 '5.
1963 4931 2022 4988 In
2053 4931 2288 4987 secundo
2312 4940 2488 4988 autem
2527 4931 2665 4988 libro
2695 4948 2916 5004 prorsus
2967 4935 3145 5007 inepta
3188 4951 3272 4999 est
3314 4953 3372 5000 et

1800 5023 1997 5080 insulsa
2021 5022 2108 5080 illa
2128 5024 2277 5095 quasi
2307 5023 2480 5081 fabula
2507 5024 2577 5080 de
2607 5023 2896 5083 Pbilocalia
2921 5037 2978 5086 et
3003 5030 3371 5105 Philosophia,

1799 5113 1940 5186 quod
1965 5115 2066 5170 sint
2091 5131 2346 5186 germana:
2362 5124 2409 5171 et
2435 5115 2608 5170 eodem
2635 5127 2841 5189 parente
2863 5132 3139 5192 procreata:
3161 5124 3297 5199 (Lib.
3313 5127 3370 5198 2,

1801 5223 1848 5262 c.
1870 5208 1923 5275 5,
1955 5225 2009 5262 n.
2035 5206 2115 5279 7).
2143 5209 2249 5263 Aut
2274 5208 2414 5262 enim
2442 5208 2720 5279 philocalia
2743 5227 2863 5282 qua:
2891 5213 3103 5281 dicitur,
3136 5232 3241 5273 non
3269 5220 3373 5276 nisi

1803 5299 1855 5353 in
1883 5299 2036 5369 nugis
2055 5307 2171 5365 est,
2191 5307 2248 5354 et
2270 5297 2339 5354 ob
2363 5297 2465 5354 hoc
2490 5299 2838 5371 philosophia:
2851 5305 3004 5380 .nulla
3029 5306 3234 5362 ratione
3251 5324 3375 5379 ger-

1802 5403 1958 5444 mana
1980 5406 1994 5444 :
2013 5397 2105 5444 aut
2126 5388 2173 5444 si
2197 5397 2477 5460 propterea
2503 5399 2585 5446 est
2623 5390 2729 5448 hoc
2750 5407 2945 5449 nomen
2973 5394 3336 5451 honorandum
3357 5439 3374 5464 ,

1804 5479 1930 5561 quia
1957 5479 2120 5536 latine
2139 5479 2542 5551 interpretatum
2559 5523 2574 5550 ,
2597 5496 2838 5538 amorem
2866 5484 3125 5554 significat
3142 5485 3371 5554 pulchri.

1804 5571 2032 5640 tudinis,
2078 5579 2132 5626 et
2174 5580 2257 5628 est
2300 5587 2426 5628 vera
2463 5587 2528 5628 ac
2570 5587 2776 5629 summa
2828 5575 3100 5644 sapientia:
3145 5574 3412 5643 pulchri..

1868 5672 2106 5739 (0)9!!!“
2121 5681 2290 5739 tamen
2319 5674 2529 5739 legimus
2561 5681 2612 5724 tu
2641 5683 2756 5739 Reg.
2776 5689 2862 5739 xx,
2894 5676 2971 5724 33.
2998 5683 3126 5739 Ars.
3159 5677 3406 5739 ψευδεῖ(

1805 5733 1985 5801 nusvel
1999 5747 2104 5801 non
2121 5735 2312 5801 legerat
2325 5733 2613 5801 iu'versione
2622 5733 2978 5801 qua'utehatur,
2997 5736 3203 5801 velAquia
3217 5733 3384 5790 s'ermo

1806 5797 1875 5862 ibi
1893 5802 1969 5862 est
1983 5795 2047 5846 de
2067 5795 2264 5862 Paganis
2287 5799 2421 5862 viris,
2454 5795 2870 5862 profani-vocabuli
2903 5809 3044 5846 usum
3075 5795 3186 5847 inde
3212 5809 3387 5859 appro-

1807 5857 2017 5912 bantium
2035 5857 2155 5911 esse
2163 5873 2260 5910 non
2280 5857 2583 5927 existinjavit.

2221 5965 2223 5967 ί
2625 5942 3048 6048 (Dim-mu
