3878 6270
614 313 715 375 891

614 431 815 488 dictum
837 432 938 491 est,
965 432 1085 478 Non
1104 408 1212 478 esse
1226 418 1376 474 vitam
1403 431 1518 472 cum
1541 416 1736 470 ratione
1753 416 1870 480 ulli,
1898 415 1995 470 nisi
2013 415 2196 470 anima:

619 522 642 593 (
663 521 790 590 Cap.
805 519 861 583 λι,
889 535 942 572 n.
965 515 1000 571 5
1022 515 1042 588 )
1068 531 1082 568 :
1105 529 1278 585 neque
1297 511 1440 568 enim
1460 510 1573 566 Deo
1593 508 1711 565 sine
1729 508 1937 563 ratione
1955 509 2061 562 vita
2085 515 2194 571 est;

613 627 736 669 cum
779 609 918 679 apud
958 622 1080 663 eum
1122 614 1178 661 et
1218 618 1423 660 summa
1448 601 1589 665 vita,
1619 608 1675 656 et
1702 603 1920 670 fsumma
1946 598 2018 653 sit
2039 599 2194 653 ratio.

611 708 681 763 Et
734 705 860 761 illud
917 702 1058 778 quod
1119 696 1404 769 aliquando
1451 695 1693 765 superius
1742 693 1902 759 dixi,
1939 690 2007 745 Id
2064 691 2198 763 quod

610 796 946 868 intelligitur,
1002 790 1249 863 ejusmodi
1303 804 1406 844 esse
1449 802 1642 857 semper
1686 784 1850 857 (Cap.
1897 785 1961 850 1,
2006 799 2058 837 n.
2087 782 2194 850 1),

614 906 734 947 cum
773 887 1100 957 intelligatur
1123 892 1178 940 et
1210 883 1440 947 animus,
1470 879 1560 951 qui
1592 878 1775 949 utique
1803 892 1907 932 non
1934 874 2194 946 ejusmodi

616 991 701 1039 est
724 993 957 1048 semper.
988 975 1141 1044 Quod
1165 989 1294 1029 vero
1331 972 1478 1037 dixi,
1521 971 1760 1024 Animum
1795 976 2061 1040 prapterea
2094 981 2196 1020 non

612 1090 760 1146 posse
795 1071 857 1125 ab
883 1079 1072 1125 «eterna
1098 1068 1294 1122 ratione
1321 1063 1548 1136 separari
1571 1104 1587 1130 ,
1619 1062 1736 1133 quia
1763 1077 1866 1115 non
1892 1059 1940 1115 ei
1968 1057 2197 1113 localiter

607 1165 838 1240 jungitur
867 1161 1033 1236 (Cap.
1065 1161 1118 1228 6,
1148 1177 1200 1213 η.
1233 1160 1294 1214 il
1327 1157 1385 1228 ),
1421 1155 1661 1228 profecto
1693 1170 1799 1210 non
1833 1152 2117 1216 dixissem,
2149 1150 2195 1205 si

607 1261 718 1330 jam
743 1268 870 1314 tunc
897 1271 1069 1313 essem
1100 1253 1314 1309 Litteris
1339 1252 1506 1307 sacris
1546 1249 1616 1304 ita
1645 1248 1882 1304 eruditus
1901 1289 1915 1314 ,
1943 1254 2005 1301 ut
2039 1259 2192 1301 reco-

611 1353 778 1408 lerem
799 1347 943 1420 quod
966 1347 1219 1416 scriptum
1242 1355 1323 1401 est
1346 1361 1359 1399 :
1389 1343 1606 1396 Peccata
1629 1349 1794 1395 uestra
1812 1347 2050 1409 separant
2069 1338 2198 1391 inter

609 1458 697 1498 vos
721 1450 768 1497 et
795 1440 956 1494 Deum
984 1436 1143 1510 (Isai.
1173 1451 1285 1502 ιιι,
1314 1434 1410 1506 2).
1439 1433 1594 1489 Unde
1616 1429 1839 1501 intelligi
1858 1430 2014 1484 datur
2037 1429 2195 1485 etiam

612 1547 796 1588 earum
819 1544 997 1586 rerum
1020 1541 1175 1598 posse
1200 1525 1303 1580 dici
1325 1523 1735 1595 separationem,
1767 1535 1887 1592 qua:
1913 1535 2017 1575 non
2040 1519 2192 1586 locis,

613 1624 711 1680 sed
742 1621 1147 1692 incorporaliter
1163 1620 1359 1689 junctae
1385 1616 1615 1670 fuerant.

689 1719 741 1773 5.
783 1715 919 1785 Quid
945 1715 1015 1770 sit
1035 1712 1192 1768 etiam
1215 1708 1357 1782 quod
1381 1708 1510 1774 dixi,
1533 1708 1716 1762 Anima
1739 1707 1782 1761 si
1810 1713 1943 1760 caret
1965 1719 2191 1774 corpore,

605 1814 665 1868 in
687 1811 779 1864 hoc
813 1805 998 1862 mundo
1032 1821 1132 1858 non
1168 1811 1239 1856 est
1265 1799 1433 1874 (Cap.
1474 1799 1562 1864 15,
1608 1815 1662 1851 η.
1701 1796 1837 1869 22),
1869 1811 1974 1850 non
2005 1795 2148 1864 potui
2177 1795 2192 1825 ¹

606 1898 902 1957 recordari.
961 1893 1226 1964 Numquid
1285 1893 1426 1946 enim
1478 1891 1669 1945 aninue
1718 1897 2047 1942 mortuorum
2104 1893 2197 1940 aut

608 2009 718 2049 non
748 1997 932 2046 carent
971 2001 1226 2056 corpore,
1278 1991 1368 2038 aut
1413 1983 1466 2037 in
1512 1981 1614 2036 hoc
1655 1980 1853 2035 mundo
1889 1993 2000 2033 non
2037 1977 2196 2032 sunt?

607 2084 771 2154 Quasi
800 2098 928 2138 vero
969 2079 1122 2134 inferi
1169 2092 1273 2132 non
1321 2077 1427 2130 sint
1465 2075 1517 2128 in
1559 2073 1663 2128 hoc
1689 2071 1909 2128 mundo.
1940 2070 2046 2127 Sed
2072 2070 2195 2140 quia

606 2191 793 2232 carere
821 2186 1068 2243 corpore,
1103 2171 1156 2225 in
1186 2169 1326 2224 bono
1355 2167 1507 2237 posui
1533 2207 1549 2235 ,
1577 2165 1801 2220 fortasse
1830 2164 2046 2219 nomine
2070 2178 2192 2218 cor-

601 2269 751 2342 poris
768 2277 947 2338 pestes
966 2278 1251 2335 corporeas
1275 2260 1559 2331 appellavi.
1579 2257 1728 2325 Quod
1751 2258 1794 2312 si
1819 2257 1889 2311 ita
1910 2264 2014 2321 est,
2037 2256 2194 2309 nimis

603 2362 897 2419 insolenter
922 2360 1087 2414 verbo
1123 2371 1252 2412 usus
1299 2369 1437 2409 sum.
1484 2351 1613 2406 illud
1643 2365 1855 2420 quoque
1885 2358 2088 2404 temere
2115 2348 2195 2402 di-

605 2465 752 2512 ctum
781 2462 865 2510 est
898 2470 915 2506 '.
949 2453 992 2505 A
1019 2467 1215 2505 summa
1241 2446 1449 2503 essentia
1477 2444 1692 2515 speciem
1736 2443 1934 2514 corpori
1963 2458 2050 2513 per
2077 2441 2192 2494 ani-

606 2563 745 2599 mam
762 2544 930 2609 tribui,
954 2559 1052 2614 qua
1077 2549 1166 2605 est,
1191 2541 1243 2594 in
1263 2547 1718 2609 quantumcumque
1735 2543 1826 2588 est.
1851 2533 1956 2587 Per
1973 2534 2195 2586 animam

606 2652 729 2707 ergo
757 2650 939 2704 corpus
967 2631 1217 2694 subsistit,
1240 2640 1286 2683 et
1313 2645 1370 2682 eo
1391 2627 1500 2698 ipso
1538 2636 1630 2693 est,
1658 2642 1756 2694 quo
1783 2624 2066 2687 animatur,
2095 2623 2196 2677 sive

606 2725 960 2782 universaliter
978 2765 993 2790 ,
1025 2731 1078 2775 ut
1105 2720 1342 2785 mundus,
1381 2719 1482 2773 sive
1512 2717 1902 2787 particulariter,
1929 2723 1983 2769 ut
2008 2731 2193 2768 unum-

603 2819 838 2892 quodque
857 2815 1049 2872 animal
1067 2816 1199 2869 intra
1218 2812 1464 2868 mundum
1477 2810 1626 2884 (Cap.
1655 2810 1742 2876 15,
1759 2826 1812 2863 n.
1834 2809 1903 2863 24
1920 2807 1960 2880 ).
1985 2807 2094 2862 Hoc
2117 2815 2195 2861 to-

605 2921 719 2969 tum
751 2925 973 2982 prorsus
1001 2917 1203 2964 temere
1225 2906 1422 2961 dictum
1454 2913 1554 2960 est.
1583 2902 1679 2958 llic
1703 2902 1836 2958 liber
1865 2902 1941 2956 sic
1970 2899 2151 2971 incipit
2177 2919 2189 2953 :

606 3002 671 3059 Si
699 3002 884 3058 alicubi
908 3010 981 3056 est
1011 2998 1300 3070 disciplina.

1236 3089 1463 3146 CAPUT
1501 3089 1588 3144 Vl.

1120 3183 1520 3254 Disciplinarum
1547 3181 1678 3235 libri.

682 3281 785 3338 Per
814 3280 955 3337 idem
1002 3287 1212 3346 tempus
1247 3289 1352 3346 quo
1390 3271 1670 3328 Mediolani
1711 3269 1823 3334 fui,
1866 3269 2192 3340 Baptismum

608 3380 983 3447 percepturus,
1012 3369 1170 3425 etiam
1202 3365 1613 3436 Disciplinarum
1633 3361 1796 3417 libros
1825 3368 2047 3415 conatus
2075 3374 2193 3414 sum

610 3469 866 3532 scribere,
899 3467 1231 3533 interrogans
1256 3475 1349 3516 eos
1375 3458 1465 3528 qui
1497 3471 1704 3512 mecum
1738 3463 1912 3520 erant,
1943 3461 2098 3524 atque
2127 3452 2194 3507 ab

611 3556 921 3629 hujusmodi
965 3553 1154 3610 studiis
1195 3568 1300 3606 non
1341 3546 1739 3609 abhorrebant;
1773 3560 1867 3616 per
1899 3542 2192 3612 corporalia

610 3651 835 3722 cupiens
847 3647 911 3704 ad
930 3643 1276 3716 incorporalia
1291 3639 1603 3714 quibusdam
1620 3639 1768 3709 quasi
1785 3636 2025 3708 passibus
2035 3635 2193 3691 certis

612 3745 700 3799 vel
728 3741 1006 3814 pervenire
1030 3739 1112 3794 vel
1140 3737 1355 3792 ducere.
1383 3733 1488 3790 Sed
1508 3748 1690 3789 earum
1718 3732 1890 3787 solum
1918 3729 1986 3786 de
2005 3730 2193 3786 Gram-

607 3835 802 3893 matica
834 3832 1027 3887 librum
1057 3829 1332 3885 absolvere
1372 3825 1551 3896 potui,
1593 3839 1748 3894 quem
1789 3832 1973 3895 postea
2017 3822 2083 3876 de
2107 3839 2190 3877 ar-

605 3927 780 3983 mario
817 3932 1001 3980 nostro
1043 3919 1250 3993 perdidi
1281 3938 1293 3973 :
1326 3926 1383 3974 et
1418 3917 1485 3973 de
1525 3916 1720 3972 Musica
1759 3931 1853 3972 sex
1888 3915 2188 3981 volumina;

602 4025 861 4092 quantum
903 4014 1093 4069 attinet
1131 4011 1196 4066 ad
1243 4027 1359 4067 eam
1408 4018 1612 4081 partem
1656 4025 1773 4079 quae
1804 4007 2064 4078 Rythmus
2093 4024 2192 4062 vo-

605 4123 779 4168 catur.
802 4109 910 4167 Sed
937 4106 1154 4164 eosdem
1178 4121 1270 4161 sex
1294 4104 1459 4159 libros
1481 4102 1590 4173 jam
1620 4103 1914 4172 baptizatus
1937 4143 1950 4168 ,
1977 4104 2190 4172 jamque

605 4218 672 4258 ex
700 4202 848 4258 Italia
876 4215 1151 4271 regressus
1190 4198 1242 4251 in
1279 4193 1512 4251 Africam
1551 4194 1776 4264 scripsi;
1819 4194 2189 4250 inchoaveram

606 4298 808 4370 quippe
834 4291 1202 4350 tantummodo
1231 4289 1385 4344 istam
1411 4287 1550 4361 apud
1576 4286 1928 4342 Mediolanum
1955 4287 2189 4358 discipli-

607 4404 753 4445 nam.
803 4387 881 4442 De
910 4384 1032 4440 aliis
1059 4399 1188 4440 vero
1225 4381 1458 4453 quinque
1487 4378 1780 4450 disciplinis
1813 4379 1921 4434 illic
1950 4379 2191 4436 similiter

601 4479 901 4544 inchoatis;
923 4477 991 4533 de
1013 4474 1318 4539 Dialectica,
1347 4473 1413 4528 de
1439 4471 1743 4540 Rhetorica,
1772 4471 1838 4528 de
1861 4470 2185 4541 Geometria,

607 4574 677 4630 de
699 4571 1065 4636 Arithmetica,
1089 4569 1156 4625 de
1176 4565 1537 4637 Philosophia,
1560 4566 1671 4621 sola
1701 4565 1955 4638 principia
1979 4582 2190 4623 reman-

606 4673 818 4727 serunt,
842 4677 960 4733 qua:
981 4668 1158 4714 ttinen
1181 4658 1340 4714 etiam
1368 4657 1477 4728 ipsa
1504 4655 1829 4727 perdidimus
1853 4676 1867 4712 :
1892 4656 1985 4714 sed
2006 4656 2186 4714 haberi

605 4755 674 4809 ab
695 4753 959 4824 aliquibus
977 4751 1222 4807 existimo
1240 4749 1339 4821 (a).

1240 4841 1464 4899 CAPUT
1500 4841 1608 4896 VII.

607 4936 689 4994 De
719 4937 948 4994 Moribus
977 4935 1215 4991 Ecclesia:
1241 4933 1512 4990 Catholica:
1531 4976 1546 5001 ,
1589 4942 1634 4987 et
1669 4935 1732 4989 de
1759 4933 1988 4990 Moribus
2018 4934 2188 4992 Mani-

1117 5029 1389 5091 chaeorum,
1420 5026 1531 5079 libri
1557 5026 1679 5079 duo.

682 5125 736 5178 1.
777 5122 892 5178 Jam
923 5121 1220 5192 baptizatus
1263 5127 1439 5174 autem
1468 5133 1588 5172 cum
1630 5117 1814 5174 Romae
1850 5134 2024 5177 essem
2046 5161 2060 5187 ,
2088 5137 2189 5178 nec

676 5259 694 5290 ³
718 5264 791 5308 Er.
816 5262 870 5308 et
883 5255 982 5306 duo
999 5260 1131 5314 Mss,
1147 5264 1240 5302 non
1258 5249 1390 5314 potui
1408 5253 1614 5300 mortuos
1630 5249 1896 5301 recordari.

665 5342 740 5405 (a)
757 5339 954 5405 Additur
969 5339 1020 5387 in
1037 5334 1276 5405 vulgatis,
1297 5351 1323 5405 σε
1335 5341 1433 5405 ttoc
1446 5345 1570 5395 Opus
1585 5333 1838 5405 sicincipit
1861 5347 1893 5405 :_
1911 5335 2076 5387 omnia
2103 5350 2190 5405 no-

600 5393 737 5454 miha’
765 5401 1037 5465 tredecim;
1091 5393 1276 5465 {quod
1311 5393 1498 5465 initium
1531 5401 1608 5465 est
1638 5393 1750 5465 libri
1769 5393 2188 5465 deprammatica,

602 5465 829 5528 adeoque
860 5460 988 5511 male
1012 5456 1121 5528 cum
1143 5456 1362 5528 ρῖέοιίωε
1379 5456 1782 5528 antecedentibus
1796 5456 2192 5528 cometam

603 5519 839 5584 clausula,
856 5537 967 5587 quae
987 5525 1132 5587 etiam
1145 5519 1290 5570 abest
1323 5524 1582 5587 a_‘M_ss._Ex
1620 5519 1754 5568 libris
1784 5527 1949 5570 autem
1979 5523 2191 5587 Discipn.

603 5602 775 5638 narunt
792 5577 890 5636 hic'
902 5584 1175 5641 recensitis,
1193 5595 1316 5644 quos
1332 5577 1506 5644 dialogi
1536 5592 1688 5644 more,
1703 5589 1853 5644 atque
1880 5597 1941 5644 eo
1973 5577 2169 5640 consilio

603 5627 682 5699 Ei"
695 5627 840 5712 :p-e;
845 5627 1534 5713 ξρῖςῦδιῖᾶἷᾶήῷἶῖιὼήίιονῶἱθ
1552 5656 1573 5684 θ
1583 5627 1603 5713 ,ν
1916 5627 1961 5698 v'a
1976 5627 2191 5702 ’ἐξέδἦῖ

605 5703 812 5780 scr-ipios
834 5703 950 5758 dicit
974 5705 1282 5769 Augustinus,
1309 5715 1406 5752 non
1430 5703 1740 5763 reperiuntur
1773 5706 1863 5756 nisi
1887 5703 1979 5761 Sex
2001 5711 2066 5762 de
2099 5722 2192 5766 Mn.

1688 294 2313 358 RETRACTATIONUM
2353 298 2410 356 s.
2454 297 2829 358 AUGUSTlNl
3686 326 3750 388 ευ
3830 293 3831 382 γ

2306 412 2447 470 ferre
2486 413 2692 484 ;tacitus
2746 427 2961 484 possem
3003 396 3396 477 Manichaeorum
3431 422 3673 494 iactantiam
3710 443 3750 499 de

2306 504 2439 563 falsa
2465 516 2520 562 et
2546 507 2717 562 fallaci
2741 508 3066 564 continentia
3090 510 3173 566 vel
3213 513 3500 574 abstinentia
3518 562 3532 588 ,
3554 539 3634 596 qua
3655 544 3694 586 se
3711 537 3751 591 ad

2304 598 2584 669 imperitos
2646 600 3024 670 decipiendos,
3075 602 3214 658 veris
3273 605 3586 679 Christianis,
3631 623 3753 688 quibus

2303 692 2644 762 comparandi
2663 708 2768 748 non
2793 703 2938 760 sunt,
2971 699 3187 765 insuper
3212 697 3495 767 praeferunt,
3511 707 3658 778 scripsi
3673 713 3753 773 duos

2303 783 2498 849 libros;
2518 800 2682 839 unum
2702 784 2769 840 de
2789 785 3028 841 Moribus
3045 785 3297 845 Ecclesia:
3309 787 3593 863 Catholicae;
3608 801 3752 861 alterum

2302 873 2369 929 de
2396 874 2630 930 Moribus
2653 875 3086 933 Manichzeornm.

2372 965 2425 1018 2.
2468 964 2526 1020 ln
2552 980 2618 1021 eo
2645 967 2808 1037 igitur
2827 968 2916 1038 qui
2939 977 3022 1023 est
3049 967 3117 1024 de
3140 969 3368 1027 Moribus
3392 973 3610 1035 Ecclesia:
3629 982 3754 1043 Catho-

2303 1053 2441 1122 licae,
2469 1055 2558 1110 ubi
2586 1057 2738 1126 posui
2788 1058 3145 1114 testimonium
3165 1101 3181 1128 ,
3213 1060 3266 1115 in
3292 1075 3394 1133 quo
3416 1063 3592 1136 legitur,
3616 1071 3757 1144 Propttr

2303 1156 2349 1200 te
2377 1148 2622 1218 afﬁcimur
2647 1158 2751 1203 tota
2779 1149 2900 1214 die;
2929 1150 3164 1204 wstimati
3198 1167 3369 1207 sumus
3395 1164 3446 1210 ut
3471 1173 3565 1213 oves
3583 1164 3759 1224 occisionis

2302 1239 2322 1312 (
2346 1237 2490 1294 Psal.
2520 1256 2667 1304 xuu,
2699 1239 2802 1306 22;
2853 1239 3001 1295 Rom.
3032 1257 3150 1308 vm,
3181 1242 3319 1313 36);
3349 1247 3625 1306 mendositas
3652 1260 3758 1311 ηθδιτὶ

2301 1332 2499 1386 codicis
2525 1348 2611 1387 me
2639 1331 2827 1388 fefellit
2855 1334 3031 1387 minus
3061 1349 3348 1390 memorem
3376 1335 3706 1411 Scripturarum,
3728 1349 3760 1402 in

2300 1424 2491 1493 quibus
2523 1424 2757 1479 nondum
2787 1433 3032 1480 assuetus
3066 1440 3233 1481 eram.
3277 1426 3402 1481 Nam
3442 1429 3632 1499 ejusdem
3649 1435 3762 1493 inter-

2300 1517 2612 1586 pretationis
2638 1516 2730 1571 alii
2769 1517 2983 1572 codices
3009 1532 3114 1572 non
3147 1518 3364 1587 habent,
3394 1519 3584 1591 Propter
3611 1535 3645 1580 te
3664 1531 3762 1598 αθὶά-
3825 1516 3828 1594 ἓ

2299 1623 2413 1660 mur
2444 1622 2463 1662 :
2488 1607 2602 1672 sed,
2633 1606 2852 1678 PrOpter
2877 1617 2923 1663 te
2947 1620 3105 1663 morte
3129 1610 3408 1680 a/ﬁcimur;
3430 1615 3550 1682 quod
3569 1632 3647 1670 uno
3660 1623 3762 1675 verbo

2299 1700 2386 1754 alii
2406 1700 2672 1768 dixerunt,
2697 1701 3079 1786 mortiﬁcamur.
3110 1702 3222 1758 Hoc
3245 1718 3363 1759 esse
3384 1707 3542 1760 verius
3558 1712 3675 1778 graeci
3690 1713 3761 1767 libri

2300 1789 2554 1858 indicant,
2584 1807 2648 1846 ex
2677 1807 2779 1862 qua
2807 1791 2980 1862 lingua
3006 1793 3062 1846 in
3091 1792 3310 1847 latinam
3336 1795 3591 1850 secundum
3612 1799 3758 1868 Septua-
3829 1789 3831 1842 ¹

2299 1881 2442 1950 ginta
2473 1881 2790 1951 interpretes
2815 1923 2829 1944 ,
2872 1890 3112 1938 veterum
3153 1882 3443 1940 divinarum
3483 1884 3760 1959 Scripturarum
3829 1919 3831 1942 ι

2300 1977 2383 2023 est
2407 1970 2541 2024 facta
2578 1971 2855 2026 translatio
2888 1989 2902 2026 :
2933 1985 2988 2028 et
3018 1981 3194 2028 tamen
3233 1975 3507 2030 secundum
3530 1977 3760 2046 haecverln,
3825 1963 3828 1966 ’

2300 2059 2353 2114 id
2377 2069 2462 2114 est
2494 2059 2713 2131 Propter
2733 2071 2780 2115 te
2809 2063 3072 2132 efﬁcimur,
3103 2065 3275 2123 multa
3301 2065 3550 2137 disputans
3574 2068 3653 2124 dixi
3675 2071 3759 2140 (Lib.
3830 2091 3831 2094 η

2300 2149 2352 2216 1,
2372 2166 2418 2204 c.
2449 2150 2502 2218 9,
2530 2167 2616 2204 nn.
2650 2153 2737 2218 M,
2762 2153 2827 2206 15
2847 2152 2890 2224 ),
2919 2169 3036 2222 quae
3066 2155 3119 2210 in
3157 2155 3291 2224 ipsis
3320 2158 3469 2212 rebus
3491 2174 3577 2213 non
3602 2169 3761 2230 tanquam
3830 2185 3831 2210 ξ

2299 2238 2430 2295 falsa
2458 2240 2720 2310 improbo.
2752 2241 3130 2298 Verumtamen
3177 2247 3581 2303 convenientiam
3610 2249 3764 2318 Scriptu-

2300 2346 2482 2386 rarum
2505 2340 2743 2387 veterum
2765 2339 2819 2386 Cl
2840 2347 3117 2401 novarum,
3136 2350 3299 2406 quam
3321 2335 3636 2394 demonstrare
3650 2341 3764 2409 cupie-

2298 2425 2442 2493 bam,
2469 2441 2538 2481 ex
2568 2425 2651 2480 his
2677 2425 2931 2480 duntaxat
2958 2426 3136 2482 verbis
3166 2442 3276 2483 non
3296 2429 3468 2501 utique
3484 2429 3765 2496 demmtstravi;
3811 2467 3818 2506 λ

2302 2517 2442 2573 unde
2486 2527 2661 2573 autem
2705 2519 2834 2572 mihi
2873 2533 3024 2574 error
3069 2519 3399 2590 obrepserit,
3439 2521 3536 2576 dixi
3573 2540 3583 2577 :
3619 2539 3664 2578 ex
3696 2525 3767 2578 aliis
3813 2505 3819 2582 ἒ

2303 2623 2432 2663 vero
2471 2609 2788 2665 testimoniis
2825 2608 3068 2665 eamdem
3111 2613 3522 2668 convenientiam
3547 2612 3768 2670 sufﬁcienter

2299 2698 2507 2754 ostendi
2535 2699 2553 2768 (
2577 2697 2689 2767 Id.,
2721 2716 2771 2752 c.
2800 2699 2887 2767 16,
2920 2716 2974 2753 n.
3001 2698 3165 2756 26-29
3187 2701 3240 2772 ).
3809 2719 3817 2766 ε

2368 2790 2421 2844 5.
2463 2789 2717 2844 Similiter
2744 2799 2801 2846 et
2835 2791 2990 2860 paulo
3015 2799 3138 2863 post
3161 2793 3509 2850 testimonium
3532 2794 3648 2865 posui
3664 2794 3766 2850 deli-

2299 2880 2396 2936 bro
2436 2880 2742 2952 Sapientiae,
2787 2884 3077 2938 secundum
3115 2885 3359 2942 codicem
3405 2895 3623 2948 nostrum.
3647 2888 3767 2957 inqu

2297 2974 2554 3044 scriptum
2594 2982 2710 3029 erat
2747 2993 2758 3027 :
2801 2975 3134 3031 Sobrietatem
3168 2978 3310 3031 enim
3349 2979 3573 3050 sapientia
3599 2955 3769 3043 docet,‘

2288 3066 2541 3135 justitiam
2580 3077 2625 3120 et
2665 3067 2895 3122 uirtutem
2925 3067 3080 3140 (Sap.
3111 3085 3230 3138 vm,
3254 3071 3332 3142 7).
3367 3049 3430 3126 Et
3458 3070 3678 3127 secundum
3698 3071 3772 3126 hat

2297 3159 2456 3213 verba
2478 3159 2704 3214 disserui
2721 3175 2806 3214 res
2826 3160 3035 3230 quidem
3060 3177 3239 3229 veras,
3258 3162 3352 3217 sed
3373 3179 3436 3218 ex
3456 3163 3772 3218 occasionem:-

2297 3250 2538 3305 dositatis
2554 3251 2792 3306 inventas
2811 3229 2945 3324 (Lib.
2963 3252 3016 3319 1,
3035 3269 3081 3305 c.
3096 3253 3184 3318 16,
3200 3271 3260 3307 rt.
3274 3253 3518 3323 27).Quid
3529 3253 3772 3318 enimeritis,
3809 3229 3832 3320 ί,

2297 3357 2452 3413 quam
2473 3341 2612 3412 quod
2633 3341 2886 3411 sapientia
2905 3341 3091 3397 doceat
3107 3343 3393 3400 veritatem
3409 3341 3770 3414 contemplationis,

2300 3387 2452 3413 .,.._...
2474 3387 2612 3412 την
2633 3387 2886 3411 ,Ἴρην-μ.
2908 3387 3091 3397 --W...
3118 3387 3190 3398 η.
3206 3387 3393 3400 -.....,...
3410 3387 3770 3414 νυ...ν...γ.--ν..-,

2297 3448 2455 3502 quam
2482 3433 2696 3488 nomine
2716 3433 3018 3488 sobrietatis
3047 3433 3400 3505 significatam
3428 3437 3774 3506 putavi;etactiog

2298 3522 2382 3622 nis
2408 3521 2752 3622 probitatem,
2780 3537 2936 3593 quam
2967 3538 3064 3593 per
3091 3524 3199 3578 duo
3230 3527 3335 3582 alia
3363 3527 3560 3596 intelligi
3585 3526 3772 3592 volui,ptr

2292 3611 2550 3680 justitiam
2574 3620 2732 3682 atque
2755 3612 3036 3667 virtutem:
3061 3629 3184 3669 cum
3216 3617 3428 3673 codices
3455 3617 3649 3686 ejusdem
3671 3614 3772 3668 inter-
3797 3613 3816 3686 πῖ

2297 3639 2550 3680 juauuum
2574 3639 2732 3682 atque
2759 3639 3000 3667 th'tuwltt
3024 3639 3035 3666 ;
3061 3639 3184 3669 cum
3216 3639 3428 3673 CUUICCS
3455 3639 3649 3686 ejusuem
3671 3639 3772 3668 ttttct'
3797 3643 3800 3646 ’

2297 3703 2608 3771 pretationis
2657 3705 2891 3759 veriores
2934 3705 3185 3772 habeant,
3229 3709 3531 3763 sobrietatem
3564 3708 3772 3761 em'mettt-

2297 3796 2537 3866 pientiam
2575 3795 2739 3863 docet,
2777 3804 2822 3850 et
2843 3797 3096 3866 justitiam
3124 3806 3170 3850 et
3195 3800 3462 3854 virtutem?
3495 3799 3574 3856 llis
3596 3796 3698 3853 enim
3717 3807 3774 3848 no-

2295 3887 2527 3942 minibus
2557 3887 2751 3942 latinus
2781 3889 3040 3960 interpres
3076 3898 3308 3959 quatuor
3339 3891 3453 3946 illas
3476 3889 3674 3950 virtutes.
3701 3895 3774 3954 qui

2295 3981 2523 4035 maxime
2547 3981 2597 4035 in
2629 3996 2722 4036 ore
2753 3980 3188 4050 philosophorum
3221 3999 3342 4040 esse
3366 3986 3592 4047 assolent,
3617 3980 3776 4036 nomint-
3809 3969 3831 4048 iu

2295 4071 2397 4137 vit;
2427 4071 2766 4127 sobrietatem
2807 4073 3076 4142 appellans
3116 4077 3532 4145 temperantiam,
3573 4069 3774 4144 prudentia

2307 4115 2397 4137 ...,
2427 4115 2766 4127 suum“...
2807 4115 3076 4142 “ww.-.”
3117 4115 3532 4145 .....,.c............,
3574 4115 3774 4144 ,ηψπ-.-

2293 4162 2572 4231 imponens
2597 4178 2788 4217 nomen
2820 4163 3156 4233 sapientiam,
3188 4165 3539 4223 fortitudinem
3557 4181 3656 4222 vero
3672 4162 3776 4218 vine

2294 4255 2362 4310 tis
2388 4256 2646 4311 vocabulo
2675 4257 2976 4322 enuntians,
3021 4257 3190 4313 solam
3232 4259 3486 4330 justitiam
3522 4273 3604 4313 suo
3633 4254 3775 4310 nomine

2294 4349 2666 4418 interpretatus
2684 4359 2783 4403 est.
2808 4348 2914 4404 Has
2934 4357 3108 4406 autem
3127 4362 3358 4421 quatuor
3376 4354 3577 4409 virtutes
3593 4351 3631 4405 in
3649 4347 3776 4404 eodem

2293 4439 2428 4494 libro
2442 4438 2726 4509 Sapientiae
2754 4441 2864 4495 suis
2887 4441 3192 4497 nominibus
3207 4445 3514 4514 appellatas,
3532 4444 3632 4498 sicut
3646 4455 3668 4492 a
3680 4438 3780 4493 Gre-

2292 4533 2370 4587 cis
2393 4541 2667 4600 vocantur,
2695 4534 2850 4604 longe
2874 4544 3054 4603 postea
3083 4536 3382 4604 reperimus
3400 4539 3449 4593 in
3466 4535 3778 4600 codicibnsgra-

2291 4626 2387 4681 cis.
2418 4625 2566 4691 Item,
2597 4625 2736 4696 quod
2762 4626 2913 4696 posui
2938 4626 3005 4682 de
3026 4625 3162 4682 libro
3182 4627 3500 4695 Salomonis,
3537 4627 3778 4683 Venitur.“-

2291 4717 2560 4771 nitentium
2591 4719 2628 4783 ¹,
2657 4717 2784 4771 dixit
2818 4717 3138 4774 Ecclesiastes
3165 4720 3184 4788 (
3207 4719 3379 4776 Eccle.
3409 4737 3445 4787 ι,
3469 4719 3548 4792 2);
3584 4717 3626 4772 in
3658 4711 3777 4770 multis

2291 4809 2502 4879 quidem
2517 4808 2786 4866 codicibus
2809 4810 2933 4880 legi,
2956 4811 3047 4866 sed
3071 4811 3174 4867 hoc
3196 4813 3415 4870 Graecus
3439 4830 3535 4870 non
3558 4807 3778 4867 habetzhl-
3819 4803 3822 4880 ξ

2290 4901 2380 4958 hct
2401 4911 2600 4968 autem,
2629 4905 2822 4957 vanitas
2847 4904 3155 4970 vanitatum;
3176 4907 3318 4976 quod
3349 4919 3522 4979 postea
3544 4903 3654 4969 vidi;
3670 4909 3707 4956 et
3727 4897 3778 4952 itt-

2291 4995 2410 5051 veni
2431 5010 2524 5052 eos
2544 4995 2759 5051 Latinos
2786 5011 2904 5053 esse
2930 4998 3184 5066 veriores,
3212 5001 3303 5070 qui
3331 5000 3536 5066 habent,
3561 4996 3777 5054 υωιὲιαιιαιι

2291 5103 2415 5154 non,
2445 5089 2790 5144 vanitantium.
2821 5090 2894 5145 Ex
2925 5093 3204 5150 occasione
3227 5103 3401 5151 tamen
3427 5095 3569 5163 hujus
3591 5081 3780 5145 mend05l'

2291 5180 2415 5236 tatis
2433 5195 2777 5251 quaecumque
2799 5181 3022 5238 disserui
3041 5199 3163 5240 vera
3184 5200 3306 5243 esse
3325 5185 3452 5256 ipsis
3471 5184 3611 5240 rebus
3629 5179 3779 5249 appara

2293 5269 2426 5341 (Lib.
2457 5272 2507 5338 1,
2541 5287 2588 5325 c.
2615 5271 2706 5338 2i,
2739 5288 2791 5326 η.
2815 5273 2929 5346 39).

2356 5408 2388 5484 ξ,
2405 5407 3042 5484 {mutantMrestituimus
3061 5426 3124 5484 er
3142 5414 3410 5464 sanioribus
3426 5421 3541 5484 MssL
3539 5422 3698 5484 p1“?!th

2292 5472 2392 5546 gati
2413 5470 2591 5546 ferunt,
2615 5471 2891 5546 conﬂatum.
2922 5482 2984 5524 Ac
3003 5475 3152 5546 paulo
3176 5485 3298 5546 post.
3315 5485 3427 5546 _Am.
3449 5483 3497 5526 et

2292 5525 2534 5605 quamne:
2549 5525 2699 5584 Habet
2715 5541 2872 5605 autem
2896 5525 3083 5605 ramites
3098 5525 3424 5605 viduamque;
3437 5525 3550 5601 quod

2292 5593 2339 5644 et
2356 5593 2512 5645 iuvem
2541 5607 2621 5666 eos
2649 5595 2821 5666 Latinis
2843 5611 2943 5648 esse
2961 5598 3188 5666 veripres,
3211 5599 3298 5663 qui
3323 5593 3511 5666 habent,

2292 5668 2419 5730 non,
2448 5637 3297 5730 vanitatttm._CorrupteVadvm‘o‘d’u‘ni;
3323 5637 3654 5730 ’Ξὶᾆέξῇίῇίῷ

2293 5717 2484 5790 felicius
2503 5719 2686 5790 variant
2703 5727 2808 5772 Mss.
2838 5715 2912 5758 -—'
2928 5715 3342 5776 Benedictinoru'm
3383 5715 3562 5774 lectioni
3595 5717 3700 5768 taret
3723 5715 3772 5760 πο

2293 5779 2429 5829 Guill.
2448 5782 2496 5830 in
2517 5783 2750 5844 margine.
2815 5792 2875 5836 tl.
