1940 3212
68 315 90 342 ι.
103 309 164 345 Quod
179 311 257 335 autem
269 304 322 333 dixi
335 313 342 331 :
360 303 426 330 Eum
444 302 527 337 ipsum
542 307 615 334 quem
633 304 780 332 cognoscere

43 344 136 391 mox,
149 358 188 383 hoc
198 360 230 383 est
242 353 332 384 Deum,
345 351 416 386 prius
429 349 503 383 plena
513 346 634 374 charitate
645 344 780 379 diligamus

43 409 94 446 (ut,
105 407 124 438 t,
134 412 153 431 ι.
163 402 201 435 25,
212 410 237 428 n.
247 400 291 435 47)
301 408 308 425 :
318 398 413 446 melius
420 396 566 446 diceretur:
576 393 782 446 .Sinccra,‘quam

42 436 109 490 bim;
117 436 156 477 ne'
166 447 227 475 forte
235 447 369 480 putaretur
377 441 532 470 cbaritatem
541 438 588 466 Dei
602 445 654 465 non
667 436 782 464 futuram

41 482 84 528 isse
93 496 208 531 majorem,
219 490 320 527 quando
333 488 481 517 videbimus
495 485 563 513 facie
575 484 608 512 ad
619 483 724 511 faciem.
738 482 782 509 Sic

10 529 104 580 basque
113 529 155 570 hoc
165 538 311 574 accipiatur,
334 540 459 570 tanquam
483 533 560 568 plena
581 530 651 558 dicta
672 529 783 580 sit,'qua

42 574 102 624 maior
111 594 160 616 esse
169 593 216 613 non
229 583 320 619 poszut,
329 580 455 617 quamdiu
462 578 628 606 ambulamus
636 583 683 611 per
692 574 782 624 ﬁdem:

42 620 77 664 erit
83 635 137 662 enim
149 631 252 667 plenior,
268 629 321 656 imo
339 625 500 662 plenissima,
516 623 581 652 sed'
595 630 642 657 per
656 620 781 667 speciem.

44 684 88 708 Item
96 665 209 715 quodidixi
217 675 250 703 de
259 675 290 702 iis
300 674 346 709 qui
355 672 513 700 subveniunt
525 667 711 704 indigentibus,
723 665 784 701 quia

43 714 169 755 ,Wuu
177 726 302 754 uocantur,
311 721 386 748 etiam
396 719 418 746 si
429 718 553 754 sapientes
563 723 641 751 usque
650 714 713 742 adeo
724 715 782 745 sint,

44 775 103 809 :ujan
109 771 168 798 nullo
180 769 254 796 animi
267 767 355 794 dolare
367 764 495 792 turbentur
506 762 573 798 (Id.,
588 770 611 788 c.
627 760 673 793 27,
682 768 709 787 n.
719 757 764 794 55)
777 767 784 790 ;

43 806 77 847 non
86 819 114 846 sic
123 815 294 851 accipiendum
307 817 350 841 est
366 817 490 846 tanquam
509 809 668 841 detinierim,
689 807 715 834 in
737 806 786 833 hac

42 866 77 891 vita
83 870 128 891 esse
136 850 194 889 tales
202 860 335 895 sapientes
345 866 352 885 :
364 864 416 885 non
424 856 494 884 enim
507 854 571 887 dixi,
585 854 651 882 Cum
663 853 715 880 sint
723 860 730 884 ;
739 850 786 878 sed

41 910 83 941 dixi,
95 909 157 936 etiam
167 907 187 934 si
195 906 254 933 sint.

62 956 81 982 5.
97 955 144 982 Alio
155 954 208 980 loco
226 952 270 979 ubi
289 950 345 978 dixi
359 949 426 985 (Id.,
438 957 461 975 c.
477 948 522 981 50,
539 956 564 973 n.
581 945 625 981 64)
638 967 645 979 ,
658 945 718 971 1am
731 952 787 970 vero

37 1010 78 1029 cum
92 1002 133 1027 huc
145 999 245 1025 humana
259 997 364 1024 dilectio
377 995 539 1022 inhaerentem
552 992 666 1019 uberibus
680 991 728 1017 tuis
742 998 789 1016 nn-

38 1046 108 1074 !rirerit
124 1051 142 1072 et
158 1044 305 1072 roboravcrit
329 1042 451 1073 animum,
475 1039 600 1073 sequendo
620 1037 675 1064 Deo
696 1038 790 1072 factum

38 1092 133 1124 idoneum,
145 1090 182 1118 ubi
192 1091 245 1126 ejus
260 1089 384 1124 majestas
405 1095 436 1113 ea;
454 1089 522 1112 tanta
544 1088 625 1119 parte,
640 1087 734 1118 quanta
745 1082 790 1108 ho-

38 1139 89 1170 mini,
100 1139 226 1164 deusta-rte
240 1136 322 1171 hujus
339 1134 492 1161 inhabitator
505 1135 551 1164 est,
572 1130 674 1165 sufﬁcit,
693 1129 791 1163 aperire

38 1184 150 1218 νωμᾶ-ΞΗ
161 1186 240 1209 tantus
247 1180 383 1208 charitatis
393 1179 469 1205 ardor
479 1176 628 1207 innascitur,
640 1179 663 1202 et
673 1174 682 1190 ³
693 1178 791 1200 tantum

39 1232 90 1257 duini
106 1230 184 1256 cruoris
204 1227 337 1263 consurgit
356 1225 509 1256 incendium,
526 1228 553 1250 ut
569 1223 661 1250 exustis
678 1221 791 1248 omnibus

39 1277 88 1307 ritus,
100 1281 119 1303 et
133 1276 226 1302 homine
238 1273 399 1308 sanctiﬁcata
416 1276 488 1306 atque
503 1274 620 1306 purgato,
634 1268 695 1295 satis
709 1275 792 1302 appa-

38 1329 72 1348 ruit
87 1330 147 1356 quam
167 1321 247 1348 divine
262 1320 363 1346 dictum
376 1319 408 1346 sit
419 1325 427 1344 :
440 1327 449 1343 t
464 1316 519 1352 Ego
538 1324 594 1342 sum
615 1315 680 1350 ignis
701 1322 792 1340 constt-

39 1376 100 1394 nnun
115 1367 194 1403 (Deut.
210 1374 246 1400 iv,
262 1366 316 1398 24;
340 1364 418 1391 Hebr.
436 1371 486 1396 xu,
498 1362 562 1397 29);
579 1365 688 1397 possunt
702 1364 794 1394 putare

38 1413 134 1448 Pelagiani
147 1414 221 1440 istam
236 1411 432 1447 perfectionem
447 1410 472 1436 in
494 1408 542 1436 hac
562 1407 667 1435 mortali
685 1407 737 1433 vita
751 1414 794 1433 me

38 1458 105 1486 dixisse
117 1467 188 1495 posse
204 1459 374 1493 contingere.
392 1456 446 1483 Sed
460 1463 511 1482 non
527 1455 578 1482 hoc
592 1458 701 1489 putent:
715 1453 795 1480 ardor

38 1507 104 1540 quippe
115 1506 241 1533 charitatis
256 1503 397 1540 sequendo
412 1503 466 1530 Deo
477 1502 561 1529 factus
575 1501 695 1532 idoneus.
707 1505 733 1528 et
742 1505 794 1527 tam

39 1559 116 1586 mgnus
128 1557 152 1579 ut
164 1552 224 1578 vitia
239 1555 342 1578 cuncta
357 1553 506 1581 consumat,
522 1548 547 1575 in
563 1548 612 1575 hac
626 1549 676 1574 vlta
688 1547 759 1574 nasci
770 1551 797 1574 ct

40 1605 124 1624 crescere
135 1602 216 1633 potest
227 1606 234 1629 ;
252 1596 387 1632 perlicere
394 1602 458 1622 vero
471 1598 580 1629 propter
588 1593 658 1628 quod
667 1593 795 1621 nascitur.

41 1648 57 1668 nt
68 1644 144 1670 mltum
161 1643 223 1670 insit
239 1641 347 1669 homini
362 1640 464 1673 vitium,
479 1646 530 1667 non
546 1643 740 1673 consequenter
755 1637 798 1664 hic

40 1694 110 1722 must:
121 1688 233 1723 quamvis
244 1692 322 1715 tanta
335 1686 384 1713 ista
395 1692 438 1712 res
448 1684 542 1712 eodem
555 1683 651 1711 ardore
662 1683 798 1710 charitatis

41 1734 161 1767 perﬁciatur,
181 1734 225 1760 ubi
246 1732 345 1769 perfici
364 1735 391 1758 et
412 1730 517 1766 quando
537 1730 628 1765 perlici
650 1734 754 1765 potest;
771 1735 801 1757 ut

40 1780 219 1812 quoniadmodum
232 1780 374 1807 lavacrum
384 1776 593 1812 regenerationis
601 1780 716 1811 purgata
724 1780 800 1803 reatu

41 1826 124 1851 omnium
138 1830 322 1861 peccatorum,
338 1831 397 1858 quze
413 1823 526 1849 humana
541 1821 622 1849 traxit
631 1821 764 1853 nativitas,
774 1826 801 1849 et

41 1872 136 1897 contraxit
149 1871 289 1906 iniquitas;
314 1870 351 1896 ita
371 1868 413 1895 illa
428 1867 555 1903 perfectio
575 1872 668 1902 purget
680 1867 714 1894 ab
728 1867 801 1894 omni

42 1915 80 1942 labe
90 1917 208 1950 vitiorum,
221 1917 282 1944 sine
298 1915 396 1950 quibus
408 1914 523 1941 humana
536 1921 596 1941 esse
608 1920 660 1940 non
675 1917 761 1948 potest
775 1913 803 1940 in

43 1962 75 1988 hac
91 1964 174 1991 mulo
194 1963 352 1990 inﬁrmitas.
378 1960 451 1988 Sicut
472 1960 654 1995 accipiendum
668 1965 709 1988 est
723 1959 803 1987 etiam

42 2009 90 2040 quod
103 2009 134 2036 ait
145 2009 288 2044 Apostolus
301 2017 307 2034 :
328 2007 443 2036 Christus
456 2007 543 2034 dilexit
558 2006 705 2039 Ecclesium,
726 2010 749 2032 et
767 2014 806 2033 se-

42 2053 100 2086 ipnm
112 2055 206 2082 tradidit
228 2063 276 2090 pro
300 2062 347 2086 ea;
367 2053 491 2080 mandans
513 2060 568 2079 eam
582 2051 682 2078 lavacro
696 2060 767 2086 aqum
780 2053 806 2079 in

42 2099 102 2131 ratio,
115 2105 139 2127 lt
154 2101 276 2128 exhiberet
299 2100 348 2127 sibi
370 2099 505 2135 gloriosam
527 2098 675 2131 Ecclesium,
694 2107 743 2125 non
758 2100 807 2126 ha-

41 2144 113 2172 bentem
133 2148 252 2175 maculam
276 2152 325 2174 aut
348 2155 454 2181 rugam,
478 2151 521 2173 aut
546 2146 641 2180 aliquid
664 2145 808 2180 hujusmodt

42 2190 107 2223 (Eph.
128 2200 152 2224 v,
166 2193 271 2228 35—27).
295 2191 365 2219 Hic‘
382 2196 423 2220 est
441 2192 512 2219 enim
532 2192 665 2218 lavacrum
687 2199 762 2226 aqua:
782 2191 809 2218 iu

42 2236 106 2264 verbo
123 2246 169 2271 quo
187 2239 335 2266 mundatur
356 2237 484 2265 Ecclesia.
508 2237 560 2265 Sed
582 2243 641 2264 cum
664 2241 718 2264 tota
740 2236 811 2263 dicat

45 2284 142 2315 quamdiu
154 2284 193 2312 hic
204 2291 253 2319 est,
265 2285 372 2312 Dimitte
383 2285 452 2311 nobis
462 2284 545 2310 debita
558 2288 642 2311 nostra
654 2283 759 2318 (Matth.
771 2292 808 2316 vt,

45 2327 143 2362 43);!!!)
157 2331 245 2367 utique
261 2332 308 2359 hic
328 2336 369 2358 est
383 2331 439 2358 sine
454 2331 556 2358 macula
569 2335 596 2358 et
610 2339 684 2366 ruga,
701 2335 747 2358 aut
762 2331 811 2358 ali-

46 2375 91 2407 llli-Id
102 2376 237 2410 eiusmodi:
252 2385 286 2405 ex
304 2384 338 2405 eo
352 2381 440 2404 tamen
451 2376 521 2411 quod
534 2376 576 2403 hic
583 2376 686 2411 accipit,
699 2376 731 2403 ad
742 2376 813 2403 illam

47 2418 203 2458 donataque:
216 2423 260 2450 hic
273 2430 329 2450 non
338 2427 388 2454 est,
401 2421 641 2457 perfectionemque
648 2421 812 2457 perducitur.

72 2466 91 2491 6-
108 2467 133 2495 In
144 2468 194 2496 alio
204 2469 275 2496 libro
287 2468 364 2503 cujus
377 2473 417 2496 est
432 2468 534 2501 titulus,
552 2468 585 2495 de
599 2467 715 2495 Moribus
734 2468 815 2496 Mani-

48 2510 164 2547 Chmrum,
180 2515 246 2542 illud
260 2514 335 2550 quod
350 2514 420 2541 dixi:
434 2514 483 2541 Dei
495 2514 592 2541 bonitas
602 2514 686 2540 omnia
694 2514 814 2549 deﬁcien-

50 2555 112 2584 tiatic
124 2560 228 2592 ordinat,
246 2565 274 2586 ut
298 2560 333 2586 ibi
346 2560 396 2587 sint
417 2559 458 2586 ubi
475 2560 697 2594 congntentissime
721 2561 816 2595 possint

50 2608 95 2633 ate,
105 2604 174 2631 donec
186 2606 316 2633 ordinatis
327 2605 432 2632 motibus
446 2606 478 2632 ad
488 2605 515 2631 id
527 2611 657 2632 recurrant
668 2606 733 2633 unde
747 2607 817 2641 defe-

51 2654 115 2675 cerunt
129 2650 192 2685 (Lib.
202 2651 231 2683 2,
247 2660 272 2678 c.
287 2651 315 2683 7,
334 2660 360 2678 n.
373 2651 413 2687 9),
430 2659 481 2678 non
505 2651 542 2678 sic
561 2651 744 2686 accipiendum
766 2657 816 2685 est,

51 2696 151 2728 tanquam
164 2697 253 2725 omnia
260 2702 402 2725 recurrant
415 2697 447 2724 ad
464 2697 489 2725 id
499 2697 567 2725 unde
583 2697 746 2732 defecerunt,
764 2698 818 2726 sic-

53 2745 74 2766 υι
93 2741 186 2777 αἰκδυί
197 2744 286 2771 visum
300 2748 358 2775 est;
379 2743 426 2771 sed
445 2751 476 2771 ea
493 2744 580 2771 omnia
596 2752 654 2780 qua:
667 2750 818 2773 recurrunt.

36 2804 38 2812 ’
77 2805 168 2834 ‘lnlSs.
179 2808 232 2835 fere
243 2807 426 2838 annibus,nisi
440 2809 613 2841 forteputatur.
626 2810 714 2835 luEdd.
725 2814 775 2835 Am.
796 2816 822 2838 et

40 2837 347 2871 ’πεπαμτερωταψ-
478 2870 491 2871 η

77 2843 347 2895 ῖξξξξραατατέν·
477 2870 500 2876 ..
657 2872 662 2877 .

133 2887 141 2893 ι
208 2870 708 2904 .anntnbusttss.,sciltcetperspeczem.

11 2904 15 2945 4
80 2898 426 2945 ἒξξᾳθὲῗάεῗζίέευὲἔῖης

11 2941 15 2972 ἠ
80 2929 90 2944 ⁸
97 2929 407 2968 Mss.
417 2934 444 2956 At
454 2931 519 2962 me,
531 2933 574 2959 hoc
583 2937 625 2964 est,
637 2934 702 2966 quod
709 2933 823 2959 mendum

58 2961 315 2984 nmmum-5
324 2968 412 2984 senm.

10 2961 15 3002 ἱΙ
58 2961 315 2992 Ποπώᾱίηιίωὶς
324 2963 412 2988 series.

10 3010 76 3212 IL

678 237 782 267 LIBER
800 234 936 265 PRIMUS.

1567 230 1621 261 ὅθι

832 294 890 321 Non
902 292 973 320 enim
986 296 1125 319 recurrunt
1146 291 1180 318 ad
1193 290 1276 317 Deum
1296 297 1311 317 a
1331 297 1383 325 quo
1401 290 1565 323 defecerunt,
1580 289 1628 325 qui

833 338 996 372 sempiterno
1009 337 1069 372 igne
1084 336 1243 371 punientur:
1258 336 1378 370 quamvis
1397 336 1485 363 omnia
1498 335 1627 364 deﬁcien-

834 385 869 412 tia
884 384 923 411 sic
935 382 1101 414 ordinentur,
1124 386 1153 409 ut
1175 381 1211 409 ibi
1235 381 1298 414 sint,
1323 381 1368 409 ubi
1388 382 1631 416 congruentissima

834 430 937 466 possint
946 425 1020 461 esse;
1034 428 1095 463 quia
1109 432 1136 455 et
1148 427 1184 454 illi
1198 427 1243 463 qui
1255 434 1308 454 non
1318 432 1467 461 recurrunt,
1481 435 1630 463 congruen—

836 476 937 503 tissime
950 476 976 501 in
993 481 1070 509 poena
1089 477 1160 501 sunt.
1180 472 1239 500 Alio
1253 473 1312 500 loco
1322 493 1331 506 ,
1344 471 1426 499 Nemo
1440 475 1501 508 fere,
1515 474 1630 507 inquam,

836 521 867 548 de
875 520 1008 547 scarubteis
1019 519 1125 551 dubitat,
1140 519 1200 553 quin
1213 518 1244 545 de
1254 519 1312 553 ﬁmo
1322 518 1349 545 in
1365 518 1443 553 pilam
1454 518 1589 545 rotundata
1600 520 1631 546 ab

837 568 876 594 his
889 572 962 602 atque
976 566 1063 593 obruto
1078 566 1184 593 existant
1204 564 1272 600 (Id.,
1290 573 1313 592 c.
1328 565 1373 597 i7,
1389 573 1415 591 n.
1430 565 1491 600 65);
1507 572 1567 591 cum
1582 564 1633 592 hoc

837 617 925 640 utrum
939 620 1029 640 verum
1041 612 1085 645 sit,
1101 611 1177 638 multi
1189 610 1320 643 dubitent,
1339 610 1415 637 multi
1435 618 1468 638 ne
1482 610 1633 638 audiverim

837 659 955 694 quidem.
970 658 1026 685 Hoc
1040 665 1106 692 opus
1120 657 1158 684 sic
1171 656 1279 691 incipit:
1295 656 1329 683 In
1343 656 1400 683 aliis
1418 656 1487 684 libris
1501 657 1562 684 satis
1575 657 1633 692 opiv

838 713 885 732 nor
898 704 978 739 egisse
990 712 1046 730 nos.

1146 737 1260 765 CAPUT
1281 736 1347 764 \'lll.

904 783 942 809 De
952 782 1050 809 Anime
1061 781 1215 814 Quantitate,
1229 780 1290 807 liber
1304 789 1380 808 unus.
1389 796 1424 801 —
1433 780 1520 816 [Tom.
1536 782 1562 818 1]

875 830 900 857 ί.
921 829 949 856 ln
961 828 1053 856 eadem
1063 828 1129 855 urbe
1141 827 1236 862 scripsi
1249 827 1394 863 dialogum,
1406 828 1432 855 in
1441 836 1493 863 quo
1506 827 1540 855 de
1549 828 1637 857 anima

840 875 922 901 multa
935 877 1091 909 qumruntur
1104 880 1135 900 ac
1147 873 1329 906 disseruntur;
1343 873 1368 900 id
1378 878 1427 906 est,
1438 873 1506 901 unde
1519 873 1562 906 sit,
1572 881 1638 909 quae

842 920 875 947 lis
887 920 932 952 sit,
948 923 1047 954 quanta
1061 919 1105 952 sit,
1115 926 1163 945 cur
1172 918 1279 953 corpori
1292 918 1371 946 fuerit
1381 918 1454 952 data,
1464 926 1524 946 cum
1532 919 1564 946 ad
1576 926 1638 946 cor-

841 973 890 1000 pus
905 964 1007 992 venerit
1021 963 1107 999 qualis
1129 962 1270 996 el'liciatur,
1286 964 1372 998 qualis
1390 971 1450 991 cum
1466 964 1639 991 abscesserit.

841 1011 895 1039 Sed
904 1010 1028 1045 quoniam
1038 1014 1135 1045 quanta
1146 1010 1189 1042 sit,
1204 1009 1406 1044 diligentissime
1418 1018 1450 1037 ac
1463 1010 1639 1037 subtilissime

842 1057 1002 1092 disputatum
1018 1060 1069 1089 est,
1091 1060 1121 1083 ut
1136 1063 1207 1089 eam,
1226 1056 1248 1082 si
1265 1063 1414 1090 possemus,
1437 1056 1640 1083 ostenderemus

843 1103 989 1138 corporalis
1001 1101 1156 1137 quantitatis
1170 1108 1222 1128 non
1234 1108 1303 1134 esse,
1319 1106 1344 1128 ct
1358 1106 1447 1129 tamen
1458 1109 1582 1136 magnum
1591 1102 1640 1128 ali-

844 1149 907 1185 quid
922 1156 998 1181 esse;
1011 1156 1042 1175 ex
1058 1147 1108 1175 hac
1122 1155 1174 1174 una
1190 1147 1360 1182 inquisitione
1374 1151 1443 1174 lotus
1457 1147 1524 1174 liber
1542 1155 1641 1175 nomen

845 1194 949 1229 accepit
961 1198 989 1221 ut
1001 1193 1186 1228 appellaretur,
1203 1192 1237 1220 de
1249 1193 1351 1220 Anima:
1364 1193 1522 1227 quantitate.

880 1240 907 1266 2.
929 1239 957 1266 ln
968 1246 1021 1273 quo
1032 1238 1101 1265 libro
1113 1237 1178 1265 illud
1191 1237 1262 1272 quod
1276 1237 1340 1270 dixi,
1355 1246 1439 1264 omnes
1453 1243 1518 1264 artes
1530 1237 1641 1264 animum

845 1294 930 1314 secum
943 1285 1058 1312 attulisse
1072 1284 1134 1310 mihi
1147 1284 1242 1315 videri;
1263 1292 1307 1310 nec
1319 1283 1389 1310 aliud
1400 1283 1535 1319 quidquam
1550 1291 1602 1310 esse
1614 1283 1642 1309 id

846 1332 913 1368 quod
920 1332 1012 1359 dicitur
1020 1331 1123 1363 discere,
1130 1330 1334 1365 quamreminisci
1345 1338 1374 1356 ac
1385 1329 1510 1356 recordari
1517 1327 1642 1364 (ϐαρ-ΞΟ,

847 1386 874 1404 n.
886 1376 943 1413 54),
955 1384 1008 1403 non
1024 1376 1061 1403 sic
1075 1375 1259 1410 accipiendum
1273 1379 1324 1408 est,
1338 1375 1413 1409 quasi
1432 1382 1463 1401 ex
1482 1373 1532 1401 hoc
1546 1382 1644 1408 appro-

847 1423 934 1456 belur,
950 1422 1066 1449 animam
1082 1421 1125 1448 vel
1140 1421 1182 1447 hic
1204 1421 1231 1447 in
1250 1420 1302 1447 alio
1319 1427 1441 1454 corpore,
1456 1419 1497 1446 vel
1510 1419 1573 1446 alibi
1587 1419 1644 1446 sive

849 1470 876 1497 in
888 1476 1010 1504 corpore,
1031 1468 1087 1495 sive
1105 1472 1180 1495 extra
1200 1474 1308 1501 corpus,
1330 1465 1473 1501 aliquando
1490 1465 1600 1497 vixisse;
1617 1470 1645 1492 et

849 1523 878 1542 ea
890 1522 948 1549 quas
963 1513 1123 1547 interrogata
1141 1511 1295 1546 respondet,
1312 1519 1372 1538 cum
1387 1511 1430 1538 hic
1443 1518 1495 1538 non
1510 1510 1645 1542 didicerit,

850 1561 876 1588 in
888 1559 939 1587 alia
952 1560 1005 1586 vita
1021 1563 1082 1586 ante
1098 1557 1222 1585 didicisse
1235 1557 1282 1593 (a).
1298 1557 1368 1584 Fieri
1382 1557 1453 1583 enim
1466 1560 1563 1591 potest,
1577 1556 1646 1583 sicut

848 1608 902 1642 jam
918 1606 942 1633 in
963 1605 1014 1632 hoc
1029 1612 1110 1639 opere
1127 1611 1208 1639 supra
1225 1602 1353 1636 diximus,
1369 1606 1398 1630 ut
1412 1602 1464 1630 hoc
1476 1602 1535 1629 ideo
1551 1602 1645 1637 possit,

851 1654 912 1689 quia
928 1657 1021 1680 natura
1035 1651 1208 1686 iutclligibilis
1222 1656 1263 1677 est
1274 1650 1366 1684 (Sup.,
1380 1657 1403 1675 c.
1418 1649 1445 1682 4,
1457 1657 1484 1675 η.
1500 1649 1539 1684 4),
1549 1652 1648 1675 etcon-

853 1700 967 1727 nectitur
980 1706 1034 1725 nou
1047 1697 1133 1725 solum
1156 1695 1378 1730 intelligibilibus,
1392 1702 1485 1722 verum
1500 1694 1582 1722 etiam
1595 1694 1648 1720 im—

853 1745 1023 1773 mutabilibus
1039 1744 1129 1775 rebus,
1143 1750 1175 1769 eo
1189 1742 1283 1769 ordine
1296 1741 1363 1768 facta
1375 1742 1395 1774 ¹,
1408 1746 1436 1768 ut
1449 1748 1508 1768 cum
1520 1748 1549 1767 se
1559 1740 1591 1767 ad
1602 1747 1650 1767 eas

854 1799 897 1818 res
905 1794 993 1817 movet
1001 1789 1095 1824 quibus
1107 1796 1227 1815 connexa
1236 1792 1286 1820 est,
1297 1786 1338 1814 vel
1351 1786 1383 1813 ad
1396 1787 1521 1821 scipsam,
1533 1786 1559 1813 in
1568 1793 1651 1820 quan-

855 1841 911 1863 tum
923 1843 968 1862 cas
981 1835 1064 1867 videt,
1081 1834 1107 1860 in
1119 1837 1222 1860 tantum
1235 1833 1269 1860 de
1282 1832 1323 1859 his
1334 1840 1395 1859 vera
1411 1831 1579 1866 respondeat.
1596 1830 1651 1857 Nec

856 1889 920 1909 sane
933 1887 1027 1908 omnes
1038 1884 1109 1906 artes
1119 1886 1151 1906 eo
1162 1877 1241 1905 modo
1252 1885 1342 1905 secum
1355 1876 1451 1909 attulit,
1464 1884 1494 1903 ac
1508 1883 1597 1903 secum
1605 1875 1652 1902 ba~

858 1927 902 1954 bet
913 1935 919 1953 :
932 1933 992 1953 nam
1003 1925 1036 1952 de
1048 1924 1149 1951 artibus
1160 1931 1218 1958 qum
1231 1923 1263 1950 ad
1278 1930 1372 1950 sensus
1380 1921 1500 1957 corporis
1509 1921 1652 1956 pertinent,

857 1973 926 2000 sicut
935 1971 1015 1998 multa
1025 1970 1173 1999 medicina},
1183 1970 1250 1996 sicut
1258 1968 1408 2003 astrologiae
1417 1968 1516 2000 omnia,
1525 1967 1573 1994 nisi
1581 1967 1653 2001 quod

859 2019 905 2046 hic
917 2017 1049 2049 didicerit,
1058 2024 1110 2043 non
1121 2019 1208 2050 potest
1215 2015 1314 2042 dicere.
1325 2014 1363 2041 Ea
1372 2021 1436 2041 vero
1444 2021 1504 2048 quae
1512 2013 1568 2040 sola
1580 2012 1654 2039 intel<

861 2064 970 2098 ligentia
979 2062 1057 2097 capit,
1069 2066 1175 2096 propter
1189 2060 1215 2087 id
1223 2060 1292 2095 quod
1301 2060 1365 2093 dixi,
1376 2067 1435 2086 cum
1443 2058 1508 2086 vela
1519 2058 1605 2092 scipsa
1612 2057 1654 2085 vel

861 2110 894 2136 :-b
906 2109 957 2136 alio
972 2107 1051 2135 fuerit
1062 2107 1131 2134 bene
1140 2107 1310 2140 interrogata,
1320 2104 1492 2132 etrecordala
1500 2103 1653 2138 respondet.

899 2156 926 2183 ὃ.
947 2154 1007 2182 Alio
1022 2154 1080 2181 loco
1093 2163 1099 2180 :
1117 2152 1222 2185 Vellem,
1238 2152 1349 2186 inquam,
1364 2151 1421 2177 hinc
1436 2151 1510 2185 plura
1520 2150 1611 2182 dicere,
1625 2158 1656 2176 ac

863 2202 987 2237 meipsum
997 2200 1177 2235 constringere,
1196 2199 1256 2225 dum
1274 2198 1344 2233 quasi
1355 2197 1398 2224 tibi
1408 2196 1535 2232 prtecipio,
1552 2200 1578 2222 ut
1592 2196 1657 2222 nihil

864 2247 934 2274 aliud
942 2253 1041 2281 agerem
1055 2253 1129 2278 quam
1142 2243 1259 2271 reddcrer
1271 2243 1342 2276 mihi,
1355 2243 1395 2268 cui
1405 2249 1444 2268 me
1454 2241 1561 2268 maxime
1568 2240 1656 2267 debeo.

865 2293 915 2321 Ubi
927 2292 1017 2319 videor
1027 2291 1116 2317 dicere
1132 2289 1219 2324 potius
1232 2288 1366 2321 debuisse,
1382 2287 1518 2314 Rcdderer
1531 2286 1596 2319 Deo,
1614 2286 1657 2313 cui

865 2346 908 2365 me
921 2337 1034 2364 maxime
1046 2335 1140 2362 debeo.
1153 2334 1206 2362 Sed
1220 2333 1344 2369 quoniam
1357 2332 1428 2367 prius
1442 2332 1491 2359 sibi
1506 2332 1563 2367 ipse
1577 2332 1657 2360 homo

866 2383 1016 2411 reddendus
1032 2386 1083 2415 est,
1102 2385 1131 2408 ut
1143 2380 1198 2408 illic
1211 2379 1285 2415 quasi
1304 2378 1387 2414 gradu
1408 2377 1477 2405 facto
1492 2377 1554 2405 inde
1568 2383 1660 2413 surgat

867 2434 947 2464 atque
961 2428 1094 2455 attollatur
1105 2426 1139 2454 ad
1154 2426 1246 2457 Deum,
1261 2425 1329 2451 sicut
1342 2423 1412 2451 ﬁlius
1429 2423 1473 2450 ille
1485 2423 1572 2450 minor
1584 2424 1660 2459 prius

869 2481 991 2502 reversus
1007 2477 1049 2500 est
1065 2472 1098 2499 ad
1111 2471 1292 2505 semetipsum,
1314 2474 1341 2497 et
1354 2474 1417 2497 tunc
1431 2468 1483 2496 ait:
1497 2468 1619 2504 Surgam,
1635 2474 1660 2496 et

869 2520 909 2547 ibo
922 2519 955 2546 ad
968 2523 1064 2555 patrem
1074 2525 1156 2545 meum
1169 2516 1245 2551 (Luc.
1257 2524 1304 2549 xv,
1317 2515 1378 2552 18);
1394 2516 1453 2542 idco
1464 2515 1503 2543 sic
1515 2523 1572 2543 sum
1589 2516 1662 2542 locu-

870 2570 923 2593 tus.
939 2564 1056 2599 Denique
1070 2570 1132 2590 mox
1148 2562 1254 2590 addidi:
1268 2561 1348 2597 Atque
1359 2562 1394 2588 ila
1408 2561 1463 2596 ﬁeri
1473 2561 1581 2587 amicum
1590 2568 1663 2588 man-

871 2612 965 2647 cipium
984 2610 1093 2636 Domino
1108 2608 1182 2644 (Cap.
1199 2608 1244 2642 ‘28,
1260 2617 1286 2634 n.
1303 2607 1359 2644 55).
1375 2607 1449 2641 Quod
1465 2614 1528 2642 ergo
1543 2607 1607 2640 dixi,
1620 2608 1663 2634 cui

871 2665 911 2684 me
923 2657 1031 2684 maxime
1041 2655 1127 2688 debeo,
1139 2654 1173 2681 ad
1185 2654 1306 2681 homines
1317 2653 1411 2680 retuli:
1422 2653 1505 2688 magis
1515 2653 1586 2680 enim
1596 2653 1662 2679 mihi

872 2711 916 2731 me
930 2703 1024 2734 debeo,
1039 2708 1118 2736 quam
1133 2699 1283 2727 hominibus
1293 2699 1408 2732 caeteris,
1419 2699 1538 2734 quamvis
1547 2698 1602 2725 Deo
1611 2705 1663 2725 ma-

873 2751 913 2785 gis
927 2756 1005 2784 quam
1016 2747 1090 2775 mihi.
1102 2747 1150 2774 llic
1163 2746 1230 2774 liber
1245 2746 1283 2773 sic
1300 2744 1408 2780 incipit:
1422 2744 1545 2777 Quoniam
1555 2743 1625 2770 video
1639 2747 1664 2768 ta

873 2795 1002 2822 abundare
1011 2794 1071 2821 otio.

906 2846 913 2858 I
924 2845 948 2866 tu
956 2841 1013 2865 md.
1025 2839 1092 2864 nullo
1197 2844 1264 2870 nexu
1278 2837 1354 2862 verba
1366 2836 1405 2870 illa
1415 2835 1449 2870 sic
1458 2834 1590 2870 redduntur
1601 2839 1611 2870 :_
1616 2835 1665 2870 eme-

873 2865 931 2898 rum
936 2871 1009 2897 etiam
1017 2865 1202 2895 immutdbilibus
1210 2868 1289 2893 rebus.
1299 2872 1332 2892 E0
1341 2866 1424 2892 ordine
1434 2866 1497 2896 facta
1504 2866 1538 2888 est
1546 2881 1553 2892 ,
1559 2865 1589 2898 (ut
1599 2867 1664 2898 cum,

873 2894 1094 2940 ίιῖίξτῆιίἧὸὶίοὶιεω
1098 2900 1246 2927 mutavimus
1256 2899 1350 2929 abiecto
1367 2900 1408 2927 est,
1422 2894 1469 2926 quo
1484 2897 1566 2918 carem
1582 2894 1664 2922 scripti

875 2939 965 2967 optimi.

906 2965 941 2997 (a)
954 2963 1003 2990 vid.
1014 2963 1056 2989 lib.
1071 2962 1099 2988 l2
1110 2962 1245 3005 de"t‘ruut.,
1257 2966 1279 2984 c.
1293 2959 1331 2989 15,
1343 2964 1367 2982 η.
1380 2957 1418 2982 2i.
