3880 6438
568 431 673 489 B99

573 562 732 619 quam
761 561 871 603 non
895 545 1058 603 fuerit
1083 548 1151 601 ab
1175 541 1446 615 Apostolis
1465 538 1682 596 dictum.
1705 539 1902 595 Contra
1918 538 2150 608 Pelagia-

577 654 680 696 nos
706 647 883 695 autem
910 640 1013 694 hoc
1035 635 1426 693 defendendum
1454 642 1558 702 est,
1589 631 1731 704 quod
1758 641 1979 702 utraque
2002 630 2148 687 Scri-

575 742 731 806 ptura
755 731 1109 796 commendat,
1130 743 1290 801 quam
1314 743 1374 785 se
1407 727 1650 798 accipere
1684 724 2013 796 profitentur.
2038 722 2152 779 Hoc

573 838 709 896 opus
729 824 807 879 sic
833 823 1058 894 incipit:
1085 821 1185 879 Dic
1207 820 1354 890 mihi,
1382 834 1554 891 quaso
1582 828 1630 875 te
1646 860 1662 887 ,
1692 827 1862 873 utrum
1892 815 2028 871 Deus
2050 831 2151 870 non

565 917 632 973 sit
655 926 830 973 auctor
847 914 990 972 mali.
1783 901 1786 904 ’

1200 1003 1428 1062 CAPUT
1467 1002 1534 1058 Χ.

766 1098 847 1155 De
868 1097 1047 1155 Genesi
1065 1096 1304 1152 adversus
1336 1094 1667 1162 Manichteos,
1691 1093 1807 1148 libri
1831 1093 1953 1147 duo.

648 1194 701 1248 1.
723 1191 840 1249 1am
867 1205 993 1247 vero
1013 1190 1068 1246 in
1112 1189 1286 1244 Africa
1317 1187 1664 1254 constitutus,
1691 1185 1880 1256 scripsi
1913 1183 2045 1239 duos
2082 1183 2150 1239 li-

572 1285 699 1340 bros
726 1283 794 1339 de
819 1281 1012 1340 Genesi
1049 1289 1234 1336 contra
1277 1277 1614 1334 Manichaaos.
1638 1276 1888 1345 Quamvis
1925 1273 2067 1330 enim
2096 1274 2150 1328 in

572 1375 934 1446 superioribus
961 1373 1112 1430 libris
1139 1371 1392 1444 quidquid
1417 1369 1699 1441 disputavi,
1722 1367 1864 1424 unde
1903 1366 2151 1423 ostende-

571 1479 687 1521 rem
715 1466 882 1521 Deum
907 1479 1114 1519 summe
1141 1463 1340 1518 bonum
1367 1470 1424 1518 et
1445 1459 1826 1516 immutabilem
1855 1467 2151 1515 creatorem

575 1570 696 1612 esse
715 1556 951 1611 omnium
988 1555 1318 1610 mutabilium
1344 1563 1674 1620 naturarum,
1719 1565 1819 1606 nec
1844 1551 2007 1606 ullam
2031 1562 2151 1604 esse

577 1661 822 1706 naturam
846 1649 1039 1704 malam
1067 1650 1082 1680 '
1125 1650 1236 1703 sive
1274 1647 1647 1712 substantiam,
1679 1646 1732 1699 in
1760 1652 2014 1715 quantum
2053 1657 2148 1697 na-

575 1754 692 1800 tura
722 1754 806 1799 est
829 1752 989 1814 atque
1014 1741 1323 1806 substantia,
1357 1740 1608 1795 adversus
1633 1736 1949 1793 Manichaeos
1969 1745 2152 1791 nostra

577 1835 874 1906 invigilaret
898 1834 1155 1900 intentio;
1189 1832 1281 1887 isti
1315 1841 1492 1886 tamen
1516 1829 1622 1884 duo
1660 1829 1779 1884 libri
1815 1827 2151 1897 apertissime

578 1926 835 1980 adversus
863 1938 957 1980 eos
993 1923 1118 1978 editi
1156 1930 1282 1978 sunt
1308 1923 1360 1976 in
1388 1919 1751 1976 defensionem
1777 1920 1974 1974 veteris
1999 1917 2148 1988 legis,

575 2031 734 2089 quam
762 2015 1063 2073 vehementi
1093 2014 1266 2070 studio
1291 2015 1472 2068 vesani
1508 2012 1706 2068 erroris
1734 2018 2061 2081 oppugnant.
2093 2008 2152 2064 In

577 2109 770 2179 primo,
799 2107 867 2162 ab
907 2121 974 2161 eo
1013 2105 1153 2176 quod
1207 2103 1464 2174 scriptum
1501 2112 1604 2170 est,
1634 2101 1701 2156 In
1741 2101 1986 2172 principio
2036 2100 2153 2170 fecit

577 2198 714 2254 Deus
748 2199 924 2252 calum
953 2206 999 2250 et
1027 2206 1210 2251 terram
1236 2193 1388 2266 (Gen.
1421 2210 1459 2261 ι,
1483 2194 1558 2266 1),
1590 2193 1760 2248 donec
1787 2200 1991 2262 septem
2023 2205 2151 2262 per-

578 2299 800 2360 agantur
825 2288 961 2355 dies,
993 2287 1082 2343 ubi
1115 2287 1310 2358 legitur
1336 2287 1478 2342 Deus
1503 2285 1828 2356 requievisse
1854 2285 1908 2339 in
1947 2283 2034 2339 die
2063 2297 2151 2340 se-

577 2381 760 2451 ptimo.
787 2379 842 2434 In
871 2379 1106 2434 secundo
1140 2388 1340 2447 autem,
1379 2378 1446 2433 ab
1485 2394 1550 2434 eo
1589 2378 1729 2448 quod
1758 2376 2015 2447 scriptum
2047 2385 2152 2444 est,

579 2471 680 2527 Hic
704 2472 826 2526 liber
849 2482 1090 2526 creatum
1117 2470 1227 2526 cteli
1253 2480 1298 2523 et
1313 2479 1459 2524 terra:
1473 2467 1586 2541 (Id.
1604 2485 1663 2536 ll,
1694 2466 1772 2543 4),
1795 2467 1966 2523 donec
1985 2467 2156 2523 Adam

576 2572 634 2619 et
660 2562 853 2617 mulier
878 2562 995 2632 ejus
1034 2561 1237 2616 dimissi
1272 2569 1394 2615 sunt
1429 2559 1498 2616 de
1541 2559 1806 2629 paradiso,
1836 2568 1890 2615 et
1915 2558 2156 2614 custodia

576 2653 749 2723 posita
777 2660 860 2708 est
880 2652 1023 2723 ligno
1055 2651 1196 2706 vitae.
1224 2650 1426 2706 Deinde
1449 2651 1504 2705 in
1532 2651 1638 2706 line
1664 2650 1806 2717 libri,
1836 2650 2004 2705 errori
2046 2649 2158 2704 Ma-

580 2746 908 2800 nichaeorum
946 2742 1105 2800 ﬁdem
1147 2743 1421 2799 catholica:
1453 2743 1690 2798 veritatis
1731 2742 1988 2813 opposui;
2029 2741 2157 2813 quid

579 2840 656 2894 illi
695 2839 892 2903 dicant,
922 2847 975 2893 et
995 2851 1092 2893 nos
1141 2837 1267 2908 quid
1303 2837 1572 2904 dicamus,
1609 2836 1840 2892 breviter
1871 2843 2159 2907 aperteque

574 2931 958 3001 complectens.

649 3022 704 3076 2.
746 3022 904 3089 Quod
926 3036 1052 3078 vero
1081 3020 1210 3087 dixi,
1235 3019 1380 3076 Illud
1418 3029 1586 3074 autem
1610 3035 1712 3074 non
1734 3019 2159 3074 irrationabilium

572 3118 745 3172 avium
765 3119 785 3148 ¹
815 3116 986 3171 oculos
1035 3116 1227 3186 pascit,
1254 3114 1342 3169 sed
1376 3130 1507 3186 pura
1544 3113 1699 3168 corda
1735 3129 1909 3168 eorum
1935 3115 2020 3185 qui
2048 3112 2158 3167 Deo

574 3209 808 3274 credunt,
837 3217 883 3264 et
906 3207 968 3260 ab
988 3223 1158 3262 amore
1182 3207 1446 3262 visibilium
1461 3221 1626 3260 rerum
1647 3215 1692 3259 et
1715 3205 2084 3276 temporalium,
2109 3220 2162 3260 se

578 3301 648 3354 ad
669 3301 779 3371 ejus
809 3308 1060 3371 praecepta
1087 3298 1344 3369 implenda
1368 3307 1657 3352 convertunt
1676 3312 1696 3362 ,'
1716 3296 1852 3366 quod
1875 3312 2044 3350 omnes
2065 3297 2161 3352 Ito-

579 3391 993 3476 minesjiossunt,
1017 3391 1060 3444 si
1093 3391 1245 3445 velint
1265 3389 1400 3462 (Lib.
1418 3391 1470 3458 1,
1488 3406 1532 3443 c.
1559 3391 1612 3456 5,
1639 3407 1693 3443 n.
1719 3389 1797 3463 6),
1829 3406 1936 3444 non
1975 3391 2160 3446 existi-

579 3491 730 3538 ment
756 3484 878 3538 novi
905 3483 1138 3538 haeretici
1178 3483 1446 3553 Pelagiani
1482 3483 1773 3540 secundum
1802 3498 1896 3539 eos
1934 3499 2054 3540 esse
2083 3485 2163 3541 di-

579 3583 744 3630 ctum.
783 3573 979 3630 Verum
1005 3583 1087 3630 est
1112 3575 1255 3630 enim
1284 3575 1532 3642 omnino,
1554 3589 1740 3630 omnes
1780 3575 2024 3632 homines
2058 3576 2162 3633 hoc

581 3679 760 3736 posse,
787 3667 831 3720 si
866 3665 1066 3732 velint;
1095 3665 1190 3721 sed
1228 3675 1555 3738 praeparatur
1588 3667 1829 3724 voluntas
1852 3684 1883 3723 a
1912 3668 2156 3738 Domino,

583 3767 639 3812 et
686 3765 886 3811 tantum
927 3766 1150 3829 augetur
1196 3774 1419 3814 munere
1467 3758 1762 3827 charitatis,
1812 3769 1872 3816 ut
1909 3760 2156 3831 possint:

583 3848 727 3919 quod
757 3848 846 3903 hic
868 3847 989 3904 ideo
1008 3849 1208 3905 dictum
1230 3865 1340 3905 non
1367 3857 1469 3916 est,
1501 3851 1750 3920 quoniam
1780 3852 2027 3922 pra-senti
2066 3867 2162 3908 ne-

579 3941 870 3997 cessarium
905 3955 1011 3996 non
1040 3950 1154 3998 erat
1177 3943 1474 4014 quaestioni.
1505 3943 1661 4010 Quod
1694 3959 1820 4001 vero
1844 3944 1917 4000 ibi
1947 3944 2158 4015 legitur,

578 4031 1006 4090 benedictionem
1040 4034 1138 4089 Dei
1165 4050 1270 4104 qua
1294 4035 1493 4091 dictum
1529 4046 1630 4101 est,
1662 4035 1875 4092 Crescite
1914 4048 1960 4092 et
1986 4039 2159 4093 multi-

579 4127 839 4199 plicamini
867 4125 1018 4201 (Gen.
1049 4144 1088 4196 ι,
1115 4127 1232 4200 28),
1264 4130 1317 4183 in
1345 4129 1615 4185 carnalem
1639 4129 2012 4186 fecunditatem
2042 4140 2161 4202 post

581 4228 856 4290 peceatum
884 4235 1195 4276 conversam
1234 4235 1355 4277 esse
1391 4220 1709 4277 credendam
1735 4220 1868 4294 (Lib.
1897 4224 1950 4290 1,
1987 4239 2034 4276 c.
2069 4223 2156 4290 19,

580 4329 637 4366 n.
662 4312 781 4384 50);
815 4312 862 4368 si
886 4328 993 4368 non
1017 4318 1192 4384 potest
1217 4313 1324 4368 alio
1350 4313 1509 4368 modo
1535 4312 1733 4368 dictum
1759 4313 1946 4381 videri,
1969 4315 2070 4370 nisi
2103 4326 2162 4372 ut

580 4413 835 4476 putentur
859 4404 935 4460 illi
963 4405 1206 4460 homines
1231 4419 1336 4460 non
1376 4404 1604 4460 habituri
1631 4405 1795 4461 fuisse
1824 4405 1961 4462 filios
1991 4407 2160 4463 homi-

579 4602 690 4643 non
735 4596 816 4644 est
858 4603 1214 4659 consequens,
1245 4596 1303 4643 ut
1326 4587 1447 4645 ideo
1475 4588 1797 4660 intelligatur
1824 4590 1876 4644 in
1905 4590 2158 4660 allegoria

582 4679 950 4735 tantummodo
990 4695 1112 4736 esse
1138 4681 1523 4751 accipiendum,
1556 4681 1699 4752 quod
1728 4681 1909 4742 herbae
1933 4682 2152 4749 virides,
2205 4721 2211 4728 ς

579 4778 636 4826 et
662 4771 802 4842 ligna
825 4771 1094 4829 fructifera
1129 4775 1273 4830 omni
1296 4774 1479 4845 generi
1500 4775 1807 4842 bestiarum,
1835 4784 1891 4832 et
1913 4777 2158 4832 omnibus

579 4862 787 4930 avibus,
817 4872 871 4920 et
892 4865 1138 4921 omnibus
1161 4866 1497 4937 serpentibus
1516 4867 1571 4922 in
1591 4867 1728 4923 libro
1747 4868 2016 4924 Geneseos
2038 4868 2159 4924 dan-

579 4965 668 5012 tur
706 4957 772 5012 ad
815 4958 1013 5025 cibum,
1044 4960 1167 5030 quia
1193 4969 1316 5014 sunt
1343 4970 1399 5016 et
1438 4960 1803 5030 quadrupedia
1845 4969 1902 5017 et
1927 4962 2157 5017 volatilia
2202 4997 2208 5003 ι

578 5064 700 5117 quae
720 5049 849 5104 solis
871 5050 1116 5106 carnibus
1140 5051 1318 5106 vivere
1345 5050 1623 5106 videantur
1651 5051 1781 5124 (ld.,
1797 5069 1842 5106 c.
1859 5052 1948 5120 20,
1968 5070 2021 5107 n.
2042 5054 2154 5125 51).
2197 5047 2201 5054 ’

580 5138 724 5194 Fieri
751 5140 892 5194 enim
921 5149 1099 5211 posset
1123 5150 1182 5196 ut
1208 5141 1477 5196 alerentur
1501 5142 1568 5196 ab
1584 5143 1884 5199 hominibus
1909 5145 2067 5199 etiam
2088 5145 2155 5199 de
2209 5204 2214 5210 ,

582 5230 840 5285 fructibus
868 5240 1042 5298 terrm,
1073 5233 1120 5287 si
1157 5241 1374 5304 propter
1406 5233 1760 5289 obedientiam
1785 5251 1890 5305 qua
1928 5237 2028 5306 ipsi
2057 5235 2155 5291 ho-
2204 5224 2260 5290 ’5"

580 5320 756 5376 mines
781 5320 892 5376 Deo
929 5321 1045 5377 sine
1071 5323 1176 5378 ulla
1210 5324 1487 5394 iniquitate
1511 5324 1793 5392 servirent,
1823 5335 2158 5380 mererentur

581 5425 771 5468 omnes
797 5410 998 5467 bestias
1017 5421 1072 5468 et
1098 5427 1227 5469 aves
1257 5414 1403 5469 omni
1433 5414 1592 5471 modo
1615 5414 1815 5471 habere
1842 5416 2152 5472 servientes.

579 5502 713 5558 ltem
766 5518 983 5560 movere
1040 5514 1216 5576 potest
1265 5507 1531 5576 quomodo
1582 5506 1806 5562 dixerim
1849 5507 1917 5563 de
1962 5510 2158 5578 populo

577 5594 769 5665 Israel,
792 5597 972 5651 Adhuc
999 5599 1255 5670 corporali
1283 5599 1657 5654 circumcisione
1673 5609 1721 5654 et
1742 5601 2023 5671 sacriﬁciis,
2047 5613 2159 5658 tan-

578 5704 731 5759 quam
755 5688 808 5743 in
841 5688 972 5743 mari
1002 5665 1222 5761 gentium
1261 5690 1475 5762 populus
1511 5691 1595 5746 ille
1629 5691 1727 5762 legi
1763 5665 2150 5766 serviebatv(ld.,
2264 5763 2303 5766 __
2317 5687 3051 5766 ςςξ)λξ›ᾳηςξειιφμρδερθυιςινιν
3069 5691 3117 5766 6)

2263 5738 2474 5816 mactare
2517 5738 2705 5816 heeret.
2742 5738 2857 5816 Hinc
2888 5738 3065 5816 ergo}
3079 5738 3259 5802 ‘J'udmis
3273 5738 3278 5739 ⁷
3293 5738 3379 5816 per
3395 5738 3724 5816 orbem

641 5802 660 5865 ξ
679 5809 782 5852 Mss.
799 5813 1022 5865 quatuor,
1038 5803 1233 5855 malum.

638 5864 746 5911 ἰω
899 5875 1194 5928 constanter,
1214 5868 1290 5916 hic
1311 5874 1361 5917 et
1396 5865 1479 5917 lib.
1515 5869 1535 5918 1
1569 5867 1633 5918 dc
1661 5874 1776 5919 Gen.
1816 5875 1981 5922 contra
2018 5872 2154 5920 uani-

578 5923 756 5985 chaeos,
781 5927 863 5976 ubi
884 5927 993 5977 Edd.
1017 5923 1215 5992 habent,
1236 5928 1527 5982 animalium.

2205 2725 2208 2728 ἢ
2265 2663 2442 2708 autem
2469 2653 2600 2720 dixi,
2637 2653 2764 2707 nulli
2803 2661 3001 2708 natura:
3024 2669 3212 2708 nocere
3238 2666 3438 2726 peccata
3463 2657 3549 2712 nisi
3567 2675 3641 2714 sua
3661 2657 3749 2729 (Ill,

2264 2938 2422 3000 auget
2445 2930 2501 2984 in
2526 2930 2674 2985 cmlis
2701 2947 2715 2983 :
2747 2929 2848 2985 sibi
2873 2940 3051 2985 autem
3073 2931 3347 3001 peccando
3369 2948 3489 2988 vere
3501 2942 3652 2998 nocet;
3669 2932 3750 3001 quia
3819 2949 3825 3002 χ

1683 418 2310 481 RETRACTATIONUM
2345 423 2402 480 S.
2435 420 2800 481 AUGUSTINI
3302 425 3307 428 ’
3677 429 3751 486 600

2261 554 2306 592 e.
2334 537 2425 605 23,
2453 555 2506 592 η.
2531 537 2659 610 40);
2690 535 3117 609 quandoquidem
3154 535 3299 608 apud
3321 546 3495 609 gentes
3518 541 3751 605 sacriﬁcare

2260 647 2368 687 non
2395 641 2656 702 poterant,
2683 631 2821 687 sicut
2837 645 2932 686 eos
2959 639 3015 687 et
3037 646 3178 687 nunc
3202 630 3438 687 videmus
3473 633 3576 690 sine
3599 640 3751 693 sacriﬁ-

2258 725 2354 780 ciis
2382 725 2731 789 remansisse;
2757 724 2858 778 nisi
2884 724 3019 780 forte
3046 723 3188 794 quod
3211 738 3309 794 per
3335 722 3523 781 Pascha
3542 726 3755 788 immolant

2258 831 2434 884 ovem,
2469 818 2570 872 hoc
2598 817 2652 871 in
2671 815 2926 872 sacrificio
2964 815 3248 888 deputetur
3271 817 3366 888 (a).
3824 873 3825 888 1

2327 911 2381 964 5.
2411 910 2468 964 In
2489 908 2721 964 secundo
2741 909 2902 964 etiam
2921 907 3056 964 libro
3082 908 3214 964 illud
3248 908 3391 978 quod
3419 911 3576 979 posui,
3598 917 3755 974 nomine
3776 908 3780 915 ’

2256 999 2435 1071 pabuli
2455 999 2736 1071 significari
2761 1015 2919 1070 posse
2938 999 3098 1055 vitam
3123 998 3265 1070 (Lib.
3291 999 3347 1068 2,
3377 1017 3422 1054 c.
3447 1003 3497 1067 '5,
3521 1019 3568 1056 n.
3591 1004 3655 1074 1),
3671 1022 3755 1063 cum

2256 1091 2492 1146 melioris
2516 1090 2966 1161 interpretationis
3003 1090 3216 1148 codices
3252 1105 3362 1147 non
3392 1091 3614 1161 habeant,
3637 1099 3755 1166 pabu-

2259 1181 2402 1247 lum;
2428 1180 2544 1250 sed,
2572 1184 2780 1254 fenum;
2802 1197 2909 1236 non
2929 1182 3058 1248 satis
3093 1192 3219 1252 apte
3251 1181 3450 1238 dictum
3469 1184 3658 1242 videtur.
3673 1187 3755 1246 Non
3824 1211 3825 1254 ;

2256 1272 2398 1326 enim
2426 1272 2669 1344 congruit
2685 1272 2789 1328 leni
2805 1287 3000 1329 nomen
3011 1272 3385 1344 significationi
3403 1273 3535 1340 vitta,
3554 1281 3756 1346 quomodo
3824 1272 3825 1338 ἓ

2257 1364 2454 1434 pabuli.
2481 1363 2609 1420 ltem
2637 1363 2819 1421 videor
2847 1363 2984 1438 (Id.,
3005 1382 3052 1419 ο.
3079 1366 3135 1435 5,
3161 1382 3218 1420 η.
3244 1364 3304 1438 6)
3345 1381 3447 1420 non
3485 1377 3605 1424 recte
3620 1374 3755 1442 appel-

2257 1455 2395 1510 lasse
2415 1456 2574 1512 verba
2602 1456 2913 1528 prOphetica
2955 1458 3148 1529 quibus
3177 1458 3432 1527 scriptum
3453 1468 3546 1528 est,
3572 1459 3675 1526 Quid
3696 1481 3758 1517 su-

2259 1547 2417 1617 perbit
2446 1557 2579 1602 terra
2600 1557 2647 1602 et
2666 1548 2791 1603 cinis
2813 1548 3000 1620 (Eccli.
3025 1565 3083 1617 x,
3106 1550 3204 1623 9)?
3225 1550 3352 1620 quia
3376 1565 3477 1606 non
3493 1551 3542 1608 in
3559 1553 3648 1624 ejus
3660 1555 3755 1613 libm

2256 1637 2470 1710 legitur,
2497 1653 2656 1710 quem
2689 1640 2822 1695 certi
2845 1639 3014 1697 simus
3050 1640 3428 1712 appellandum
3458 1657 3565 1699 esse
3584 1646 3755 1716 prophe-

2256 1738 2384 1785 tam.
2415 1729 2526 1786 Nec
2560 1730 2687 1786 illud
2716 1732 2977 1803 Apostoli,
3007 1731 3098 1787 ubi
3127 1731 3351 1788 adhibet
3387 1734 3692 1791 testimonium
3709 1738 3755 1794 de

2261 1822 2474 1891 Genesi,
2503 1824 2708 1891 dicens,
2737 1823 2931 1880 Factus
2957 1833 3030 1881 est
3057 1826 3259 1899 primus
3286 1825 3432 1881 homo
3457 1828 3600 1882 Adam
3621 1831 3662 1884 in
3681 1834 3756 1884 aui-

2262 1930 2398 1968 mam
2440 1915 2679 1970 viventem
2721 1915 2784 1989 (Ι
2812 1917 2927 1972 Cor.
2955 1933 3050 1983 xv,
3089 1917 3219 1988 45);
3249 1917 3385 1974 sicut
3421 1918 3505 1976 ille
3534 1919 3681 1990 voluit,
3700 1923 3753 1978 in-

2260 2005 2460 2074 tellexi,
2483 2021 2604 2061 cum
2625 2022 2944 2078 exponerem
2965 2007 3106 2079 quod
3127 2008 3389 2079 scriptum
3415 2020 3510 2079 est,
3537 2012 3754 2084 Ιηεηωαείί

2259 2095 2399 2152 Deus
2424 2097 2476 2151 in
2504 2098 2686 2169 facient
2724 2100 2834 2169 ejus
2873 2099 3054 2170 ﬂatum
3081 2099 3218 2168 uitta,
3250 2109 3298 2155 et
3325 2105 3484 2174 factus
3507 2113 3571 2158 est
3591 2105 3753 2163 homin

2261 2191 2483 2244 animant
2518 2191 2699 2258 uiuam,
2729 2191 2834 2258 vel,
2879 2192 2933 2246 in
2972 2193 3197 2247 animum
3222 2194 3461 2248 viventem
3486 2195 3616 2267 (Gen.
3638 2215 3681 2266 ιι,
3701 2201 3753 2271 7).

2260 2281 2547 2351 Apostolus
2569 2283 2709 2337 enim
2735 2282 2803 2337 ad
2832 2282 2932 2338 hoc
2954 2283 3201 2341 adhibuit
3222 2284 3353 2339 illud
3375 2287 3699 2358 testimonium,
3718 2304 3754 2346 ut

2263 2373 2522 2442 probaret.
2539 2389 2658 2430 esse
2678 2388 2870 2442 corpus
2892 2375 3122 2431 animale
3145 2393 3162 2430 :
3187 2391 3290 2448 ego
3319 2386 3489 2433 autem
3512 2379 3616 2434 hinc
3635 2383 3754 2452 putavi

2263 2482 2382 2522 esse
2406 2466 2832 2534 monstrandum,
2849 2468 3134 2524 animalem
3167 2468 3368 2526 factum
3385 2472 3520 2542 prius
3540 2473 3753 2540 hominem,

2262 2574 2366 2613 non
2396 2573 2588 2629 corpus
2614 2558 2844 2614 hominis
2867 2559 3039 2616 solum
3068 2559 3213 2631 (Lib.
3244 2563 3300 2628 2,
3327 2579 3375 2616 c.
3403 2563 3456 2632 8,
3478 2580 3525 2618 η.
3547 2564 3752 2635 l0).Quod

2264 2762 2310 2799 ε.
2341 2745 2432 2812 29,
2462 2761 2514 2798 n.
2545 2744 2660 2816 45),
2687 2743 2808 2800 ideo
2825 2744 2958 2813 dixi,
2988 2747 3246 2816 quoniam
3264 2748 3408 2817 justo
3425 2748 3509 2820 qui
3528 2757 3668 2817 nocet,
3683 2764 3753 2803 non

2263 2839 2315 2894 ei
2343 2852 2466 2893 vere
2491 2847 2683 2904 nocet,
2715 2836 3145 2908 quandoquidem
3185 2840 3349 2894 etiam
3388 2839 3647 2896 mercedem
3676 2840 3752 2910 ejus

2264 3027 2482 3092 propter
2515 3021 2685 3090 ipsam
2715 3022 3036 3077 voluntatem
3063 3023 3295 3079 nocendi
3322 3025 3531 3096 recipiet
3560 3023 3630 3093 id,
3658 3024 3751 3095 quod
3819 3021 3825 3100 ll

2265 3113 2463 3168 nocuit.
2490 3112 2723 3168 Possunt
2745 3128 2874 3169 sane
2911 3113 3184 3186 Pelagiani
3221 3115 3291 3170 ad
3334 3129 3482 3171 suum
3505 3115 3656 3187 dogma
3677 3125 3749 3167 tra-

2266 3204 2395 3261 here
2417 3205 2574 3261 istam
2597 3207 2935 3274 sententiam,
2966 3218 3021 3263 et
3048 3208 3172 3267 ideo
3191 3209 3388 3277 dicere,
3417 3209 3617 3281 parvulis
3631 3209 3751 3263 aliena

2265 3313 2373 3354 non
2400 3299 2646 3356 nocuisse
2674 3308 2908 3371 peccata,
2938 3301 3063 3372 quia
3096 3302 3210 3358 dixi
3228 3345 3243 3368 ,
3273 3303 3402 3358 nulli
3441 3313 3607 3358 natura
3633 3318 3750 3356 notae

2268 3402 2471 3463 peccata
2495 3394 2593 3448 nisi
2613 3409 2742 3458 sua;
2767 3409 2875 3450 non
2899 3395 3166 3452 intuentes
3188 3396 3308 3452 ideo
3330 3398 3573 3467 parvulos,
3595 3397 3662 3466 qui
3682 3394 3749 3448 uli-

2265 3503 2368 3558 que
2389 3488 2658 3558 pertinent
2678 3487 2745 3544 ad
2773 3488 3055 3543 humanam
3075 3497 3341 3559 naturam,
3359 3489 3550 3546 trahere
3571 3488 3750 3558 originale

2267 3590 2562 3654 peccatum,
2593 3583 2718 3652 quia
2746 3582 2798 3637 in
2820 3581 3005 3652 primis
3038 3581 3346 3639 hominibus
3384 3593 3554 3638 natura
3587 3582 3747 3636 humana

2265 3675 2524 3746 peccavit,
2554 3689 2619 3729 ac
2646 3689 2740 3744 per
2765 3675 2866 3730 hoc
2904 3683 3106 3730 naturae
3141 3675 3390 3731 humanae
3427 3676 3553 3731 nulla
3586 3685 3749 3728 nocuere

2266 3775 2503 3839 peccata,
2537 3766 2637 3821 nisi
2660 3781 2775 3821 sua.
2807 3765 2909 3820 Per
2935 3781 3098 3821 unum
3125 3768 3326 3837 quippe
3344 3767 3605 3830 hominem,
3627 3764 3666 3818 in
3680 3775 3749 3832 quo

2266 3873 2454 3914 omnes
2497 3866 2869 3928 peccaverunt,
2913 3867 3192 3928 peccatum
3241 3860 3449 3914 intravit
3489 3859 3538 3914 in
3569 3854 3746 3912 mundum

2272 3951 2448 4024 (Rom.
2478 3969 2534 4020 v,
2568 3951 2654 4025 12)
2690 3970 2704 4006 :
2736 3966 2842 4006 non
2879 3952 3022 4007 enim
3063 3952 3198 4007 nulli
3233 3950 3548 4017 homini,sed
3572 3947 3668 4003 nulli
3686 3959 3749 3998 na-

2270 4055 2403 4100 tura:
2440 4043 2550 4098 dixi
2576 4051 2788 4113 peccata
2815 4057 3029 4110 nocere,
3060 4043 3164 4098 nisi
3204 4059 3320 4099 sua.
3356 4042 3477 4098 Item
3509 4041 3556 4095 in
3581 4031 3745 4105 eoquod

2267 4135 2426 4206 paulo
2456 4143 2574 4204 post
2597 4132 2726 4199 dixi,
2756 4131 2976 4188 Nullum
2999 4149 3104 4188 esse
3129 4137 3321 4188 malum
3347 4130 3558 4188 naturale
3578 4126 3680 4199 (Lib.
3707 4123 3742 4184 '3.

2267 4244 2315 4282 ο.
2343 4227 2438 4296 29,
2463 4243 2516 4281 n.
2538 4226 2654 4299 45),
2679 4236 2899 4296 possunt
2925 4241 3166 4296 quaerere
3181 4226 3405 4281 similem
3429 4223 3660 4283 latebram,
3681 4215 3755 4278 nisi.

2207 4376 2213 4391 ι
2264 4319 2370 4376 hoc
2393 4317 2591 4373 dictum
2615 4317 2683 4371 ad
2707 4327 2950 4372 naturam
2985 4317 3143 4372 talem
3188 4316 3460 4380 referatur,
3499 4311 3639 4383 qualis
3669 4305 3746 4359 sine

2268 4411 2395 4466 vitio
2417 4409 2656 4480 primitus
2679 4407 2892 4463 condita
2914 4417 3030 4462 est:
3059 4409 3173 4478 ipsa
3207 4408 3346 4463 enim
3377 4420 3490 4462 vere
3523 4417 3577 4458 ac
3595 4393 3745 4490 proprie

577 4510 679 4552 nes
701 4496 800 4552 nisi
830 4504 1158 4566 peccassent,
1184 4496 1402 4552 omnino
1426 4511 1531 4552 non
1560 4498 1815 4568 approbo.
1843 4497 1976 4554 Illud
1999 4500 2156 4555 etiam
2208 4501 2212 4550 ζ

2266 4511 2455 4558 natura
2494 4500 2722 4555 hominis
2757 4500 2965 4555 dicitur.
2991 4499 3266 4555 Translato
3307 4508 3475 4553 autem
3515 4490 3643 4548 verbo
3675 4483 3743 4538 uti-

2265 4610 2404 4660 mur,
2437 4602 2495 4647 ut
2513 4601 2753 4646 naturam
2768 4591 3006 4647 dicamus
3025 4591 3205 4659 etiam,
3224 4591 3390 4662 qualis
3405 4587 3604 4643 nascitur
3618 4582 3742 4637 homo.

2268 4683 2562 4740 secundum
2586 4697 2744 4754 quam
2764 4682 3084 4738 locutionem
3117 4681 3249 4737 dixit
3275 4679 3569 4752 Apostolus:
3594 4669 3742 4760 Fuimus

2264 4776 2400 4831 enim
2424 4784 2470 4828 et
2499 4792 2589 4829 nos
2625 4775 2900 4844 aliquando
2936 4782 3118 4828 natura
3152 4775 3248 4844 ﬁlii
3282 4774 3387 4838 iraa,
3412 4772 3527 4825 sicut
3560 4773 3598 4819 et
3629 4769 3740 4814 adt"

2267 4869 2482 4943 (Ερίιεε.
2512 4885 2570 4935 ιι,
2603 4868 2678 4940 5).
2709 4868 2820 4923 Hoc
2841 4882 2974 4938 opus
3002 4868 3079 4922 sic
3113 4867 3295 4937 incipit
3325 4883 3338 4920 :
3365 4865 3422 4921 Si
3444 4863 3642 4932 eligerent
3662 4850 3740 4904 Μα-

2264 4962 2442 5017 nichtei
2464 4976 2590 5032 quos
2614 4960 2912 5030 deciperent.

2897 5051 3124 5108 CAPUT
3162 5050 3250 5106 XI.

2766 5135 2842 5190 De
2875 5135 3076 5192 Musica
3099 5136 3211 5191 libri
3236 5150 3338 5190 ser.

2337 5233 2389 5286 1.
2418 5229 2634 5297 Deinde,
2663 5237 2718 5284 ut
2742 5243 2902 5299 supra
2921 5227 3329 5284 commemoravi
3357 5222 3479 5296 (Lib.
3507 5221 3528 5275 1
3552 5215 3732 5271 Retran

2265 5339 2311 5376 c.
2337 5322 2418 5393 6),
2445 5335 2540 5377 sex
2564 5320 2727 5376 libros
2753 5320 2822 5375 de
2846 5321 3044 5377 Musica
3068 5322 3284 5392 scripsi;
3315 5330 3516 5390 quorum
3539 5312 3628 5381 ipse
3652 5315 3735 5401 εδδ·

2269 5423 2352 5469 tus
2376 5412 2605 5467 maxime
2630 5413 2875 5480 innotuit,
2906 5415 3155 5484 quoniam
3185 5429 3267 5469 res
3291 5413 3344 5468 in
3367 5425 3425 5467 eo
3445 5407 3578 5477 digna
3604 5410 3732 5466 003""

2268 5505 2414 5560 tione
2457 5513 2720 5570 versatur,
2749 5505 3014 5575 quomodo
3050 5521 3082 5560 a
3116 5503 3454 5577 corporalibus
3473 5507 3519 5552 et
3545 5489 3729 5577 spirit?“-

2263 5595 2433 5661 libus,
2462 5594 2556 5651 sed
2602 5596 2942 5651 mutabilibus
2981 5576 3232 5664 numeris,
3261 5591 3560 5666 perveniatur
3585 5577 3638 5636 ad
3661 5576 3728 5629 im-

2326 5687 2400 5750 (α)
2415 5689 2651 5753 sancitum
2677 5695 2755 5739 est
2778 5696 2917 5740 Deut.
2953 5705 3051 5753 xvr,
3069 5691 3117 5752 6,
3149 5703 3212 5740 ne
3236 5689 3397 5740 Pascha

2411 5810 2538 5881 alem
2568 5789 3072 5881 ροιοῑὶνὶίειιὲηῖξεῗίῖιηῖ
3088 5789 3349 5881 Exigitis]?
3367 5813 3425 5860 ita
3612 5801 3654 5881 αξ
3668 5801 3722 5881 gf;

2316 5872 2519 5922 lominus
2553 5849 2626 5940 ξιξ
2758 5849 3092 5940 “liiﬁiliiiiﬁie
3367 5849 3614 5923 'anneam-
3641 5849 3720 5900 “de

2263 5935 2479 5996 Hieron,
2514 5938 2652 5998 Epist.
2690 5935 2736 5998 2,
2773 5937 2830 5986 ad
2864 5941 3185 6000 Nepotianum.
