3880 6390
187 443 263 502 Mi

182 569 416 635 mutabiles
453 545 696 621 numeros
712 595 729 622 ,
758 552 847 626 qui
867 535 991 622 jam.
1015 533 1138 603 sunt
1162 540 1216 596 in
1243 537 1356 607 ipsa
1381 519 1693 587 immutabili

181 669 374 727 veritate,
403 667 454 716 et
475 657 551 712 sic
570 647 850 708 invisibilia
875 643 988 708 Dei,
1013 656 1106 712 per
1134 652 1197 693 ea
1235 645 1356 704 quae
1389 626 1523 682 facta
1549 627 1692 684 sunt,

180 723 397 818 intellecta
424 745 823 817 conspiciantur.
854 733 1006 804 Quod
1034 730 1124 802 qui
1152 742 1256 783 non
1282 729 1523 796 possunt,
1552 723 1606 772 et
1622 723 1698 768 ta-

179 805 473 908 uigili—sae
499 805 695 895 Christi
716 831 920 893 vivunt,
955 825 1020 880 ad
1050 823 1135 879 illa
1162 819 1359 876 certius
1383 825 1541 882 atque
1579 805 1699 865 feli-

179 903 267 998 cius
289 928 638 1004 conspicienda
659 932 778 998 post
799 922 937 976 hanc
956 918 1116 972 vitam
1136 912 1373 968 veniunt.
1401 903 1501 974 Qui
1521 909 1700 957 autem

183 994 380 1105 possunt,
405 994 447 1080 si
475 1021 612 1078 desit
647 994 725 1074 eis
754 1013 886 1070 ﬁdes
918 1008 1133 1071 Christi,
1163 1003 1256 1076 qui
1280 1015 1415 1057 unus
1444 994 1703 1052 mediator

183 1095 243 1182 ist
263 1121 341 1178 Dei
362 1127 411 1172 et
430 1114 725 1180 hominum,
754 1123 876 1164 cum
907 1113 1015 1160 tota
1035 1096 1297 1171 sapientia
1329 1108 1422 1150 sua
1452 1095 1700 1162 pereunt.

230 1215 273 1268 2.
300 1211 349 1265 ln
388 1210 482 1263 hoc
507 1205 643 1261 libro
669 1199 796 1257 illud
820 1197 960 1270 quod
989 1193 1133 1257 dixi,
1160 1187 1385 1258 Corpora
1411 1183 1541 1238 enim
1567 1187 1705 1233 tanto

181 1308 348 1364 meliora
390 1310 572 1373 quanto
613 1293 957 1351 numerosiora
1006 1286 1190 1342 talibus
1229 1280 1446 1336 numeris
1487 1293 1505 1329 :
1537 1274 1708 1328 anima

179 1415 266 1453 sero
288 1396 382 1450 istis
402 1363 527 1462 'qua:
565 1404 652 1454 per
692 1399 877 1453 corpus
903 1378 1126 1448 accipit,
1161 1372 1376 1428 carendo
1414 1369 1470 1437 ﬁt
1509 1363 1705 1435 melior,

179 1507 264 1544 cum
289 1503 380 1542 sese
401 1459 572 1538 auertit
593 1497 625 1534 a
645 1475 932 1532 carnalibus
955 1470 1203 1536 sensibus,
1226 1477 1273 1521 et
1302 1464 1482 1519 divinis
1511 1459 1711 1529 sapien-

179 1585 242 1636 tia
267 1576 462 1633 numeris
490 1577 798 1644 reformatur
834 1564 855 1640 (
879 1564 987 1620 Lib.
1015 1563 1069 1627 6,
1106 1579 1151 1616 c.
1188 1561 1256 1627 4,
1287 1575 1340 1612 n.
1363 1554 1430 1624 7)
1454 1596 1469 1619 ,
1501 1568 1607 1608 non
1634 1549 1712 1604 sic

179 1668 488 1741 accipiendum
515 1673 617 1730 est,
651 1659 803 1732 quasi
832 1671 936 1713 non
965 1655 1074 1710 sint
1103 1650 1262 1707 futuri
1293 1645 1498 1702 numeri
1524 1655 1714 1711 corpo—

181 1736 288 1821 rales
310 1763 356 1816 in
380 1757 691 1829 corporibus
715 1746 1204 1819 incorruptibilibus
1231 1751 1286 1798 et
1323 1736 1709 1811 spiritualibus;

181 1870 273 1911 cum
305 1851 454 1906 multo
479 1845 806 1919 speciosiora
831 1849 885 1898 et
911 1837 1217 1896 decentiora
1245 1834 1416 1888 futura
1445 1829 1552 1885 sint
1577 1841 1591 1882 :
1624 1834 1716 1880 aut

183 1947 319 2002 anima
335 1958 417 1999 eos
435 1953 660 1996 sensura
681 1951 786 1991 non
811 1933 900 1996 sit,
922 1928 1138 2002 quando
1158 1925 1260 1982 erit
1289 1923 1507 1993 optima,
1530 1932 1716 1990 quem-

183 2034 414 2092 admodum
453 2032 539 2087 hic
579 2030 662 2085 eis
699 2023 926 2082 carendo
972 2021 1029 2076 ﬁt
1058 2018 1262 2074 melior.
1287 2014 1386 2069 Hic
1413 2011 1554 2068 enim
1583 2022 1718 2080 opus

182 2129 308 2184 habet
331 2133 560 2180 avertere
590 2135 653 2176 se
691 2133 720 2172 a
749 2114 1048 2172 carnalibus
1087 2107 1331 2165 sensibus
1371 2103 1437 2158 ad
1473 2101 1719 2170 intelligi-

181 2223 278 2277 bilia
311 2217 582 2291 capienda,
633 2213 756 2284 quia
809 2209 1017 2265 inﬁrma
1069 2212 1184 2268 est,
1230 2209 1286 2256 et
1328 2198 1502 2253 minus
1530 2194 1722 2250 idonea

181 2284 382 2384 utrisque
397 2309 549 2367 simul
584 2304 842 2361 adhibere
868 2297 1215 2356 intentionem
1259 2305 1408 2346 suam
1433 2308 1446 2344 :
1476 2297 1530 2343 et
1557 2287 1608 2340 in
1639 2284 1725 2339 his

182 2376 502 2477 corporalibus
547 2414 697 2456 nunc
745 2393 994 2451 illecebra
1033 2385 1266 2443 cavenda
1310 2390 1426 2448 est,
1473 2376 1726 2450 quamdiu

184 2468 326 2554 anima
366 2495 488 2552 illici
529 2483 602 2547 ad
650 2484 1060 2545 delectationem
1091 2489 1296 2548 turpem
1341 2480 1536 2544 potest.
1578 2468 1728 2523 Tunc

183 2601 323 2645 autem
352 2599 450 2658 tam
468 2585 626 2640 ﬁrma
653 2581 755 2637 erit
787 2587 944 2647 atque
979 2571 1234 2644 perfecta,
1262 2576 1319 2621 ut
1347 2561 1582 2618 numeris
1611 2573 1731 2614 cor-

183 2651 416 2752 poralibus
439 2691 545 2732 non
591 2679 862 2728 avertatur
894 2682 923 2720 a
954 2659 1401 2730 contemplatione
1435 2651 1727 2723 sapientiae,

185 2779 228 2827 et
243 2771 304 2825 ita
329 2767 515 2824 sentiat
537 2781 637 2821 eos
665 2770 722 2817 ut
749 2775 856 2815 non
886 2755 1131 2812 illiciatur
1159 2751 1226 2805 ab
1255 2749 1332 2804 eis
1350 2789 1363 2812 ,
1388 2760 1488 2800 nec
1526 2744 1604 2798 eis
1639 2755 1732 2796 ca-

185 2860 324 2918 rendo
360 2861 444 2915 ﬁat
477 2857 707 2920 melior;
736 2851 831 2908 sed
861 2851 931 2905 ita
968 2847 1039 2903 sit
1063 2846 1199 2900 bona
1241 2852 1295 2898 et
1332 2849 1474 2895 recta
1495 2880 1509 2905 ,
1543 2845 1600 2891 ut
1639 2849 1737 2891 nec

188 2953 327 3008 latere
354 2950 555 3022 possint
584 2961 705 3002 eam
735 2959 832 2999 nec
860 2952 1140 3010 occupare.

242 3045 287 3101 5.
306 3045 428 3101 Item
449 3041 594 3114 quod
617 3038 749 3103 dixi,
773 3035 896 3090 Hazc
916 3043 1082 3087 autem
1101 3029 1291 3084 sanitas
1313 3037 1430 3080 tunc
1452 3023 1741 3094 firmissima

189 3138 263 3191 erit
283 3147 421 3206 atque
444 3132 725 3188 certissima
749 3171 762 3196 ,
793 3144 906 3181 cum
947 3123 1172 3196 pristina:
1207 3117 1464 3174 stabilitati
1490 3123 1622 3169 certo
1651 3129 1742 3168 suo

190 3204 377 3298 tempore
401 3236 547 3297 atque
573 3222 751 3278 ordine
777 3219 869 3272 hoc
897 3231 1079 3285 corpus
1112 3211 1261 3283 fuerit
1285 3205 1602 3275 restitutum(
1629 3204 1740 3270 Id.,

193 3337 230 3374 ε.
251 3323 297 3388 5,
322 3339 369 3374 η.
397 3321 463 3375 15
483 3319 501 3390 )
523 3359 539 3383 ,
569 3331 677 3372 non
714 3314 788 3368 ita
816 3311 1014 3366 dictum
1042 3314 1252 3378 putetur
1270 3346 1283 3368 ,
1316 3304 1464 3374 quasi
1505 3317 1609 3354 non
1639 3299 1747 3352 sint

194 3410 338 3466 latura
373 3418 488 3482 post
529 3406 975 3463 resurrectionem
1020 3412 1242 3467 corpora
1287 3393 1506 3449 meliora
1529 3434 1544 3457 ,
1587 3404 1748 3461 quam

195 3504 456 3572 primorum
483 3498 758 3556 hominum
784 3495 838 3549 in
859 3491 1106 3564 paradiso
1131 3489 1362 3552 luerunt,
1384 3500 1504 3540 cum
1529 3483 1617 3537 illa
1638 3481 1749 3551 jam

199 3610 284 3650 non
318 3595 421 3650 sint
445 3592 638 3649 alenda
681 3585 1044 3659 corporalibus
1081 3579 1348 3636 alimentis
1371 3619 1386 3643 ,
1418 3575 1612 3646 quibus
1637 3573 1750 3627 ale-

199 3687 364 3744 bantur
386 3689 481 3742 ista
508 3703 520 3738 :
548 3682 645 3740 sed
667 3681 888 3752 pristina
916 3674 1180 3731 stabilitas
1207 3671 1464 3725 hactenus
1489 3665 1753 3734 accipien-

205 3778 260 3832 da
285 3787 374 3845 est,
402 3784 665 3849 quatenus
690 3768 1054 3842 aegritudinem
1087 3765 1155 3818 ita
1186 3762 1382 3816 nullam
1407 3771 1630 3828 corpora
1663 3755 1751 3811 illa

210 3871 477 3940 patientur,
511 3867 648 3923 sicut
672 3878 770 3919 nec
795 3863 891 3916 ista
919 3859 1026 3930 pati
1054 3861 1272 3926 possent
1307 3859 1428 3906 ante
1459 3856 1752 3919 peccatum.

262 3963 308 4016 4.
334 3961 445 4018 Alio
469 3961 587 4016 loco
616 3976 629 4011 :
662 3953 982 4011 Laboriosior
1009 3958 1099 4016 est,
1132 3949 1337 4017 inquam
1358 3987 1372 4009 ,
1404 3943 1556 4012 hujus
1580 3937 1757 3993 mundi

209 4069 344 4108 amor.
385 4051 532 4119 Quod
574 4050 708 4104 enim
749 4047 803 4100 in
847 4044 935 4098 illo
975 4041 1144 4094 anima
1187 4036 1392 4102 quierit,
1427 4031 1758 4087 constantiam

212 4147 370 4201 scilicet
411 4145 859 4211 aternitatemque,
906 4153 1008 4190 non
1053 4132 1240 4187 invenit
1273 4128 1551 4198 :quoniam
1588 4138 1759 4178 rerum

215 4239 395 4293 transitu
427 4235 707 4307 completur
729 4232 934 4299 inﬁrma
963 4225 1315 4297 pulchritudo,
1352 4230 1398 4275 et
1429 4218 1562 4290 quod
1592 4217 1644 4271 in
1669 4215 1762 4269 illa

221 4327 408 4384 imitatur
438 4327 803 4390 constantiam,
835 4339 866 4376 α
893 4334 1086 4375 summo
1109 4317 1217 4370 Deo
1254 4331 1341 4384 per
1364 4312 1586 4365 animam
1611 4307 1762 4380 traji-

223 4420 332 4474 citur
353 4437 368 4475 :
389 4422 617 4493 quoniam
648 4417 787 4488 prior
825 4422 895 4467 est
931 4409 1120 4481 species
1159 4401 1504 4461 tantummodo
1543 4409 1764 4466 tempore

223 4487 569 4578 commutabilis,
597 4525 749 4581 quam
775 4513 843 4560 est
869 4520 945 4568 ea,
968 4516 1080 4572 qua:
1103 4507 1148 4554 et
1172 4506 1392 4566 tempore
1413 4502 1458 4546 et
1479 4492 1602 4546 locis
1624 4487 1674 4560 (1
1683 4487 1762 4553 d.,

223 4618 260 4655 c.
285 4605 371 4669 ti,
400 4600 456 4657 n.'
479 4605 595 4674 45).
627 4600 753 4655 Hzec
788 4596 947 4652 verba
976 4594 1021 4648 si
1051 4607 1115 4647 eo
1143 4588 1302 4645 modo
1325 4586 1490 4654 accipi
1523 4588 1762 4652 possunt,

224 4705 272 4750 ut
295 4713 386 4756 non
409 4697 720 4766 intelligatur
744 4691 922 4746 intima
950 4681 1288 4758 pulchritudo
1309 4722 1324 4747 ,
1367 4678 1466 4733 nisi
1496 4677 1549 4730 in
1579 4689 1766 4742 corpo-

1488 393 1690 455 LIBER
1728 385 2001 448 PBlMUS.

1800 526 2008 570 summo
2028 512 2138 568 Deo
2152 523 2248 582 per
2261 493 2503 565 animam
2511 504 2799 576 trajiciatur
2811 495 2913 573 (a).
2924 493 3030 555 Sed
3049 491 3244 550 animal
3258 466 3382 548 esse

1802 612 1961 668 istum
1987 606 2264 671 mundum,
2292 604 2430 659 sicut
2454 600 2602 657 Plato
2628 596 2826 662 sensit,
2856 592 3049 664 aliique
3079 583 3382 662 philosophi

1801 691 2200 774 quamplurimi,
2218 710 2316 752 nec
2331 693 2539 750 ratione
2559 695 2704 746 certa
2717 685 2969 757 indagare
2995 680 3164 753 potui,
3183 692 3281 736 nec
3297 677 3386 733 di-

1803 796 2046 852 vinarum
2099 791 2494 862 Scripturarum
2530 782 2842 840 auctoritate
2882 775 3190 850 persuaderi
3221 786 3384 846 posse

1806 885 2048 959 cognovi.
2071 881 2228 940 Unde
2252 880 2356 936 tale
2381 874 2579 948 aliquid
2607 889 2637 928 a
2665 888 2752 928 me
2781 871 2982 926 dictum
3001 881 3107 939 quo
3131 865 3186 921 id
3213 862 3385 935 accipi

1807 979 1996 1052 possit,
2018 977 2176 1033 etiam
2202 974 2253 1028 in
2279 973 2416 1028 libro
2443 969 2511 1026 de
2535 963 2932 1024 lmmortalitate
2957 961 3160 1016 Animas
3183 967 3387 1013 temere

1808 1049 2008 1128 dictum
2035 1066 2211 1123 notavi
2241 1063 2388 1135 (Lib.
2414 1063 2440 1118 1
2472 1061 2720 1124 Retract,
2746 1073 2794 1111 ο.
2825 1055 2880 1120 5,
2910 1070 2964 1108 n.
2995 1050 3095 1124 '5);
3123 1064 3228 1105 non
3263 1049 3388 1121 quia
3439 1065 3454 1129 ξ

1812 1162 1914 1219 hoc
1940 1162 2129 1216 falsum
2159 1173 2278 1214 esse
2314 1152 2603 1217 conﬁrmo,
2644 1149 2740 1206 sed
2770 1147 2893 1219 quia
2929 1158 3031 1200 nec
3055 1156 3240 1197 verum
3269 1153 3390 1195 esse

1811 1250 2224 1323 comprehendo,
2252 1246 2392 1318 quod
2417 1245 2488 1300 sit
2513 1239 2705 1298 animal
2728 1237 2975 1294 mundus.
3006 1233 3120 1290 Hoc
3145 1247 3274 1287 sane
3310 1231 3392 1285 in-

1813 1358 2070 1404 concusse
2111 1337 2446 1397 retinendum
2491 1348 2610 1390 esse
2639 1346 2744 1388 non
2782 1328 2996 1392 dubito,
3032 1326 3198 1380 Deum
3235 1322 3391 1378 nobis

1815 1456 1921 1496 non
1951 1452 2070 1493 esse
2112 1437 2270 1490 istum
2314 1429 2568 1486 mundum
2589 1468 2604 1492 ,
2635 1427 2746 1480 sive
2772 1423 2944 1477 anima
2971 1419 3086 1490 ejus
3107 1417 3213 1472 ulla
3233 1458 3248 1481 ,
3279 1415 3393 1470 sive

1815 1531 1959 1587 nulla
1981 1530 2069 1585 sit.
2093 1526 2226 1596 Quia
2257 1525 2302 1579 si
2326 1523 2434 1579 ulla
2461 1529 2574 1586 est,
2607 1517 2697 1573 ille
2719 1515 2809 1587 qui
2835 1527 2952 1568 eam
2979 1509 3124 1575 fecit,
3151 1514 3235 1563 est
3252 1507 3395 1561 Deus

1816 1630 2035 1678 noster:
2059 1619 2104 1673 si
2129 1626 2302 1673 autem
2329 1613 2473 1668 nulla
2492 1620 2595 1678 est,
2623 1607 2889 1664 nullorum
2915 1603 3055 1658 Deus
3081 1606 3256 1671 potest
3277 1611 3397 1653 esse

1818 1715 1951 1779 iste;
1983 1718 2182 1783 quanto
2220 1708 2395 1763 minus
2436 1701 2663 1760 noster?
2686 1699 2819 1756 Esse
2851 1705 3031 1752 tamen
3066 1689 3399 1763 spiritualem

1817 1782 2143 1875 vitalemque
2165 1801 2438 1864 virtutem,
2457 1796 2614 1852 etiam
2631 1794 2677 1849 si
2700 1806 2805 1847 non
2832 1789 2902 1844 sit
2925 1785 3117 1861 animal
3137 1782 3397 1850 mundus;

1820 1913 1939 1970 qua:
1974 1896 2144 1951 virtus
2171 1893 2224 1947 in
2266 1890 2481 1960 Angelis
2521 1884 2720 1943 sanctis
2746 1882 2812 1938 ad
2839 1876 3201 1936 decorandum
3242 1884 3403 1945 atque

1822 1966 2302 2043 administrandum
2324 1978 2578 2036 mundum
2611 1976 2718 2031 Deo
2746 1971 2929 2038 servit,
2952 1977 3008 2026 et
3029 1983 3061 2023 a
3083 1966 3275 2039 quibus
3295 1979 3404 2020 non

1824 2079 2168 2151 intelligitur;
2219 2074 2517 2131 rectissime
2557 2069 2808 2126 creditur.
2854 2063 3180 2135 Angelorum
3225 2069 3406 2116 autem

1825 2181 2128 2228 sanctorum
2158 2167 2392 2230 nomine,
2425 2177 2637 2219 omnem
2663 2166 2899 2214 sanctam
2925 2164 3224 2211 creaturam
3251 2150 3410 2221 spiri-

1830 2263 2050 2328 tualem,
2082 2261 2140 2314 in
2169 2257 2267 2314 Dei
2292 2263 2500 2312 secreto
2537 2262 2696 2322 atque
2717 2247 2928 2305 occulto
2955 2243 3252 2300 ministerio
3275 2257 3409 2298 con-

1829 2355 2067 2411 stitutam
2113 2366 2255 2408 nunc
2303 2345 2682 2421 appellaverim
2707 2361 2720 2396 :
2749 2340 2846 2398 sed
2889 2339 3105 2411 spiritus
3140 2336 3410 2407 angelicos

1831 2457 2014 2505 sancta
2039 2446 2314 2516 Scriptura
2357 2441 2573 2497 nomine
2613 2436 2910 2492 animarum
2955 2431 3254 2503 signiﬁcare
3303 2443 3412 2484 non

1834 2543 1988 2598 solet.
2013 2538 2245 2595 Proinde
2274 2537 2331 2592 in
2357 2549 2421 2591 eo
2448 2531 2590 2604 quod
2611 2531 2750 2586 circa
2775 2527 2935 2583 ﬁnem
2965 2523 3088 2580 libri
3107 2521 3262 2592 hujus
3280 2520 3411 2589 dixi,

1837 2632 2135 2688 Rationale;
2163 2639 2209 2683 et
2236 2625 2595 2682 intellectuales
2619 2622 2813 2677 numeri
2853 2621 3108 2674 beatorum
3131 2615 3417 2670 animamur

1838 2739 1988 2798 atque
2014 2732 2300 2780 sanctarum
2339 2721 2497 2790 legem
2519 2719 2683 2789 ipsam
2720 2713 2849 2780 Dei,
2889 2713 2996 2766 sine
3021 2725 3120 2782 qua
3137 2707 3327 2780 'folium
3356 2705 3422 2762 de

1839 2820 2017 2874 arbore
2049 2833 2150 2870 non
2194 2814 2362 2877 cadit,
2403 2821 2451 2866 et
2478 2810 2559 2864 cui
2597 2806 2752 2862 nostri
2785 2802 2957 2874 capilli
2996 2800 3243 2855 numerati
3277 2805 3416 2861 sunt.

1841 2912 1982 2966 nulla
2001 2905 2294 2978 interposita
2320 2911 2504 2957 natura
2532 2899 2853 2968 excipientes,
2883 2908 3040 2963 usque
3061 2889 3128 2943 ad
3157 2900 3348 2944 terrena
3375 2894 3423 2942 et

1842 3003 2041 3072 inferna
2061 2977 2188 3072 jura
2215 2994 2557 3059 transmittunt
2587 2989 2605 3061 (
2628 2987 2738 3043 Lib.
2767 2987 2821 3053 6,
2858 3000 2903 3039 ε.
2934 2983 3000 3038 17
3018 3023 3036 3050 ,
3065 2999 3118 3036 n.
3151 2977 3272 3051 58),
3315 2993 3423 3034 non

1845 3095 2001 3151 video
2019 3070 2462 3163 quemadmodum
2479 3081 2794 3140 vocabulum
2816 3077 3109 3133 animarum
3134 3070 3425 3128 secundum

1849 3160 2148 3254 Scripturas
2193 3186 2400 3234 sanctas
2434 3174 2664 3248 positum
2711 3169 2881 3242 possit
2916 3163 3152 3229 ostendi;
3190 3160 3432 3233 quando-

1849 3252 2062 3350 quidem
2092 3274 2178 3328 hic
2219 3286 2324 3326 non
2357 3268 2456 3324 nisi
2484 3265 2713 3336 Angelos
2752 3268 2965 3317 sanctos
3002 3255 3225 3326 intelligi
3262 3252 3428 3319 volui,

1851 3343 1986 3440 quos
2028 3366 2225 3420 habere
2265 3361 2470 3416 animas
2505 3368 2764 3426 nusquam
2805 3366 2892 3407 me
2928 3349 3119 3420 legisse
3156 3345 3208 3400 in
3238 3343 3432 3399 divinis

1854 3432 2077 3528 eloquiis
2117 3451 2385 3510 canonicis
2410 3446 2589 3505 recolo
2616 3447 2654 3499 ¹.
2683 3443 2777 3498 Hic
2807 3441 2942 3496 liber
2985 3438 3064 3495 sic
3091 3433 3271 3506 incipit
3295 3448 3308 3488 :
3333 3432 3434 3486 Sa-

1857 3554 1918 3608 tis
1945 3549 2032 3604 diu
2055 3562 2178 3618 pene
2201 3547 2242 3596 ⁸.

2494 3626 2720 3686 CAPUT
2758 3622 2872 3679 Xll.

2315 3723 2392 3779 De
2419 3722 2685 3793 Magistro,
2716 3717 2838 3772 liber
2863 3729 2994 3768 unus

1930 3828 2033 3882 Per
2061 3824 2200 3880 idem
2227 3831 2436 3891 tempus
2476 3813 2664 3886 scripsi
2695 3811 2885 3866 librum
2925 3805 3078 3875 cujus
3113 3809 3194 3856 eat
3222 3797 3438 3861 titulus,

1861 3919 1929 3974 de
1955 3917 2202 3986 Magistro
2234 3931 2245 3965 :
2285 3913 2337 3966 in
2367 3924 2472 3980 quo
2504 3907 2803 3975 disputatur
2827 3908 2881 3955 et
2905 3895 3187 3967 quaeritur,
3219 3899 3273 3946 et
3296 3891 3446 3944 inve-

1864 4011 2024 4075 nitur,
2057 4007 2364 4076 magistrum
2393 4015 2497 4055 non
2519 4011 2656 4060 esse,
2683 3993 2774 4063 qui
2797 3990 2951 4045 docet
2978 3985 3246 4041 hominem
3272 3983 3442 4036 scien-

1865 4072 2019 4166 tiam,
2042 4072 2353 4161 nisi‘Deum,
2382 4090 2671 4149 secundum
2697 4083 2822 4141 illud
2846 4082 3006 4136 etiam
3027 4075 3166 4147 quod
3187 4075 3238 4129 in
3268 4072 3443 4128 Evan-

1864 4163 2005 4264 gelio
2028 4191 2276 4259 scriptum
2308 4195 2426 4241 est:
2463 4182 2605 4238 Unus
2649 4186 2720 4233 est
2752 4173 2994 4245 Magister
3028 4176 3182 4223 vester
3216 4163 3444 4219 Christus

1869 4251 2098 4356 ἷΜαιιιι.
2127 4251 2276 4343 ixi",
2306 4275 2426 4349 ιο).
2460 4273 2554 4328 llic
2583 4270 2714 4326 liber
2739 4267 2816 4322 sic
2840 4262 3060 4332 incipit:
3095 4257 3227 4324 om
3252 4255 3338 4310 tibi
3366 4251 3443 4306 ui-

1871 4377 2048 4431 demur
2073 4373 2259 4445 efficere
2282 4369 2408 4424 velle
2426 4382 2542 4422 cum
2568 4358 2856 4433 loquimur?

2495 4453 2720 4512 CAPUT
2757 4448 2897 4505 XIII.

2241 4555 2319 4609 De
2356 4552 2484 4606 Vera
2509 4547 2789 4617 Religione,
2819 4540 2940 4594 liber
2963 4552 3109 4592 unus.

1945 4655 1995 4708 i.
2025 4651 2176 4706 Tunc
2217 4647 2375 4702 etiam
2414 4642 2480 4698 de
2507 4639 2646 4694 Vera
2677 4632 2953 4702 Religione
2982 4627 3175 4682 librum
3217 4619 3404 4690 scripsi
3429 4635 3445 4685 ;

1876 4748 1928 4802 in
1955 4763 2059 4815 quo
2088 4738 2448 4810 multipliciter
2472 4742 2527 4788 et
2544 4725 2910 4800 copiosissime
2939 4721 3255 4791 disputatur,
3282 4727 3450 4768 unum

1874 4806 2057 4893 verum
2085 4806 2282 4897 Deum,
2312 4828 2362 4883 id
2391 4833 2474 4882 est
2499 4822 2831 4883 Trinitatem,
2864 4815 3073 4869 Patrem
3101 4816 3155 4864 et
3181 4806 3369 4860 Filium
3399 4811 3456 4858 ct

1874 4929 2126 5000 Spiritum
2153 4931 2390 4980 sanctum
2414 4915 2668 4985 religione
2695 4923 2818 4963 vera
2847 4902 3128 4962 colendum
3154 4907 3239 4953 :ct
3257 4903 3456 4971 quanta

1877 5015 2238 5076 misericordia
2280 5012 2425 5082 ejus,
2468 5021 2561 5078 per
2609 4997 2958 5070 temporalem
3007 4988 3455 5062 dispensationem

1877 5123 2129 5168 concessa
2171 5105 2241 5160 sit
2280 5097 2583 5158 hominibus
2623 5090 2910 5148 christiana
2941 5083 3155 5156 religio,
3186 5094 3305 5150 qua:
3332 5091 3455 5130 vera

1879 5204 2063 5271 religio
2085 5207 2167 5256 est
2188 5239 2203 5260 ,
2230 5205 2284 5253 et
2308 5193 2374 5248 ad
2395 5189 2640 5248 eumdem
2665 5183 2865 5239 cultum
2897 5178 2991 5234 Dei
3011 5167 3452 5244 quemadmodum

1882 5299 1949 5353 sit
1979 5259 2152 5351 homo
2197 5286 2420 5359 quadam
2474 5281 2579 5335 vita
2625 5291 2719 5332 sua
2768 5266 3092 5341 cooptandus
3131 5265 3172 5318 ³.
3235 5259 3457 5316 Maxime

226 4787 348 4844 ribus
387 4790 647 4844 hominum
670 4829 684 4853 ,
725 4781 1068 4848 omniumque
1105 4771 1441 4834 animalium,
1492 4781 1609 4836 quae
1647 4779 1766 4818 cum

227 4895 365 4936 sensu
390 4881 618 4952 corporis
646 4878 861 4938 vivunt,
894 4873 1031 4926 ratio
1071 4864 1350 4922 manifesta
1373 4858 1626 4918 defendit.
1660 4857 1771 4910 Hoc

228 4973 397 5044 quippe
422 4974 466 5028 in
479 4946 546 5029 'ea
566 4965 959 5044 pulchritudine
978 4961 1212 5016 imitatur
1236 4953 1608 5016 constantiam,
1629 4946 1770 5018 quod

232 5065 279 5120 in
311 5081 542 5138 compage
579 5079 673 5120 sua
703 5067 920 5117 manent
946 5054 1131 5110 eadem
1161 5061 1405 5119 corpora,
1434 5044 1487 5099 in
1518 5048 1770 5112 quantum

233 5166 449 5212 manent:
468 5159 514 5213 id
541 5165 713 5212 autem
739 5170 769 5208 a
794 5164 1003 5207 summo
1024 5147 1132 5201 Deo
1149 5144 1205 5198 in
1225 5157 1288 5198 ea
1304 5156 1399 5212 per
1420 5138 1648 5192 animam
1676 5143 1774 5188 tra-

234 5247 405 5318 jicitur.
427 5251 599 5306 Anima
625 5247 818 5319 quippe
843 5244 1014 5315 ipsam
1049 5249 1356 5306 compagem
1382 5239 1543 5292 tenet,
1574 5245 1639 5283 ne
1663 5226 1772 5280 dis-

241 5339 461 5408 solvatur,
487 5352 538 5400 et
577 5318 967 5406 dilﬂuat;quod
995 5331 1236 5385 videmus
1264 5328 1315 5381 in
1341 5321 1651 5394 corporibus
1671 5318 1778 5371 ani-

242 5431 431 5489 malium
451 5435 618 5490 anima
638 5429 944 5488 discedente
958 5423 1285 5492 contingere.
1312 5418 1367 5473 Si
1397 5425 1569 5470 autem
1597 5411 1776 5466 inﬁma

244 5519 544 5590 pulchritudo
569 5524 622 5579 in
641 5520 888 5577 omnibus
913 5513 1224 5584 corporibus
1254 5506 1574 5575 intelligatur
1595 5543 1608 5568 ,
1639 5501 1780 5572 cogit

247 5615 332 5668 Ista
354 5617 588 5673 sententia
607 5615 766 5670 etiam
781 5612 954 5682 ipsum
975 5603 1226 5660 mundum
1249 5597 1441 5654 animal
1467 5593 1703 5656 credere,
1724 5599 1782 5646 ut

251 5701 458 5760 etiamin
483 5707 644 5778 ipsum
671 5705 717 5780 _‘,
741 5699 880 5773 quod
898 5698 949 5752 in
977 5695 1068 5750 illo
1098 5692 1329 5748 imitatur
1356 5684 1725 5749 constantiam,
1749 5696 1780 5736 a

1948 5453 1962 5483 ι
1988 5456 2122 5505 Lov.,
2138 5438 2468 5499 canonicisque
2488 5429 2658 5505 recolo.
2677 5421 3316 5505 aliiepdmicesfasspkipue‘.

1949 5466 1962 5483 '
1988 5466 2122 5505 LOV.,
2138 5466 2466 5499 CllllUltGquuo
2488 5466 2658 5482 ιυυυιν.
2795 5466 2976 5476 Vw---"
2991 5466 3020 5489 ,γ
3066 5477 3076 5488 ι
3145 5475 3155 5484 _
3173 5466 3206 5484 γ’
3223 5466 3233 5474 ,

1946 5515 1965 5544 ²
1988 5519 2035 5560 tn
2068 5507 2180 5556 Edd.
2218 5505 2458 5553 habetur:
2487 5493 2574 5544 Hic
2597 5491 2717 5542 liber
2749 5486 3046 5560 primassuo.
3059 5466 3458 5560 incipit

1948 5529 1965 5544 1
2090 5545 2099 5555 ο
2170 5544 2180 5554 ι
2255 5529 2261 5531 Ἴ
2350 5529 2414 5549 ιιιι
2447 5534 2458 5545 ο
2487 5529 2572 5544 llw
2597 5529 2703 5542 νυνι..
2790 5529 2932 5536 ..υ-μ-
2964 5529 2993 5531 εγ
3155 5529 3164 5538 ν

1885 5601 2445 5685 lectio
2460 5601 2703 5682 ﬁas-iram
2723 5625 2752 5660 a
2771 5601 2959 5668 scriptis
2975 5601 3300 5660 integerrimis
3316 5601 3458 5637 usur-

1888 5707 2215 5806 miliig'si'non
2236 5749 2447 5812 pejores,
2463 5736 2673 5807 quadam
2686 5731 2913 5785 suavitate
2937 5717 3243 5785 couptatulus.

311 5851 328 5884 ⁸
345 5857 459 5918 ιη,
475 5853 690 5920 idipsunt.
715 5849 800 5901 Alii
821 5847 955 5908 add,
979 5843 1030 5896 in
1051 5842 1223 5908 ipsum.

1954 5842 2026 5898 (α.)
2062 5837 2160 5888 vid.
2195 5833 2326 5882 1113.7
2350 5831 2409 5877 tto
2444 5819 2699 5878 civicum,
2731 5830 2774 5865 c.
2796 5813 2869 5861 25.
