3878 6270
221 5829 289 5879 μί

447 338 553 402 ωσι
1517 322 2148 389 BETRACTATIONUM
2187 325 2244 383 s.
2286 284 2653 389 accusatur
3572 349 3658 412 θος

448 460 624 516 mentis
647 466 781 514 certa
807 458 1002 513 ratione
1021 462 1245 511 teneatur
1263 492 1279 519 ,
1315 450 1451 522 quod
1483 451 1611 504 scire
1663 449 1915 513 dicimus;
1955 464 2022 500 an

447 559 600 625 [amre
618 553 694 607 uel
722 552 899 607 litteris
924 545 1229 601 credendum
1255 544 1466 614 posteris
1494 542 1683 596 utiliter
1710 539 2024 594 commende-

445 657 527 702 tur
547 663 566 711 ,'
586 656 640 702 et
662 643 817 713 paulo
837 649 976 712 post,
999 638 1146 706 Quod
1164 638 1348 692 scimus
1368 637 1537 707 igitur,
1553 634 1787 688 debemus
1806 632 2024 686 rationi:

442 737 577 808 quod
615 735 864 790 credimus
883 773 900 800 ,
940 731 1224 786 auctoritati
1249 728 1401 799 (Cap.
1431 729 1518 792 11,
1549 745 1603 782 n.
1643 726 1735 798 25)
1763 768 1778 794 ,
1812 740 1916 781 non
1947 727 2025 783 sic

441 827 809 900 accipiendum
835 834 920 881 est
938 865 954 891 ,
984 833 1042 880 ut
1079 825 1130 878 in
1161 837 1408 878 sermone
1445 820 1718 876 usitatiore
1745 835 2026 875 vereamur

442 935 540 976 nos
559 919 739 975 dicere
765 917 904 972 scire
926 914 1067 987 quod
1094 913 1299 970 idoneis
1319 912 1543 970 testibus
1571 911 1856 967 credimus.
1889 911 2022 966 Pro-

441 1012 555 1082 prie
581 1011 777 1081 quippe
813 1023 934 1064 cum
965 1006 1230 1076 loquimur
1250 1045 1266 1072 ,
1316 1003 1369 1060 id
1409 1003 1580 1060 solum
1607 1004 1743 1058 scire
1775 1002 2019 1069 dicimus,

441 1101 584 1173 quod
631 1100 824 1156 mentis
866 1098 1016 1153 ﬁrma
1065 1099 1274 1154 ratione
1318 1095 1835 1166 comprehendimus.
1890 1093 2021 1150 Cum

442 1208 568 1248 vero
611 1191 876 1262 loquimur
901 1189 1081 1246 verbis
1123 1187 1493 1245 consuetudini
1532 1187 1842 1257 aptioribus,
1885 1187 2024 1241 sicut

441 1285 675 1355 loquitur
716 1283 875 1338 etiam
911 1282 1088 1338 divina
1117 1281 1419 1352 Scriptura,
1461 1295 1566 1335 non
1607 1279 1908 1334 dubitemus
1936 1278 2020 1332 di-

445 1389 570 1430 cere
594 1373 732 1428 scire
759 1386 858 1428 nos
881 1413 895 1439 ,
944 1380 1000 1427 et
1040 1371 1183 1443 quod
1221 1371 1538 1441 percipimus
1577 1370 1744 1425 nostri
1785 1369 2024 1440 corporis

448 1465 714 1531 sensibus,
742 1473 792 1519 et
819 1464 960 1535 quod
989 1463 1092 1518 lide
1117 1463 1289 1534 dignis
1315 1462 1582 1518 credimus
1611 1462 1866 1527 testibus;
1898 1461 2023 1515 dum

442 1566 622 1612 tamen
655 1556 794 1610 inter
820 1554 935 1610 hzec
959 1563 1014 1610 et
1042 1554 1169 1609 illud
1198 1553 1325 1625 quid
1354 1554 1512 1609 distet
1533 1553 1910 1624 intelligamus.

437 1662 446 1715 ί
508 1651 562 1704 bl.
603 1647 732 1704 Item
757 1647 897 1720 quod
935 1648 1071 1714 dixi,
1103 1647 1309 1702 Nemini
1348 1648 1553 1701 dubium
1590 1657 1695 1711 est,
1729 1664 1900 1702 omnes
1928 1649 2024 1702 ho-

437 1744 596 1798 mines
624 1753 712 1796 aut
740 1742 918 1796 stultos
948 1757 1056 1796 esse
1081 1750 1167 1794 aut
1192 1741 1440 1811 sapientes
1474 1739 1623 1811 (Cap.
1672 1740 1766 1805 12,
1808 1758 1860 1795 η.
1905 1740 2020 1811 27),

440 1843 616 1908 potest
641 1835 808 1890 videri
829 1850 948 1890 esse
975 1835 1300 1890 contrarium
1321 1835 1393 1889 illi
1420 1834 1561 1905 quod
1592 1834 1781 1905 legitur
1811 1834 1864 1888 in
1888 1835 2024 1890 libro

437 1932 595 2000 tertio
617 1929 685 1985 de
721 1925 914 1984 Libero
954 1928 1215 1993 Arbitrio,
1246 1929 1406 1994 Quasi
1443 1944 1558 1982 vero
1584 1937 1768 1981 natura
1802 1927 2023 1983 humana

438 2031 622 2092 prwter
645 2022 910 2077 stultitiam
936 2030 984 2075 et
1011 2021 1314 2090 sapientiam
1343 2019 1538 2074 nullam
1563 2020 1779 2073 mediam
1814 2019 2023 2088 recipiat

436 2115 748 2184 directionem
778 2112 926 2185 (Cap.
951 2112 1050 2177 24,
1084 2129 1137 2166 n.
1159 2112 1274 2181 71).
1297 2112 1402 2167 Sed
1435 2111 1562 2167 illud
1585 2112 1653 2167 ibi
1680 2112 1879 2167 dictum
1908 2123 2019 2180 est,

435 2204 527 2264 ubi
553 2207 620 2263 de
645 2207 816 2276 primo
843 2205 1056 2260 homine
1085 2204 1422 2275 quaerebatur
1459 2215 1636 2260 utrum
1668 2206 1881 2276 sapiens
1911 2204 2023 2260 fue-

434 2301 503 2355 rit
544 2297 746 2366 l'actus,
788 2313 856 2353 an
897 2297 1119 2362 stultus,
1151 2287 1218 2352 an
1264 2306 1510 2353 neutrum
1536 2315 1550 2352 ε
1581 2299 1828 2368 quoniam
1874 2299 2023 2354 nullo

433 2391 594 2449 modo
622 2391 841 2446 stultum
883 2389 1064 2445 dicere
1103 2398 1406 2460 poteramus
1435 2390 1524 2459 qui
1554 2389 1669 2444 sine
1698 2390 1827 2444 vitio
1857 2389 2024 2445 iactus

433 2492 549 2551 est,
580 2497 700 2538 cum
747 2481 817 2536 sit
859 2480 1083 2536 stultitia
1113 2496 1361 2551 magnum
1389 2480 1602 2543 vitium;
1644 2470 2020 2552 et‘sapientem

434 2573 702 2646 quomodo
721 2572 1018 2628 diceremus
1049 2571 1139 2642 qui
1171 2572 1340 2641 potuit
1367 2571 1579 2637 seduci,
1609 2588 1713 2626 non
1757 2573 1886 2627 satis
1927 2587 2023 2642 ap-

435 2666 673 2739 parebat.
703 2665 931 2734 Ideoque
955 2663 1022 2718 ad
1045 2663 1416 2733 compendium
1455 2663 1634 2719 dicere
1670 2664 1808 2719 volui
1829 2704 1844 2729 ,
1874 2664 2024 2734 quasi

436 2773 564 2815 vero
586 2767 776 2814 natura
828 2755 1056 2813 humana
1112 2765 1305 2826 prmter
1329 2756 1602 2811 stultitiam
1629 2766 1682 2812 et
1709 2757 2022 2826 sapientiam

436 2849 636 2906 nullam
662 2847 892 2904 mediam
917 2846 1139 2917 recipiat
1166 2845 1518 2902 aﬂ‘eetionem.
1552 2846 1801 2903 Intuebor
1829 2847 2024 2917 quippe

439 2941 598 2995 etiam
621 2938 871 3010 parvulos
892 2938 931 3002 ί,
959 2951 1093 3007 quos
1121 2935 1246 2991 licet
1263 2937 1614 2992 contiteamur
1652 2938 1863 2992 trahere
1911 2938 2022 2991 ori-

433 3030 611 3103 ginale
631 3037 926 3100 peccatum,
951 3036 1127 3083 tamen
1154 3041 1252 3082 nec
1275 3028 1543 3098 sapientes
1564 3042 1661 3082 nec
1686 3029 1874 3083 stultos
1898 3043 2023 3098 pos-

435 3139 620 3179 sumus
642 3122 858 3194 proprie
873 3121 1074 3187 dicere,
1098 3119 1332 3175 nondum
1356 3129 1566 3176 utentes
1590 3119 1758 3174 libero
1784 3121 2020 3187 arbitrio,

435 3230 532 3272 seu
573 3213 710 3269 bene
743 3227 838 3267 seu
876 3211 1036 3266 male.
1073 3209 1225 3265 Nunc
1261 3220 1437 3266 autem
1480 3221 1576 3266 aut
1624 3212 1892 3281 sapientes
1934 3221 2026 3266 aut

439 3304 630 3358 stultos
657 3316 778 3357 esse
805 3316 992 3356 omnes
1021 3299 1264 3356 homines
1297 3301 1442 3368 dixi,
1467 3317 1560 3357 eos
1586 3302 1772 3356 volens
1802 3302 2023 3372 intelligi

437 3401 528 3468 qui
549 3397 658 3465 jam
688 3395 898 3449 ratione
927 3401 1166 3461 utuntur,
1197 3409 1300 3464 qua
1339 3393 1714 3448 discernuntur
1742 3409 1771 3448 a
1819 3395 2027 3464 pecori-

438 3487 575 3554 bus,
616 3495 675 3541 ut
720 3486 962 3540 homines
1020 3485 1161 3550 sint,
1212 3485 1349 3539 sicut
1398 3483 1623 3538 dicimus
1671 3484 1854 3539 beatos
1901 3500 2022 3540 esse

438 3592 628 3634 omnes
648 3576 890 3632 homines
913 3575 1068 3631 velle.
1101 3575 1363 3646 Numquid
1391 3575 1530 3630 enim
1555 3575 1607 3629 in
1637 3576 1735 3630 hac
1757 3576 2022 3630 sententia

444 3678 552 3724 tam
577 3683 705 3723 vera
731 3676 888 3738 atque
915 3666 1194 3721 manifesta
1221 3666 1506 3720 metuimus
1552 3681 1618 3720 ne
1665 3666 2025 3737 intelligantur

439 3771 496 3819 et
533 3760 768 3832 parvuli,
799 3760 889 3830 qui
920 3758 1021 3814 hoc
1046 3758 1220 3812 adhuc
1240 3757 1374 3812 velle
1402 3771 1508 3811 non
1538 3757 1796 3827 possunt?

509 3855 564 3910 5.
593 3853 716 3909 Alio
746 3853 863 3908 loco
892 3866 1014 3907 cum
1053 3864 1553 3906 commemorassem
1573 3891 1589 3916 ,
1622 3865 1739 3918 qua:
1768 3849 2024 3906 Dominus

439 3945 594 4002 Jeeus
618 3943 746 4002 fecit
770 3959 892 3998 cum
919 3942 1004 3998 hic
1030 3951 1172 3998 esset
1215 3941 1266 3995 in
1299 3956 1458 3995 carne
1477 3982 1492 4005 ,
1519 3939 1732 4010 adjunxi
1754 3983 1769 4007 ,
1797 3940 1976 3997 dicens
2004 3960 2019 3995 :

438 4037 562 4105 Cur,
601 4037 803 4108 inquis,
840 4036 936 4089 ista
974 4034 1124 4088 modo
1171 4049 1270 4087 non
1307 4032 1473 4101 ﬁunt?
1510 4032 1682 4102 Atque
1724 4033 1970 4102 respondi
2005 4053 2020 4090 :

445 4131 578 4199 Quia
603 4147 704 4185 non
737 4137 986 4184 moverent
1011 4127 1110 4182 nisi
1135 4127 1265 4181 mira
1297 4133 1490 4190 essent;
1518 4127 1561 4180 si
1587 4135 1752 4179 autem
1772 4125 1920 4180 solita
1945 4143 2024 4181 es-

441 4232 580 4289 sent,
608 4223 740 4276 mira
766 4237 865 4277 non
893 4228 1053 4276 essent
1095 4218 1244 4288 (Cap.
1285 4218 1380 4283 16,
1424 4235 1478 4272 n.
1524 4218 1637 4289 54).
1688 4219 1800 4274 Hoc
1843 4233 2023 4275 autem

442 4314 577 4380 dixi,
606 4314 728 4384 quia
753 4328 857 4368 non
879 4321 1026 4368 tanta
1053 4326 1150 4368 nec
1175 4309 1356 4366 omnia
1377 4310 1536 4366 modo
1559 4352 1574 4377 ,
1597 4327 1704 4366 non
1732 4313 1853 4382 quia
1883 4313 2024 4369 nulla

442 4407 572 4462 ﬁunt
595 4407 754 4463 etiam
779 4405 956 4461 modo.

512 4499 564 4553 6.
608 4497 662 4552 In
690 4498 794 4552 line
825 4505 1002 4553 autem
1027 4496 1146 4551 libri
1178 4513 1190 4549 :
1225 4494 1332 4550 Sed
1356 4496 1594 4566 quoniam
1615 4512 1778 4550 sermo
1801 4497 1892 4551 iste
1928 4513 2022 4550 no-

443 4600 562 4656 ster,
597 4591 834 4662 inquam,
875 4589 1034 4644 multo
1064 4589 1304 4660 processit
1333 4590 1532 4660 longius
1559 4606 1708 4660 quam
1749 4590 2021 4661 putabam,

444 4674 526 4728 hic
551 4675 702 4744 ﬁnem
733 4673 857 4728 libro
883 4673 1131 4743 faciamus
1150 4713 1165 4739 ,
1193 4674 1246 4728 in
1271 4690 1367 4744 quo
1406 4675 1685 4730 memineris
1727 4676 1838 4729 volo
1856 4717 1869 4740 ,
1900 4693 2028 4730 non-

445 4766 569 4820 dum
615 4765 924 4820 Manichoeos
971 4781 1048 4819 me
1093 4767 1301 4836 coepisse
1340 4766 1602 4835 refellere,
1636 4775 1681 4819 et
1705 4765 1822 4820 illas
1866 4783 2026 4838 nugas

446 4857 671 4911 nondum
694 4857 958 4923 inuasisse,
988 4873 1144 4927 neque
1166 4859 1229 4912 de
1251 4858 1362 4928 ipsa
1385 4855 1644 4912 Catholica
1669 4873 1904 4929 magnum
1926 4861 2026 4914 ali-

444 4950 568 5021 quid
605 4951 901 5020 aperuisse:
927 4950 1016 5004 sed
1052 4951 1262 5006 uoluisse
1302 4952 1644 5005 tantummodo
1686 4968 1858 5007 eruere
1903 4954 2022 5021 tibi,

445 5042 490 5096 si
515 5057 710 5113 possem
729 5081 745 5108 ,
778 5040 961 5112 falsam
988 5041 1274 5112 opinionem
1310 5043 1373 5097 de
1405 5042 1529 5096 veris
1550 5040 1850 5097 Christianis
1875 5044 2027 5098 mali-

445 5132 568 5184 tiose
591 5139 677 5184 aut
703 5131 928 5201 imperite
955 5131 1096 5186 nobis
1120 5132 1422 5186 insinuatam
1451 5135 1492 5196 ',
1515 5145 1560 5187 et
1585 5137 1772 5206 erigere
1806 5135 1874 5188 ad
1915 5153 2026 5190 ma-

447 5238 546 5292 gna
566 5223 800 5292 quaedam
824 5232 870 5276 et
897 5224 1064 5277 divina
1088 5224 1342 5277 discenda.
1375 5223 1544 5289 Quare
1582 5225 1675 5278 hoc
1702 5227 1929 5280 volumen
1957 5227 2028 5280 ita

444 5331 550 5370 sese
569 5317 750 5372 ltabeat
778 5333 796 5372 :
826 5318 1102 5386 placatiore
1124 5327 1291 5371 autem
1314 5319 1479 5372 animo
1500 5328 1584 5372 tuo
1619 5319 1752 5386 [acto
1772 5360 1785 5381 ,
1817 5335 1902 5373 ero
1924 5320 2031 5386 for-

508 5469 527 5501 ¹
547 5473 869 5522 Lovmienses
897 5472 1284 5534 etmjunctiouem
1316 5471 1476 5530 etiam,
1504 5486 1614 5534 quae
1637 5473 1715 5521 hic
1733 5473 1934 5533 perinde
1954 5487 2031 5526 so-

447 5537 610 5596 latae
623 5539 877 5596 παίεται,
891 5534 1046 5584 omitti
1066 5535 1192 5596 passi
1206 5542 1336 5584 sunt.
1361 5541 1450 5583 Nos
1465 5535 1515 5582 in
1543 5535 1769 5584 omnibus
1785 5543 2030 5596 repertam

451 5589 564 5642 ΕΜ.
587 5589 683 5654 hinc
701 5589 1018 5646 revocandam
1034 5589 1146 5645 esse
1159 5595 1402 5644 duximus.

508 5654 532 5685 ’
550 5661 663 5723 Lor.
678 5663 730 5706 et
739 5663 834 5715 an,
848 5655 978 5707 vobis
989 5656 1296 5707 btsirtnatam.
1315 5664 1418 5706 Mss.
1435 5664 1486 5723 e_t_
1497 5664 1618 5723 Am,
1630 5654 1780 5707 nobis.
1796 5659 2031 5723 Signiﬁcat

447 5717 739 5784 Apustium
766 5730 836 5784 se
855 5730 965 5767 cum
996 5726 1236 5770 Honorato
1254 5730 1402 5782 quem
1426 5716 1702 5784 alloquitur,
1723 5732 1751 5769 a
1771 5716 2030 5777 Mmiicha-is

402 5770 566 5879 ..τῆ
583 5775 737 5830 fuisse
757 5779 996 5831 delusum.

2129 449 2274 502 tassis
2302 449 2353 502 in
2381 452 2570 506 ctetcris
2599 455 2874 525 promptior
2905 454 3071 527 (Cap.
3108 456 3170 514 18
3187 498 3200 524 ,
3230 474 3281 513 η.
3310 459 3417 531 56).
3443 461 3554 521 “me
3573 485 3659 529 non

2131 539 2201 594 ita
2232 540 2338 594 dixi
2357 584 2371 609 ,
2401 542 2556 612 quasi
2588 545 2714 599 nihil
2747 547 3002 605 adversus
3030 550 3346 609 Manichzeos
3373 556 3530 615 adhuc
3553 566 3662 620 seri-

2130 632 2389 702 psissem,
2431 635 2516 691 vel
2558 637 2691 693 nihil
2729 639 2794 695 de
2838 641 3076 698 doctrina
3099 645 3354 702 catholica
3376 651 3664 713 mandassem

2130 726 2348 793 litteris,
2382 742 2502 783 cum
2533 738 2610 784 tot
2635 735 2876 802 superius
2903 734 3040 789 edita
3070 736 3334 792 volumina
3373 738 3438 794 de
3482 751 3667 815 utraque

2129 836 2188 876 re
2216 836 2319 876 non
2346 838 2432 878 me
2457 825 2683 882 tacuisse
2705 835 3001 882 testentur:
3037 828 3130 883 sed
3157 829 3210 883 in
3245 829 3346 884 hoc
3385 831 3511 888 libro
3533 835 3588 890 ad
3613 837 3664 892 il-

2129 910 2238 965 lum
2286 913 2483 982 scripto
2527 915 2762 971 nondum
2789 917 3108 974 Manichmos
3135 918 3382 976 refellere
3406 938 3666 995 coeperam,

2129 1011 2181 1056 et
2204 1001 2322 1056 illas
2359 1019 2524 1074 nugas
2564 1007 2797 1061 nondum
2824 1007 3154 1076 invaseram,
3187 1025 3356 1082 neque
3379 1011 3444 1069 de
3469 1013 3568 1084 ipsa
3589 1017 3670 1072 Ca-

2129 1091 2323 1149 tholica
2353 1110 2602 1165 magnum
2628 1098 2824 1168 aliquid
2862 1115 3211 1168 aperueram;
3242 1103 3486 1173 quoniam
3517 1122 3670 1176 spera-

2127 1181 2281 1250 bam,
2313 1184 2414 1240 hoc
2444 1187 2592 1243 initio
2619 1187 2756 1243 laeto
2775 1230 2790 1254 ,
2822 1190 2888 1244 ad
2919 1205 3038 1246 eum
3067 1193 3240 1262 ipsum
3268 1209 3354 1249 me
3394 1197 3670 1266 scripturum

2129 1273 2292 1330 fuisse
2317 1292 2433 1346 qua:
2478 1277 2562 1333 hic
2601 1279 2839 1335 nondum
2865 1282 3205 1352 scripseram.
3236 1285 3332 1340 llic
3372 1286 3502 1342 liber
3521 1289 3586 1344 sic
3603 1291 3666 1345 in-

2129 1367 2254 1436 cipit
2283 1386 2294 1422 :
2325 1369 2386 1424 Si
2411 1371 2534 1424 mihi
2554 1413 2568 1439 ,
2617 1371 2904 1439 Honorate,
2935 1391 3092 1428 unum
3119 1385 3271 1447 atque
3297 1377 3428 1432 idem
3468 1380 3667 1436 videretur

2128 1474 2251 1513 8888.

2762 1555 2988 1614 CAPUT
3028 1559 3142 1614 XV.

2130 1691 2316 1746 Contra
2360 1691 2672 1748 Manicltazos
2691 1735 2706 1762 ,
2739 1696 2800 1749 de
2833 1695 3044 1752 Duabus
3087 1699 3364 1754 Animabus
3400 1701 3516 1755 liber
3548 1719 3667 1759 unus.

2200 1836 2250 1888 1.
2275 1833 2403 1888 Post
2427 1835 2569 1891 hunc
2595 1837 2787 1891 librum
2816 1838 3002 1908 scripsi
3029 1839 3203 1894 adhuc
3223 1842 3498 1913 presbyter
3523 1855 3674 1901 contra

2126 1924 2443 1981 Manichaaos
2488 1926 2554 1982 de
2610 1927 2825 1984 Duabus
2876 1930 3200 1998 Animabus,
3253 1949 3476 2002 quarum
3527 1933 3676 1991 dicunt

2128 2031 2285 2070 unam
2317 2025 2522 2085 partem
2547 2018 2637 2073 Dei
2665 2033 2802 2084 esse,
2828 2020 3047 2074 alteram
3075 2020 3141 2076 de
3167 2033 3324 2092 gente
3357 2025 3671 2094 tenebrarum,

2126 2123 2284 2176 quam
2314 2123 2417 2163 non
2440 2109 2737 2165 condiderit
2761 2111 2899 2166 Deus
2919 2153 2934 2178 ,
2961 2121 3016 2167 et
3036 2129 3154 2183 qua:
3185 2115 3254 2168 sit
3282 2115 3391 2170 Deo
3414 2125 3669 2183 contenta;

2127 2209 2181 2254 et
2209 2199 2302 2253 has
2324 2200 2506 2256 ambas
2535 2203 2770 2269 animas,
2807 2219 2962 2258 unam
2993 2204 3210 2272 bonam,
3237 2206 3456 2261 alteram
3483 2209 3673 2276 malam,

2128 2288 2178 2342 in
2211 2304 2315 2344 uno
2341 2289 2555 2346 homine
2580 2308 2697 2347 esse
2738 2293 3002 2348 delirant:
3038 2295 3194 2349 iSIam
3235 2297 3439 2352 scilicet
3480 2300 3672 2366 malam,

2127 2383 2393 2450 propriam
2432 2385 2606 2439 carnis
2649 2400 2768 2440 esse
2797 2386 3035 2443 dicentes
3056 2429 3070 2453 ,
3104 2404 3263 2458 quam
3302 2406 3512 2447 carnem
3547 2395 3674 2448 etiam

2125 2471 2308 2536 dicunt
2337 2476 2508 2544 gentis
2528 2490 2647 2530 esse
2673 2477 3046 2544 tenebrarum;
3076 2479 3218 2534 illam
3247 2496 3376 2537 vero
3402 2480 3608 2546 bonam,
3626 2499 3675 2538 ex

2127 2563 2408 2619 adventitia
2437 2567 2528 2621 Dei
2556 2576 2735 2637 parte,
2761 2584 2880 2638 quae
2903 2584 3024 2624 cum
3056 2570 3394 2626 tenebrarum
3415 2583 3561 2643 gente
3577 2590 3676 2628 con-

2129 2653 2322 2710 ﬂixerit
2342 2699 2356 2723 ,
2384 2666 2544 2728 atque
2574 2667 2851 2729 utramque
2877 2661 3153 2716 miscuerit
3176 2677 3189 2714 :
3225 2674 3278 2717 et
3302 2663 3674 2734 omniaquidem

2131 2748 2266 2802 bona
2295 2748 2525 2804 hominis
2555 2750 2630 2805 illi
2655 2751 2808 2806 bona:
2833 2751 3056 2817 animae;
3083 2753 3259 2807 omnia
3289 2769 3416 2809 vero
3457 2757 3577 2810 mala
3615 2756 3674 2811 illi

2131 2839 2281 2894 mala:
2320 2841 2510 2896 anima:
2556 2843 2807 2897 tribuunt.
2836 2841 2891 2897 In
2923 2829 3022 2897 hoc
3051 2843 3188 2899 libro
3231 2845 3358 2900 illud
3401 2847 3535 2917 quod
3561 2847 3672 2915 dixi,

2133 2926 2344 2983 Nullam
2371 2947 2475 2985 esse
2498 2931 2910 3004 qualemcumque
2931 2934 3081 2987 vitam
3101 2975 3116 3001 ,
3147 2951 3258 3004 qua!
3287 2952 3389 2990 non
3415 2939 3581 3007 ecipso
3598 2955 3671 3007 quo

2131 3023 2229 3074 vita
2274 3033 2344 3076 est
2363 3064 2378 3088 ,
2425 3032 2472 3078 et
2518 3025 2570 3078 in
2600 3036 2845 3095 quantum
2874 3028 3078 3080 omnino
3108 3030 3207 3081 vita
3232 3037 3305 3082 est
3323 3071 3337 3094 ,
3378 3046 3442 3082 aa
3469 3047 3666 3084 summum

2131 3114 2249 3167 vita:
2269 3116 2457 3184 fontem
2484 3116 2882 3188 principiumque
2911 3120 3151 3188 pertineat
3173 3118 3324 3191 (Cap.
3354 3122 3404 3187 1,
3433 3139 3488 3176 n.
3519 3122 3594 3193 1),
3617 3123 3671 3175 ita

2129 3205 2236 3260 dixi
2257 3248 2280 3286 ,ι
2305 3216 2361 3261 ut
2391 3216 2637 3279 tanquam
2662 3221 2904 3266 creatura
2931 3211 2998 3266 ad
3025 3210 3333 3268 Creatorem
3363 3215 3672 3285 pertincrcin-

2130 3299 2412 3370 telligatur,
2447 3316 2552 3356 non
2577 3311 2751 3360 autem
2792 3303 2858 3359 de
2896 3305 2987 3359 illo
3014 3321 3132 3362 esse
3169 3314 3418 3378 tanquam
3447 3323 3561 3378 pars
3584 3308 3672 3377 ejus

2129 3393 2476 3449 existimetur.

2197 3483 2251 3536 2.
2285 3483 2413 3538 Item
2437 3484 2577 3555 quod
2604 3484 2742 3553 dixi,
2786 3503 3029 3558 nusquam
3066 3488 3296 3555 scilicet,
3329 3491 3423 3544 nisi
3450 3492 3499 3544 in
3534 3491 3675 3543 volun-

2130 3583 2229 3628 tate
2257 3591 2362 3629 esse
2389 3586 2648 3644 peccatum
2668 3618 2682 3644 ,
2712 3587 2932 3645 possunt
2971 3577 3234 3649 Pelagiani
3283 3596 3378 3651 pro
3420 3597 3477 3636 se
3511 3581 3674 3636 dictum

2129 3675 2344 3734 putare,
2377 3674 2594 3735 propter
2636 3667 2914 3736 parvulos,
2947 3683 3079 3738 quos
3120 3668 3242 3724 ideo
3286 3681 3476 3740 negant
3511 3672 3672 3726 habere

2130 3763 2403 3824 peccatum
2420 3757 2559 3826 quod
2585 3757 2662 3812 eis
2687 3757 2738 3811 in
2763 3759 3085 3828 Baptismate
3106 3761 3422 3827 remittatur,
3441 3763 3551 3833 quia
3575 3777 3674 3816 non-

2129 3846 2254 3901 dum
2285 3847 2504 3902 arbitrio
2528 3849 2810 3904 voluntatis
2834 3859 3068 3905 utuntur.
3093 3852 3254 3919 Quasi
3286 3870 3410 3909 vero
3439 3866 3672 3924 peccatum

2130 3937 2269 4007 quod
2299 3953 2393 3993 eos
2422 3954 2487 3993 ex
2515 3939 2684 3993 Adam
2709 3940 2936 3996 dicimus
2951 3943 3274 4013 originaliter
3299 3945 3524 4013 trahere,
3545 3947 3592 4000 id
3611 3954 3673 3999 «st

2129 4037 2280 4083 reatu
2308 4028 2422 4099 ejus
2454 4030 2779 4099 implicatos,
2823 4040 2876 4086 et
2904 4032 2972 4086 ob
3001 4034 3101 4088 hoc
3139 4049 3308 4104 poenae
3333 4036 3574 4090 obnoxios
3597 4036 3672 4089 des

2134 4120 2318 4184 tineri,
2351 4135 2572 4190 usquam
2601 4138 2719 4178 esse
2746 4125 2915 4193 potuit
2940 4125 3041 4180 nisi
3072 4126 3123 4180 in
3149 4127 3474 4195 voluntate‘,
3499 4144 3589 4198 qua
3607 4141 3673 4182 vo

2131 4210 2331 4266 luntale
2375 4213 2717 4267 commissum
2756 4222 2864 4281 est,
2912 4215 3120 4285 quando
3148 4216 3309 4272 divini
3348 4218 3578 4289 prteccpti
3607 4226 3672 4271 est

2129 4305 2270 4362 facta
2299 4307 2669 4377 transgressio.
2708 4307 2891 4364 Potest
2918 4311 3073 4364 etiam
3098 4311 3270 4380 putari
3315 4312 3438 4366 falsa
3466 4327 3570 4367 esse
3592 4312 3666 4364 ista

2131 4399 2396 4453 sententia
2419 4414 2520 4468 qua
2547 4399 2778 4454 diximus
2801 4441 2814 4465 ,
2846 4398 3110 4470 Nusquam
3133 4402 3233 4456 nisi
3256 4404 3306 4456 in
3337 4404 3567 4457 voluntate
3586 4415 3664 4455 esse

2133 4499 2391 4561 peccatum
2411 4532 2424 4556 ,
2453 4491 2574 4560 quia
2602 4489 2732 4545 dixit
2758 4491 3040 4562 Apostolus
3067 4512 3080 4547 :
3113 4493 3175 4548 Si
3199 4506 3364 4548 autem
3397 4495 3520 4566 quod
3545 4495 3663 4558 nolo,

2134 4583 2229 4636 hoc
2257 4583 2390 4654 facio
2411 4624 2424 4648 ,
2451 4584 2555 4650 iam
2585 4600 2686 4637 non
2719 4600 2811 4656 ego
2834 4567 3014 4654 operor
3044 4586 3174 4640 illud
3194 4628 3208 4651 ,
3238 4590 3328 4642 sed
3351 4589 3479 4660 quod
3515 4588 3668 4642 habitat

2131 4673 2184 4726 in
2212 4690 2288 4726 me
2325 4683 2602 4743 peccatum.
2644 4673 2757 4729 Hoc
2781 4676 2922 4730 enim
2953 4687 3222 4746 peccatum
3258 4695 3420 4749 usque
3445 4679 3562 4734 adeo
3584 4695 3666 4732 non

2131 4777 2215 4822 est
2235 4767 2286 4820 in
2314 4766 2582 4822 voluntate
2600 4808 2614 4831 ,
2648 4776 2705 4822 ut
2733 4766 2874 4822 dicat
2899 4786 2910 4820 :
2943 4768 3090 4834 Quod
3105 4771 3248 4836 nolo,
3275 4772 3366 4824 hoc
3393 4772 3531 4843 facio.
3551 4770 3665 4835 Quo-

2134 4857 2290 4912 modo
2315 4872 2440 4928 ergo
2468 4873 2726 4926 nusquam
2755 4868 2836 4914 est
2862 4860 2959 4914 nisi
3006 4860 3056 4914 in
3095 4862 3362 4916 voluntate
3400 4859 3666 4933 peccaturo?

2133 4948 2239 5006 Sed
2267 4950 2366 5004 hoc
2395 4958 2663 5025 peccatum
2705 4951 2771 5005 de
2810 4967 2915 5022 quo
2953 4954 3030 5008 sic
3057 4962 3139 5007 est
3165 4954 3367 5009 locutus
3390 4952 3663 5024 Apostolus,

2134 5039 2254 5096 ideo
2295 5049 2567 5110 peccatum
2605 5050 2842 5108 vocatur,
2888 5043 3008 5112 quia
3049 5053 3266 5114 peccato
3295 5045 3478 5101 factum
3503 5052 3600 5111 est,
3624 5049 3666 5095 et

2133 5146 2289 5202 poena
2310 5133 2511 5203 peccati
2539 5141 2623 5186 est
2641 5149 2655 5198 ;
2676 5133 3098 5205 quandoquidem
3125 5135 3225 5191 hoc
3248 5137 3316 5192 de
3335 5137 3664 5207 concupiscen-

2135 5226 2205 5279 tia
2229 5226 2404 5280 carnis
2426 5226 2638 5292 dicitur,
2669 5226 2810 5296 quod
2834 5228 3004 5296 aperit
3045 5228 3099 5282 in
3142 5230 3568 5301 consequentibus
3595 5226 3660 5280 di-

2133 5332 2262 5373 cens
2285 5336 2298 5372 :
2319 5319 2439 5373 Scio
2463 5321 2579 5390 quia
2602 5337 2702 5374 non
2727 5321 2914 5375 habitat
2935 5323 2988 5376 in
3014 5340 3120 5390 me,
3144 5324 3237 5378 ltoc
3261 5335 3331 5379 est
3351 5328 3399 5379 in
3423 5341 3558 5379 carne
3577 5337 3662 5376 mea

2136 5409 2317 5463 bonum
2339 5426 2357 5463 :
2381 5410 2505 5465 velle
2531 5411 2665 5464 enim
2708 5412 2905 5482 adjacet
2937 5413 3090 5480 milti,
3136 5415 3372 5484 perﬁcere
3405 5424 3554 5469 autem
3590 5413 3662 5465 bo-

2136 5518 2276 5570 num,
2303 5519 2404 5558 non
2456 5502 2626 5576 (Rom.
2680 5518 2786 5570 vn,
2836 5504 3048 5576 16-18).
3077 5504 3336 5562 Periectio
3359 5509 3536 5578 quippe
3560 5501 3661 5557 boni

2197 5663 2214 5694 ι
2230 5665 2328 5726 am.
2342 5665 2416 5708 Er.
2430 5666 2483 5710 et
2496 5656 2679 5726 _Pratel.
2706 5660 2833 5722 cod.,
2849 5673 3081 5725 nusquam
3097 5663 3418 5726 esscpotaerit.
3435 5661 3604 5712 SOI‘bOD-
3619 5664 3660 5726 et

2134 5722 2552 5794 Regio-molensis,
2573 5735 2809 5794 nusquam
2820 5716 2928 5794 esse
2948 5716 3368 5794 constet._otbxque
3537 5728 3581 5772 et
3595 5716 3660 5770 alii

2138 5800 2168 5838 c
2186 5783 2292 5837 uss.
2319 5798 2416 5835 non
2433 5783 2692 5837 deterioris
2708 5791 2833 5838 nota:
2852 5785 3050 5848 habent,
3068 5783 3160 5837 nisi
3179 5800 3244 5840 ex
3262 5783 3496 5838 summa.

3819 3975 3828 4138 !

3821 4167 3833 4228 ιι

3823 4233 3833 4390 5|
