3880 6406
218 409 307 472 σοι)
624 431 627 433 -
1259 405 1371 452 ξῖιπ
1551 405 1752 465 LIBER
1789 406 2074 470 PRIMUS.‘

211 536 286 582 est
304 567 320 592 ,
345 531 398 578 ut
421 535 516 578 nec
530 520 632 592 ipsa
660 507 1086 590 concupiscentia
1106 504 1313 591 peccati
1335 521 1402 576 sit
1423 521 1476 576 in
1506 521 1720 579 homine
1742 564 1759 592 ,

214 617 286 672 cui
309 614 510 685 quidem
527 610 732 683 quando
750 611 890 668 bene
907 611 1120 679 vivitur,
1161 627 1265 667 non
1291 615 1556 671 consentit
1575 615 1762 671 volun-

212 717 317 764 tas:
343 715 686 762 verumtamen
717 719 825 760 non
863 704 1069 776 perﬁcit
1097 705 1322 768 bonum,
1349 708 1472 777 quia
1499 707 1637 764 inest
1662 707 1760 763 ad-

212 802 302 856 huc
330 797 738 869 concupiscentia
760 797 847 853 cui
871 805 1129 868 repugnat
1146 799 1424 867 voluntas;
1455 800 1606 871 cujus
1628 815 1761 856 con-

209 893 520 962 cupiscentia:
544 900 724 946 reatus
752 890 805 945 in
843 890 1166 960 Baptismate
1203 893 1443 958 solvitur,
1470 893 1566 949 sed
1609 894 1762 949 inﬁr-

209 985 344 1038 mitas
387 991 587 1047 manet,
637 995 721 1035 cui
767 980 938 1036 donec
981 990 1215 1048 sanetur,
1247 983 1420 1038 omnis
1461 982 1630 1040 ﬁdelis
1671 983 1761 1055 qui

207 1077 322 1132 bene
343 1073 573 1147 proﬁcit,
604 1073 995 1130 studiosissime
1023 1075 1328 1131 reluctatur.
1360 1076 1640 1132 Pec¢atum
1669 1092 1762 1133 au-

207 1180 296 1226 tem
335 1166 470 1239 quod
516 1181 773 1237 nusquam
803 1175 886 1222 est
914 1165 1015 1223 nisi
1045 1166 1098 1221 in
1125 1166 1422 1233 voluntate,
1456 1167 1583 1223 illud
1618 1184 1760 1240 pra:-

207 1262 336 1330 cipue
361 1257 751 1328 intelligendum
778 1267 862 1314 est
880 1299 895 1325 ,
938 1257 1079 1329 quod
1116 1259 1257 1328 justa
1283 1258 1551 1315 damnatio
1574 1275 1761 1318 conse-

205 1363 302 1409 cuta
329 1361 422 1407 est.
453 1350 560 1406 Hoc
601 1351 744 1406 enim
783 1365 879 1422 per
907 1367 1073 1406 unum
1117 1352 1386 1408 hominem
1432 1353 1666 1409 introivit
1707 1355 1760 1410 in

203 1443 431 1500 mundum
455 1461 468 1496 :
492 1457 791 1513 quanquam
819 1451 872 1497 et
893 1443 994 1497 hoc
1014 1452 1288 1512 peccatum
1309 1459 1414 1514 quo
1433 1445 1762 1501 consentitur

203 1533 378 1607 peccati
403 1532 844 1603 concupiscentiae
871 1533 912 1598 ί,
943 1547 1049 1587 non
1077 1533 1178 1588 nisi
1216 1534 1484 1590 voluntate
1515 1536 1762 1590 commit-

201 1627 327 1680 titur.
344 1625 558 1696 Propter
585 1623 690 1680 hoc
709 1631 767 1679 et
792 1622 898 1678 alio
916 1623 1035 1679 loco
1051 1622 1158 1678 dixi
1183 1640 1197 1679 :
1227 1622 1348 1678 Non
1372 1624 1525 1696 igitur
1548 1626 1644 1682 nisi
1669 1642 1759 1682 vo-

201 1717 366 1771 luntate
389 1724 624 1787 peccatur
647 1714 802 1787 (Cap.
827 1715 890 1782 9,
917 1731 968 1769 η.
1003 1714 1116 1784 12).

256 1811 303 1864 3.
327 1807 558 1880 Itemque
580 1808 688 1863 alio
713 1807 833 1862 loco
857 1807 1024 1877 ipsam
1052 1807 1377 1862 voluntatem
1420 1807 1632 1864 deﬁnivi
1674 1808 1758 1864 di-

201 1917 347 1959 cens:
385 1900 632 1956 Voluntas
675 1910 748 1954 est
786 1899 945 1953 animi
989 1907 1184 1964 motus,
1223 1909 1427 1971 cogente
1468 1900 1644 1969 nullo,
1691 1901 1760 1955 ad

204 1994 365 2064 aliquid
395 1992 471 2048 uel
509 2009 614 2047 non
651 1992 981 2046 amittendum
1016 1992 1095 2045 vel
1130 1991 1512 2064 adipiscendum
1539 1991 1672 2066 (Id.,
1701 2010 1756 2050 n.

202 2087 295 2158 Il).
318 2085 461 2156 Quod
507 2097 793 2157 propterea
828 2085 1025 2139 dictum
1056 2091 1172 2150 est,
1213 2092 1272 2139 ut
1312 2083 1411 2140 hac
1447 2084 1758 2141 deﬁnitione

199 2178 357 2233 volens
380 2194 409 2233 a
435 2179 656 2233 nolente
680 2176 1093 2244 discerneretur,
1123 2185 1174 2230 et
1194 2176 1270 2230 sic
1298 2175 1363 2230 ad
1390 2175 1508 2231 illos
1534 2175 1758 2232 referre-

197 2279 268 2326 tur
288 2271 498 2328 intentio
519 2311 534 2334 ,
563 2270 655 2341 qui
685 2269 841 2341 primi
887 2269 942 2323 in
991 2267 1236 2338 paradiso
1269 2268 1482 2324 fuerunt
1523 2267 1757 2326 humano

197 2365 353 2434 generi
376 2365 526 2436 origo
550 2362 678 2418 mali
703 2363 746 2430 ',
778 2361 923 2416 nullo
947 2369 1169 2432 cogente
1193 2361 1462 2432 peccando
1483 2403 1498 2429 ,
1545 2361 1646 2417 hoc
1673 2371 1757 2418 est

199 2453 339 2509 libera
359 2454 634 2510 voluntate
651 2451 940 2524 peccando,
961 2452 1078 2522 quia
1100 2461 1156 2508 et
1176 2453 1406 2508 scientes
1420 2460 1602 2507 contra
1620 2468 1754 2523 prae-

198 2554 381 2615 ceptum
406 2545 688 2610 fecerunt,
720 2553 776 2599 et
799 2543 886 2598 ille
911 2551 1142 2598 tentator
1177 2543 1343 2598 suasit
1367 2552 1424 2598 ut
1453 2542 1556 2598 hoc
1583 2545 1750 2610 ﬁeret,

193 2648 280 2688 non
306 2634 489 2705 coegit.
521 2633 654 2689 Nam
683 2642 738 2689 et
762 2634 852 2702 qui
878 2632 1120 2688 nesciens
1149 2635 1414 2704 peccavit,
1442 2649 1548 2690 non
1572 2634 1755 2691 incon-

193 2735 414 2794 gruenter
439 2725 634 2782 nolens
659 2739 912 2796 peccasse
941 2723 1044 2779 dici
1065 2734 1267 2795 potest,
1299 2725 1539 2796 quamvis
1568 2734 1622 2781 et
1641 2727 1753 2796 ipse

191 2815 307 2886 quod
343 2817 588 2873 nesciens
628 2816 786 2884 fecit,
829 2817 1016 2872 volens
1052 2824 1227 2872 tamen
1259 2817 1418 2884 fecit;
1448 2820 1516 2872 ita
1549 2834 1650 2874 nec
1673 2819 1752 2890 ip-

191 2905 284 2962 sius
307 2922 415 2963 esse
442 2908 620 2978 potuit
645 2908 761 2962 sine
785 2907 1053 2963 voluntate
1080 2917 1375 2979 peccatum.
1406 2910 1535 2976 Quae
1566 2911 1751 2965 volun-

192 3004 258 3053 tas
286 3001 453 3070 utique
483 3001 629 3055 sicut
653 2998 870 3055 deﬁnita
897 3006 1011 3063 est,
1041 2999 1202 3054 animi
1237 3011 1412 3056 motus
1439 3001 1566 3068 fuit,
1607 3005 1751 3060 nullo

195 3099 385 3161 cogente
405 3133 419 3157 ,
449 3089 524 3146 ad
566 3089 767 3161 aliquid
791 3090 876 3146 vel
918 3105 1024 3145 non
1053 3091 1401 3148 amittendum
1427 3136 1441 3160 ,
1465 3095 1551 3150 vel
1578 3096 1750 3167 adipi-

189 3179 429 3235 scendum.
451 3179 612 3248 Quod
635 3181 779 3236 enim
808 3181 854 3236 si
882 3181 1174 3249 noluisset,
1215 3200 1320 3239 non
1364 3184 1613 3252 fecisset,
1643 3203 1747 3243 non

190 3279 372 3326 mactus
397 3281 478 3327 est
501 3271 697 3328 facere.
728 3271 860 3338 Quia
884 3273 1054 3328 voluit
1077 3288 1204 3345 ergo
1238 3276 1360 3331 fecit
1378 3318 1390 3341 ,
1410 3280 1614 3334 etiamsi
1643 3296 1747 3335 non

191 3361 288 3429 quia
321 3363 479 3418 voluit
515 3363 782 3434 peccavit,
829 3365 1075 3420 nesciens
1128 3376 1402 3436 peccatum
1451 3385 1568 3426 esse
1605 3372 1748 3442 quod

191 3447 322 3506 fecit:
349 3454 415 3508 ita
437 3470 542 3510 nec
563 3454 669 3511 tale
688 3465 964 3525 peccatum
986 3457 1104 3513 sine
1126 3459 1398 3516 voluntate
1418 3477 1535 3517 esse
1555 3465 1744 3532 potuit,

189 3541 266 3596 sed
289 3545 550 3602 voluntate
577 3546 736 3613 facti,
780 3562 887 3602 non
933 3547 1204 3606 voluntate
1232 3553 1461 3621 peccati,
1493 3555 1632 3625 quod
1671 3565 1748 3610 ta-

190 3648 290 3691 men
317 3637 504 3694 lactum
533 3650 808 3711 peccatum
830 3641 925 3696 fuit
949 3658 964 3708 ;
997 3640 1099 3697 hoc
1118 3643 1259 3698 enim
1282 3643 1476 3701 factum
1498 3655 1578 3702 est
1605 3649 1746 3719 quod

192 3725 282 3782 ﬁeri
321 3746 418 3786 non
464 3731 673 3787 debuit.
722 3732 973 3802 Quisquis
1005 3741 1184 3790 autem
1234 3735 1408 3791 sciens
1448 3748 1664 3806 peccat,
1699 3741 1744 3795 si

193 3829 335 3888 potest
361 3825 569 3896 cogenti
612 3825 680 3880 ad
719 3834 997 3897 peccatum
1042 3827 1158 3882 sine
1202 3838 1420 3899 peccato
1463 3832 1741 3902 resistere,

192 3923 273 3967 nec
293 3923 454 3972 tamen
488 3916 651 3986 facit,
689 3917 870 3988 utique
898 3917 1084 3974 volens
1128 3930 1345 3990 peccat;
1377 3923 1625 3993 quoniam
1655 3926 1744 3996 qui

192 4011 335 4072 potest
351 4007 620 4075 resistere,
644 4023 750 4062 non
772 4009 979 4079 cogitur
997 4009 1206 4066 cedere.
1231 4009 1330 4078 Qui
1352 4028 1479 4069 vero
1499 4017 1706 4085 cogenti
1723 4016 1745 4048 ³

193 4097 425 4166 cupiditati
447 4103 589 4156 bona
617 4101 888 4157 voluntate
922 4102 1171 4160 resistere
1199 4119 1305 4160 non
1333 4114 1527 4176 potest,
1547 4115 1600 4162 et
1625 4107 1745 4164 ideo

195 4181 295 4242 facit
313 4199 485 4246 contra
515 4201 782 4263 praecepta
806 4191 1058 4263 justitite,
1097 4193 1210 4267 jam
1238 4194 1342 4251 hoc
1367 4195 1438 4250 ita
1473 4208 1743 4267 peccatum

199 4287 290 4346 est,
311 4291 361 4336 ut
381 4284 446 4339 sit
467 4285 632 4340 etiam
664 4300 822 4356 paena
848 4285 1070 4356 peccati.
1111 4285 1444 4358 Quapropter
1471 4299 1741 4359 peccatum

203 4365 294 4428 sine
313 4376 571 4434 voluntate
594 4392 714 4434 esse
742 4395 846 4434 non
878 4393 1037 4450 posse
1065 4379 1400 4436 verissimum
1427 4391 1527 4437 est.

255 4463 298 4520 4.
318 4465 540 4542 Itemque
559 4471 801 4527 deﬁnitio
821 4472 1020 4541 peccati
1049 4488 1150 4543 qua
1177 4473 1404 4529 diximus
1424 4515 1438 4541 ,
1472 4473 1742 4532 Peccatum

199 4565 257 4610 est
296 4561 509 4618 voluntas
535 4565 783 4619 retinendi
802 4565 878 4619 vel
905 4568 1237 4637 consequendi
1262 4569 1398 4640 quod
1425 4570 1627 4640 justitia
1655 4588 1741 4626 ve-

201 4654 284 4717 lat,
314 4663 354 4706 et
381 4657 510 4711 unde
551 4657 878 4724 liberumest
915 4658 1164 4715 abstinere
1204 4660 1355 4734 (Cap.
1388 4664 1485 4732 11,
1517 4682 1570 4718 n.
1610 4663 1738 4740 15),

200 4749 436 4810 propterea
459 4763 583 4803 vera
613 4757 735 4815 εει,
767 4749 891 4819 quia
921 4749 971 4804 id
1001 4750 1277 4807 deﬁnitum
1323 4762 1405 4810 est
1440 4754 1580 4826 quod
1625 4763 1742 4812 tan-

203 4832 430 4891 tummodo
470 4847 744 4908 peccatum
773 4847 886 4905 εει,
917 4855 1025 4896 non
1052 4842 1194 4912 quod
1231 4847 1391 4900 etiam
1433 4862 1588 4917 pmna
1618 4863 1741 4919 pec-

201 4919 298 4974 cati.
317 4921 436 4980 Nam
465 4929 676 4999 quando
703 4930 808 4986 tale
836 4939 920 4986 est
955 4938 1016 4986 ut
1055 4931 1194 4988 idem
1235 4935 1306 4990 sit
1340 4945 1398 4992 et
1431 4952 1585 5008 paena
1616 4955 1739 5010 pec-

202 5008 566 5083 uli,quantum
593 5029 676 5074 est
701 5019 844 5090 quod
872 5021 1015 5076 valet
1042 5022 1284 5080 voluntas
1308 5025 1406 5081 sub
1434 5008 1738 5088 dominante

203 5101 475 5185 φβίἁὶιειε,
517 5109 620 5166 nisi
666 5111 801 5168 forte
820 5156 836 5180 ,
864 5113 909 5168 si
955 5115 1039 5185 pia
1063 5124 1177 5182 est,
1209 5125 1268 5172 ut
1291 5129 1408 5176 oret
1440 5123 1738 5180 auxilium?

204 5183 252 5242 ιι)
269 5198 446 5286 tantum
469 5203 607 5257 enim
636 5203 804 5260 libera
830 5183 1024 5274 est,vin
1055 5217 1306 5279 quantum
1337 5211 1556 5271 liberata
1580 5226 1664 5272 est
1689 5217 1732 5286 ⁸,

206 5282 315 5376 etin
345 5297 529 5349 tantum
575 5298 874 5367 appellatur
917 5299 1179 5357 voluntas.
1211 5302 1458 5376 Alioquin
1487 5315 1596 5364 tota
1638 5282 1734 5365 cu;

206 5371 363 5443 Fidius
385 5383 425 5450 ',
464 5403 620 5458 quam
653 5391 899 5448 voluntas
942 5394 1154 5464 proprie
1197 5371 1548 5469 nuncupanda
1596 5410 1676 5457 est
1717 5419 1731 5456 :

169 5527 171 5535 ¹
257 5532 606 5619 155%”:
627 5549 916 5619 causam!
937 5558 1132 5614 peccato
1149 5556 1558 5619 cmypiscauiw.

259 5591 646 5687 ςῳῇρρξςῐέξξ
656 5591 1668 5687 ἳξξέὲᾟ)ιιι¹ἓῖιὶἇι“ἱ›“ῥὲἇὲν”ί”ὅν’ξῧὶἓῧῖἰηαιέ.

263 5664 380 5747 :Am.
398 5664 540 5730 etEr.,

298 5720 415 5774 ιὰι.
432 5726 536 5774 auia
548 5730 599 5774 in
612 5739 743 5774 tanta:

218 5757 415 5832 nisi";

259 5835 409 5911 ξιονιῖ

612 5739 799 5810 tangunt
1028 5743 1120 5810 est.
1139 5739 1233 5810 sed
1251 5738 1580 5810 elegantiores
1599 5751 1729 5810 155.,

504 5786 678 5860 ferunt,
701 5793 753 5860 in
772 5803 1001 5860 quasnam
1023 5786 1232 5850 liberata
1245 5786 1332 5852 est.

419 5848 768 5918 Mallius
1066 5848 1471 5918 Pramus/tm.
1493 5877 1544 5922 et
1560 5878 1634 5924 Er.
1655 5874 1728 5925 le-

1869 541 1988 596 quae
2029 542 2137 586 non
2175 539 2289 599 est,
2319 533 2457 590 sicut
2481 533 2755 601 Manichsei
2791 543 3089 620 desipiunt,
3117 549 3306 610 alienae
3348 570 3447 612 na-

1871 626 2003 673 turae
2039 620 2460 682 additamentum
2481 667 2498 692 ,
2539 629 2633 684 sed
2661 641 2859 691 nostra:
2898 643 3082 699 vitium
3118 659 3149 699 a
3187 660 3298 718 quo
3335 662 3443 706 non

1868 719 2084 767 sanatur
2122 713 2226 771 nisi
2267 718 2437 788 gratia
2465 716 2772 779 Salvatoris.
2815 725 2971 796 Quod
2995 732 3042 788 si
3069 713 3345 807 quimuam
3372 741 3448 798 di-

1867 801 1974 902 cit,
2001 805 2159 861 etiam
2201 809 2370 902 ipsam
2398 812 2740 883 cupiditatem
2785 819 2915 875 nihil
2957 801 3104 880 aliud
3285 846 3446 902 quam

1867 895 2214 962 voluntatem,
2237 901 2334 957 sed
2354 903 2597 960 vitiosam
2622 917 2944 981 peccatoque
2963 895 3318 988 servienme
3343 939 3450 982 non

1866 987 2225 1046 resistendum
2255 1002 2368 1060 est,
2403 1009 2502 1052 nec
2545 996 2614 1054 de
2654 999 2866 1070 verbis,
2912 1018 3034 1060 cum
3080 1023 3167 1065 res
3209 1024 3451 1081 constet,

1867 1084 2230 1138 controversia
2260 1083 2518 1142 facienda.
2547 1088 2721 1145 Etiam
2750 1092 2829 1147 sic
2851 1095 2994 1151 enim
3018 1101 3317 1160 ostenditur
3334 1108 3450 1164 sine

1865 1168 2136 1227 voluntate
2160 1172 2362 1229 nullum
2391 1191 2512 1233 esse
2534 1188 2810 1248 peccatum
2837 1184 2950 1241 sive
2977 1186 3031 1242 in
3056 1203 3237 1261 opere,
3261 1199 3374 1252 sive
3395 1197 3451 1256 in

1867 1261 2090 1332 origine.
3461 1313 3468 1341 ς

1937 1354 1990 1409 5.
2017 1354 2223 1413 Rursus
2247 1360 2299 1414 in
2330 1375 2397 1417 eo
2421 1363 2564 1432 quod
2606 1365 2746 1435 dixi,
2772 1366 2896 1424 Iam
2923 1389 3144 1442 quwrere
3175 1395 3446 1453 creperum,

1866 1453 2034 1500 utrum
2056 1446 2188 1502 illud
2210 1451 2399 1506 malum
2426 1470 2583 1522 genus
2602 1459 2908 1529 animarum,
2933 1474 3199 1537 antequam
3219 1446 3346 1527 bono

1864 1546 2103 1607 sceretur,
2122 1539 2371 1597 habuisset
2392 1545 2612 1616 aliquam
2638 1550 2960 1608 uoluntatem.
2989 1556 3052 1612 Si
3069 1560 3202 1614 enim
3228 1579 3331 1618 non
3359 1567 3453 1621 Ita-

1866 1626 2008 1682 bebat
2029 1669 2045 1696 ,
2074 1630 2182 1685 sine
2208 1643 2410 1703 peccato
2438 1646 2588 1708 atque
2611 1640 2853 1698 innocens
2886 1655 3032 1713 erat,
3069 1658 3117 1704 et
3156 1652 3268 1708 ideo
3309 1659 3451 1714 nullo

1864 1717 2013 1771 modo
2036 1720 2429 1818 malum(dap.
2459 1726 2545 1792 16,
2574 1745 2628 1783 n.
2666 1731 2776 1802 17).
2817 1732 2926 1790 Cur
2962 1736 3154 1810 igitur,
3183 1742 3448 1818 inquiunt,

1864 1821 2145 1879 peccatum
2197 1814 2375 1872 dicitis
2423 1821 2795 1892 parvulorum,
2846 1841 3077 1897 quorum
3122 1814 3448 1896 voluntatem

1864 1917 1970 1957 non
1999 1906 2192 1963 tenetis
2224 1911 2412 1965 ream?
2441 1911 2832 1985 Respondetur,
2859 1932 2966 1976 non
3003 1936 3101 1982 eos
3124 1929 3449 1998 proprietate

1861 1995 2166 2065 voluntatis,
2197 2001 2290 2057 sed
2320 2002 2524 2075 origine
2547 2023 2668 2063 reos
2692 2011 2879 2067 teneri.
2910 2012 3096 2072 Omnis
3113 1995 3256 2080 enim
3285 2023 3448 2083 homo

1863 2094 2108 2145 terrenus
2133 2092 2260 2162 quid
2297 2103 2380 2150 est
2419 2097 2642 2168 origine,
2691 2101 2794 2156 nisi
2837 2104 3041 2161 Adam?
3077 2108 3244 2169 Porro
3266 2123 3445 2174 autem

1859 2180 2028 2237 Ldam
2058 2181 2288 2240 habebat
2316 2187 2500 2258 utique
2527 2192 2873 2268 voluntatem,
2901 2212 3004 2268 qua
3030 2201 3301 2262 voluntate
3318 2223 3441 2266 cum

1859 2283 2152 2342 peccasset,
2181 2286 2459 2345 peceatum
2493 2295 2590 2350 per
2614 2267 2737 2338 eum
2765 2267 2978 2343 intravit
2997 2289 3050 2344 in
3079 2294 3355 2351 mundum.

1931 2364 1983 2418 6.
2015 2363 2251 2436 Itemque
2273 2368 2325 2422 in
2353 2376 2421 2426 e’o
2449 2371 2589 2440 quod
2618 2373 2760 2440 dixi,
2790 2375 2994 2433 Natura
3027 2397 3132 2437 esse
3160 2387 3310 2440 malle
3334 2391 3448 2443 ani-

1859 2469 1956 2506 ma:
1980 2455 2121 2510 nullo
2146 2458 2294 2512 modo
2314 2471 2534 2528 queunt,
2567 2464 2611 2517 si
2639 2466 2893 2533 qumritur
2926 2472 3192 2540 quomodo
3219 2479 3447 2548 accipia-

1857 2559 1980 2600 mus
1998 2547 2139 2616 quod
2164 2551 2239 2604 ait
2259 2551 2545 2619 Apostolus
2566 2573 2579 2609 :
2603 2554 2819 2612 Fuimus
2839 2569 2886 2613 et
2905 2572 3179 2618 nosnatura
3204 2567 3302 2633 ﬁlii
3330 2547 3440 2640 irae,

1856 2637 1984 2690 sicut
2015 2647 2062 2692 et
2086 2642 2253 2695 ueteri
2282 2641 2498 2715 (Ephes.
2536 2662 2593 2713 ιι,
2622 2647 2714 2719 5);
2751 2652 3164 2723 respondemus,
3202 2637 3445 2718 naturam

1857 2727 1912 2782 in
1942 2728 2025 2784 his
2045 2731 2224 2787 verbis
2239 2736 2374 2789 meis
2403 2751 2489 2791 me
2510 2738 2970 2810 iutelligivoluisse
2999 2745 3161 2813 illam,
3190 2765 3309 2820 qua:
3325 2769 3448 2822 pro-

1855 2821 1970 2890 prie
2000 2830 2186 2878 natura
2202 2822 2414 2890 dicitur,
2434 2827 2487 2882 in
2507 2843 2608 2899 qua
2634 2830 2749 2887 sine
2763 2832 2890 2888 vitio
2908 2837 3070 2892 creati
3087 2854 3289 2894 sumus.
3312 2841 3443 2901 Nam

1854 2911 1951 2967 ista
1975 2924 2190 2984 propter
2206 2916 2465 2988 originem
2492 2930 2676 2976 natura
2697 2925 2992 2992 appellatur
3011 2945 3023 2980 :
3041 2943 3159 2999 quae
3177 2933 3328 3002 origo
3347 2935 3445 2991 uti-

1853 3019 1957 3074 que
1987 3004 2147 3061 habet
2166 3007 2349 3063 vitium
2373 3050 2389 3076 ,
2418 3012 2560 3081 quod
2588 3022 2671 3069 est
2711 3025 2896 3071 contra
2937 3029 3199 3078 naturam.
3246 3025 3314 3081 Et
3341 3026 3442 3085 ite-

1852 3109 1972 3149 rum
1997 3097 2048 3151 in
2077 3112 2142 3152 eo
2168 3099 2308 3170 quod
2334 3099 2532 3156 dictum
2558 3112 2662 3172 est,
2692 3103 2897 3162 Peccati
2923 3126 3063 3167 reum
3090 3117 3248 3171 teneri
3269 3134 3444 3189 quem-

1852 3203 2024 3256 quam,
2053 3191 2174 3259 quia
2216 3207 2315 3245 non
2342 3193 2458 3264 fecit
2494 3195 2629 3265 quod
2670 3199 2836 3268 facere
2869 3217 2970 3256 non
3013 3206 3192 3274 potuit,
3232 3224 3444 3268 summa:

1851 3279 2128 3351 iniquitatis
2152 3293 2198 3337 et
2239 3283 2451 3341 insania:
2489 3297 2582 3355 est,
2614 3287 2722 3344 Cur
2743 3306 2892 3364 ergo,
2927 3294 3174 3366 inquiunt
3194 3340 3210 3368 ,
3239 3304 3444 3372 parvuli

1852 3380 2096 3430 tenentur
2125 3377 2236 3432 rei?
2268 3377 2646 3449 Respondetur
2672 3423 2687 3449 ,
2716 3385 2840 3455 quia
2868 3401 2936 3443 ex
2975 3389 3091 3459 ejus
3125 3394 3330 3465 origine
3360 3405 3442 3454 te-

1851 3476 2062 3534 nentur,
2095 3469 2185 3540 qui
2209 3486 2315 3526 non
2345 3472 2469 3528 fecit
2495 3475 2638 3544 quod
2668 3476 2839 3535 facere
2868 3482 3056 3551 potuit,
3078 3484 3316 3545 divinum
3336 3490 3441 3548 sci-

1850 3556 1975 3612 licet
2002 3573 2220 3616 servare
2247 3562 2576 3620 mandatum.
2608 3565 2760 3634 Quod
2796 3580 2974 3627 autem
3000 3573 3145 3642 dixi,
3182 3576 3302 3635 Illae
3324 3582 3438 3637 ani-

1849 3663 1946 3702 ma:
1992 3649 2236 3721 quidquid
2262 3655 2486 3723 faciunt,
2519 3656 2564 3710 si
2588 3666 2772 3714 natura
2807 3677 2910 3716 non
2947 3664 3199 3724 voluntate
3223 3669 3438 3740 faciunt,

1849 3741 1902 3793 id
1927 3750 1998 3795 est
2019 3784 2034 3808 ,
2061 3743 2106 3797 si
2134 3743 2288 3799 libero
2333 3755 2380 3800 et
2420 3747 2488 3801 ad
2529 3750 2815 3820 faciendum
2856 3763 2904 3808 et
2929 3756 2998 3810 ad
3024 3774 3124 3813 non
3151 3760 3442 3830 faciendum

1848 3842 1988 3886 motu
2015 3834 2171 3888 animi
2201 3848 2409 3906 carent,
2453 3841 2498 3895 si
2525 3840 2736 3913 denique
2770 3845 2848 3900 In's
2878 3831 3159 3906 abstinendi
3188 3854 3251 3908 ab
3291 3873 3442 3928 opere

1847 3939 1940 3978 suo
1963 3933 2183 3994 potestas
2205 3928 2350 3982 nulla
2375 3932 2689 4000 conceditur,
2715 3946 2973 4005 peccatum
3008 3957 3181 3996 earum
3226 3955 3390 4002 tenere
3413 3950 3431 3982 ⁸

1848 4030 1947 4068 non
1969 4032 2233 4086 possumus
2256 4019 2407 4090 (Cap.
2431 4022 2518 4091 12,
2551 4041 2603 4076 n.
2635 4025 2722 4096 17)
2745 4042 2758 4078 :
2784 4037 3062 4099 propterea
3089 4048 3194 4088 non
3224 4046 3434 4106 pertur-

1846 4105 1936 4161 bat
1955 4107 2022 4162 de
2051 4110 2282 4178 parvulis
2311 4113 2552 4181 quaestio,
2582 4116 2705 4185 quia
2743 4133 2808 4172 ex
2844 4119 2986 4176 illius
3011 4123 3216 4194 origine
3248 4129 3325 4184 rei
3352 4138 3433 4187 te-

1847 4206 2060 4261 nentur,
2082 4199 2463 4270 quivoluntate
2493 4206 2765 4274 peccavit,
2808 4210 3021 4280 quando
3065 4211 3233 4272 libero
3273 4225 3329 4274 et
3363 4220 3433 4278 ad

1847 4287 2148 4344 faciendum
2175 4297 2231 4345 et
2254 4290 2320 4346 ad
2346 4307 2453 4347 non
2480 4293 2780 4352 iaciendum
2809 4307 2953 4354 motu
2969 4301 3131 4359 animi
3153 4320 3258 4362 non
3282 4323 3434 4367 care-

1846 4375 1954 4444 bat,
1985 4379 2140 4450 eiquc
2169 4380 2237 4435 ab
2261 4395 2425 4452 opere
2461 4385 2603 4442 malo
2632 4386 2930 4446 abstinendi
2953 4407 3167 4460 summa
3195 4407 3433 4468 potestas

1844 4476 1978 4523 erat.
1995 4469 2146 4537 Quod
2164 4471 2444 4529 Manichmi
2470 4475 2538 4532 de
2558 4478 2900 4535 tenebrarum
2917 4492 3073 4552 gente
3089 4501 3196 4542 non
3221 4487 3427 4562 dicunt,

1844 4574 2002 4628 quam
2028 4559 2426 4621 fabulosissime
2455 4566 2730 4634 inducunt,
2763 4585 2989 4644 eamque
3011 4586 3253 4638 naturam
3282 4559 3426 4641 sem;

1843 4664 1939 4721 per
1961 4653 2177 4720 malam,
2207 4671 2476 4726 nunquam
2509 4657 2702 4714 bonam
2728 4661 2890 4720 fuisse
2910 4668 3260 4728 contendunt.
3441 4706 3446 4732 ;

1915 4742 1968 4796 7.
2015 4741 2148 4799 Illud
2190 4755 2370 4801 autem
2417 4749 2580 4818 quaeri
2628 4760 2805 4821 potest
2855 4757 3120 4825 quomodo
3161 4760 3424 4836 dixerim,

1842 4831 2011 4887 Etiam
2031 4835 2074 4888 si
2099 4846 2212 4890 sunt
2233 4836 2435 4906 anime,
2458 4841 2594 4911 quod
2618 4842 2816 4899 interim
2849 4849 3094 4906 incertum
3117 4863 3213 4922 est,
3240 4831 3424 4932 carpo;

1841 4923 1940 4979 reis
1979 4925 2170 4995 ofﬁciis,
2193 4943 2294 4982 non
2338 4939 2562 5000 peccato,
2609 4933 2699 4988 sed
2741 4945 2925 4993 natura
2963 4940 3166 5012 dedite,
3213 4923 3421 5022 nosque,

1839 5031 2125 5085 quanquam
2149 5019 2247 5073 sint
2269 5019 2562 5093 inferiores,
2597 5025 2766 5096 aliqua
2798 5038 2964 5087 tamen
2988 5033 3224 5096 interiore
3246 5019 3424 5100 uicini?

1841 5114 1940 5162 tate
1966 5110 2294 5182 contingunt;
2327 5130 2428 5169 non
2467 5114 2585 5172 illas
2617 5117 2731 5174 ideo
2759 5123 2918 5179 malas
2961 5125 3135 5185 haberi
3171 5120 3421 5204 oportere,

1839 5192 1957 5262 quia
1982 5210 2071 5248 nos
2096 5211 2208 5249 cum
2236 5213 2320 5252 eas
2349 5200 2603 5270 sequimur
2628 5212 2675 5258 et
2699 5221 2938 5278 corporea
2971 5192 3231 5285 diligimus
3253 5259 3268 5284 ,
3298 5192 3422 5276 mali

1837 5300 2011 5341 sumus
2022 5303 2043 5354 ;
2068 5289 2495 5361 quandoquidem
2515 5292 2584 5350 de
2611 5293 2716 5352 illis
2741 5295 2842 5355 hoc
2867 5299 3000 5371 dixi,
3018 5303 3085 5361 de
3107 5308 3299 5378 quibus
3322 5326 3418 5367 su-

1837 5440 2445 5529 gemmantem?“
2466 5453 2918 5529 Ἲὲορεξαεριφιιιρ
2939 5455 3235 5529 fere
3252 5463 3300 5512 In
3318 5475 3419 5529 quo

1835 5504 2824 5588 Εεξνεέᾞᾞδέίξπνέϐξῖὶ
2842 5504 3004 5588 alier
3022 5504 3387 5588 ’ίιῖιιῧῦ

1835 5560 2126 5644 Suilii???
2141 5560 2299 5644 Αῐῖὲἓον
2314 5560 2467 5643 tutius
2592 5560 3271 5644 ”ὲὶὶρῗίὶίίῖὶιδῗίῖὲὄδὲἀ’ὖῖἆέὖ
3287 5560 3418 5644 ἵξοἷᾶ

1834 5625 2014 5714 ἑιιεὶξιιε
2028 5630 2155 5714 utcin
2170 5625 2364 5714 caeteris
2376 5625 2891 5714 agmtopomjﬂiiiih,
2906 5625 3418 5714 ᾁὶιῇιιέῖξῖέιιῖέιιᾘᾶ

1833 5694 1878 5736 s.
1925 5695 2043 5764 Aug.
2088 5691 2160 5766 sic
2195 5690 2226 5741 2
2256 5699 2614 5766 κατέλειψεν.
2638 5690 2676 5746 6
2693 5690 2894 5770 atquae
2925 5690 3043 5750 inihi
3075 5690 3212 5763 quasi
3245 5690 3414 5760 ita

1841 5766 1864 5795 α
1879 5757 2026 5817 matio
2041 5751 2182 5812 levis,
2202 5767 2346 5817 quam
2364 5769 2523 5817 gravns
2532 5757 2771 5808 confesso
2792 5759 2997 5809 Videtur.
3011 5776 3034 5806 ι

1841 5766 1864 5795 ί
1879 5762 2026 5801 mam
2041 5762 2182 5812 “"18,
2202 5767 2346 5817 quam
2364 5762 2523 5817 gravis
2532 5762 2771 5808 confessio
2792 5762 2997 5809 videtur.
3011 5776 3034 5806 ι
3094 5762 3104 5763 '

1868 5813 2171 5892 “£31922;
2185 5817 2526 5892 aesaes-sis.
2541 5819 2724 5892 φάρε’
2740 5827 2936 5892 arcem
2949 5833 3117 5875 ωησκ
3139 5824 3308 5880 tatas.
3337 5828 3416 5886 an

1835 5875 1982 5925 etiam
1997 5879 2109 5926 Lov.
2125 5875 2178 5927 in
2196 5875 2320 5927 libro
2333 5876 2398 5929 de
2414 5879 2605 5928 Duabus
2615 5875 2886 5932 Aniin'abus.
