3878 6270
597 487 652 545 3.
692 485 814 543 Alio
856 483 975 541 loco
1003 477 1136 553 (Lib.
1162 477 1186 527 1
1213 511 1227 538 ,
1255 483 1300 523 c.
1342 465 1406 532 6,
1433 481 1485 518 n.
1519 463 1608 535 17)
1655 462 1795 534 quod
1827 459 2120 531 interposui

527 580 923 640 testimonium,
972 565 1094 624 Non
1133 564 1265 620 enim
1293 559 1360 614 ad
1395 573 1682 613 mensuram
1723 556 1810 609 dat
1847 553 1985 608 Deus
2010 553 2116 620 spi-

528 676 682 730 ritum
712 667 888 740 (Joan.
915 679 994 730 Ill,
1021 659 1136 729 3-5),
1165 652 1400 711 nondum
1426 649 1792 705 intellexeram
1815 645 1882 701 de
1907 643 2118 740 Christo

528 733 745 835 proprie
773 757 951 814 verius
992 745 1342 819 accipi._Aliis
1369 743 1563 814 quippe
1591 738 1892 794 hominibus
1917 733 2116 835 11181311

528 826 836 914 mensuram
863 848 1079 903 daretur
1109 839 1360 911 spiritus,
1391 849 1499 891 non
1529 833 1745 902 duplum
1777 836 1979 900 peteret
2007 826 2118 881 Eii-

530 959 672 1003 saeus
697 955 854 1014 quam
884 937 979 992 fuit
1009 934 1061 988 in
1089 931 1220 986 Elia.
1252 929 1381 982 Item
1412 923 1553 996 quod
1579 921 1834 991 scriptum
1863 925 1945 974 est
1965 960 1978 984 ,
2003 917 2119 1014 Iota

531 1009 728 1101 unum,
755 1041 844 1087 aut
872 1045 1002 1084 unus
1027 1039 1160 1096 apex
1185 1039 1286 1077 non
1312 1018 1519 1074 transiet
1557 1033 1587 1068 a
1623 1013 1729 1085 lege
1769 1011 1924 1066 donec
1951 1009 2121 1064 omnia

530 1127 698 1202 ﬁant(
726 1123 912 1180 Matth.
938 1136 994 1186 v,
1026 1117 1137 1188 18),
1160 1129 1281 1171 cum
1303 1122 1659 1202 exponerem,
1680 1103 1812 1202 nilnil
1832 1102 1940 1202 dixi
1964 1115 2120 1171 posse

530 1196 676 1278 aliud
691 1196 919 1284 intelligi
944 1252 960 1278 ,
998 1209 1100 1264 nisi
1144 1206 1515 1262 vehementem
1539 1196 1878 1271 perfectionis
1901 1208 2121 1265 expres-

533 1313 740 1370 sionem
781 1305 917 1378 (Lib.
953 1303 1005 1368 1,
1050 1316 1096 1354 c.
1126 1301 1180 1364 8,
1213 1315 1265 1351 n.
1293 1295 1407 1368 20).
1459 1291 1563 1349 Ubi
1606 1291 1796 1346 merito
1839 1287 2115 1360 quaeritur,

533 1412 713 1459 utrum
743 1398 840 1452 ista
867 1391 1123 1464 perfectio
1154 1389 1229 1443 sic
1254 1385 1419 1458 possit
1447 1381 1705 1453 intelligi,
1732 1389 1793 1435 ut
1820 1388 1994 1434 tamen
2023 1393 2119 1432 ve-

535 1508 653 1550 rum
681 1491 772 1553 sit,
793 1486 1059 1542 neminem
1081 1483 1190 1553 jam
1222 1485 1457 1533 utentem
1484 1471 1770 1529 voluntatis
1789 1469 2008 1525 arbitrio
2035 1467 2122 1523 hic

538 1586 715 1641 vivere
741 1582 857 1636 sine
879 1583 1117 1648 peccato.
1150 1572 1194 1626 A
1235 1584 1341 1642 quo
1380 1566 1523 1624 enim
1550 1579 1718 1635 usque
1744 1562 1811 1617 ad
1833 1577 1992 1616 unum
2020 1560 2122 1630 api-

539 1692 657 1733 cem
687 1674 772 1727 lex
817 1666 999 1740 perﬁci
1033 1671 1241 1736 potest,
1291 1659 1391 1716 nisi
1419 1674 1449 1714 a
1478 1672 1583 1729 quo
1608 1656 1739 1711 ﬁunt
1765 1654 2012 1711 universa
2051 1653 2122 1708 di-

538 1765 662 1820 vina
705 1747 1000 1817 mandata?
1032 1753 1138 1811 Sed
1177 1753 1229 1808 in
1283 1749 1482 1806 eisdem
1533 1745 1796 1802 mandatis
1843 1753 1926 1800 est
1963 1743 2121 1799 etiam

538 1855 679 1930 quod
701 1854 948 1926 jubemur
971 1849 1170 1912 dicere,
1202 1844 1408 1899 Dimitte
1428 1837 1568 1896 nobis
1601 1840 1764 1894 debita
1787 1845 1985 1902 nostra,
1996 1837 2125 1930 sicut

541 1924 589 2005 et
628 1924 718 2002 nos
755 1944 1051 1999 dimittimus
1089 1935 1390 1992 debitoribus
1422 1932 1606 1987 nostris
1639 1929 1848 2004 (Matth.
1881 1944 1934 1983 vr
1954 1970 1967 1994 ,
1991 1924 2079 1997 12)
2107 1943 2120 1980 :

541 2055 701 2113 quam
725 2037 1016 2092 orationem
1044 2045 1210 2101 usque
1237 2028 1290 2082 in
1331 2027 1490 2081 ﬁnem
1521 2023 1699 2079 szcculi
1728 2029 1836 2077 tota
1865 2019 1994 2075 dicit
2032 2019 2126 2073 Ec-

543 2110 726 2189 clesia.
751 2126 937 2184 Omnia
966 2137 1094 2195 ergo
1117 2119 1364 2177 mandata
1384 2118 1522 2172 facta
1539 2115 1887 2186 deputantur,
1914 2110 2126 2184 quando

543 2217 798 2293 quidquid
834 2230 940 2272 non
965 2215 1026 2269 ﬁt
1048 2211 1356 2283 ignoscitur.

541 2292 566 2382 ζ,
613 2312 669 2367 4.
699 2309 840 2365 Sane
859 2303 1001 2377 quod
1027 2304 1102 2358 ait
1125 2301 1398 2362 Dominus,
1433 2295 1740 2366 Quicumque
1758 2292 1958 2348 solverit
1973 2305 2128 2344 unum

545 2403 610 2458 de
638 2398 890 2455 mandatis
919 2395 1029 2450 istis
1053 2391 1272 2447 minimis
1297 2429 1310 2449 ,
1340 2396 1385 2443 et
1423 2387 1648 2442 docuerit
1672 2385 1773 2450 sic,
1815 2392 1867 2438 et
1901 2391 2090 2437 caetera
2108 2421 2124 2446 ,

544 2505 718 2563 usque
737 2488 803 2545 ad
839 2501 962 2542 eum
987 2485 1159 2538 locum
1187 2481 1276 2536 ubi
1305 2480 1400 2546 ait,
1434 2476 1552 2532 Nisi
1578 2474 1903 2530 abundaverit
1923 2473 2129 2544 justitia

546 2591 711 2637 oestro
744 2578 859 2651 plus
886 2591 1036 2648 quam
1076 2574 1368 2630 Scribarum
1406 2579 1452 2625 et
1483 2567 1856 2623 Pharisaeorum
1877 2607 1892 2633 ,
1924 2581 2025 2620 non
2044 2566 2127 2620 in-

550 2675 743 2733 trabitis
769 2674 824 2728 in
848 2686 1061 2743 regnum
1083 2665 1323 2722 castorum
1346 2663 1454 2738 (Id.
1483 2678 1539 2728 v,
1573 2659 1756 2732 18-20)
1785 2677 1799 2726 ;
1828 2659 1993 2714 multo
2017 2673 2130 2714 me-

548 2768 654 2825 lius
689 2775 742 2822 et
782 2759 1189 2820 convenientius
1233 2754 1453 2827 exposui
1495 2754 1548 2808 in
1588 2751 1704 2808 aliis
1747 2750 2130 2822 posterioribus

548 2855 884 2915 sermonibus
911 2851 1080 2919 meis,
1128 2846 1271 2919 quod
1311 2846 1470 2902 etiam
1509 2843 1598 2898 hic
1638 2851 1880 2898 retexere
1912 2840 2128 2911 longum

549 2957 652 3007 est.
681 2946 761 3003 Ad
787 2945 888 3000 hoc
910 2951 1087 2998 autem
1115 2941 1216 2995 iste
1245 2939 1313 2994 ibi
1344 2935 1647 3008 perducitur
1669 2947 1860 2989 sensus
1901 2931 2035 3004 (Lib.
2063 2931 2089 2985 1
2114 2972 2128 2994 ,

550 3058 599 3096 c.
629 3041 683 3104 9,
711 3055 762 3092 n.
790 3034 919 3106 21),
949 3042 1006 3087 ut
1031 3045 1216 3087 eorum
1248 3028 1317 3083 sit
1341 3026 1542 3097 iustitia
1572 3024 1772 3094 major,
1803 3036 1961 3092 quam
1985 3021 2130 3077 Scri-

552 3132 739 3189 barum
772 3137 826 3184 et
867 3125 1286 3188 Pharisaeorum,
1310 3119 1400 3190 qui
1444 3118 1628 3173 dicunt
1663 3124 1717 3171 et
1756 3115 1955 3170 faciunt
1995 3115 2032 3166 ί.
2063 3115 2134 3168 De

556 3221 758 3279 Scribis
796 3219 993 3289 quippe
1019 3223 1076 3270 et
1103 3209 1386 3268 Pharisaeis
1421 3208 1528 3263 alio
1563 3207 1684 3262 loco
1728 3207 1843 3276 ipse
1883 3204 2134 3260 Dominus

556 3313 632 3368 ait
660 3329 675 3365 :
703 3309 888 3363 Dicunt
923 3306 1085 3373 enim,
1113 3312 1159 3359 et
1189 3318 1290 3356 non
1314 3303 1504 3373 faciunt
1534 3297 1742 3370 (Matth.
1768 3312 1924 3361 χχιιι,
1964 3294 2040 3368 5).
2073 3295 2136 3350 11-

557 3401 649 3459 Iud
684 3400 842 3456 etiam
881 3395 1075 3453 melius
1115 3390 1477 3448 intelleximus
1504 3396 1688 3459 postea
1714 3387 1854 3457 quod
1882 3386 2134 3456 scriptum

559 3505 674 3552 est:
702 3492 802 3560 Qui
829 3489 1063 3545 irascitur
1089 3484 1238 3558 fratri
1261 3499 1350 3538 suo
1383 3481 1492 3554 (Id.
1521 3497 1577 3550 v,
1603 3479 1718 3550 22).
1749 3478 1974 3534 Codices
1995 3477 2138 3533 cnim

559 3586 718 3662 graeci
744 3599 846 3641 non
872 3580 1089 3647 habent,
1113 3579 1222 3633 sine
1244 3592 1395 3630 causa
1418 3576 1439 3606 ²
1459 3616 1475 3641 ,
1507 3574 1644 3628 sicut
1667 3571 1752 3626 hic
1779 3570 2003 3641 positum
2024 3577 2135 3634 est;

562 3677 806 3752 quamvis
833 3674 972 3730 idem
1002 3674 1116 3744 ipse
1141 3671 1211 3725 sit
1239 3681 1451 3724 sensus.
1483 3664 1611 3720 Illud
1637 3665 1776 3718 enim
1807 3663 2034 3718 diximus
2062 3663 2141 3716 in-

562 3771 817 3828 tuendum
837 3809 854 3836 ,
879 3765 1006 3838 quid
1033 3764 1102 3820 sit
1129 3762 1282 3818 irasci
1311 3759 1457 3816 fratri
1484 3773 1608 3823 suo;
1635 3757 1881 3829 quoniam
1907 3771 2010 3810 non
2039 3753 2142 3809 fra-

559 3865 628 3919 tri
659 3859 942 3925 irascitur,
989 3855 1080 3928 qui
1109 3862 1330 3925 peccato
1354 3851 1531 3906 fratris
1568 3848 1830 3904 irascitur.
1875 3847 1972 3914 Qui
2015 3861 2142 3918 ergo

561 3956 744 4022 fratri,
772 3967 880 4009 non
912 3956 1134 4022 peccato
1158 3945 1435 4010 irascitur,
1467 3943 1583 3998 sine
1623 3955 1780 3997 causa
1807 3940 2068 3995 irascitur.

557 4075 564 4082 -
632 4049 685 4104 5.
720 4048 848 4103 Item
873 4040 1014 4116 quod
1038 4040 1178 4107 dixi,
1210 4037 1322 4094 Hoc
1346 4046 1392 4093 et
1417 4036 1481 4092 de
1508 4045 1651 4107 patre
1669 4043 1714 4090 et
1741 4035 1802 4088 de
1823 4043 1982 4087 matre
2009 4041 2053 4086 et
2083 4032 2144 4085 de

563 4141 758 4198 ceteris
793 4136 1006 4193 uinculis
1030 4132 1291 4205 sanguinis
1317 4129 1697 4200 intelligendum
1741 4136 1846 4195 est,
1889 4139 1944 4180 ut
1985 4127 2038 4179 in
2073 4126 2144 4180 eis

565 4233 820 4290 oderimus
848 4227 980 4301 quod
1005 4241 1161 4300 genus
1200 4225 1479 4278 humanum
1515 4220 1764 4275 nascendo
1801 4229 1847 4273 et
1887 4218 2144 4273 moriendo

564 4325 796 4381 sortitum
822 4331 893 4375 est
919 4317 1054 4392 (Lib.
1086 4318 1138 4384 1,
1161 4333 1207 4371 c.
1233 4315 1322 4381 15,
1345 4330 1400 4368 n.
1426 4310 1542 4382 M),
1569 4311 1640 4365 ita
1662 4319 1844 4375 sonat,
1868 4310 2018 4381 quasi
2039 4325 2143 4365 non

564 4421 749 4470 essent
788 4413 978 4467 futurae
1016 4407 1135 4464 ista
1178 4401 1633 4469 necessitudines,
1675 4401 1721 4458 si
1761 4401 1907 4457 nullo
1946 4410 2146 4456 natum

565 4507 812 4564 humana:
839 4501 1177 4575 praecedente
1201 4507 1420 4571 peccato
1447 4511 1604 4554 nemo
1632 4502 1962 4562 moreretur;
1991 4508 2145 4564 quem

568 4613 786 4656 sensum
811 4596 921 4667 jam
949 4592 1197 4666 superius
1237 4590 1553 4663 improbavi.
1603 4589 1798 4643 Essent
1840 4587 1983 4643 enim
2025 4600 2148 4656 pro-

571 4691 708 4745 fecto
735 4686 1079 4760 cognationes
1099 4693 1153 4741 et
1175 4683 1486 4748 affinitates,
1517 4679 1723 4736 etiamsi
1743 4676 1985 4750 originali
2006 4677 2147 4732 nullo

572 4781 837 4838 existente
860 4784 1098 4848 peccato,
1123 4775 1240 4832 sine
1262 4781 1435 4831 morte
1461 4779 1729 4829 cresceret
1750 4778 1804 4826 et
1827 4768 2146 4840 multiplica-

572 4879 724 4931 retur
748 4883 914 4942 genus
939 4868 1249 4924 humanum.
1273 4867 1352 4922 Ac
1379 4879 1475 4936 per
1492 4863 1595 4918 hoc
1617 4862 1771 4917 aliter
1789 4858 2040 4916 solvenda
2067 4867 2149 4916 est

574 4963 819 5038 questio,
847 4977 945 5019 cur
961 4962 1218 5019 Dominus
1246 4962 1563 5032 prteceperit
1584 4955 1882 5027 diligendos
1905 4953 2147 5010 inimicos

575 5055 788 5130 (Matth.
816 5070 872 5123 ν,
901 5053 992 5126 41)
1014 5095 1031 5122 ,
1058 5069 1181 5109 cum
1219 5053 1326 5107 alio
1351 5052 1466 5107 loco
1494 5048 1765 5120 pmcipiat
1790 5046 1912 5103 odio
1949 5046 2150 5101 baben-

571 5149 670 5206 dos
697 5155 752 5204 et
779 5153 1026 5218 parentes
1050 5154 1106 5202 et
1132 5144 1270 5200 ﬁlios
1299 5142 1448 5216 (Luc.
1472 5156 1585 5208 xiv,
1615 5138 1734 5211 26),
1765 5151 1873 5195 non
1901 5137 2038 5194 sicut
2064 5136 2152 5194 hic

571 5241 747 5297 soluta
795 5247 877 5296 est
903 5279 919 5307 ,
963 5235 1062 5294 sed
1127 5236 1267 5292 sicut
1339 5249 1458 5291 eam
1511 5233 1772 5304 posterius
1819 5245 1964 5301 saepe
1991 5230 2150 5286 solvi-

571 5346 731 5389 mus:
755 5330 808 5387 id
830 5340 944 5396 est,
986 5336 1047 5385 ut
1079 5327 1362 5399 diligamus
1389 5325 1633 5381 inimicos
1663 5322 1945 5380 luerandos
1987 5336 2152 5392 regno

553 5438 565 5491 ’
635 5461 876 5532 ιιρρτίιιε
905 5459 1101 5532 emes
1129 5455 1444 5532 lemurum
1471 5455 1637 5532 dicunt
1654 5453 2028 5532 etMIW;
2065 5461 2154 5532 Ie-

572 5518 834 5588 pnnxitims
857 5529 1124 5590 recentem
1153 5518 1450 5590 ρδςιίσξιιέωθ
1482 5531 1594 5583 quae
1621 5531 1651 5568 ³
1667 5518 1958 5590 regebat:
1973 5524 2027 5568 ιιι
2046 5531 2154 5582 υτο-

572 5579 772 5646 ἱιοιιιθη,
789 5582 888 5650 qui,
913 5579 1171 5634 {elativnni
1191 5583 1254 5632 sit
1268 5582 1328 5631 ad
1345 5579 1649 5645 eos'qn'orum
1659 5579 1844 5642 iustitia
1861 5579 2026 5642 major.
2047 5579 2060 5582 '

639 5650 661 5681 ⁸
685 5655 816 5698 Nunc
833 5654 996 5698 tamen
1023 5645 1104 5695 vix
1125 5642 1279 5694 ullum
1301 5644 1521 5705 reperias
1551 5655 1763 5705 graecum
1796 5640 2036 5705 codicem,
2071 5643 2150 5705 qui

639 5654 661 5681 ι
685 5655 816 5698 Nunc
833 5654 996 5698 tamen
1023 5654 1104 5695 vix
1125 5654 1279 5694 unum
1301 5655 1521 5705 reperias
1551 5655 1763 5705 graecum
1796 5654 2036 5702 comcem,
2071 5654 2154 5705 qm

576 5719 676 5759 non
693 5708 871 5759 habeat
890 5705 1013 5768 εὔιε,
1030 5704 1645 5768 εὲηεεᾳωα;‹ιιιοι11ιιειιο
1672 5716 1867 5767 quoque
1885 5703 2155 5768 chrysosto-

578 5779 688 5840 tnus
701 5768 917 5840 legebat.
950 5766 1286 5840 td_’_radendum
1305 5766 1418 5817 esse
1439 5766 1504 5816 ait
1519 5766 1849 5840 Hieronymus,
1867 5766 2156 5829 angustiam

568 5839 703 5910 ’ξατο
716 5828 796 5879 hic
810 5830 868 5879 ad
889 5829 1159 5894 legitimum
1175 5843 1370 5882 sensuri
1391 5835 1599 5881 revocat.

1597 335 2223 405 RETRACTATIONUM
2259 339 2317 400 s.
2359 334 2723 400 AUGUSTINI
3211 329 3216 338 ‘
3621 351 3698 414 sic

2227 456 2322 510 Dei
2363 497 2377 521 ,
2420 465 2473 510 et
2500 454 2770 510 oderimus
2797 451 2849 507 in
2879 452 3216 525 propinquis,
3257 453 3299 510 si
3326 453 3701 527 impediuntare.

2225 564 2328 619 gno
2351 547 2464 603 Dei.

2298 639 2349 694 θ·
2397 638 2525 694 Ιίθιη
2557 639 2622 694 de
2652 645 2916 710 praecepto
2941 653 3045 708 quo
3070 639 3367 709 prohibetur
3389 659 3506 700 uxor
3539 644 3704 723 dimitti,

2225 730 2326 785 nisi
2341 739 2555 801 propter
2577 728 3000 795 fornicationem,
3016 728 3104 783 hic
3119 731 3327 800 quidem
3343 737 3709 806 scrupulosissime

2225 821 2490 893 disputavi
2525 820 2659 893 (Lib.
2685 823 2736 887 1,
2766 838 2811 875 c.
2835 820 2950 891 91).
2978 821 3083 876 Sed
3111 837 3263 892 quam
3287 825 3404 880 velit
3429 827 3638 886 Dominus
3654 833 3710 889 iu-

2225 913 2386 984 telligi
2429 912 2866 977 fornicationem,
2899 920 3116 984 propter
3157 929 3308 984 quam
3350 916 3489 973 liceat
3513 920 3711 984 dimittere

2224 1019 2481 1071 uxorem;
2514 1014 2689 1059 utrum
2718 1019 2838 1060 eam
2864 1021 2981 1075 quae
3002 1005 3281 1062 damnatur
3304 1008 3353 1062 in
3380 1013 3577 1080 stupris,
3599 1029 3649 1070 an
3667 1019 3711 1074 il-

2224 1096 2329 1152 lam
2368 1097 2438 1153 de
2475 1113 2579 1168 qua
2605 1097 2830 1166 dicitur,
2867 1096 3142 1153 Perdidisti
3180 1118 3368 1156 omnem
3408 1106 3483 1174 qui
3508 1110 3715 1177 fornicatur

2225 1188 2312 1243 abs
2330 1198 2375 1243 te
2390 1187 2559 1259 (Psal.
2583 1204 2745 1256 Lxeu,
2767 1189 2880 1260 27),
2906 1189 2958 1244 in
2985 1206 3087 1260 qua
3113 1191 3290 1261 utique
3310 1202 3362 1247 et
3381 1193 3470 1248 ista
3489 1206 3556 1252 est
3574 1199 3716 1272 (neque

2225 1283 2367 1338 enim
2413 1297 2517 1337 non
2545 1281 2838 1338 fornicatur
2866 1297 2894 1336 a
2926 1282 3179 1350 Domino,
3211 1285 3299 1354 qui
3336 1285 3512 1342 tollens
3543 1293 3716 1349 membra

2223 1375 2453 1442 Christi,
2500 1375 2623 1430 facit
2660 1390 2723 1431 ea
2756 1375 3009 1430 membra
3050 1376 3568 1449 meretricis);etiam
3605 1391 3718 1454 atque

2224 1469 2384 1526 etiam
2415 1467 2753 1539 cogitandum
2779 1475 2860 1523 est
2898 1475 3056 1538 atque
3100 1467 3482 1538 requirendum.
3517 1471 3604 1528 Nec
3635 1477 3721 1531 volo

2226 1561 2281 1616 in
2311 1576 2368 1616 re
2408 1569 2550 1615 tanta
2578 1568 2796 1632 tamque
2837 1560 2901 1615 ad
2933 1560 3348 1632 dignoscendum
3375 1562 3556 1621 difﬁcili
3589 1577 3721 1637 putare

2226 1651 2484 1707 lectorem
2507 1693 2521 1716 ,
2573 1651 2727 1706 istam
2756 1651 2858 1705 sibi
2885 1660 3119 1707 nostram
3160 1652 3546 1723 disputationem
3583 1658 3722 1717 debere

2225 1742 2471 1799 sufﬁcere
2500 1761 2511 1796 :
2547 1744 2638 1798 sed
2667 1743 2804 1813 legat
2831 1752 2888 1800 et
2930 1743 3067 1808 alia,
3098 1744 3210 1801 sive
3251 1755 3426 1801 nostra
3463 1764 3565 1818 qute
3593 1762 3722 1820 postea

2226 1835 2424 1906 scripta
2453 1842 2605 1899 sunt,
2634 1835 2747 1890 sive
2784 1834 3007 1897 aliorum
3051 1836 3244 1890 melius
3286 1837 3584 1894 considerata
3613 1849 3723 1911 atque

2228 1934 2481 1992 tractata;
2510 1927 2595 1981 vel
2619 1927 2731 1997 ipse
2755 1927 2798 1982 si
2831 1935 3034 1997 potest,
3057 1943 3120 1982 ea
3140 1944 3261 1998 quae
3282 1927 3364 1984 hic
3388 1931 3556 1987 merito
3572 1948 3723 1989 movere
3823 1925 3837 2002 ,ξ

2229 2027 2482 2088 possunt,
2511 2017 2847 2088 vigilantiore
2887 2026 3044 2088 atque
3069 2019 3472 2090 intelligentiorc
3494 2032 3639 2080 mente
3655 2024 3725 2080 dis-
3827 2013 3837 2090 ἶ

2228 2109 2409 2162 eutiat.
2457 2107 2573 2163 Non
2620 2109 2744 2178 quia
2782 2124 2938 2164 omne
2968 2121 3245 2180 peccatum
3277 2110 3535 2170 fornicatio
3557 2125 3726 2181 est;ue-
3821 2101 3829 2176 ἦ

2229 2212 2332 2268 que
2359 2199 2499 2253 enim
2541 2214 2754 2253 omnem
2784 2209 3094 2269 peccantem
3126 2201 3268 2256 Deus
3296 2203 3489 2272 perdit,
3515 2207 3588 2275 qui
3611 2207 3726 2275 quoti-
3821 2181 3831 2262 il

2230 2286 2316 2343 die
2343 2299 2556 2344 sanctos
2577 2304 2702 2345 suos
2721 2289 2956 2357 exaudit,
2977 2289 3240 2358 dicentes,
3260 2291 3463 2348 Dimitte
3484 2295 3600 2350 nobis
3617 2297 3728 2350 debita
3817 2317 3828 2364 ;

2231 2390 2402 2435 nostra
2416 2380 2708 2452 (Matthm,
2726 2381 2817 2453 12)
2835 2399 2845 2434 :
2860 2396 2979 2436 cum
2995 2382 3180 2452 perdat
3195 2398 3410 2440 omnem
3421 2387 3500 2456 qui
3519 2387 3730 2443 fornicatur

2231 2475 2298 2529 ab
2313 2489 2396 2528 co.
2411 2473 2514 2529 Sed
2531 2483 2789 2544 quatenus
2805 2473 3144 2544 intelligenda
3157 2482 3322 2546 atque
3338 2475 3580 2530 Iimitanda
3594 2479 3645 2532 sit
3657 2481 3728 2532 huc

2232 2565 2530 2635 fornicatio,
2544 2575 2598 2622 et
2613 2575 2788 2622 utrum
2806 2566 2964 2622 etiam
2985 2575 3203 2636 propter
3219 2566 3363 2621 hanc
3377 2567 3520 2622 liceat
3537 2567 3731 2623 dimittere

2231 2673 2484 2726 uxorem,
2526 2656 2949 2713 latebrosissima
2988 2658 3212 2728 qurestio
3265 2666 3366 2714 est.
3416 2659 3577 2714 Licere
3610 2666 3730 2713 tamen

2233 2760 2449 2822 propter
2476 2751 2629 2805 istam
2660 2765 2778 2821 quae
2808 2749 2860 2803 in
2886 2750 3084 2820 stupris
3114 2751 3480 2818 committitur,
3505 2749 3618 2805 nulla
3643 2766 3721 2820 qua
3815 2751 3825 2800 1

2232 2841 2336 2897 stio
2357 2851 2457 2897 est.
2475 2842 2543 2896 Et
2568 2841 2656 2896 ubi
2672 2840 2780 2896 dixi
2801 2839 2902 2896 hoc
2919 2841 3243 2912 permissum
3271 2857 3408 2908 esse,
3433 2857 3526 2897 non
3547 2841 3733 2912 iussum
3815 2839 3824 2908 ξ

2233 2949 2341 2988 non
2386 2931 2587 2988 attendi
2630 2932 2791 2986 aliam
2839 2930 3167 3002 Scripturam
3212 2931 3475 2987 dicentem
3505 2951 3516 2986 :
3542 2932 3617 2997 Qui
3648 2938 3734 2984 tota

2234 3022 2514 3076 adulteram
2533 3062 2549 3088 ,
2576 3021 2756 3075 stultus
2783 3030 2828 3074 et
2858 3021 3042 3092 impius
3068 3031 3140 3075 est
3170 3019 3357 3094 (Prov.
3391 3038 3530 3087 xvut,
3555 3021 3636 3090 22).
3657 3019 3733 3074 Nec

2236 3127 2365 3168 sane
2393 3111 2684 3166 adulteram
2715 3111 2937 3166 dixerim
2965 3109 3130 3166 fuisse
3157 3110 3512 3183 deputandum
3533 3112 3639 3166 illam
3655 3125 3737 3162 mu-

3815 3087 3824 3120 1

2237 3205 2439 3273 lierem,
2469 3205 2627 3261 etiam
2654 3213 2998 3275 posteaquam
3034 3204 3233 3259 audivit
3262 3221 3290 3258 a
3323 3204 3548 3270 Domino,
3581 3201 3737 3271 Netego
3817 3215 3824 3280 ξ

2240 3306 2287 3351 te
2330 3295 2612 3362 damnabo;
2657 3295 2810 3360 uade,
2856 3295 3087 3366 deinceps
3104 3297 3216 3366 jam
3269 3297 3375 3351 noli
3415 3311 3592 3366 peccare
3616 3292 3735 3364 (1m.

2243 3403 2358 3453 vm,
2385 3386 2500 3459 11),
2525 3387 2570 3442 si
2595 3387 2696 3442 hoc
2723 3387 3036 3443 obedienter
3053 3389 3278 3444 audivit.

2310 3482 2362 3534 7.
2404 3481 2546 3537 Loco
2579 3481 2685 3535 alio
2709 3489 2980 3551 peccatum
3009 3480 3187 3535 fratris
3211 3482 3284 3537 ad
3314 3491 3559 3550 mortem,
3596 3481 3739 3548 dequo

2241 3571 2370 3626 dicit
2395 3570 2628 3626 Joannes
2648 3571 2938 3640 apostolus,
2966 3569 3086 3625 Non
3110 3589 3199 3641 pro
3223 3573 3318 3627 illo
3343 3574 3452 3627 dico
3475 3583 3521 3627 ut
3542 3581 3650 3642 roget
3669 3570 3743 3640 quis

2243 3660 2290 3734 (Ι
2324 3661 2480 3717 Joan.
2527 3678 2581 3731 v,
2628 3660 2754 3733 16),
2803 3662 2872 3716 ita
2915 3661 3128 3717 deﬁnivi
3161 3671 3217 3717 ut
3261 3661 3744 3720 dicerem:Petcatam
3815 3660 3826 3734 ξ

2243 3755 2416 3825 fratris
2441 3757 2510 3809 ad
2533 3764 2740 3809 mortem
2769 3763 2886 3827 puto
2908 3771 3012 3810 esse
3029 3772 3142 3809 cum
3167 3765 3282 3825 post
3307 3757 3586 3828 agnitionem
3601 3752 3674 3807 Dei
3687 3768 3745 3821 per

2243 3847 2458 3918 gratiam
2503 3845 2708 3900 Domini
2750 3847 2906 3900 nostri
2945 3844 3069 3900 Jesu
3108 3845 3296 3902 Christi
3337 3847 3533 3919 quisque
3559 3852 3743 3916 appugnat

2245 3938 2629 4008 fraternitatem,
2662 3946 2709 3992 et
2733 3937 2972 3992 adversus
2990 3939 3153 4009 ipsam
3177 3939 3393 4009 gratiam
3413 3956 3506 4010 qua
3529 3935 3745 3992 reconcilie-

2247 4039 2325 4083 tus
2351 4038 2422 4085 est
2453 4030 2583 4094 Deo,
2622 4029 2908 4084 invidentia:
2946 4029 3138 4102 facibus
3165 4032 3386 4102 agitatur
3412 4030 3534 4104 (Lib.
3561 4031 3602 4095 1,
3627 4045 3661 4080 c.
3683 4025 3742 4089 22,

2247 4138 2299 4176 n.
2329 4123 2441 4193 75).
2473 4120 2624 4188 Quod
2661 4121 2876 4193 quidem
2905 4137 3009 4176 non
3039 4121 3389 4189 conﬁrmavi,
3433 4121 3645 4192 quoniam
3679 4117 3745 4170 hoc

2248 4224 2438 4283 putare
2461 4228 2549 4267 me
2577 4211 2682 4267 dixi
2710 4227 2725 4266 :
2751 4211 2845 4267 sed
2873 4220 3050 4268 tamen
3075 4211 3377 4268 addendum
3409 4212 3518 4278 fuit,
3551 4211 3588 4266 si
3616 4211 3657 4262 in
3679 4205 3746 4260 inc

2247 4312 2355 4358 tam
2375 4304 2633 4360 scelerata
2661 4303 2856 4360 mentis
2885 4303 3231 4374 perversitate
3257 4303 3451 4359 ﬁnierit
3475 4305 3590 4356 hanc
3605 4299 3744 4358 vitam;

2247 4398 2497 4468 quoniam
2520 4397 2587 4451 dc
2607 4411 2939 4468 quocumque
2966 4397 3196 4467 pessimo
3218 4397 3269 4451 in
3298 4396 3397 4452 hac
3415 4396 3514 4450 vita
3532 4390 3748 4448 constituto

2246 4507 2353 4546 non
2375 4499 2457 4547 est
2481 4491 2664 4562 utique
2687 4489 3095 4561 deSperandum,
3119 4504 3219 4546 nec
3241 4504 3336 4562 pro
3359 4489 3446 4544 illo
3464 4481 3748 4558 imprudenter

2248 4593 2449 4651 oratur,
2477 4584 2546 4640 de
2571 4597 2676 4656 quo
2697 4597 2804 4638 non
2835 4582 3164 4654 desperatur.

2319 4676 2372 4732 8.
2412 4674 2468 4730 In
2507 4674 2742 4731 secundo
2780 4675 2905 4730 item
2954 4674 3090 4730 libro
3116 4692 3129 4728 :
3159 4672 3307 4729 Nulli
3330 4716 3344 4741 ,
3391 4674 3603 4745 inquam,
3632 4663 3748 4721 licebit

2249 4769 2481 4840 ignorare
2516 4767 2612 4821 Dei
2643 4783 2849 4838 regnum
2870 4808 2883 4832 ,
2923 4781 3035 4820 cum
3064 4766 3173 4837 ejus
3205 4764 3498 4838 Unigem'tus
3530 4779 3614 4817 non
3632 4758 3748 4814 solum

2249 4858 2643 4931 intelligibititer,
2669 4859 2757 4914 sed
2780 4859 2927 4913 etiam
2956 4849 3209 4913 visibititér
3242 4859 3297 4912 in
3336 4857 3526 4912 homine
3549 4848 3748 4908 Domist'to

2251 4953 2313 5008 de
2351 4951 2475 5007 caelo
2511 4951 2728 5018 venerit,
2763 4950 3088 5022 judicaturus
3111 4950 3245 5005 uiuos
3282 4959 3327 5004 et
3356 4958 3564 5004 mortuos
3587 4935 3747 5016 (ιω.

2253 5058 2299 5096 c.
2331 5042 2385 5111 6,
2413 5059 2467 5096 n.
2496 5040 2612 5114 20).
2641 5040 2746 5097 Sed
2773 5057 2878 5096 non
2901 5041 3057 5096 video
3076 5050 3250 5096 utrum
3273 5049 3417 5097 recte
3433 5039 3617 5096 dicatur
3634 5033 3749 5088 homo

2252 5135 2560 5191 Dominicus
2587 5135 2678 5207 qui
2704 5144 2788 5191 est
2815 5135 3074 5192 mediator
3097 5134 3192 5191 Dei
3233 5142 3285 5191 et
3327 5133 3608 5195 hominum,
3633 5125 3751 5179 homo

2251 5225 2496 5283 Christus
2524 5226 2682 5283 Iesus
2702 5269 2717 5295 ,
2745 5241 2866 5283 cum
2891 5227 2962 5282 sit
2986 5227 3164 5297 utique
3201 5225 3489 5281 Dominus:
3516 5213 3751 5276 dominicus

2253 5328 2429 5376 autem
2467 5319 2628 5376 homo
2669 5321 2789 5392 quis
2820 5320 2875 5376 in
2920 5320 3036 5392 ejus
3068 5328 3249 5376 sancta
3276 5318 3471 5375 familia
3496 5330 3590 5371 non
3624 5312 3751 5381 ροιεει

2253 5409 2403 5466 dici?
2430 5409 2499 5466 Et
2527 5410 2629 5467 hoc
2655 5412 2867 5482 quidem
2896 5421 2954 5469 ut
2981 5411 3233 5479 dicerem,
3269 5411 3406 5483 apud
3431 5403 3658 5480 quosdam
3677 5392 3749 5483 1(ςῆ

2255 5511 2570 5559 tractatores
2598 5481 2890 5560 catholicos
2915 5504 3208 5560 divinorum
3235 5481 3550 5573 eloquiorum
3573 5492 3652 5567 (α).
3675 5481 3750 5541 εδδ

2257 5594 2574 5668 ubicumque
2595 5595 2697 5652 hoc
2709 5595 2841 5665 dixi,
2869 5595 3064 5652 dixisse
3081 5611 3165 5652 mc
3188 5594 3400 5650 nollem.
3419 5591 3586 5647 Postea
3605 5580 3749 5654 (ιιιῑρρα

2288 5769 2393 5894 pg?
2415 5775 2634 5844 Fortasse
2671 5768 2796 5843 apud
2828 5769 3146 5832 Athanasium,
3171 5765 3526 5831 ianpositione
3554 5750 3688 5812 Fidei;
3710 5749 3749 5797 ⁸

2411 5830 2737 5894 Epiphaniam,
2755 5845 2803 5884 tn
2835 5838 3076 5883 Ancorato.

2258 5830 2384 5894 apud
2411 5830 2737 5895 Epiphaniam,
2755 5833 2803 5884 in
2835 5838 3076 5883 Ancorato.

3815 3885 3834 4434 ξ
