3880 6390
152 307 236 366 σιτ
1445 299 1645 356 LIBER
1683 299 1954 358 PRIMUS.

147 419 233 477 vidi
252 431 346 472 non
370 427 480 469 esse
502 409 787 467 dicendum
805 452 821 478 ,
851 409 1089 482 quamvis
1114 409 1364 466 nonnulla
1387 413 1554 481 possit
1579 428 1666 466 ra-

141 514 264 567 tione
287 502 500 563 defendi.
532 502 660 557 Item
689 501 831 573 quod
853 500 961 557 dixi
985 543 1000 567 ,
1032 499 1241 556 Nullius
1261 503 1393 579 enim
1421 506 1524 573 fere
1549 518 1667 556 con-

137 599 312 656 scientia
323 595 474 651 Deum
492 603 651 666 potest
671 594 835 649 odisse
850 593 984 666 (Lib.
1005 593 1064 659 3,
1086 610 1132 647 c.
1156 594 1312 662 14,;n.
1329 592 1442 663 48),
1457 609 1565 648 non
1584 594 1665 647 vi-

134 692 222 749 deo
253 689 396 744 luisse
446 685 749 742 dicendum.
801 685 948 740 Multi
993 685 1135 741 enim
1185 696 1306 740 sunt
1361 685 1428 741 de
1478 685 1666 756 quibus

132 781 349 850 scriptum
384 786 466 833 eet
502 794 517 832 :
556 775 813 849 Superbia
856 792 1026 830 eorum
1067 777 1153 847 qui
1180 775 1390 830 oderunt
1420 787 1467 831 te
1495 775 1660 849 (Psal.

131 887 291 938 utin,
315 870 422 936 23).

191 962 235 1019 9.
265 961 371 1017 Alio
397 959 514 1015 loco
539 958 595 1014 in
621 973 688 1015 eo
709 958 849 1030 quod
879 957 1016 1024 dixi,
1045 957 1121 1012 0b
1149 958 1243 1012 hoc
1272 957 1457 1013 dixisse
1484 957 1664 1012 Domi—

127 1071 232 1110 nam
246 1096 260 1119 ,
285 1053 498 1123 «Suﬂicit
519 1052 618 1106 disi
640 1051 833 1106 malitia
851 1067 943 1105 sua
962 1069 981 1103 ι
1003 1048 1213 1121 (Matth.
1232 1066 1310 1118 vr,
1327 1049 1439 1121 54),
1459 1052 1575 1122 quia
1589 1052 1662 1104 ci-

129 1149 202 1200 bos
222 1159 390 1199 sumere
408 1141 602 1214 urgebit
629 1143 743 1212 ipsa
769 1142 1053 1208 necessitas,
1080 1158 1232 1211 quam
1264 1151 1527 1210 propterea
1550 1157 1661 1194 ma-

128 1237 262 1289 litiam
286 1235 585 1288 nominatam
605 1232 822 1286 arbitror
845 1233 963 1303 quia
986 1233 1195 1302 poenalis
1220 1231 1360 1286 nobis
1380 1241 1451 1287 est
1462 1250 1482 1298 ;
1507 1233 1662 1302 perti-

126 1336 192 1379 net
215 1325 326 1378 enim
343 1322 408 1377 ad
428 1327 559 1377 hanc
578 1323 903 1394 fragilitatem
929 1339 1082 1395 quam
1107 1322 1360 1393 peccando
1388 1323 1662 1377 meruimus

125 1415 238 1484 (Lib.
263 1414 311 1479 Β,
340 1431 384 1468 c.
417 1415 504 1482 I7,
545 1432 598 1468 n.
643 1414 760 1484 56),
790 1429 893 1468 non
931 1412 1131 1469 attendi
1160 1414 1318 1468 etiam
1350 1414 1532 1484 primis
1562 1413 1661 1468 ho-

124 1505 314 1562 minibus
349 1504 468 1560 data
506 1503 670 1560 fuisse
715 1505 766 1558 in
810 1503 1060 1576 paradiso
1099 1505 1344 1574 corporis
1389 1505 1658 1573 alimenta,

122 1605 364 1665 antequam
383 1595 536 1650 istam
567 1595 756 1649 mortis
783 1609 992 1664 pinnam
1021 1593 1290 1663 peccando
1319 1594 1657 1650 meruissent.

121 1686 189 1740 Sic
210 1685 340 1740 enim
373 1693 523 1738 erant
550 1683 880 1738 immortales
905 1684 957 1738 in
987 1697 1209 1753 corpore
1234 1684 1471 1739 nondum
1499 1685 1658 1755 spiri-

120 1776 240 1841 tuali,
261 1774 351 1830 sed
366 1775 602 1842 animali,
625 1784 682 1829 ut
703 1783 880 1830 tamen
902 1775 955 1829 in
981 1774 1244 1844 ejusmodi
1266 1775 1660 1831 immortalitate

121 1866 450 1936 corporalibus
475 1866 741 1921 alimentis
765 1875 1056 1921 uterentur.
1081 1865 1213 1922 Item
1233 1866 1373 1936 quod
1391 1867 1498 1921 dixi
1521 1865 1654 1936 (Ιώ,

118 1975 157 2011 ι.
179 1957 325 2024 19,η.
349 1957 460 2030 66),
507 1957 672 2023 Quam
689 1958 783 2013 sibi
803 1957 944 2013 Deus
971 1959 1117 2029 elegit
1143 1978 1163 2011 ‹
1188 1960 1458 2030 gloriosam
1486 1959 1660 2014 Eccle-

115 2050 253 2111 siarn,
281 2065 380 2103 non
405 2049 668 2103 habentem
700 2048 950 2104 maculam
983 2066 1142 2124 neque
1178 2067 1358 2120 rugam
1387 2069 1406 2102 ι
1431 2048 1654 2120 (Ep/tes.

117 2156 163 2204 ν,
185 2138 286 2210 ΞῚ),
323 2155 425 2194 non
454 2139 574 2195 ideo
599 2139 739 2208 dixi,
766 2141 888 2210 quia
924 2155 1064 2195 nunc
1095 2155 1162 2196 ex
1199 2141 1342 2195 omni
1376 2148 1526 2212 parte
1547 2140 1657 2210 jam

115 2233 212 2287 talis
233 2241 344 2298 est;
377 2234 621 2303 quamvis
645 2233 711 2288 ad
741 2233 840 2290 hoc
873 2235 1038 2290 electa
1064 2249 1168 2289 non
1193 2234 1522 2290 dubitaretur
1540 2276 1556 2302 ,
1603 2243 1660 2288 ut

113 2324 210 2378 talis
239 2325 303 2379 sit
345 2325 562 2396 quando
602 2323 846 2380 Christus
889 2326 1194 2396 apparuerit
1222 2326 1327 2380 vita
1355 2324 1505 2395 ejus:
1535 2334 1659 2379 tunc

113 2414 226 2468 enim
255 2423 305 2468 et
328 2415 445 2484 ipsa
481 2429 604 2468 cum
653 2414 748 2469 illo
789 2415 1064 2485 apparebit
1104 2415 1157 2468 iu
1197 2414 1399 2485 gloria;
1445 2425 1660 2484 propter

114 2518 242 2574 quam
270 2505 497 2574 gloriam
536 2504 676 2560 dicta
702 2514 787 2561 est
813 2505 1056 2560 Ecclesia
1082 2505 1331 2575 gloriosa.
1361 2503 1490 2559 Item
1517 2502 1658 2574 quod

115 2595 330 2651 Dominus
356 2596 435 2650 ait
461 2637 476 2663 ,
508 2595 691 2663 Petite,
725 2606 772 2651 et
791 2597 1092 2667 accipietis;
1120 2598 1346 2667 quterite,
1376 2605 1421 2651 et
1442 2597 1658 2652 inuenie-

115 2694 185 2753 tis;
210 2691 426 2760 pulsate,
468 2700 516 2745 et
556 2693 808 2761 aperietur
842 2692 1012 2759 vobis,
1059 2706 1280 2762 operose
1317 2691 1530 2761 quidem
1560 2690 1658 2745 tria

113 2782 188 2834 ista
201 2781 310 2851 quid
341 2782 489 2837 inter
508 2797 566 2838 se
591 2782 837 2838 dilferant
855 2783 1222 2852 exponendum
1242 2783 1415 2853 putavi
1445 2782 1578 2854 (Lib.
1600 2781 1655 2846 2,

111 2887 145 2922 τ.
167 2870 271 2940 2|);
301 2871 402 2927 sed
425 2873 581 2942 longe
602 2873 792 2928 melius
805 2871 873 2926 ad
896 2872 1328 2928 instantissimam
1349 2872 1657 2943 petitionem

112 2960 252 3014 omnia
280 2961 609 3017 referuntur.
643 2962 757 3018 Hoc
797 2963 994 3034 quippe
1034 2963 1294 3027 ostendit,
1341 2962 1429 3016 ubi
1471 2961 1658 3018 eodem

112 3047 244 3102 verbo
281 3059 479 3106 cuncta
519 3052 811 3119 conclusit,
843 3051 1060 3108 dicens:
1104 3052 1300 3118 Quanto
1319 3053 1477 3123 magis
1511 3050 1661 3107 Pater

112 3149 238 3193 tester
260 3141 340 3210 qui
364 3141 427 3194 in
451 3141 588 3195 catis
613 3151 704 3206 est,
733 3143 869 3196 dabit
901 3144 1027 3197 bona
1048 3143 1322 3214 petentibus
1357 3160 1410 3198 se
1437 3141 1654 3216 (Matth.

113 3247 182 3297 vu,
205 3235 249 3300 7,
273 3234 352 3305 II)
369 3234 404 3287 2
433 3251 539 3289 non
565 3236 705 3290 enim
728 3235 894 3302 dixit,
927 3236 1224 3306 petentibus
1242 3277 1255 3303 ,
1293 3245 1346 3291 et
1371 3237 1657 3306 querenti-

113 3321 212 3384 lus.
238 3334 286 3378 et
312 3325 669 3394 pulsantibus.
702 3325 813 3381 Hoc
844 3341 975 3397 opus
1001 3327 1077 3382 sic
1105 3327 1323 3397 incipit:
1359 3327 1656 3382 Sermonem

115 3427 226 3480 quem
250 3415 448 3470 locutus
475 3425 548 3469 est
569 3413 836 3470 Dominus.

712 3505 934 3562 CAPUT
971 3505 1090 3562 XX.

419 3594 670 3648 Psalmus
695 3605 868 3649 contra
895 3606 1087 3668 partem
1114 3595 1318 3651 Donati.

168 3682 338 3740 Volens
371 3687 543 3742 etiam
582 3701 795 3741 causam
842 3687 1232 3743 Donatistarum
1259 3688 1324 3744 ad
1353 3688 1520 3760 ipsius
1553 3692 1653 3745 hu-

118 3775 283 3832 millimi
305 3778 448 3849 vulgi
471 3787 528 3834 et
551 3778 770 3832 omnino
797 3777 1158 3848 imperitorum
1183 3791 1342 3850 atque
1375 3779 1654 3836 idiotarum

118 3869 313 3924 notitiam
331 3871 636 3941 pervenire,
665 3878 720 3925 et
743 3884 927 3926 eorum
948 3880 1199 3941 quantum
1223 3871 1337 3928 ﬁeri
1358 3881 1538 3943 posset
1559 3889 1656 3944 per

118 3973 193 4013 nos
216 3961 469 4017 inbererc
494 3962 787 4030 memorias,
819 3961 1085 4018 Psalmum
1113 3964 1200 4034 qui
1226 3965 1302 4019 eis
1331 3975 1650 4033 cautaretur,

118 4062 189 4118 per
209 4051 383 4108 latinas
406 4054 620 4109 litteras
644 4054 743 4108 Ieci
770 4071 784 4108 :
812 4053 903 4108 sed
931 4070 1096 4124 usque
1121 4055 1186 4110 ad
1215 4054 1260 4111 V
1287 4055 1533 4112 litteram.
1561 4058 1654 4112 Ta-

118 4142 180 4197 les
207 4157 366 4202 autem
406 4147 761 4203 abecedarios
800 4149 1080 4217 appellant.
1111 4149 1240 4205 Tres
1277 4165 1401 4206 vero
1437 4151 1652 4206 ultimas

119 4235 266 4304 omisi;
284 4238 374 4295 sed
396 4254 501 4310 pro
519 4240 597 4294 eis
616 4239 958 4294 novissimum
973 4241 1122 4311 quasi
1137 4242 1396 4312 epilogum
1415 4243 1648 4313 adjunxi,

117 4329 322 4395 tanquam
336 4343 426 4385 eos
449 4337 624 4384 mater
646 4329 1004 4399 alloqueretur
1024 4332 1272 4386 Ecclesia.
1298 4333 1649 4404 Hypopsalma

117 4413 244 4472 etiam
263 4420 395 4489 quod
417 4421 854 4490 responderetur,
881 4431 935 4477 et
961 4423 1269 4492 prooemium
1291 4439 1483 4494 cauere,
1509 4427 1650 4497 quod

117 4502 412 4565 nihilominus
427 4520 755 4577 cantaretur,
777 4527 881 4565 non
904 4521 1025 4567 sunt
1051 4513 1100 4568 in
1118 4513 1303 4569 ordine
1323 4515 1612 4572 litterarum
1633 4535 1648 4574 :

117 4607 266 4654 earnm
291 4603 479 4672 quippe
505 4603 640 4659 ordo
677 4603 859 4674 incipit
883 4615 1005 4676 post
1043 4607 1375 4675 prooemium.
1404 4608 1528 4665 Ideo
1552 4625 1648 4665 au-

120 4693 204 4742 tem
228 4705 320 4747 non
339 4694 520 4765 aliquo
545 4695 796 4749 carminis
819 4711 1015 4766 genere
1041 4696 1092 4751 id
1120 4698 1231 4753 ﬁeri
1257 4700 1426 4766 volui,
1465 4717 1534 4757 ne
1563 4687 1669 4757 me.

121 4781 618 4856 meusitas.metrica
657 4783 723 4839 ad
759 4785 932 4855 aliqua
962 4787 1120 4843 verba
1149 4805 1267 4860 quae
1292 4790 1648 4862 vulgo‘minus

121 4876 218 4954 sunt
255 4873 437 4928 usitata
479 4875 841 4945 compelleret.
889 4876 992 4932 Iste
1038 4879 1275 4934 Psalmus
1309 4883 1385 4936 sic
1423 4883 1643 4954 incipit:

126 4952 274 5046 Quum
292 4965 371 5033 qui
392 4967 618 5036 gaudetis
641 4967 703 5020 de
722 4984 860 5038 pace,
886 4969 1034 5024 modo
1053 4986 1222 5025 verum
1230 4974 1456 5044 judicate
1467 4991 1486 5040 ;
1506 4952 1646 5046 quod

124 5043 212 5114 eiu
234 5049 561 5125 hypopsalma
587 5066 690 5113 est.

703 5149 926 5207 CAPUT
961 5150 1104 5208 XXI.

181 5225 338 5287 Contra
373 5235 653 5307 Epistolam
687 5240 874 5297 Donati
911 5245 1156 5313 heretici,
1187 5247 1309 5302 liber
1336 5265 1480 5306 unus.
1503 5281 1576 5292 —

672 5333 816 5406 [Non
845 5337 1064 5412 exstat.]

150 5492 164 5506 ο
186 5409 237 5506 l:
260 5412 460 5474 Librum
485 5423 640 5478 etiam
668 5435 850 5482 contra
879 5409 1166 5497 Epiuolam
1190 5431 1394 5498 Donati,
1416 5434 1505 5503 qui
1521 5448 1641 5502 par-

411 5513 673 5571 neundus
702 5527 821 5586 post
857 5518 1170 5588 Majorinum
1203 5497 1479 5594 episcOpus
1506 5497 1641 5593 apud

500 5602 623 5672 fuit,
667 5581 855 5663 eodem
903 5581 1215 5684 presbyterii
1235 5581 1360 5668 .mei
1383 5581 1642 5686 nemp-ore

141 5675 326 5752 "Illi;
364 5688 540 5780 inqua
563 5696 780 5765 epistola
810 5675 1138 5770 ille-agit,'ut
1164 5717 1267 5759 non
1295 5706 1396 5762 nisi
1437 5707 1488 5763 in
1517 5675 1641 5780 lcjus

399 5778 912 5864 McrsAuausr.
944 5789 999 5852 ι.

3238 307 3346 368 618

1771 412 2144 469 communione
2168 403 2428 485 baptisma
2457 415 2652 473 Christi
2677 412 2809 475 esse
2825 427 3072 490 credatur
3094 441 3107 477 :
3131 426 3214 480 cui
3239 443 3336 482 nos

1769 503 2180 561 contradicimus
2206 507 2259 560 in
2286 507 2387 563 hoc
2416 508 2550 563 libro
2578 510 2616 563 ³.
2649 510 2764 566 Dixi
2793 512 2846 567 in
2873 514 3099 584 quodam
3131 515 3246 571 loco
3275 519 3342 574 de

1769 593 2010 663 apostolo
2034 594 2211 664 Petro,
2237 596 2376 668 quod
2401 597 2454 653 in
2479 599 2569 654 illo
2599 610 2843 672 tanquam
2870 606 2922 659 in
2951 617 3098 676 petra
3123 607 3340 665 fundata

1771 683 1838 738 sit
1868 683 2127 750 Ecclesia;
2157 685 2244 756 qui
2269 701 2457 742 sensus
2485 689 2640 744 etiam
2669 703 2908 748 cantatur
2938 710 3028 751 ore
3053 700 3338 754 multorum

1777 775 1833 829 in
1863 775 2103 830 versibus
2126 776 2417 832 beatissimi
2439 780 2720 849 Ambrosii,
2749 784 2838 839 ubi
2861 785 2926 841 de
2957 791 3090 858 gallo
3118 793 3337 860 gallina-

1767 880 1864 921 ceo
1891 867 1965 920 ait
1992 883 2004 920 :
2040 865 2154 921 Hoc
2186 868 2299 938 ipsa
2332 878 2473 940 petra
2501 869 2740 927 Ecclesia:
2763 888 2996 945 canente,
3025 883 3225 950 culpam
3255 887 3336 937 di-

1769 956 1879 1011 luit.
1923 957 2029 1014 Sed
2067 961 2180 1014 scio
2217 977 2303 1016 me
2344 973 2524 1032 postea
2565 968 2857 1036 saepissime
2906 971 2984 1026 sic
3032 980 3340 1044 exposuisse

1766 1049 1905 1119 quod
1927 1064 1955 1103 a
1974 1050 2198 1106 Domino
2214 1052 2410 1107 dictum
2428 1064 2529 1120 est,
2569 1055 2649 1109 Tu
2669 1074 2719 1112 es
2744 1059 2948 1127 Petrus,
2975 1073 3020 1116 et
3041 1081 3190 1135 super
3211 1072 3338 1122 hanc

1767 1148 1958 1208 petram
1986 1140 2244 1209 tediﬁcabo
2273 1141 2553 1198 Ecclesiam
2575 1164 2772 1214 meam;
2814 1162 2870 1205 ut
2896 1167 3054 1223 super
3089 1156 3226 1210 hunc
3256 1160 3337 1212 in-

1765 1227 2090 1300 telligeretur
2115 1249 2269 1302 quem
2297 1235 2569 1290 confessus
2603 1248 2684 1293 est
2720 1240 2907 1298 Petrus
2931 1245 3131 1314 dicens,
3186 1248 3260 1304 Tu
3285 1267 3338 1304 cs

1765 1318 1991 1410 Christus
2030 1324 2167 1392 ﬁlius
2205 1324 2306 1379 Dei
2339 1326 2438 1379 vivi
2483 1323 2692 1398 (Matth.
2731 1345 2816 1386 XVI
2838 1375 2852 1399 ,
2885 1335 2984 1403 18,
3019 1338 3106 1410 16)
3132 1357 3144 1393 :
3175 1357 3236 1396 ac
3261 1345 3336 1397 sic

1765 1409 1953 1466 Petrus
1976 1413 2044 1468 ab
2065 1413 2166 1469 hac
2197 1423 2343 1484 petra
2364 1418 2658 1486 appellatus
2678 1436 2958 1488 personam
2987 1409 3235 1486 Ecclesia:
3272 1433 3334 1486 Ii-

1761 1511 1995 1592 guraret,
2023 1519 2140 1574 qua:
2169 1521 2328 1575 super
2349 1507 2483 1563 hanc
2507 1518 2708 1577 petram
2730 1514 3037 1581 aediﬁcatur,
3061 1529 3112 1574 et
3135 1526 3338 1592 accepit

1762 1591 1938 1647 claves
1970 1596 2116 1662 regni
2151 1597 2427 1652 caelorum.
2460 1600 2576 1654 Non
2606 1602 2746 1657 enim
2776 1603 2972 1660 dictum
3001 1619 3081 1663 est
3111 1610 3208 1678 illi,
3254 1591 3333 1670 Tu

1762 1695 1821 1736 es
1859 1692 2038 1751 petra;
2071 1685 2193 1752 sed,
2226 1686 2301 1740 Tu
2329 1705 2380 1742 es
2410 1688 2610 1746 Petrus.
2647 1692 2802 1748 Petra
2838 1707 3011 1752 autem
3040 1710 3151 1755 erat
3179 1701 3335 1758 Chri-

1761 1783 1908 1840 stus;
1933 1791 2092 1845 quem
2121 1777 2399 1835 confessus
2426 1781 2632 1850 Simon,
2662 1785 2933 1843 sicuteum
2966 1799 3072 1847 tota
3102 1795 3336 1854 Ecclesia

1761 1866 2040 1922 conﬁtetur
2060 1909 2075 1934 ,
2121 1869 2295 1926 dictus
2329 1881 2411 1926 est
2441 1873 2654 1929 Petrus.
2687 1876 2883 1933 Ilarum
2913 1891 3086 1938 autem
3114 1886 3336 1944 duarum

1759 1946 2142 2011 sententiarum
2169 1974 2288 2028 qua:
2316 1964 2384 2014 sit
2404 1963 2743 2033 probabilior,
2776 1967 2932 2038 eligat
2956 1972 3140 2028 lector.

1829 2043 1882 2097 2.
1922 2046 2040 2100 Alio
2078 2047 2196 2103 loco
2239 2049 2382 2117 dixi,
2450 2051 2658 2108 Nullius
2700 2068 2908 2112 mortem
2955 2061 3092 2117 Deus
3129 2069 3337 2134 quaerit;

1759 2135 1900 2205 quod
1925 2137 2000 2192 sic
2020 2139 2401 2209 accipiendum,
2432 2144 2551 2212 quia
2576 2144 2735 2200 homo
2758 2149 2856 2203 sibi
2886 2153 3164 2221 acquisivit
3190 2174 3336 2213 mor-

1761 2233 1866 2278 tem
1895 2225 2155 2291 deserens,
2178 2229 2365 2296 Deum,
2403 2242 2454 2286 ct
2481 2235 2705 2303 acquirit
2744 2239 2832 2306 qui
2869 2254 2974 2294 non
3012 2247 3235 2299 recurrit
3269 2249 3335 2302 ad

1761 2312 1948 2380 Deum,
1967 2317 2254 2371 secundum
2277 2319 2416 2388 quod
2437 2323 2691 2392 scriptum
2713 2334 2794 2379 est
2816 2344 2828 2379 :
2856 2327 2990 2382 Deus
3005 2343 3213 2387 mortem
3232 2353 3332 2390 non

1761 2395 1878 2465 fecit
1915 2396 2066 2470 (Sap.
2098 2415 2145 2467 ι,
2181 2400 2290 2471 l3).
2320 2402 2424 2457 Sed
2451 2406 2608 2458 etiam
2642 2408 2769 2462 illud
2799 2426 2902 2464 non
2934 2414 3104 2470 minus
3143 2433 3327 2473 verum

1760 2495 1876 2582 est:
1916 2487 2028 2582 Vita
2059 2498 2107 2544 et
2146 2507 2280 2582 mors
2317 2509 2348 2545 a
2386 2492 2604 2549 Domino
2633 2495 2742 2551 Deo
2776 2510 2846 2554 est
2890 2500 3070 2574 (Eccli.
3099 2521 3173 2573 ιι,
3209 2507 3330 2582 14);

1760 2578 1868 2632 vita
1891 2579 2093 2635 scilicet
2115 2596 2144 2634 a
2171 2581 2423 2653 donante,
2456 2600 2600 2642 mors
2627 2604 2658 2642 a
2684 2590 2998 2649 vindicante.

1831 2670 1883 2724 5.
1926 2670 2054 2726 Item
2077 2673 2214 2742 quod
2242 2674 2350 2729 dixi
2378 2676 2637 2733 Donatum
2656 2721 2671 2748 ,
2699 2682 2848 2752 cujus
2875 2686 3150 2756 epistolam
3175 2691 3330 2748 refel-

1763 2758 1932 2817 lebam
1953 2802 1966 2829 ,
2009 2776 2224 2834 rogasse
2250 2775 2307 2820 ut
2338 2765 2626 2838 Imperator
2661 2771 2800 2826 inter
2824 2774 2992 2842 ipsum
3020 2787 3072 2831 et
3096 2780 3334 2837 Caecilia-

1763 2867 1886 2947 mtm
1906 2857 2283 2911 transmarinos
2298 2859 2574 2931 episcopos
2593 2863 2794 2932 judices
2815 2868 2991 2934 daret;
3015 2886 3118 2927 non
3139 2873 3331 2947 ipsum,

1762 2945 1854 3001 sed
1880 2947 2039 3002 alium
2067 2949 2325 3005 Donatum
2347 2994 2361 3018 ,
2408 2953 2646 3022 ejusdem
2676 2966 2847 3014 tamen
2883 2964 3200 3034 schismatis,
3235 2945 3334 3026 hoc

1761 3035 1950 3092 fecisse
1976 3040 2294 3108 probabilius
2317 3042 2598 3099 invenitur.
2625 3046 2716 3102 Ille
2742 3059 2917 3105 autem
2943 3069 3048 3108 non
3075 3070 3188 3112 erat
3205 3059 3334 3115 Car-

1761 3128 2084 3201 thaginensis
2114 3133 2497 3190 Donatistarum
2523 3138 2803 3210 episcopus
2822 3185 2836 3207 ,
2886 3145 2978 3199 sed
3008 3163 3037 3201 a
3076 3148 3335 3207 Casis-ni-

1759 3222 1886 3290 gris,
1915 3223 2004 3292 qui
2036 3231 2212 3279 tamen
2241 3226 2441 3295 primus
2465 3229 2602 3298 apud
2631 3231 3001 3303 Carthaginem
3034 3240 3206 3309 ipsum
3236 3258 3334 3298 le-

1758 3309 1948 3367 farium
1978 3313 2206 3370 schisma
2232 3317 2495 3371 commisit
2529 3320 2624 3392 (a).
2651 3321 2758 3376 Nec
2788 3339 2914 3380 sane
2946 3327 3178 3385 Donatus
3203 3333 3332 3387 Car-

1761 3399 2084 3472 thaginensis
2140 3413 2199 3458 ut
2247 3405 2528 3462 Christiani
2574 3411 3026 3482 rcbaptizarentur
3067 3419 3330 3490 instituit;

1757 3492 1900 3562 quod
1942 3509 2040 3565 ego
2080 3510 2200 3550 eum
2247 3497 2537 3555 instituisse
2581 3503 2937 3571 credideram,
2983 3513 3191 3579 quando
3216 3517 3332 3585 ejus

1757 3586 1995 3677 epistola:
2013 3589 2417 3658 respondebam.
2437 3591 2546 3646 Nec
2560 3593 2626 3648 de
2645 3595 2776 3652 libro
2796 3598 3149 3658 Ecclesiastici
3177 3608 3196 3637 ¹
3219 3608 3331 3677 ipse

1756 3676 1976 3732 abstulit
2001 3677 2070 3733 de
2096 3679 2269 3734 media
2303 3683 2563 3738 sententia
2591 3687 2751 3742 verba
2781 3688 2849 3742 ad
2874 3706 2984 3745 rem
3012 3676 3327 3764 necessaria,

1757 3766 1846 3822 ubi
1868 3782 1989 3822 cum
2019 3770 2273 3838 scriptum
2298 3771 2367 3826 sit
2395 3813 2408 3838 ,
2443 3773 2543 3837 Qui
2561 3773 2844 3844 baptizatur
2868 3797 2900 3834 a
2927 3795 3140 3850 mortuo,
3168 3798 3214 3841 et
3239 3789 3332 3843 ite-

1756 3873 1869 3910 rum
1897 3859 2054 3928 tangit
2078 3859 2242 3924 illum,
2269 3862 2390 3930 quid
2419 3865 2616 3932 proﬁcit
2638 3866 2821 3921 lavatio
2846 3872 2955 3940 ejus
2989 3872 3095 3946 (Id.
3134 3893 3323 3945 xxxiv,

1758 3947 1886 4021 30)?
1913 3950 2012 4005 iste
2041 3951 2120 4006 sic
2149 3954 2323 4021 posuit
2349 3962 2592 4024 tanquam
2619 3959 2870 4026 scriptum
2900 3973 3041 4017 esset
3065 4008 3076 4028 ,
3115 3967 3212 4030 Qui
3236 3970 3325 4021 ba-

1756 4041 1975 4110 ptizatur
2013 4058 2046 4094 a
2088 4051 2281 4096 mortuo
2300 4085 2314 4109 ,
2346 4044 2468 4114 quid
2499 4047 2695 4114 proﬁcit
2724 4048 2904 4101 lavatio
2929 4053 3074 4120 ejus?
3101 4055 3205 4109 Nos
3233 4073 3325 4111 au-

1756 4141 1862 4186 tem
1891 4140 1946 4187 et
1969 4141 2247 4202 antequam
2275 4145 2416 4189 esset
2440 4149 2563 4204 pars
2589 4135 2808 4204 Donati,
2854 4141 2929 4194 sic
2965 4142 3210 4200 habuisse
3235 4163 3326 4201 co-

1753 4223 1900 4280 dices
1941 4225 2194 4295 plurimos
2212 4265 2234 4296 ,_
2279 4235 2640 4280 verumtamen
2669 4227 2810 4282 afros
2831 4269 2846 4295 ,
2879 4240 2936 4284 ut
2964 4249 3065 4287 non
3102 4247 3242 4291 esset
3270 4239 3324 4292 in

1753 4314 1952 4381 medio,
1978 4324 2026 4368 et
2051 4314 2230 4368 iterum
2253 4317 2410 4385 tangit
2442 4317 2608 4382 illum,
2642 4327 2821 4386 postea
2847 4320 3143 4378 didicimus.
3169 4328 3322 4392 Quod

1755 4405 1801 4460 si
1831 4413 1956 4460 tunc
1984 4405 2233 4471 scissem,
2278 4422 2384 4460 non
2426 4408 2477 4461 in
2507 4407 2665 4462 istum
2696 4419 2938 4479 tanquam
2971 4413 3023 4468 in
3048 4414 3218 4471 furem
3244 4420 3322 4473 di-

1755 4497 1865 4552 vini
1894 4497 2111 4567 eloquii,
2139 4497 2222 4552 vel
2251 4497 2556 4552 violatorem
2597 4507 2734 4554 tanta
2764 4500 3030 4559 dixissem.
3061 4505 3156 4562 llic
3188 4507 3322 4565 liber

1755 4589 1833 4643 sic
1862 4588 2046 4658 incipit
2069 4606 2080 4640 :
2113 4588 2213 4641 Abs
2240 4597 2288 4641 te
2307 4589 2416 4658 ipso
2441 4599 2680 4658 praesente
2704 4591 2979 4647 audieram.

2318 4727 2541 4783 CAPUT
2581 4729 2742 4786 XXII.

1791 4840 1977 4896 Contra
1995 4839 2320 4898 Adimantum
2343 4839 2614 4897 Manio/tari
2635 4843 2937 4914 discipulum
2952 4889 2968 4916 ,
2992 4850 3113 4905 liber
3130 4869 3281 4910 unus.

1825 4954 1878 5008 1.
1893 4951 2093 5007 Eodem
2112 4959 2349 5020 tempore
2361 4961 2619 5006 venerunt
2647 4954 2699 5007 in
2713 4969 2898 5010 manus
2915 4973 3060 5013 meas
3078 4963 3318 5030 quaedam

1752 5044 2134 5115 disputationes
2158 5041 2446 5110 Adimanti,
2474 5043 2561 5113 qui
2591 5041 2761 5100 fuerat
2789 5045 3060 5104 Manichaei
3089 5051 3319 5122 discipu-

1815 5209 1832 5239 ι
1857 5214 1944 5272 εις
1973 5217 2056 5256 nos
2091 5202 2460 5272 contradicintus
2494 5203 2545 5255 in
2575 5202 2663 5272 hoc
2697 5205 2818 5256 libro
2846 5218 2864 5256 :
2888 5209 3063 5272 inquo
3085 5210 3208 5262 dixi.
3249 5216 3321 5266 sic

1755 5267 2019 5361 legendum
2042 5280 2150 5316 cum
2164 5273 2271 5316 Mss.
2292 5265 2471 5329 Anglic.
2493 5273 2548 5337 et_
2567 5265 2749 5330 aliquot
2767 5282 2796 5317 e
2812 5265 3002 5338 nostris:

1857 5337 1945 5361 Mne
1985 5341 2093 5361 mm
2122 5337 2198 5361 Am
2239 5335 2286 5361 nl
2312 5334 2369 5361 Fr
2433 5328 2494 5361 Ilo
2513 5327 2636 5361 lahrn
2659 5329 2903 5361 Cnaﬁmnm

1857 5337 1962 5378 Mss.
1985 5341 2095 5377 cum
2114 5337 2216 5377 Am.
2239 5335 2292 5378 et
2312 5327 2407 5387 Erl,
2433 5328 2494 5378 de
2513 5327 2636 5378 libro
2648 5327 2918 5393 Sapientiaz.

1811 5411 1883 5474 (a)
1909 5428 1932 5456 ι
1956 5410 2037 5460 Hic
2066 5409 2252 5460 scilicet
2283 5409 2348 5474 de
2379 5409 2844 5474 Numidiaveniens,
2870 5428 2893 5474 si
2925 5412 3078 5474 inquit
3100 5414 3293 5474 Augusti

1748 5470 1874 5532 nus;
1890 5491 1913 5519 ι
1931 5478 1984 5522 et
2020 5478 2184 5521 contra
2199 5470 2496 5532 Caecilianum
2515 5470 2837 5521 christianam'
2853 5470 3070 5523 dividens
3101 5470 3243 5531 plebe

1756 5486 1858 5532 nus,
1890 5491 1913 5519 ι
1931 5486 1984 5522 et
2020 5486 2184 5521 contra
2199 5486 2496 5520 saecularium
2515 5486 2822 5521 cnrtsuanam
2853 5486 3070 5523 atvtuens
3101 5486 3314 5578 μω)εῇ

1756 5550 1778 5578 ι
1795 5533 2026 5596 adiunctis
2047 5533 2139 5581 sibi
2156 5532 2375 5596 ejusdem
2389 5530 2604 5596 factionis
2621 5534 2854 5594 episcOpis
2867 5567 2881 5591 ,
2908 5534 3173 5596 Majorinum
3188 5542 3248 5591 ap

1755 5611 1778 5639 ι
1792 5593 2126 5656 Carthaginem
2156 5593 2392 5643 ordinavit
2423 5593 2714 5656 episcopum.
2748 5593 2829 5656 cui
2863 5593 3078 5656 major-ina
3109 5597 3311 5656 Donatus

1755 5673 1776 5702 ι
1793 5654 1914 5704 alius
1928 5649 2176 5720 sdecessit,
2193 5663 2276 5719 qui
2296 5649 2569 5720 eloquentia
2585 5649 2669 5720 sua
2687 5649 2978 5720 conﬁrmavit
3009 5653 3127 5720 hanc
3158 5649 3311 5699 bieru-

1950 5724 2012 5766 Ex
2032 5717 2115 5767 Iit).
2141 5712 2405 5768 (le-Ha:er
2425 5719 2480 5766 ad
2499 5716 2893 5774 Quodvultdcum,
2911 5726 3011 5775 cap.
3033 5712 3106 5762 69.

2650 5797 2943 5874 {l’ingt.)
