3880 6410
1563 203 1769 310 me
1806 203 2082 308 emisso

245 326 421 380 miuatu
449 338 541 376 non
574 322 771 385 liberat,
802 320 893 374 nisi
920 321 1078 390 gratia
1125 321 1214 374 Dei
1253 337 1346 390 per
1373 321 1552 376 Jesum
1599 321 1756 377 Chri-

246 405 376 471 stum
408 393 669 468 ’Douiiuuiu
720 399 967 471 nosttruin.
999 413 1136 467 dono
1184 413 1408 482 Spiritus
1440 415 1628 480 sancti,
1663 431 1754 484 per

235 497 376 576 quem
400 503 564 570 dill‘usa
590 495 808 556 cliaritas
837 501 881 556 in
907 502 1148 557 cordibus
1173 506 1368 559 nostris
1393 507 1550 558 vineit
1579 508 1752 561 carnis

233 585 659 664 Ctilu'ttpisi‘rntias,
695 611 757 646 ne
779 601 1161 648 consentiamus
1190 595 1266 648 eis
1293 593 1362 649 ad
1387 598 1520 650 male
1551 596 1750 651 ΐςιοίθιιο

228 685 369 744 dum:
405 686 486 739 sed
513 687 668 753 potius
714 687 844 739 bona
896 689 1161 740 furiatntts.
1195 686 1346 742 Unde
1388 687 1597 757 quidem
1644 689 1751 759 jam

226 767 457 834 eiertitur
503 779 703 832 lneresis
743 775 1036 848 Pelagiana,
1069 799 1186 850 qua:
1217 783 1346 848 vult,
1397 799 1502 837 non
1534 801 1596 837 ex
1644 775 1751 837 Πὸο

225 847 380 932 nobis,
411 869 491 922 sed
519 886 572 922 ex
621 867 768 923 nobis
795 885 912 924 esse
942 873 1251 925 charitatem
1280 889 1380 942 qua
1412 874 1545 928 bene
1578 890 1639 928 ac
1668 869 1750 944 pie

221 959 439 1013 vivimus.
467 957 560 1012 Sed
587 961 634 1013 in
658 961 755 1014 illis
780 962 923 1015 libris
945 980 1074 1033 quos
1091 959 1344 1018 adversus
1360 982 1449 1020 eos
1467 965 1746 1032 edidimus,

219 1051 357 1104 etiam
387 1051 648 1119 Spiritualis
676 1050 904 1107 hominis
928 1055 1140 1125 jamque
1168 1051 1450 1128 subgratia
1480 1061 1746 1114 constituti

216 1139 382 1194 melius
413 1139 603 1210 intelligi
633 1144 790 1197 verba
823 1144 920 1198 ista
949 1149 1377 1214 monstravimus,
1399 1161 1615 1219 propter
1641 1168 1750 1205 car-

214 1233 282 1287 nis
297 1248 490 1300 corpus,
521 1235 651 1304 quod
679 1237 947 1304 Spiritnale
970 1241 1201 1294 nondum
1225 1243 1327 1309 est,
1361 1245 1460 1299 erit
1490 1255 1664 1300 autem
1695 1247 1745 1301 in

214 1327 569 1382 resurrectione
599 1339 952 1396 mortuorum;
1007 1342 1060 1386 et
1106 1345 1321 1404 propter
1359 1339 1525 1407 ipsam
1571 1337 1745 1396 carnis

208 1407 686 1489 cuneupisci'ntiam,
721 1439 838 1478 cmn
879 1442 978 1495 qua
1006 1427 1072 1480 ita
1101 1429 1389 1500 conﬂigunt
1416 1435 1612 1499 sancti,
1639 1431 1745 1490 non

206 1509 245 1562 ei
284 1515 653 1568 Consenticntes
698 1515 762 1568 ad
795 1519 1097 1585 maluin,'nt
1131 1531 1302 1578 tamen
1337 1521 1465 1595 ‘ejus
1494 1527 1740 1596 motibus,

202 1600 368 1668 quibus
403 1601 799 1673 repugnantibt'ts
843 1612 1113 1679 resistunt,
1162 1631 1262 1668 non
1303 1631 1520 1671 careant
1551 1620 1600 1673 in
1646 1620 1743 1676 hac

198 1680 286 1743 'v'ita
319 1705 331 1744 :
359 1709 564 1747 noneos
589 1706 765 1751 autem
797 1699 1063 1756 habebunt
1088 1704 1136 1758 in
1167 1705 1275 1765 illa.
1320 1708 1404 1760 ubi
1438 1710 1742 1765 absorbebi-

197 1775 271 1838 tur
289 1800 424 1838 mors
449 1788 496 1839 in
524 1788 813 1844 victoriam.
848 1793 1068 1863 Propter
1111 1795 1246 1852 hane'
1279 1801 1458 1870 itaque
1488 1805 1742 1884 concupi-

197 1865 425 1929 ﬂéntiam
454 1881 724 1949 motusque
755 1883 914 1952 ipsos,
940 1889 1132 1954 quibus
1165 1892 1233 1943 ita
1265 1893 1546 1957 resistitur,
1582 1904 1636 1948 ut
1661 1882 1738 1949 ta-

199 1982 300 2021 men
341 1968 440 2022 sint
471 1971 515 2024 in
555 1974 728 2039 nobis,
773 1970 1198 2050 poté'st'imisque
1248 1997 1464 2038 sanctus
1500 1987 1607 2056 jam
1641 1979 1740 2042 sub

195 2062 336 2128 gratia
369 2064 560 2130 positus
588 2065 768 2124 dicere
816 2069 910 2124 ista
941 2075 1115 2127 omnia
1138 2117 1151 2136 ,
1183 2093 1306 2144 qua:
1353 2079 1438 2131 hic
1465 2094 1583 2134 esse
1629 2083 1736 2135 dixi

194 2154 330 2206 verba
351 2153 566 2208 hominis
589 2158 820 2212 nonduin
850 2151 946 2215 sub
967 2167 1130 2234 gratia
1155 2168 1328 2235 positi,
1348 2170 1438 2224 sed
1457 2172 1556 2223 sub
1577 2171 1733 2243 Lege.

192 2244 324 2310 Quod
348 2246 430 2300 hic
455 2250 734 2306 ostendere
782 2256 994 2325 longum
1024 2269 1122 2323 est,
1170 2261 1347 2317 et'ltoc
1379 2265 1464 2320 ubi
1492 2269 1736 2323 ostende-

189 2338 272 2392 ritn
293 2338 474 2393 dictum
497 2353 573 2396 est
606 2343 752 2415 (Cap.
783 2347 872 2420 6).

245 2425 441 2485 2.1mm
471 2435 743 2504 ἀίδιιυωηε
774 2431 897 2510 quid
947 2444 1163 2514 elegerit
1213 2449 1351 2504 Deus
1405 2451 1453 2505 in
1499 2454 1732 2510 nondum

187 2532 310 2588 nato,
340 2526 420 2579 cui
464 2527 590 2581 dixit
625 2517 939 2587 serviturum
987 2530 1104 2592 esSe
1132 2529 1420 2610 majorem;
1450 2556 1502 2599 et
1527 2548 1649 2615 quid
1684 2550 1732 2603 in

183 2616 344 2672 eodem
369 2623 558 2691 majore
579 2625 822 2681 similiter
851 2631 1085 2685 nondum
1107 2644 1228 2689 nato
1251 2640 1636 2709 reprohai'crit,
1666 2644 1731 2699 de

182 2709 347 2778 quibus
393 2727 604 2786 propter
648 2720 745 2774 hoc
791 2709 1257 2793 commemoratur,
1308 2736 1549 2801 quamvis
1579 2737 1731 2808 longe

183 2815 334 2869 postea
362 2808 615 2872 prolatum
645 2813 1011 2880 propheticum
1041 2821 1419 2900 testimonium,
1451 2827 1608 2880 .larob
1641 2831 1721 2882 di-

180 2892 278 2959 leai,
325 2897 456 2951 Esau
495 2910 661 2954 autem
699 2905 813 2957 odio
850 2907 1002 2962 habui
1037 2910 1222 2981 (Rom.
1257 2895 1336 2981 Ix,
1363 2917 1456 2988 15)
1497 2921 1600 2973 :ad
1630 2921 1728 2977 hoc

179 2987 369 3052 perduxi
397 2994 870 3068 ratiocinationem,
899 3013 951 3077 ut
982 3005 1213 3062 dicerem
1248 3027 1258 3060 :
1293 3009 1410 3064 Non
1439 3031 1552 3084 ergo
1583 3017 1728 3087 elegit

177 3074 290 3132 Deus
327 3099 472 3150 opera
494 3089 792 3158 cujusquam
818 3094 871 3146 in
919 3099 1234 3165 prtescientia
1256 3144 1268 3167 ,
1295 3120 1405 3173 qute
1429 3106 1535 3176 ipse
1572 3109 1722 3161 datu-

177 3180 243 3219 m
260 3180 323 3222 est
341 3189 358 3234 ,°
386 3175 473 3225 sed
489 3177 640 3241 ﬁdem
668 3181 814 3252 elegit
839 3185 891 3237 in
910 3191 1240 3258 prtescientia,
1265 3203 1316 3246 ut
1341 3212 1485 3265 quem
1504 3198 1595 3252 sibi
1614 3217 1724 3255 cre-

176 3255 366 3312 diturum
403 3280 506 3318 esse
557 3273 838 3340 praesciuit,
886 3276 1051 3345 ipsum
1098 3285 1300 3353 etegerit
1346 3289 1428 3339 cui
1479 3290 1724 3359 Spiritum

149 3364 366 3407 sanctum
392 3357 534 3411 daret
561 3402 574 3424 ,
612 3372 666 3416 ut
690 3362 819 3419 bona
848 3373 1103 3437 operando
1133 3377 1285 3429 etiam
1308 3379 1456 3432 vitam
1486 3394 1722 3438 a’tcrnattt

173 3460 514 3518 consequeretur
542 3450 740 3527 (Prop.
772 3457 896 3527 60).
921 3460 1161 3517 Nondum
1192 3467 1496 3538 diligentius
1529 3475 1722 3543 quaesi-

173 3554 341 3608 veram,
370 3561 464 3600 nec
513 3549 689 3604 adhuc
730 3551 1030 3607 inveneram
1070 3561 1239 3627 qualis
1286 3562 1351 3615 sit
1388 3565 1574 3618 electio
1605 3584 1722 3636 gra-

174 3631 268 3694 tim;
296 3635 356 3690 de
380 3656 478 3706 qua
499 3641 638 3694 idem
664 3642 792 3696 dicit
818 3647 1122 3715 Apostolus,
1145 3653 1390 3724 ltuliquia.’
1409 3676 1496 3726 per
1525 3661 1721 3716 electio-

173 3739 264 3777 nem
287 3731 457 3796 gratiae
481 3734 638 3788 salva:
677 3738 826 3805 [actia
848 3751 961 3792 sunt
987 3745 1001 3813 (
1026 3741 1176 3799 Rom.
1221 3764 1292 3811 XI,
1321 3751 1381 3820 5)
1421 3769 1431 3803 :
1470 3770 1587 3823 qua:
1615 3757 1716 3810 nti-

174 3830 256 3884 que
277 3834 368 3874 non
411 3833 490 3877 est
516 3826 685 3894 gratia
715 3829 757 3882 si
786 3845 900 3884 eam
944 3835 1126 3908 merita
1159 3838 1260 3890 ulla
1300 3845 1619 3911 prtcct'iiant,
1652 3863 1717 3902 ne

169 3905 254 3976 jam
285 3915 414 3982 quod
440 3917 616 3983 datur,
661 3937 764 3976 non
794 3926 1084 3983 secundum
1115 3932 1358 3999 gratiam,
1390 3934 1482 3989 sed
1525 3952 1715 3992 secun-

170 3998 269 4055 dum
295 4004 521 4062 debitum
559 4011 812 4066 reddatur
839 4017 1012 4086 potius
1041 3998 1241 4075 meritis
1265 4040 1422 4091 quam
1461 4026 1710 4083 donetur.

169 4089 359 4152 Proinde
384 4101 522 4170 quod
552 4105 804 4159 continuo
827 4108 954 4176 dixi,
987 4109 1118 4164 Dicit
1135 4114 1263 4167 enim
1281 4117 1410 4169 idem
1433 4123 1712 4191 apostolus,

172 4199 188 4234 ι
214 4185 323 4240 idem
346 4188 484 4245 Deus
513 4194 602 4262 qui
631 4208 868 4266 operatur
901 4203 1069 4254 omnia
1098 4203 1149 4256 in
1175 4207 1408 4260 omnibus
1444 4230 1461 4260 ›
1505 4211 1559 4282 (Ι
1591 4210 1709 4267 Cor.

169 4287 246 4340 In,
277 4277 341 4352 ﬁ)
364 4298 642 4353 ;nusquaut
661 4296 826 4341 autem
844 4289 1030 4344 dictant
1051 4293 1290 4361 est,Deus
1305 4301 1457 4352 credit
1483 4304 1649 4356 onmia
1662 4306 1713 4359 in

170 4373 358 4429 omnibus
389 4392 405 4429 :
430 4393 494 4431 ac
511 4377 704 4434 deinde
725 4382 992 4451 subjnnxi,
1023 4385 1172 4451 Quod
1188 4407 1303 4460 ergo
1320 4394 1584 4462 credimus,
1618 4415 1711 4453 no-

170 4467 297 4517 strum
315 4480 419 4534 est;
452 4474 590 4542 quod
625 4483 790 4528 autem
821 4476 1005 4531 bonum
1049 4497 1335 4551 apermnur,
1369 4487 1503 4543 illius
1537 4501 1605 4544 est
1629 4496 1712 4562 qui

167 4555 434 4616 credentibus
474 4566 561 4617 dat
593 4565 844 4636 Spiritum
873 4583 1100 4625 sanctum
1130 4573 1147 4644 (
1172 4573 1332 4646 Prop.
1368 4579 1426 4633 6-1
1451 4579 1503 4652 );
1538 4555 1711 4652 proie-

166 4651 234 4699 cto
257 4665 347 4705 non
396 4656 654 4722 dicerem,
703 4663 745 4715 si
772 4662 880 4731 jam
910 4664 1104 4721 scirent
1145 4669 1304 4723 etiam
1340 4672 1506 4741 ipsam
1553 4677 1706 4733 ﬁdem

167 4736 275 4796 inter
298 4745 381 4802 Dei
405 4767 625 4807 munera
660 4758 913 4825 reperiri;
944 4776 1062 4830 quae
1079 4760 1272 4817 dantur
1300 4766 1349 4819 in
1382 4768 1567 4824 eodem
1595 4773 1711 4844 Spi-

167 4833 266 4894 ritu.
294 4843 577 4920 Utrumque
626 4871 753 4925 ergo
799 4868 1035 4915 nostrum
1061 4873 1144 4918 est
1191 4877 1406 4936 propter
1433 4870 1706 4925 arbitrium

169 4927 443 5007 voluntatis,
480 4952 533 4995 et
563 4954 844 5016 utrumque
874 4959 1046 5007 tamen
1088 4954 1267 5010 datum
1294 4967 1378 5012 est
1422 4977 1515 5030 per
1549 4961 1709 5031 Spiri-

168 5025 254 5079 tum
280 5026 387 5086 ﬁdei
412 5043 466 5088 et
494 5036 789 5092 c‘baritatis.
819 5040 1001 5112 Neque
1025 5047 1168 5101 enim
1196 5050 1306 5103 sola
1334 5051 1587 5116 Charitas,
1611 5055 1704 5108 sed

169 5109 278 5169 Sicut
315 5124 559 5194 scriptum
585 5139 685 5192 est.
723 5109 954 5188 Charitas
977 5152 1092 5190 cum
1130 5139 1232 5207 ﬁde
1255 5159 1284 5194 ιι
1321 5141 1426 5196 Deo
1476 5143 1630 5198 Patre
1658 5159 1703 5200 et

169 5200 348 5306 Domino
369 5231 536 5275 nostro
559 5221 684 5276 Iesu
712 5221 912 5280 Christo
937 5229 954 5299 (
975 5200 1162 5301 Ephes.
1197 5249 1268 5299 v1,
1299 5235 1422 5306 25).

223 5297 267 5352 3-
290 5302 347 5358 Et
371 5311 506 5378 quod
548 5314 705 5381 paulo
736 5328 853 5384 post
879 5297 1291 5386 dini,vNostrum
1319 5297 1391 5381 est
1432 5330 1562 5382 enim
1593 5347 1703 5385 cre-

170 5377 262 5440 dere
280 5395 319 5439 et
345 5377 478 5459 uelle,
505 5377 645 5452 illius
675 5377 843 5454 autem
871 5377 1006 5458 dare,
1017 5407 1327 5464 credentibus
1352 5421 1396 5464 et
1435 5414 1704 5469 colentibus

177 5469 415 5535 facultatem
452 5485 573 5540 bene
612 5491 858 5558 oprrandi
904 5511 992 5563 per
1041 5496 1288 5565 Spiritum
1335 5513 1583 5570 sanctum,
1619 5525 1705 5575 per

173 5576 288 5672 rem
306 5577 510 5631 Charitas
527 5582 834 5647 diffunditur
851 5587 900 5639 in
928 5591 1157 5643 cordibus
1179 5597 1362 5649 nostris
1378 5597 1561 5667 (Prop.
1586 5600 1701 5672 61),

177 5647 330 5719 “tum
349 5670 688 5745 estquidem,
709 5674 807 5732 sed
847 5679 1036 5736 eadem
1073 5685 1253 5755 regula
1269 5725 1292 5754 ,
1334 5647 1394 5745 et:
1428 5647 1709 5763 utt'itqui:

3353 236 3454 318 622

1867 324 2030 392 ipsius
2059 334 2155 384 est...
2195 327 2315 396 quia
2350 327 2460 397 ipse
2490 344 2748 404 prteparat
2777 338 3099 400 voluntatem
3120 363 3132 411 ;
3157 359 3206 403 et
3249 360 3454 412 utrum-

1868 409 1968 482 que
2024 428 2281 483 nostrum,
2315 423 2430 489 quia
2461 417 2572 478 n‘o'n'
2601 419 2667 480 1lit
2706 421 3131 494 nisi"lviil'enlibiis
3159 431 3340 498 nobis.
3372 435 3450 504 Alc

1866 522 1958 575 per
1981 510 2080 563 hoc
2108 511 2244 580 quod
2277 507 2436 579 t-tintit
2464 509 2640 582 postea
2665 515 2800 588 disi,
2830 523 2960 589 Quia
2989 531 3144 602 neque
3170 529 3295 588 velle
3324 527 3446 607 pois-

1862 620 2032 655 sumus
2054 596 2150 657 nisi
2172 597 2429 672 rimentur;
2456 601 2503 662 el
2525 605 2637 664 cum
2664 604 2773 685 post
2800 607 3103 676 vocationem
3122 628 3443 698 voluerimus,

1862 713 1962 748 non
1989 700 2162 767 sufficit
2189 700 2418 754 voluntas
2448 692 2618 758 nostra
2664 696 2707 760 et
2736 727 2910 765 cursus
2951 713 3144 783 nos‘ter,
3179 720 3276 772 nisi
3303 713 3443 777 Deus

1859 774 1906 840 et
1930 789 2053 842 vires
2085 781 2396 847 currentibus
2429 786 2734 864 prwbeat,'et
2757 797 2996 870 perducat
3033 825 3128 874 quo
3160 823 3300 864 vocat
3325 830 3342 877 ;
3381 829 3445 869 ac

1859 876 2049 932 deinde
2071 880 2338 949 subjunxi,
2371 877 2700 955 Manifestum
2739 903 2808 944 est
2833 910 2968 963 ergo,
3002 913 3099 950 non
3123 902 3441 956 volentisne-

1857 985 1953 1038 que
1987 969 2253 1038 currentis,
2301 971 2390 1028 sed
2432 977 2709 1034 miserentis
2743 981 2838 1037 Dei
2884 1003 2986 1040 esse
3025 986 3198 1059 (Rom.
3229 1008 3304 1058 ix,
3329 995 3439 1067 16),

1855 1059 1990 1130 quod
2012 1063 2130 1117 bene
2162 1082 2469 1132 operantur:
2495 1073 2710 1125 omnino
2732 1073 3067 1135 verissimum
3102 1085 3318 1140 cst.Sed
3346 1105 3441 1159 pa-

1846 1147 1971 1206 riitn
2021 1154 2086 1209 dc
2132 1157 2243 1225 ipsa
2288 1162 2564 1217 vocatione
2603 1159 2846 1234 diss-erui,
2885 1187 3001 1240 qua:
3050 1171 3104 1227 ﬁt
3152 1179 3440 1235 secundum

1853 1239 2179 1315 propositum
2208 1249 2299 1304 Dei
2332 1269 2343 1303 :
2379 1247 2480 1306 non
2520 1257 2658 1310 enim
2695 1261 2927 1316 omnium
2960 1266 3046 1334 qui
3073 1282 3329 1325 vocantur
3359 1282 3439 1328 ta-

1852 1329 1916 1390 lis
1947 1348 2047 1404 est,
2073 1327 2172 1395 sed
2205 1351 2407 1398 tantum
2440 1346 2752 1404 electorum.
2787 1353 2962 1423 Itaque
2983 1360 3120 1428 quod
3150 1366 3304 1432 paulo
3321 1377 3442 1437 post

1851 1423 1977 1502 dixi,
2007 1430 2153 1486 Sicut
2173 1436 2302 1487 enim
2341 1438 2392 1489 in
2432 1438 2493 1491 iis
2518 1457 2640 1510 quos
2663 1444 2798 1514 eligit
2833 1445 2986 1512 Deus,
3028 1468 3128 1504 non
3158 1472 3309 1525 opera
3349 1461 3440 1513 sed

1850 1519 1977 1586 ﬁdes
2004 1521 2204 1576 inchoat
2235 1529 2485 1593 meritum,
2522 1540 2574 1582 ut
2599 1550 2688 1602 per
2729 1553 2908 1591 munus
2937 1538 3033 1592 Dei
3070 1542 3190 1596 bene
3224 1562 3436 1616 operen-

1851 1613 1964 1678 tur,‘
1989 1615 2059 1667 sic
2081 1616 2131 1669 in
2153 1617 2214 1671 iis
2235 1636 2357 1688 quos
2374 1621 2600 1689 damnat,
2625 1625 2900 1695 inﬁdelitas
2926 1642 2971 1685 et
2996 1633 3225 1704 impietas
3238 1639 3437 1696 inchoat

1851 1706 2010 1771 poma"
2039 1711 2286 1775 meritum,
2331 1704 2394 1764 ut
2412 1715 2516 1784 per
2543 1718 2704 1785 ipsum
2748 1719 2966 1791 ptenatn'
2987 1728 3134 1782 etiam
3163 1730 3294 1786 male
3319 1751 3436 1804 ope-

1848 1809 2052 1864 rentur;
2109 1806 2380 1861 rerissime
2425 1797 2604 1865 'dixi':
2647 1816 2739 1870 sed
2791 1818 2909 1874 lidei
2960 1827 3209 1880 meritum
3269 1831 3432 1886 etiam

1849 1888 2016 1957 ipsum
2044 1909 2162 1949 esse
2191 1894 2387 1952 donum
2414 1893 2526 1969 Dei,
2571 1920 2667 1960 nec
2695 1899 2868 1975 p'utavi
2898 1915 3242 1982 quzerendum
3286 1903 3427 1989 θέω,

1847 1995 1943 2036 nec
1967 1983 2094 2040 dixi.
2377 1989 2382 1994 “
2419 1985 2424 1996 ’
2643 1997 2646 2000 ’
2713 1985 2736 2002 ’¹
2989 2001 2995 2008 ’
3195 2011 3198 2015 ’

1846 2063 1854 2080 ’
1918 2075 1970 2128 4.
2003 2076 2066 2131 Et
2095 2080 2199 2134 alio
2227 2081 2342 2137 loco
2367 2103 2378 2137 ε
2412 2084 2569 2157 Cujus
2585 2092 2716 2145 enim
2744 2096 3024 2167 miseretur,
3047 2103 3279 2173 inquam,
3306 2112 3430 2182 facit

1844 2182 1952 2220 eum
1980 2168 2100 2225 bene
2125 2177 2326 2244 Operari
2343 2195 2361 2241 ;
2390 2189 2435 2230 et
2449 2196 2594 2247 quem
2611 2184 2824 2239 obdurat
2850 2188 2992 2262 (Ibid
3002 2234 3034 2256 .,
3062 2168 3172 2264 -νΙ
3195 2168 3429 2270 relitiquit

1842 2273 1952 2310 eum
1998 2272 2051 2314 ut
2092 2265 2222 2317 male
2247 2269 2498 2336 operetur.
2531 2272 2636 2326 Sed
2661 2287 2704 2328 et
2746 2277 2835 2330 illa
2863 2281 3205 2338 misericordia
3235 2307 3426 2358 prtece-

1843 2348 1979 2402 denti
2006 2355 2178 2408 merito
2206 2358 2325 2422 ﬁdei
2356 2360 2628 2428 tribuitur;
2652 2376 2696 2419 et
2720 2369 2814 2420 ista
2843 2373 3108 2428 obdura/io
3129 2380 3426 2446 prtrcetlenti

1840 2437 2087 2511 impietati
2115 2429 2320 2521 (Prop.
2366 2451 2476 2525 6‘2).
2510 2456 2660 2537 Quod
2706 2461 2915 2529 quidem
2949 2429 3138 2521 verum.
3172 2482 3284 2537 est;
3330 2475 3424 2528 sed

1839 2534 2010 2590 adhuc
2053 2542 2394 2607 qnarrenzlnm
2443 2533 2578 2601 erat
2610 2560 2783 2605 utrum
2814 2564 2864 2608 et
2907 2559 3152 2614 meritum
3206 2562 3325 2620 ﬁdei
3357 2567 3424 2623 de

1841 2627 2199 2683 misericm'dia
2237 2634 2324 2687 Dei
2367 2638 2600 2703 veniat‘,
2646 2641 2696 2694 id
2737 2657 2835 2709 est,
2870 2658 3044 2702 utrum
3087 2652 3182 2705 ista
3215 2656 3423 2711 miseri-

1836 2718 2011 2770 cordia
2067 2719 2184 2774 ideo
2214 2707 2575 2782 tantummodo
2606 2732 2696 2784 liat
2738 2734 2787 2786 in
2835 2735 3065 2805 homine,
3100 2744 3218 2811 quia
3255 2747 3422 2803 ﬁdelis

1840 2817 1938 2870 est,
1985 2827 2049 2864 an
2095 2814 2251 2867 etiam
2305 2816 2434 2872 facta
2481 2819 2715 2877 fueritnt
2757 2824 2927 2881 ﬁdelis
2962 2843 3123 2885 esset.
3174 2837 3420 2906 Legimus

1835 2899 2006 2966 enim,
2064 2902 2273 2960 dicente
2329 2910 2616 2978 Apostolo,
2679 2915 3076 2975 .‘ilisericordimn
3129 2941 3420 2986 Consecutus

1834 2993 1965 3056 sum,
1997 3005 2050 3045 ut
2081 2994 2246 3062 ﬁdelis
2263 3015 2415 3052 essent
2439 3002 2489 3070 (Ι
2514 3004 2629 3057 Cor.
2659 3022 2751 3072 vn,
2785 3009 2875 3082 25)
2913 3032 2922 3063 ;
2958 3030 3060 3067 non
3090 3019 3181 3082 ait,
3205 3022 3331 3085 Quia
3355 3025 3420 3077 ﬁ-

1832 3081 1964 3136 delis
2002 3101 2166 3139 eram.
2214 3089 2380 3144 Fideli
2407 3110 2548 3163 _ergo
2589 3097 2742 3152 datur
2768 3102 3001 3170 quidem,
3031 3108 3125 3161 sed
3168 3110 3286 3164 data
3335 3127 3418 3170 est

1830 3175 1988 3229 etiam
2022 3187 2074 3231 ut
2119 3192 2259 3234 esset
2308 3184 2498 3238 ﬁdelis.
2547 3189 2864 3265 Rectissime
2895 3194 3068 3266 itaque
3091 3201 3195 3255 alio
3222 3201 3334 3259 loco
3364 3208 3414 3260 in

1829 3261 2014 3322 eodem
2045 3268 2178 3323 libro
2204 3273 2335 3336 dixi,
2377 3276 2629 3339 Quoniam
2657 3281 2700 3334 si
2728 3302 2826 3338 non
2856 3305 2916 3340 ea:
2942 3283 3192 3360 Oper-ibus,
3223 3295 3414 3349 sedmi-

1829 3363 2099 3416 sericordia
2127 3364 2222 3417 Dei
2249 3377 2292 3418 et
2321 3385 2558 3424 vorantur
2597 3372 2651 3426 ut
2694 3379 2986 3446 credamus,
3010 3395 3055 3436 et
3093 3379 3414 3446 credentibus

1829 3465 2098 3520 prwstatur
2130 3455 2183 3509 ut
2212 3459 2332 3513 bene
2358 3479 2634 3530 operemur,
2673 3486 2772 3521 non
2804 3484 2876 3524 est
2902 3471 3129 3542 gentibus
3159 3480 3254 3533 ista
3281 3483 3412 3537 invi-

1826 3544 1990 3598 denda
2013 3549 2353 3603 irrisorie-ordia
2378 3553 2565 3625 (Prop.
2586 3559 2654 3611 6-1
2678 3559 2694 3627 )
2729 3579 2739 3612 :
2769 3565 3007 3631 quamvis
3042 3555 3213 3624 minus
3237 3571 3307 3625 ibi
3334 3571 3413 3626 di-

1825 3635 2138 3704 ligenter’de
2162 3628 2268 3705 illa,
2299 3659 2414 3712 th
2440 3661 2530 3714 per
2563 3649 2652 3702 Dei
2684 3656 3010 3722 primosittnn
3035 3639 3108 3720 lit,
3136 3647 3412 3720 voca-tione

1826 3727 2180 3783 trac'taverim.
2211 3731 2307 3786 [lic
2348 3735 2480 3790 liber
2519 3740 2595 3794 sic
2635 3741 2821 3814 incipit
2861 3766 2872 3800 :
2905 3747 3095 3805 Sensus
3136 3754 3189 3807 hi
3221 3767 3334 3810 sunt
3359 3759 3410 3812 in

1825 3815 2058 3889 Epistola
2085 3821 2239 3877 Pauli
2268 3826 2335 3878 ad
2351 3827 2628 3885 Romanos.
3305 3853 3310 3855 ’

1831 3899 1834 3904 ’
1881 3915 1884 3918 ’
2456 3922 2680 3980 CAPUT
2721 3927 2907 3984 XXIV.

2014 4005 2277 4088 Expositio
2304 4009 2634 4083 Epistolis-ad
2657 4015 2886 4089 Galatas,
2917 4023 3040 4078 liber
3068 4043 3217 4083 unus.

1895 4096 1943 4149 1.
1978 4083 2103 4151 Post
2134 4098 2272 4154 hunc
2300 4101 2493 4157 librum
2523 4110 2742 4175 exposui
2765 4083 3002 4180 ejusdem
3021 4121 3242 4186 apostoli
3275 4121 3402 4192 Epi-

1820 4179 2005 4242 stolam
2038 4189 2102 4244 ad
2130 4191 2360 4260 Galatas,
2387 4210 2490 4248 non
2523 4198 2765 4266 carptim,
2798 4179 2850 4256 id
2878 4215 2959 4260 est
2983 4179 3152 4278 aliqua
3187 4179 3380 4282 prceter

1818 4277 2053 4342 mittens,
2076 4281 2167 4334 sed
2189 4283 2562 4338 continuanter‘
2586 4291 2638 4342 et
2670 4295 2853 4345 totam.
2879 4294 3023 4350 "anc
3046 4309 3218 4354 autem
3239 4320 3402 4372 expo-

1819 4367 2065 4424 Sitionem
2103 4387 2208 4427 uno
2253 4375 2953 4450 voluminecomprehendi.
3013 4389 3065 4441 In
3127 4409 3230 4462 quo
3276 4395 3402 4449 illud

1819 4463 1958 4531 quod
1981 4464 2179 4519 dictum
2209 4478 2308 4533 est,
2341 4463 2543 4526 Priores
2571 4490 2686 4544 ergo
2708 4479 2922 4546 apostoli
2948 4483 3161 4549 veraces,
3191 4486 3278 4554 qui
3300 4505 3402 4541 non

1819 4552 1883 4606 ab'
1909 4545 2210 4622 hominibus,
2250 4555 2337 4612 sed
2366 4577 2396 4613 a
2439 4560 2545 4616 Deo
2577 4583 2664 4630 per
2693 4567 2942 4622 hominem
2983 4574 3119 4626 missi
3144 4588 3278 4643 sunt,
3305 4597 3402 4647 .per

1816 4644 2272 4702 Jesum'C/tristum
2312 4652 2495 4706 scilicet
2523 4658 2691 4710 adhuc
2721 4663 3002 4718 mortalem.
3055 4665 3215 4722 Verax
3250 4673 3397 4727 etiam

1816 4737 2108 4793 novissimus
2137 4742 2412 4809 apostolus,
2431 4746 2515 4813 qui
2533 4764 2620 4816 per
2638 4747 2817 4804 Iesum
2841 4751 3094 4810 Christum
3114 4771 3271 4814 totum
3283 4765 3398 4834 jam

1817 4827 1978 4881 Deum
2017 4841 2126 4899 post
2157 4837 2565 4891 resurrectionem
2593 4831 2700 4911 ejus
2726 4844 2905 4899 missus
2937 4859 3027 4913 est,
3059 4866 3273 4922 propter
3303 4859 3402 4910 im-

1816 4923 2186 4977 mortalitatem
2209 4925 2408 4981 dictum
2429 4939 2530 4996 est,
2561 4939 2717 4987 totum
2731 4937 2846 5005 jam
2883 4939 3064 5009 Deum,
3095 4949 3252 5015 qu‘am
3281 4962 3402 5019 post

1813 5016 2258 5072 resurrectionem
2309 5019 2501 5076 habere
2545 5028 2733 5096 ccepit;
2763 5033 2863 5084 nun
2904 5045 3122 5104 propter
3150 5016 3399 5096 divinita-

1817 5116 1919 5161 tem
1941 5121 2151 5178 semper
2179 5112 2552 5182 immortalem,
2576 5133 2604 5171 a
2632 5119 2731 5190 qua
2763 5139 3028 5194 nunquam
3063 5132 3298 5198 recessit,
3343 5135 3397 5189 in

1813 5215 1914 5270 qua
1947 5210 2084 5258 totus
2135 5205 2272 5260 Deus
2310 5217 2443 5275 erat,
2481 5223 2532 5264 ct
2571 5228 2689 5267 cum
2737 5219 3025 5275 moriturus
3054 5223 3224 5279 adhuc
3259 5235 3392 5281 erat.

1816 5291 1966 5347 Hunc
1987 5304 2160 5348 autem
2194 5311 2405 5352 sensum
2452 5305 2725 5371 sequentia
2777 5309 3146 5378 manifestam;
3175 5314 3394 5383 adjunxi

1813 5386 1953 5439 enim
1981 5386 2164 5442 dicens
2202 5407 2213 5442 :
2245 5389 2448 5446 Priores
2487 5407 2600 5448 sunt
2631 5402 2800 5452 (ceteri
2847 5403 3075 5471 Apostoli
3108 5422 3195 5472 per
3213 5404 3397 5460 ’Jesum

1811 5476 2063 5531 Christum
2095 5481 2260 5534 adhuc
2300 5500 2361 5536 ex
2391 5491 2531 5553 parte
2577 5489 2847 5556 hominem,
2887 5494 2939 5544 id
2983 5501 3054 5544 est
3082 5495 3340 5546 mortalem
3376 5509 3396 5548 .'

1877 5591 1891 5620 ι
1929 5591 2058 5660 Apud
2084 5601 2182 5640 Ant.
2225 5593 2402 5676 ξυρξίιιισ
2438 5612 2448 5645 :
2480 5599 2701 5676 Moriatur
2732 5600 2860 5676 ﬁdei
2880 5602 3271 5676 misericordi/mi
3305 5607 3393 5676 Dei

1812 5651 2092 5726 primigenia:
2113 5656 2240 5715 sint
2278 5665 2349 5724 t-ir.
2388 5667 2438 5707 et.
2459 5667 2565 5712 Mss.
2585 5651 2796 5725 nliqutit:
2819 5651 3038 5713 meritum
3069 5651 3184 5726 ﬁdei

1811 5713 1983 5766 cordia
2004 5714 2092 5764 L‘t‘i
2104 5713 2378 5778 prd-ueniat.
