3880 6400
506 245 615 304 625

499 367 801 422 novissimus
843 374 915 421 est
961 365 1216 436 apostolus
1249 362 1447 420 Paulus
1494 381 1582 436 per
1615 364 1791 420 Jesum
1826 365 2081 420 Christum

489 459 606 530 jam
647 468 803 512 totum
839 457 1030 526 Deum,
1079 457 1134 510 id
1175 467 1247 512 est
1285 473 1348 512 ea:
1389 457 1525 511 omni
1568 466 1708 528 parte
1747 457 2080 511 immortalem

502 549 690 621 (Nam.
712 549 792 622 Ξ).
820 550 932 605 I-loc
959 549 1103 605 enim
1121 549 1253 618 dixi,
1295 563 1568 619 exponens
1587 548 1726 620 quod
1757 549 1830 603 ait
1854 548 2081 618 Aposto-

495 642 602 711 lus,
629 641 748 696 Non
777 643 838 696 ab
860 643 1165 708 hominibus,
1185 658 1340 712 neque
1363 658 1452 707 per
1473 641 1744 709 hominem,
1763 641 1850 695 sed
1878 658 1966 712 per
1984 640 2079 695 Je-

495 751 610 790 sum
626 734 878 790 Christum
903 744 946 789 et
963 734 1126 789 Deum
1145 733 1371 788 Patrem:
1383 734 1533 804 quasi
1548 734 1657 803 jam
1669 733 1824 790 Iesus
1839 733 2079 789 Christus

493 841 604 880 non
644 827 710 880 sit
750 826 931 882 homo.
962 825 1211 896 Sequitur
1238 827 1399 891 enim,
1452 824 1553 890 Qui
1595 825 1848 879 suscitavit
1881 823 2024 879 illum
2046 840 2079 876 a

499 918 717 971 mortuis
751 917 944 989 (Galat.
975 935 1012 985 ι,
1045 917 1097 990 l)
1130 936 1144 972 :
1174 927 1231 973 ut
1274 917 1397 972 hinc
1421 927 1701 987 appareret
1741 933 1837 973 cur
1861 917 2072 984 dixerit,

494 1007 678 1081 Neque
709 1027 796 1080 per
824 1011 1090 1065 hominem.
1116 1011 1364 1076 Proinde,
1388 1020 1604 1081 propter
1629 1011 2074 1066 immortalitatem

489 1100 601 1170 jam
628 1117 769 1156 nunc
790 1117 894 1155 non
924 1101 1084 1156 homo
1119 1101 1360 1156 Christus
1391 1103 1562 1156 Deus:
1592 1111 1810 1171 prepter
1829 1102 2075 1157 substan-

492 1193 622 1247 tiam
655 1209 779 1248 vero
801 1203 1001 1247 naturzc
1021 1193 1285 1260 humanm,
1310 1193 1361 1247 in
1393 1209 1495 1263 qua
1525 1193 1829 1248 ascenditin
1860 1194 2071 1260 ccelum,

492 1283 652 1336 etiam
693 1298 832 1336 nunc
859 1283 1119 1337 mediator
1149 1283 1241 1337 Dei
1263 1291 1316 1338 et
1341 1283 1612 1337 hominum
1639 1283 1802 1338 homo
1832 1283 2074 1338 Christus

489 1373 646 1428 Jesus
677 1373 719 1445 (Ι
746 1372 879 1426 Tim.
913 1391 968 1439 ιι,
995 1374 1328 1445 5),quoniam
1360 1375 1436 1428 sic
1452 1375 1631 1429 veniet
1658 1373 1924 1444 quomodo
1949 1389 2071 1429 eum

489 1465 736 1519 viderunt
763 1466 850 1535 qui
881 1465 1126 1520 viderunt
1163 1473 1377 1519 euntem
1405 1465 1457 1518 in
1484 1465 1678 1519 cmlum
1721 1463 1854 1536 (Act.
1884 1480 1922 1531 ι,
1959 1463 2068 1535 ll).

559 1558 612 1610 2.
638 1556 764 1613 Item
786 1556 926 1627 quod
948 1557 1077 1623 dixi,
1122 1556 1299 1611 Gratia
1319 1555 1414 1610 Dei
1444 1567 1516 1611 est
1538 1574 1635 1627 qua
1662 1557 1802 1611 nobis
1823 1556 2076 1610 donantur

485 1660 708 1721 peccata,
742 1659 796 1703 ut
816 1649 1196 1704 reconcilientur
1215 1649 1351 1705 Deo:
1381 1666 1484 1720 pas;
1503 1659 1669 1703 autent
1713 1631 1825 1720 qua.
1851 1650 2073 1704 reconci-

489 1739 676 1794 liamur
701 1740 806 1795 Deo
832 1739 1017 1812 (Num.
1060 1738 1140 1810 5),
1162 1740 1240 1794 sic
1267 1740 1632 1811 accipiendum
1663 1749 1763 1806 est,
1808 1751 1864 1794 ut
1889 1749 2071 1794 tamen

483 1833 716 1890 sciamus
748 1833 907 1888 etiam
943 1841 1226 1902 utrumque
1260 1832 1327 1886 ad
1363 1833 1667 1902 generalem
1708 1833 1802 1886 Dei
1847 1832 2069 1902 gratiam

483 1928 756 1996 pertinere
789 1944 801 1980 :
832 1925 1096 1996 quomodo
1138 1926 1194 1979 in
1227 1925 1426 1995 populo
1471 1925 1565 1980 Dei
1604 1924 1744 1978 aliud
1771 1925 2070 1994 specialiter

483 2015 671 2084 Israel,
703 2015 846 2069 aliud
873 2015 1070 2079 Judas;
1119 2025 1171 2070 et
1211 2024 1390 2070 tamen
1425 2025 1709 2086 utrumque
1751 2016 2070 2084 generaliter

481 2105 667 2162 Israel.
700 2105 830 2161 Item
858 2121 978 2160 cum
1011 2120 1384 2176 exponerem,-
1423 2105 1556 2171 Quid
1583 2107 1738 2176 ergo?
1758 2105 1864 2160 Lex
1899 2116 2066 2160 trans-

480 2198 752 2268 gressionis
777 2198 940 2269 gratia
959 2198 1218 2269 proposita
1245 2208 1316 2252 est
1342 2198 1357 2229 ³
1388 2196 1580 2268 (Galat.
1606 2200 1680 2262 ιιι,
1715 2197 1827 2270 19),
1859 2199 1929 2252 ita
1955 2198 2067 2253 dis-

480 2289 826 2360 tinguendum
855 2289 1050 2359 putavi,
1076 2296 1136 2343 ut
1173 2288 1517 2358 interrogatio
1546 2297 1706 2356 esset,
1748 2289 1885 2354 Quid
1913 2291 2070 2361 ergo?

484 2397 550 2436 ac
573 2382 766 2437 deinde
794 2381 1093 2452 reSponsio,
1120 2379 1228 2434 Lex
1267 2381 1677 2452 transgressionis
1693 2381 1856 2452 gratia
1885 2398 2071 2453 propo-

481 2474 584 2528 sita
609 2485 679 2528 est
697 2473 906 2546 ‘(Num.
929 2472 1043 2544 24).
1065 2471 1216 2538 Quod
1237 2472 1448 2541 quidem
1465 2487 1567 2526 non
1584 2472 1838 2528 abhorret
1856 2488 1885 2527 a
1905 2488 2032 2529 vero
2051 2490 2065 2540 ;

482 2567 580 2623 sed
609 2568 798 2621 melior
826 2565 957 2620 mihi
983 2565 1192 2620 videtur
1239 2566 1340 2619 ista
1376 2565 1664 2633 distinctio,
1695 2574 1753 2621 ut
1778 2565 2070 2636 interroga-

483 2660 560 2712 tio
590 2659 676 2722 sit,
707 2658 846 2723 Quid
872 2675 988 2729 ergo
1020 2656 1138 2712 lex?
1176 2667 1230 2712 et
1258 2657 1515 2713 inferatur
1547 2659 1844 2730 responsio,
1874 2659 2068 2716 Trans.

485 2751 754 2819 gressionis
779 2750 943 2820 gratia
969 2750 1226 2820 proposita
1265 2759 1356 2804 est.
1386 2751 1536 2818 Quod
1575 2762 1750 2805 autem
1781 2752 1888 2806 dixi
1918 2770 1929 2804 :
1966 2751 2068 2806 0r-

485 2842 796 2895 dinatissime
817 2841 983 2910 itaque
998 2839 1278 2910 subjuna'it,
1319 2860 1335 2892 ι
1373 2842 1522 2907 Quod
1541 2843 1585 2895 si
1599 2843 1780 2912 spiritu
1804 2843 2064 2909 ducimiui,

485 2951 586 2989 non
615 2934 783 2988 adhuc
811 2934 928 2988 estis
944 2932 1031 2988 sub
1055 2932 1188 3004 Lege
1208 2954 1227 2987 ι
1263 2944 1354 2988 :ut
1381 2935 1719 3005 intelligamus
1746 2952 1827 2989 eos
1852 2953 1956 2990 esse
1978 2935 2067 2989 sub

487 3025 642 3097 Lege,
671 3043 885 3098 quorum
912 3025 1120 3096 spiritus
1153 3026 1226 3078 ita
1247 3026 1551 3096 concupiscit
1578 3025 1818 3079 adversus
1843 3041 2064 3093 carnem,

482 3127 539 3168 ut
564 3132 663 3170 non
693 3133 750 3169 ea
769 3132 881 3187 qua:
905 3117 1074 3170 volunt
1103 3116 1315 3185 faciant;
1351 3114 1404 3168 id
1434 3117 1524 3180 ett,
1556 3132 1655 3169 non
1680 3132 1732 3168 sc
1758 3125 1955 3169 teneant
1983 3117 2066 3170 in-

483 3208 640 3261 victos
665 3208 718 3261 in
743 3208 1232 3280 charitatcjustitite,
1259 3207 1346 3261 sed
1371 3208 1791 3276 aconcupiscente
1805 3209 2069 3262 adversum

483 3315 537 3352 se
552 3315 701 3353 carne
728 3300 989 3352 uincantur
1020 3299 1204 3372 (Nam.
1236 3299 1360 3370 47),;
1391 3298 1493 3354 hoc
1534 3314 1599 3353 ex
1632 3300 1721 3354 illo
1764 3315 1926 3355 sensu
1963 3309 2064 3367 est,

483 3405 590 3459 quo
617 3389 912 3444 sentiebam
949 3389 1002 3444 id
1047 3390 1186 3461 quod
1216 3390 1415 3445 dictum
1445 3399 1557 3458 est,
1591 3388 1722 3445 Caro
1763 3391 2068 3463 concupiscit

482 3482 721 3536 adversus
758 3483 1009 3552 spiritum,
1057 3492 1104 3537 et
1150 3483 1358 3553 spiritus
1399 3483 1639 3537 adversus
1673 3499 1872 3539 carnem
1913 3486 2066 3541 :Itwc

481 3575 617 3628 enim
640 3574 734 3629 sibi
753 3575 964 3629 invicem
1000 3576 1363 3643 adversantur;
1389 3588 1564 3631 utnon
1594 3595 1652 3632 ea
1676 3595 1789 3650 quae
1811 3579 1957 3634 vultis
1985 3585 2065 3652 fa-

481 3668 624 3722 ciatis
654 3666 845 3741 (Galat.
865 3684 917 3734 v,
950 3669 1036 3736 l7,
1068 3669 1180 3740 18),
1196 3669 1260 3723 ad
1287 3685 1380 3724 cos
1404 3671 1670 3740 pertinere
1689 3672 1778 3742 qui
1800 3674 1898 3727 sub
1923 3672 2065 3744 Lege

488 3768 633 3824 sunt,
661 3758 895 3815 nondum
924 3759 1022 3814 sub
1054 3761 1239 3843 gratia.
1276 3760 1458 3815 Adhuc
1487 3765 1627 3816 cnim
1657 3778 1763 3816 non
1792 3764 2066 3819 intellexe-

480 3868 594 3908 ram
627 3853 740 3908 hazc
781 3851 939 3908 verba
972 3862 1024 3909 et
1047 3852 1149 3906 illis
1193 3853 1283 3924 qui
1337 3853 1434 3908 sub
1457 3856 1623 3924 gratia
1655 3866 1796 3922 sunt,
1829 3873 1932 3911 non
1964 3857 2064 3913 sub

479 3944 640 4016 Lege,
661 3954 940 4014 pr0pterea
966 3945 1270 4010 convenire,
1304 3945 1425 4014 quia
1465 3955 1516 4000 et
1550 3947 1649 4017 ipsi
1683 3947 2065 4018 concupiscen-

479 4036 580 4090 tias
600 4037 795 4103 carnis,
827 4044 1009 4091 contra
1025 4050 1156 4106 quas
1178 4036 1365 4105 spiritu
1392 4040 1792 4108 concupiscunt,
1817 4041 2063 4110 quamvis

479 4129 559 4182 eis
600 4144 704 4184 non
735 4129 1088 4194 consentiant,
1142 4129 1344 4184 nollent
1395 4139 1570 4186 tamen
1625 4133 1759 4188 ullas
1801 4133 1996 4189 habere
2016 4133 2063 4189 si

479 4229 717 4287 possent.
746 4219 814 4274 Et
834 4220 952 4275 ideo
978 4235 1082 4275 non
1103 4237 1450 4291 quascumque
1473 4223 1657 4278 volunt
1685 4223 1912 4290 faciunt,
1940 4226 2061 4295 quia

477 4310 662 4364 volunt
715 4310 794 4366 eis
827 4326 1028 4377 carere,
1060 4327 1161 4366 nec
1203 4323 1444 4382 possunt.
1473 4313 1622 4369 Tunc
1659 4315 1800 4368 enim
1839 4332 1930 4371 eas
1954 4333 2060 4373 non

479 4400 775 4470 habebunt,
807 4403 1019 4473 quando
1048 4418 1145 4458 nec
1171 4404 1576 4475 corruptibilem
1605 4420 1840 4461 carnem.
1872 4407 1970 4462 llic
1999 4407 2062 4462 li-

479 4493 575 4548 ber
618 4494 696 4550 sic
723 4495 946 4565 incipit:
990 4495 1156 4555 Causa
1195 4505 1399 4566 propter
1434 4513 1586 4566 quam
1627 4499 1796 4553 scribit
1845 4499 2061 4572 Aposto-

477 4583 574 4638 lus.

1047 4656 1274 4713 CAPUT
1317 4659 1484 4713 XXV.

514 4767 760 4841 Epistola:
785 4771 853 4823 ad
872 4769 1130 4826 Romanos
1157 4771 1393 4824 inchoata
1410 4770 1697 4842 Expositio,
1726 4774 1850 4830 liber
1869 4793 2018 4831 unus.

545 4884 798 4955 Epistola:
813 4900 1023 4955 quoque
1048 4885 1114 4940 ad
1139 4885 1430 4952 Romanos,
1461 4889 1597 4944 sicut
1618 4891 1684 4945 ad
1703 4890 1933 4959 Galatas,
1966 4910 2057 4949 cx-

472 4977 789 5045 positionem
817 4993 1174 5047 susceperam.
1212 4978 1316 5033 Sed
1347 4979 1505 5050 hujus
1538 4984 1734 5052 operis,
1765 4985 1809 5040 si
1841 4987 2059 5055 perlice-

471 5075 639 5132 retur,
671 5066 848 5135 plures
867 5067 985 5121 libri
1014 5077 1166 5122 erant
1196 5068 1388 5135 futuri;
1422 5087 1645 5140 quorum
1676 5092 1835 5130 unum
1859 5078 1911 5132 in
1944 5079 2057 5133 sola

473 5157 830 5228 disputatione
850 5159 1016 5228 ipsius
1041 5160 1371 5216 salutationis
1395 5163 1620 5233 absolvi,
1645 5168 1712 5222 ab
1738 5171 1888 5226 initio
1915 5172 2059 5226 scili-

472 5260 560 5309 cet
589 5267 757 5321 usque
785 5252 850 5308 ad
881 5253 1028 5319 illud,
1060 5253 1148 5307 ubi
1178 5255 1251 5307 ait
1283 5274 1295 5309 :
1326 5255 1501 5308 Gratia
1528 5260 1663 5313 vobis
1680 5272 1727 5315 et
1755 5280 1858 5331 pax
1885 5281 1916 5316 a
1946 5264 2056 5319 Deo

473 5345 634 5399 Patre
671 5352 874 5408 nostro,
910 5353 957 5398 et
1005 5343 1224 5399 Domino
1266 5345 1392 5399 Jesu
1434 5345 1655 5404 Christo.
1699 5352 1916 5407 Factum
1973 5363 2056 5410 est

468 5438 664 5510 quippe
681 5447 736 5492 ut
751 5438 1158 5493 immoraremur
1181 5453 1301 5493 cum
1323 5440 1579 5496 vellemus
1594 5443 1797 5498 solvere
1813 5445 2053 5502 inciden-

500 5576 546 5648 ’ξ
568 5580 635 5623 tta
665 5580 774 5646 ayss.
805 5573 1032 5648 plerique
1049 5575 1190 5648 juxta
1213 5588 1359 5648 graec.
1387 5576 1666 5648 prosetéthé,
1679 5592 1779 5648 _n_ec
1796 5594 1894 5631 non
1912 5587 2055 5633 tova-

463 5635 662 5685 nienses
679 5636 730 5684 in
754 5635 823 5707 eo
837 5635 964 5699 loco,
992 5635 1074 5702 qui
1102 5635 1409 5698 retractatur,
1432 5635 1659 5701 quamvis
1678 5642 1756 5692 hic
1786 5653 2053 5707 sequantur

462 5694 652 5760 \‘ulgat.
672 5704 825 5761 posita
845 5704 932 5750 est.

1573 244 2208 304 RETRACTATIONUM
2245 248 2301 305 s.
2345 225 2742 310 sucusrnvt
3602 264 3682 328 tu

2186 374 2293 422 tem
2326 370 2556 424 sermoni
2579 378 2762 426 nostro
2787 370 3150 430 difﬁcillimam
3185 373 3501 447 quaestionem
3519 383 3669 457 depec

2184 468 2303 513 cato
2331 461 2382 514 in
2410 459 2662 531 Spiritum
2689 473 2948 530 sanctum,
2977 466 3118 536 quod
3143 482 3247 522 non
3265 471 3535 530 remittatur
3551 493 3686 550 neque

2185 550 2238 605 in
2262 551 2363 606 hoc
2397 554 2592 610 sreculo
2609 570 2781 625 neque
2809 557 2859 610 in
2909 556 3102 612 futuro.
3133 559 3235 614 Sed
3264 560 3443 618 deinde
3466 567 3554 622 alia
3573 571 3672 626 volu

2184 644 2329 699 mina
2353 647 2554 702 cessavi
2584 648 2873 718 adjungere
2897 650 3211 719 exponendo
3234 653 3502 723 Epistulam
3539 667 3686 727 totam,

2183 737 2353 808 ipsius
2381 739 2559 809 operis
2588 741 2948 811 magnitudine
2971 757 3034 796 ac
3061 742 3240 799 labore
3275 745 3550 814 deterritus,
3575 759 3620 805 et
3649 755 3689 808 in

2182 830 2282 884 alia
2314 830 2550 886 faciliora
2571 832 2808 889 deﬂexus
2846 849 2985 889 sum.
3013 833 3088 888 Ita
3116 835 3310 890 factum
3349 847 3426 893 est
3459 847 3511 894 ut
3539 841 3692 900 librum

2181 938 2339 993 quem
2369 925 2594 979 feceram
2619 926 2863 995 primum,
2890 927 3242 997 relinquerem
3254 930 3437 997 solum,
3453 933 3585 1003 cujus
3603 950 3695 992 esse

2184 1015 2388 1068 titulum
2414 1017 2554 1070 volui
2585 1035 2597 1070 :
2623 1017 2875 1086 Epistolas
2899 1020 2965 1074 ad
3012 1019 3279 1076 Romanos
3303 1023 3528 1078 inchoata
3552 1027 3694 1098 Expo-

2180 1106 2322 1162 sitio.
2355 1107 2452 1163 Ubi
2476 1109 2614 1178 quod
2633 1109 2761 1175 dixi,
2800 1112 3016 1181 gratiam
3050 1129 3159 1166 esse
3193 1114 3245 1167 in
3269 1114 3537 1171 dimissione
3556 1135 3694 1188 pecca-

2181 1200 2361 1264 torum,
2385 1215 2557 1268 pacem
2598 1217 2712 1254 vero
2752 1202 2805 1255 in
2850 1204 3254 1260 reconciliatione
3293 1206 3404 1275 Dei,
3431 1209 3693 1283 ubicumque

2179 1290 2281 1345 hoe
2303 1291 2431 1357 dixi,
2464 1307 2567 1345 non
2590 1291 2668 1348 sic
2691 1293 3052 1363 accipiendum
3079 1305 3238 1352 estac
3263 1298 3307 1352 si
3337 1315 3431 1369 pax
3456 1301 3556 1370 ipsa
3571 1312 3617 1356 et
3631 1320 3694 1358 re-

2176 1383 2474 1437 conciliatio
2503 1399 2604 1439 non
2635 1387 2893 1455 pertineat
2938 1387 3004 1442 ad
3041 1389 3262 1458 gratiam
3303 1393 3600 1461 generalem,
3620 1396 3693 1450 sed

2175 1473 2317 1545 quod
2345 1475 2644 1544 specialiter
2684 1479 2900 1534 nomine
2941 1481 3125 1550 gratia:
3155 1481 3510 1539 remissionem
3532 1487 3693 1555 signiﬁ-

2174 1567 2372 1622 caverit
2400 1577 2755 1637 peccatorum.
2793 1571 2938 1626 Sicut
2981 1571 3177 1642 Legem
3204 1581 3260 1628 et
3293 1575 3571 1644 specialiter
3592 1576 3695 1632 dici-

2174 1676 2313 1727 mus,
2338 1663 2625 1718 secundum
2669 1662 2810 1732 quod
2853 1663 3050 1718 dictum
3103 1673 3204 1730 est,
3250 1664 3356 1720 Lex
3393 1677 3435 1721 et
3477 1666 3696 1738 Propheta

2175 1753 2388 1826 (Matth.
2417 1771 2553 1820 χιιι,
2572 1753 2694 1828 40);
2726 1764 2780 1810 et
2801 1757 3141 1826 generaliter,
3161 1766 3217 1811 ut
3245 1757 3297 1812 in
3318 1773 3377 1812 ca
3402 1757 3503 1813 sint
3525 1767 3572 1814 et
3596 1757 3696 1814 Pro-

2173 1845 2367 1916 phetas.
2399 1847 2493 1902 llic
2509 1847 2644 1902 liber
2666 1848 2742 1902 sic
2769 1847 2950 1918 incipit
2983 1865 2996 1901 :
3023 1847 3090 1901 In
3123 1847 3353 1919 Epistola
3375 1865 3515 1920 quam
3537 1847 3696 1905 Paulus

2176 1939 2433 2010 apostolus
2457 1939 2656 2012 scripsit
2680 1939 2747 1993 ad
2766 1939 3045 1996 Romanos.

2731 2101 2958 2159 CAPUT
2994 2101 3185 2160 XXVI.

2131 2280 2136 2285 .
2211 2237 2288 2292 De
2314 2237 2535 2293 Diversis
2551 2238 2918 2304 Qutestionibus
2937 2243 3190 2314 octoginta
3223 2244 3396 2309 tribas,
3413 2244 3527 2298 liber
3547 2259 3668 2298 unus.

2245 2379 2340 2434 Est
2358 2381 2516 2435 etiam
2559 2381 2698 2438 inter
2723 2383 2810 2437 illa
2831 2397 2947 2453 quae
2989 2382 3301 2454 scripsimus
3325 2384 3570 2454 quoddam
3601 2401 3696 2456 pro-

2174 2472 2336 2527 lixum
2360 2489 2514 2544 Opus,
2537 2476 2625 2545 qui
2658 2485 2833 2531 tamen
2861 2490 2996 2531 unus
3015 2475 3303 2546 deputatur
3331 2477 3460 2532 liber
3488 2478 3617 2548 cujus
3636 2487 3698 2532 est

2175 2565 2357 2619 titulus
2397 2584 2410 2620 :
2447 2565 2515 2621 de
2544 2566 2774 2622 Diversis
2812 2566 3205 2634 Qumstionibus
3252 2569 3512 2638 octoginta
3548 2568 3696 2623 tribus.

2173 2656 2303 2712 Cum
2328 2668 2502 2712 autem
2542 2657 2794 2728 dispersae
2834 2658 3057 2714 fuissent
3097 2675 3194 2729 per
3239 2659 3500 2715 chartulas
3529 2660 3697 2723 multas,

2173 2749 2422 2819 quoniam
2467 2749 2535 2804 ab
2573 2750 2689 2820 ipso
2729 2751 2900 2820 primo
2927 2760 3164 2821 tempore
3209 2753 3697 2813 conversionismer,

2173 2848 2514 2909 posteaquam
2542 2839 2594 2894 in
2626 2839 2858 2895 Africam
2882 2842 3144 2908 venimus,
3173 2842 3317 2898 sicut
3345 2842 3698 2913 interrogabam

2172 2931 2440 2999 fratribus,
2469 2933 2681 3002 quando
2710 2949 2795 2988 me
2821 2943 3094 2989 vacantem
3115 2934 3390 3002 videbant,
3421 2935 3551 2989 nulla
3584 2950 3609 2987 a
3639 2947 3700 2987 me

2173 3032 2380 3078 servata
2401 3023 2734 3079 ordinatione
2754 3023 2962 3079 dictata:
2980 3035 3136 3090 sunt;
3161 3025 3302 3095 jussi
3324 3041 3412 3080 eas
3425 3026 3523 3095 jam
3542 3025 3700 3093 episco-

2175 3130 2274 3185 pus
2299 3115 2496 3185 colligi,
2529 3125 2582 3170 et
2613 3131 2775 3170 unum
2804 3131 2868 3170 ex
2894 3117 2970 3170 eis
2997 3116 3188 3171 librum
3218 3117 3358 3181 fieri,
3385 3115 3607 3172 adhibitis
3627 3129 3699 3167 nu-

2172 3208 2353 3271 meris,
2384 3217 2442 3262 ut
2469 3207 2610 3278 quod
2655 3207 2879 3277 quisque
2921 3207 3097 3278 legere
3136 3209 3388 3273 voluerit,
3429 3207 3567 3263 facile
3591 3206 3700 3259 iuve-

2170 3297 2301 3352 niat.
2318 3298 2514 3353 Harum
2539 3299 2892 3369 quaestionum
2915 3308 2996 3354 est
3013 3300 3203 3368 prima,
3226 3310 3401 3354 utrum
3418 3300 3574 3355 anima
3597 3314 3620 3351 ει
3639 3311 3702 3352 sc-

2171 3391 2283 3460 ipsa
2331 3390 2416 3444 sit.
2451 3390 2712 3454 Secunda,
2749 3389 2816 3446 de
2845 3391 3012 3446 libero
3067 3391 3316 3447 arhitrio.
3346 3393 3530 3458 Tertia,
3565 3400 3698 3445 utrum

2171 3483 2280 3537 Deo
2304 3493 2520 3538 auctore
2548 3483 2617 3538 sit
2643 3485 2802 3538 homo
2827 3483 3079 3539 deterior.
3107 3483 3331 3551 Quarta,
3356 3501 3470 3556 quae
3502 3485 3562 3538 sit
3581 3496 3699 3538 causa

2168 3583 2228 3628 ut
2256 3575 2323 3628 sit
2354 3575 2513 3629 homo
2549 3574 2801 3630 deterior.
2841 3575 3055 3642 Quinta,
3105 3584 3286 3630 utrum
3322 3577 3506 3631 animal
3533 3573 3697 3628 irratioo

2167 3667 2288 3721 nale
2325 3667 2535 3721 beatum
2577 3681 2695 3721 esse
2730 3667 2916 3736 possit.
2965 3667 3148 3734 Sexta,
3188 3666 3261 3722 de
3301 3670 3456 3723 malo.
3488 3665 3695 3734 Septima.

2167 3777 2285 3830 qum
2336 3760 2547 3831 pr0prie
2588 3762 2642 3815 in
2690 3761 2958 3816 animante
3010 3761 3188 3816 anima
3247 3763 3469 3818 dicatur.
3518 3761 3691 3818 Octava.

2167 3859 2342 3904 utrum
2391 3866 2487 3921 per
2543 3866 2600 3906 se
2652 3852 2828 3907 anima
2867 3861 3161 3908 moveatur.
3204 3852 3572 3921 Nona,utrum
3611 3863 3701 3904 cor-

2168 3942 2344 4012 poreis
2389 3942 2632 3997 sensibus
2674 3944 2874 4014 percipi
2920 3944 3115 3999 veritas
3163 3946 3357 4014 possit.
3407 3945 3462 4000 In
3490 3958 3578 4014 qua
3604 3938 3700 3996 illud

2165 4034 2307 4105 quod
2334 4033 2462 4101 dixi,
2495 4033 2657 4088 Omne
2701 4035 2836 4106 quod
2877 4051 3145 4106 corporeus
3169 4053 3352 4091 sensus
3376 4037 3579 4108 attingit,
3599 4031 3700 4104 quod

2169 4137 2214 4181 et
2269 4127 2500 4182 sensibile
2546 4129 2746 4192 dicitur,
2795 4129 2902 4182 sine
2941 4129 3047 4183 ulla
3097 4129 3464 4183 intermissione
3509 4123 3700 4194 temporis

2167 4231 2521 4287 commutatur,
2556 4222 2669 4276 sine
2689 4220 2848 4276 dubio
2885 4236 3068 4276 verum
3097 4221 3313 4292 quidem
3342 4238 3442 4275 non
3460 4230 3534 4276 est
3553 4219 3700 4272 incor-

2169 4313 2384 4383 poribus
2412 4313 2815 4368 resurrectionis
2845 4313 3365 4383 incorruptibilibus;
3400 4312 3492 4367 sed
3516 4323 3634 4365 nunc
3654 4320 3700 4359 ea

2170 4406 2346 4460 nullus
2377 4407 2544 4460 nostri
2567 4405 2808 4474 corporis
2832 4420 3020 4460 sensus
3047 4405 3282 4475 attingit,
3312 4405 3414 4459 nisi
3455 4403 3576 4458 forte
3597 4396 3700 4454 divi-

2167 4497 2308 4551 nitus
2336 4496 2440 4550 tale
2473 4496 2666 4566 aliquid
2695 4496 2977 4551 reveletur.
3011 4495 3248 4560 Decima,
3289 4505 3460 4549 utrum
3487 4503 3650 4560 corpus
3677 4501 3699 4538 ε

2167 4591 2276 4645 Deo
2302 4589 2391 4642 sit.
2416 4587 2723 4653 Undecima,
2743 4603 2904 4657 quare
2917 4587 3154 4642 Christus
3173 4586 3244 4641 de
3273 4586 3463 4642 femina
3480 4590 3615 4638 natus
3631 4578 3698 4632 sit.

2167 4679 2486 4734 Duodecima
2506 4721 2521 4745 ,
2553 4678 2675 4733 loco
2712 4679 2800 4733 ubi
2827 4678 3012 4732 titulus
3039 4686 3140 4744 est,
3169 4676 3443 4734 Sententia
3468 4669 3698 4744 cujusdam

2165 4771 2451 4842 sapientis;
2481 4786 2582 4825 non
2605 4779 2686 4825 est
2709 4785 2826 4824 mea
2851 4786 2862 4822 :
2886 4769 2980 4825 sed
3011 4770 3131 4839 quia
3159 4785 3256 4839 per
3275 4785 3363 4824 me
3387 4758 3698 4830 inuotuitqui-

2163 4864 2384 4920 busdam
2437 4862 2712 4930 fratribus,
2744 4862 2832 4932 qui
2870 4869 2993 4917 tunc
3018 4877 3048 4916 a
3074 4878 3160 4917 me
3197 4863 3301 4916 ista
3346 4854 3697 4931 diligentissime

2165 4955 2501 5024 colligebant,
2529 4963 2583 5008 et
2611 4953 2807 5022 placuit
2845 4953 2922 5007 eis
2941 4994 2954 5017 ,
2984 4952 3123 5007 inter
3160 4961 3342 5007 nostra
3368 4967 3480 5008 eam
3504 4945 3696 5003 scribere

2163 5046 2464 5100 voluerunt.
2499 5044 2593 5098 Est
2629 5053 2805 5098 autem
2843 5043 3114 5112 cujusdam
3143 5043 3334 5099 Fontei
3357 5037 3695 5108 Carthaginien-

2165 5139 2239 5193 sis
2267 5140 2305 5202 ³,
2337 5138 2404 5192 de
2434 5146 2612 5192 mente
2640 5135 2940 5191 mundanda
2967 5135 3033 5190 ad
3060 5136 3345 5190 videndum
3379 5135 3531 5189 Deum
3550 5171 3564 5196 ,
3583 5119 3694 5196 quod

2163 5247 2398 5301 paganus
2443 5230 2653 5301 quidem
2685 5230 2927 5299 scripsit,
2960 5229 3052 5284 sed
3092 5228 3414 5284 Christianus
3446 5223 3694 5294 baptizatus

2165 5331 2245 5375 est
2276 5328 2534 5374 mortuus.
2567 5319 2777 5375 Decima
2817 5319 2969 5373 tertia
2994 5329 3075 5373 est
3093 5360 3107 5385 ,
3136 5335 3241 5389 quo
3270 5318 3573 5373 documento
3593 5320 3694 5362 con-

2162 5422 2266 5466 stet
2313 5413 2553 5465 homines
2591 5411 2773 5465 bestiis
2812 5411 3090 5465 excellerc.
3124 5409 3336 5464 Decima
3388 5415 3584 5478 quarta,
3611 5409 3692 5452 non

2161 5509 2326 5564 fuisse
2364 5525 2556 5579 corpus
2583 5508 2789 5563 Domini
2821 5508 2986 5561 nostri
3013 5506 3136 5562 Iesu
3163 5504 3359 5561 Christi
3401 5501 3687 5572 phantasma!

2225 5645 2240 5675 ι
2263 5643 2458 5704 Additur
2475 5641 2596 5704 ayud
2621 5649 2754 5691 t.ov.:
2773 5639 2862 5700 Qui
2885 5639 2946 5704 de
2965 5639 3063 5704 vita
3073 5636 3473 5704 Braclunanantm
3487 5627 3687 5692 aliqua"!

2163 5703 2442 5769 conscripsit
2465 5702 2627 5768 ;quod
2651 5715 2847 5766 prorsus
2870 5703 3008 5752 abest
3025 5702 3085 5751 ab
3104 5707 3223 5761 Am.,
3248 5705 3320 5748 Er.
3349 5705 3400 5749 et
3412 5703 3510 5744 us.
