3880 6394
228 449 318 506 625
1506 452 1706 509 LIBER

1826 453 2012 514 .lMUS.

228 564 405 618 Decima
426 559 587 630 quinta
607 599 622 624 ,
653 559 718 615 de
748 560 1034 618 intellectu.
1066 561 1275 618 Decima
1305 572 1484 623 sexta.
1516 563 1582 618 de
1607 565 1740 620 Filio

228 656 319 709 Dei.
341 652 528 708 Decima
549 653 769 720 septima
792 695 804 716 ,
828 655 894 709 de
917 655 1133 710 scientia
1161 656 1274 710 Dei.
1305 658 1513 712 Decima
1539 667 1742 724 octava,

221 745 275 798 de
307 742 534 796 Trinitate
561 743 599 792 ί.
624 741 836 796 Decima
867 759 1006 798 nona
1025 787 1041 812 ,
1065 746 1132 800 de
1153 746 1262 800 Deo
1291 757 1345 801 et
1362 758 1625 803 creatura.
1656 747 1745 802 Vi-

220 836 404 905 gesima,
429 832 490 887 de
516 833 631 888 loco
657 834 773 888 Dei.
824 834 1088 905 Vigesima
1135 839 1338 908 prima,
1384 849 1558 895 utrum
1608 841 1746 896 Deus

219 935 372 980 auctor
389 925 497 979 mali
525 939 627 979 non
658 926 746 980 sit.
777 926 873 981 Ubi
902 929 1184 984 videndum
1205 938 1304 994 est,
1331 946 1398 986 ne
1422 933 1558 987 male
1591 933 1746 987 intel-

219 1017 375 1086 ligatur
399 1015 525 1085 quod
551 1015 700 1081 dixi,
739 1015 867 1071 Mali
895 1029 1068 1074 auctor
1101 1039 1200 1075 non
1230 1032 1333 1089 est,
1372 1025 1489 1092 quia
1525 1026 1746 1080 onmium

215 1121 308 1173 qua:
341 1116 446 1159 sunt
477 1115 647 1160 auctor
670 1115 779 1173 est;
807 1110 926 1175 quia
951 1111 1006 1164 in
1031 1122 1273 1182 quantum
1307 1123 1422 1168 sunt
1440 1158 1454 1182 ,
1477 1117 1527 1168 in
1554 1125 1746 1171 tantum

215 1196 320 1248 bona
343 1205 447 1249 sunt
467 1211 483 1249 :
501 1205 553 1250 et
573 1212 640 1251 ne
660 1197 784 1253 hinc
810 1209 1024 1270 putetur
1048 1218 1152 1257 non
1181 1204 1249 1258 ab
1275 1206 1367 1260 illo
1389 1222 1507 1262 esse
1533 1223 1744 1277 pinnam

214 1287 464 1352 malorum,
503 1304 620 1357 qua:
663 1291 846 1362 utique
888 1295 1088 1348 malum
1113 1305 1195 1351 est
1221 1298 1283 1352 iis
1320 1299 1409 1368 qui
1433 1301 1740 1369 puniuntur.

212 1376 296 1432 Sed
319 1377 408 1434 hoc
426 1380 489 1432 ita
513 1379 621 1434 dixi
643 1383 1086 1451 quemadmodum
1112 1387 1308 1443 dictum
1335 1399 1434 1453 est,
1456 1389 1592 1446 Deus
1610 1409 1744 1446 mor-

211 1476 288 1520 tem
324 1484 414 1521 non
452 1469 565 1537 fecit
598 1471 754 1541 (Sap.
782 1488 829 1539 ι,
864 1474 989 1545 15);
1017 1493 1136 1533 cum
1191 1479 1316 1535 alibi
1354 1483 1606 1551 scriptum
1629 1484 1737 1540 sit:

209 1557 327 1614 Μαι-ε
351 1570 396 1614 et
426 1563 520 1615 vita
546 1579 577 1616 a
611 1563 826 1620 Domino
857 1567 964 1622 Deo
989 1580 1061 1624 est
1089 1569 1274 1642 (Eccli.
1313 1589 1368 1627 χι
1387 1614 1402 1640 ,
1435 1575 1544 1644 η).
1581 1576 1742 1632 Malo-

206 1666 300 1705 rum
322 1667 438 1721 ergo
465 1669 640 1722 paena,
665 1672 785 1726 qua:
809 1673 838 1711 a
867 1659 975 1713 Deo
1010 1669 1123 1725 est,
1169 1663 1365 1717 malum
1405 1674 1485 1718 est
1528 1666 1739 1735 quidem

204 1743 360 1808 malis;
386 1744 474 1800 sed
500 1745 550 1798 in
582 1746 735 1802 bonis
757 1748 851 1803 Dei
878 1752 1126 1820 cperibus
1145 1762 1254 1820 est,
1277 1755 1520 1822 quoniam
1538 1756 1739 1825 justum

203 1843 270 1888 est
285 1842 333 1887 ut
355 1836 469 1890 mali
491 1838 794 1906 puniantur,
819 1850 870 1895 et
892 1843 1070 1911 utique
1089 1843 1286 1899 bonum
1313 1856 1394 1900 est
1419 1863 1577 1904 omne
1597 1850 1737 1919 quod

199 1924 366 1992 justum
396 1937 491 1980 est.
524 1927 789 1998 Vigesima
815 1933 1064 2000 secunda,
1096 1935 1260 1989 Deum
1285 1952 1390 1992 non
1418 1939 1525 2008 pati
1554 1954 1738 1995 neces-

205 2015 394 2070 sitatam.
431 2018 689 2088 Vigesima
726 2023 906 2087 tertia,
940 2022 1005 2078 de
1034 2024 1188 2081 Patre
1227 2035 1279 2081 et
1315 2027 1468 2084 Filio.
1501 2029 1600 2085 Ubi
1627 2031 1734 2085 dixi

198 2107 312 2178 quod
336 2125 443 2164 eam
474 2111 588 2180 ipse
607 2115 881 2182 genuerit,
911 2131 1010 2184 qua
1049 2119 1258 2187 sapiens
1284 2119 1495 2186 dicitur,
1526 2123 1735 2193 sapien-

197 2200 298 2254 tiam
319 2219 330 2254 :
351 2202 439 2256 sed
459 2204 650 2260 melius
677 2205 831 2262 istam
856 2211 1202 2278 quiestionem
1228 2212 1279 2266 in
1307 2213 1440 2269 libro
1469 2224 1647 2284 postea
1667 2217 1734 2272 de

196 2292 412 2350 Trinitatc
433 2300 795 2354 tractavimus.
819 2300 1083 2371 Vigesima
1109 2313 1313 2374 quarta,
1340 2316 1513 2361 utrum
1545 2317 1599 2362 et
1619 2324 1735 2377 pec-

194 2391 334 2437 catum
354 2395 402 2440 et
425 2395 569 2442 recte
597 2387 790 2443 factum
812 2389 862 2444 in
890 2391 1057 2446 libero
1083 2392 1151 2446 sit
1173 2394 1460 2451 voluntatis
1485 2398 1728 2453 arbitrio.

190 2473 315 2540 Quod
338 2475 402 2530 ita
427 2492 548 2532 esse
573 2480 793 2536 omnino
812 2483 1142 2538 verissimum
1165 2495 1278 2541 est:
1301 2488 1393 2544 sed
1420 2497 1478 2542 ut
1500 2489 1566 2544 ad
1587 2499 1733 2547 recte

190 2565 446 2625 faciendum
476 2571 700 2627 liberum
723 2574 824 2641 sit,
853 2576 945 2631 Dei
968 2578 1133 2647 gratia
1162 2579 1432 2635 liberatur.
1465 2582 1731 2652 Vigesima

188 2658 366 2730 quinta,
392 2661 458 2716 de
506 2678 666 2721 cruce
703 2665 917 2721 Christi.
947 2668 1209 2738 Vigesima
1253 2682 1438 2739 sexta,
1467 2674 1534 2729 de
1575 2674 1729 2732 dill'e-

187 2755 326 2808 rentia
350 2764 709 2825 peccatorum.
732 2757 992 2830 Vigesima
1020 2763 1265 2832 septima,
1285 2764 1353 2819 de
1375 2767 1726 2834 providentia.

187 2844 408 2916 Vigesima
425 2857 635 2917 octava,
659 2866 819 2921 quare
841 2852 980 2909 Deus
1002 2855 1253 2910 mundum
1286 2855 1457 2912 facere
1485 2859 1726 2914 voluerit.

185 2935 408 3007 Yigesima
431 2956 595 3003 nona,
619 2951 795 2998 utrum
815 2945 1009 3016 aliquid
1037 2948 1104 3002 sit
1123 2963 1330 3003 sursum
1360 2957 1451 3003 aut
1477 2949 1724 3005 deorsum

182 3025 224 3080 in
249 3031 505 3087 universo.
533 3032 860 3102 Trigesima,
902 3044 1079 3091 utrum
1123 3040 1298 3093 omnia
1348 3041 1399 3094 in
1449 3040 1725 3096 utilitatem

182 3118 375 3175 hominis
399 3132 576 3178 creata
606 3124 731 3180 sint.
765 3126 1056 3196 Trigesima
1084 3129 1252 3198 prima
1288 3132 1330 3195 ¹,
1351 3146 1449 3186 nec
1469 3131 1579 3201 ipsa
1606 3146 1725 3186 mea

179 3217 266 3275 est,
293 3211 375 3265 sed
401 3213 675 3269 Ciceronis
702 3214 950 3287 (Tullius,
984 3217 1060 3271 De
1091 3218 1258 3289 (Μία,
1290 3219 1376 3273 lib.
1413 3220 1466 3290 l)
1497 3238 1510 3274 :
1538 3236 1724 3276 verum

179 3300 274 3368 quia
296 3312 343 3356 ct
365 3303 477 3360 haec
507 3320 603 3374 per
631 3321 717 3361 me
744 3308 971 3361 innotuit
999 3307 1275 3374 fratribus,
1319 3310 1457 3365 inter
1481 3311 1579 3365 ista
1604 3327 1722 3380 quae

178 3391 451 3462 colligebant
480 3397 813 3464 scripserunt
839 3413 988 3464 eam,
1020 3399 1257 3454 volentes
1288 3414 1444 3454 nosse
1469 3400 1723 3469 quemad-

177 3482 355 3538 modum
380 3488 604 3541 virtutes
629 3489 790 3543 animi
814 3490 879 3543 ab
903 3490 996 3544 illo
1021 3490 1205 3545 divisa:
1241 3506 1303 3545 ac
1341 3491 1570 3546 delinitre
1591 3494 1715 3547 sint.

177 3571 426 3644 Trigesima
447 3581 710 3640 secunda.
738 3590 912 3634 utrum
939 3597 1052 3636 rem
1080 3583 1220 3636 illam
1252 3584 1386 3637 alius
1411 3586 1514 3639 alio
1555 3589 1718 3656 magis

177 3665 415 3738 intelligat,
442 3678 606 3741 atque
633 3674 703 3727 ita
729 3674 966 3742 ejusdem
1001 3677 1078 3731 rei
1109 3692 1204 3746 per
1230 3679 1494 3734 inlinitum
1522 3690 1606 3734 eat
1635 3683 1717 3736 in-

177 3756 437 3829 telligentia.
487 3762 782 3831 Trigesima
829 3765 1022 3829 tertia,
1072 3766 1140 3821 de
1205 3776 1369 3824 metu.
1427 3771 1468 3823 Τ
1473 3771 1716 3840 rigesima

174 3859 354 3916 quarta,
382 3864 559 3908 utrum
600 3870 706 3909 non
747 3856 889 3910 aliud
938 3859 1218 3912 amandum
1265 3860 1332 3914 sit
1370 3877 1525 3930 quam
1574 3872 1717 3918 metu

173 3949 344 3994 carere.
372 3941 668 4011 Trigesima
695 3946 872 4014 quinta
892 3986 909 4011 ,
947 3948 1071 4016 quid
1094 3949 1375 4003 amandum
1404 3952 1488 4004 sit.
1526 3952 1582 4006 ln
1613 3970 1714 4022 qua

174 4025 276 4083 illud
297 4035 427 4102 quod
456 4035 566 4089 dixi
589 4077 605 4101 ,
635 4037 690 4089 id
715 4053 820 4090 esse
844 4039 1138 4106 amandum,
1166 4042 1300 4112 quod
1325 4043 1451 4095 nihil
1473 4054 1542 4097 est
1573 4046 1714 4099 aliud

175 4117 349 4189 habere,
370 4142 519 4193 quam
547 4144 726 4194 nosse,
767 4145 871 4183 non
903 4131 1031 4184 satis
1055 4133 1307 4200 approbo.
1349 4133 1528 4203 Neque
1570 4137 1710 4192 enim

179 4206 311 4264 Deum
335 4230 433 4269 non
465 4216 754 4283 habebant,
780 4220 971 4287 quibus
1000 4221 1196 4274 dictum
1224 4231 1324 4285 est,
1352 4221 1566 4280 Nescitis
1592 4227 1713 4296 quia

179 4303 379 4368 tanplum
403 4305 498 4360 Dei
519 4307 638 4361 estis
665 4324 751 4362 vos
769 4350 784 4375 ,
815 4319 860 4362 et
899 4308 1120 4380 Spiritus
1160 4311 1253 4364 Dei
1285 4313 1471 4367 habitat
1500 4316 1552 4368 in
1577 4317 1710 4370 vobis

177 4388 354 4459 (ἰσων.
381 4413 436 4452 ur
459 4441 472 4464 ,
507 4399 617 4470 16)
656 4416 754 4454 nec
781 4410 954 4456 tamen
992 4418 1114 4457 eum
1154 4415 1436 4469 noverant,
1469 4408 1551 4462 vel
1603 4425 1708 4464 non

173 4481 281 4538 sicut
305 4492 594 4545 noscendus
616 4501 698 4546 est
734 4505 1008 4547 noverant.
1044 4495 1171 4548 Item
1196 4497 1336 4565 quod
1371 4497 1509 4564 dixi,
1544 4499 1707 4554 Nemo

173 4571 294 4641 igitur
331 4578 515 4634 beatam
558 4583 713 4635 vitam
741 4584 904 4645 novit,
943 4594 989 4636 et
1029 4585 1176 4639 miser
1211 4595 1306 4648 est,
1340 4587 1522 4654 Novit,
1560 4589 1702 4656 dixi,

172 4668 398 4730 quomodo
417 4672 681 4727 noscenda
712 4681 812 4728 est.
845 4673 973 4728 Nam
995 4676 1112 4746 quis
1136 4691 1255 4731 eam
1282 4680 1486 4746 penitus
1515 4682 1700 4747 nescit,

172 4765 322 4812 eorum
347 4761 599 4818 duntaxat
624 4767 712 4835 qui
730 4766 838 4834 jam
869 4767 1075 4823 ratione
1102 4777 1351 4835 utuntur;
1380 4772 1706 4842 quandoqui-

171 4841 268 4899 dem
291 4849 459 4907 beatos
483 4870 542 4909 se
571 4871 692 4911 esse
717 4857 852 4912 velle
878 4861 1175 4913 noverunt?
1201 4861 1487 4930 Trigesima
1520 4873 1665 4918 sexta
1681 4906 1696 4930 ,

172 4929 224 4986 de
241 4941 496 4997 nutrienda
524 4945 799 5000 charitate.
835 4945 934 5002 Ubi
959 4948 1103 5002 dixi:
1137 4950 1272 5004 Deus
1300 4929 1468 5022 iigilur
1505 4963 1551 5007 et
1586 4956 1702 5007 ani-

173 5035 260 5077 tntis
289 5043 376 5096 quo
408 5044 627 5102 amatur,
650 5035 870 5092 charitas
899 5040 1098 5109 proprie
1132 5041 1312 5094 dicitur
1349 5046 1701 5114 purgatissima

174 5119 209 5162 et
229 5130 576 5191 consummata,
617 5126 663 5179 si
701 5129 828 5180 nihil
854 5129 994 5183 aliud
1022 5141 1239 5185 amatur.
1268 5133 1416 5200 Quod
1444 5136 1486 5189 si
1518 5153 1698 5191 verum

175 5211 263 5269 εει,
281 5214 530 5276 quomodo
550 5231 679 5286 ergo
705 5219 990 5287 Apostolus
1015 5222 1123 5276 ait:
1155 5223 1317 5278 Nemo
1342 5244 1560 5296 unquam
1582 5245 1695 5281 car-

175 5303 264 5346 um
277 5312 406 5353 suam
416 5304 526 5358 odio
545 5307 718 5362 habuit
739 5308 1011 5380 (Ephesx,
1031 5313 1145 5385 29).
1161 5315 1225 5369 Et
1248 5332 1309 5369 ex
1333 5316 1431 5371 hoc
1451 5319 1698 5376 admonet

174 5385 486 5458 “diligantur
510 5413 723 5456 uxores.
756 5403 860 5458 Sed
888 5404 1006 5461 ideo
1027 5406 1225 5462 dictum
1253 5418 1360 5474 est,
1395 5412 1594 5481 praprie
1620 5413 1697 5466 di-

226 5583 242 5665 ξ
257 5591 450 5665 inim.
473 5600 634 5665 etlss.
652 5599 1043 5665 non_deteriores
1054 5604 1250 5665 habent,
1265 5605 1325 5656 de
1349 5605 1488 5656 “trina
1499 5608 1690 5660 unitate.

225 5643 329 5727 1mg
331 5643 644 5727 ξριτιιίὸᾶτὼ
653 5643 854 5710 ῖίῦιᾶἇὶ
860 5643 1146 5727 sextaris
1152 5643 1330 5727 "ii-iu;
1349 5643 1488 5716 sui?
1499 5643 1696 5720 ’ξῖξξιῖ

178 5703 276 5787 te}
291 5703 1330 5787 99_meiiiiaai'2';;;,s§i;‘iaui'ui;
1350 5703 1478 5787 ἷιίὶἒὲἱξ
1507 5703 1694 5784 iam;

178 5770 272 5813 ene.
287 5775 366 5819 Nec
380 5770 609 5834 w‘m
629 5787 716 5832 est.
739 5770 1693 5846 mteipotitioiieufueteximus'subsidi};

182 5826 280 5887 ιιι..
296 5831 362 5880 Ir.
380 5841 674 5887 Gnatia-mn
685 5849 790 5887 In.

3321 493 3428 551 696

1853 570 1997 624 lectio
2025 571 2224 642 dicitur,
2256 581 2502 647 quoniam
2532 599 2655 642 caro
2683 587 2916 661 diligitur
2945 596 3177 665 quidem,
3206 615 3305 657 nec
3343 613 3426 661 ta-

1850 676 1971 715 men
2015 669 2262 734 propric,
2305 671 2397 724 sed
2441 686 2652 743 propter
2694 682 2921 738 animam
2957 689 3040 741 cui
3075 691 3312 758 subiacet
3353 697 3424 754 ad

1852 767 2025 808 usum.
2058 755 2190 810 Nam
2216 761 2315 812 etsi
2353 773 2566 831 propter
2600 768 2827 836 seipsam
2859 772 3065 831 videtur
3088 755 3268 851 diligi,
3297 800 3421 842 cum

1850 857 1966 897 eam
1995 846 2238 900 nolumus
2259 864 2377 904 esse
2407 850 2716 923 deformem,
2741 860 2804 914 ad
2827 863 2966 917 aliud
2988 846 3316 928 referendum
3339 884 3425 933 est

1849 931 2009 988 decus
2033 935 2167 1004 ejus,
2197 939 2262 992 ad
2292 940 2419 994 illud
2449 944 2649 999 scilicet
2673 962 2702 999 a
2723 964 2826 1017 quo
2854 951 3041 1009 decora
3074 970 3197 1013 sunt
3217 966 3419 1021 omnia.

1850 1022 2136 1093 Trigesima
2163 1030 2486 1097 septima,de
2502 1050 2711 1104 semper
2737 1049 2880 1096 nato.
2899 1043 3185 1115 Trigesima
3212 1063 3416 1122 octava,

1847 1114 1913 1170 de
1926 1118 2339 1176 conformatione
2355 1123 2564 1178 animm.
2581 1126 2869 1197 Trigesima
2885 1149 3040 1202 nona,
3060 1137 3124 1192 de
3135 1114 3418 1200 alimentis;

1846 1205 2272 1280 Quadragesima,
2293 1228 2411 1267 cum
2432 1216 2722 1272 animarum
2746 1232 2928 1278 natura
2944 1242 3046 1282 una
3062 1231 3148 1294 sit,
3165 1234 3302 1289 unde
3323 1237 3422 1292 ho-

1845 1297 2044 1352 minum
2069 1300 2289 1357 diversa:
2315 1304 2627 1362 voluntates.
2645 1309 3051 1382 Quadragesima
3072 1323 3263 1390 prima,
3291 1341 3417 1383 cum

1844 1390 2019 1444 omnia
2034 1391 2172 1446 Deus
2187 1393 2386 1459 iecerit,
2403 1413 2563 1465 quare
2577 1415 2681 1455 non
2699 1405 2971 1473 aequaliter
2985 1408 3420 1482 lecerit.Quadra-

1842 1481 2039 1549 gesima
2061 1485 2309 1547 secunda,
2323 1489 2766 1556 quemadmodum
2781 1497 2872 1551 Dei
2892 1499 3154 1568 Sapientia
3170 1481 3419 1566 Dominus
3436 1573 3441 1580 ,

1842 1572 1995 1626 Jesus
2009 1573 2249 1656 Christus
2265 1588 2313 1632 ct
2340 1580 2390 1633 in
2410 1592 2559 1637 utero
2583 1587 2762 1642 matris
2781 1588 2936 1646 fuerit
2953 1603 3004 1647 ct
3023 1593 3075 1648 in
3093 1599 3262 1654 cmlis.
3279 1573 3440 1668 Qua-ﬁ

1841 1661 2134 1732 dragesima
2153 1669 2320 1735 tertia,
2342 1686 2505 1739 quare
2518 1673 2679 1728 Filius
2696 1677 2786 1731 Dei
2803 1679 2853 1733 in
2870 1681 3079 1739 homine
3091 1661 3348 1759 apparuit,
3363 1665 3439 1748 eti

1842 1752 2066 1824 Spiritus
2097 1768 2306 1813 sanctus
2324 1761 2374 1814 in
2395 1763 2637 1818 columba
2655 1765 2860 1836 (Matth.
2880 1787 2956 1837 Ill,
2981 1773 3091 1846 16).
3115 1752 3416 1852 Quadrage.

1840 1847 1969 1900 sima
1988 1858 2192 1918 quarta,
2207 1867 2368 1920 quare
2384 1861 2529 1909 tanto
2545 1866 2663 1926 post
2678 1861 2820 1914 venit
2836 1862 3256 1926 Dominus'Jesus
3269 1847 3416 1930 Chri-

1839 1945 1971 1991 stus.
2005 1938 2098 1993 Ubi
2119 1954 2239 1994 cum
2267 1945 2475 2012 generis
2497 1946 2708 2002 humani
2740 1959 2981 2022 tauquam
3003 1959 3156 2012 unius
3185 1946 3436 2022 hominis

1837 2036 2018 2080 aetates
2028 2043 2515 2101 commemorarem,
2535 2037 2643 2091 dixi
2663 2056 2676 2091 :
2696 2038 2806 2094 Nec
2825 2049 3044 2113 oportuit
3060 2051 3219 2105 venire
3233 2053 3415 2110 divini-

1838 2126 1916 2172 tus
1939 2123 2249 2191 magistrum,
2269 2127 2414 2195 cujus
2434 2129 2706 2185 imitatione
2727 2133 2779 2186 in
2801 2151 2960 2190 mores
2983 2141 3197 2208 optimos
3221 2149 3412 2215 [orma-

1835 2217 1990 2273 relur,
2023 2212 2120 2265 nisi
2147 2223 2365 2284 tempore
2374 2218 2670 2286 juventulis.
2689 2223 2981 2293 Etadjunxi
3011 2231 3076 2284 ad
3103 2231 3204 2288 hoc
3221 2212 3408 2293 valere

1835 2302 1974 2371 quod
1997 2306 2276 2373 Apostolus
2305 2308 2467 2376 dicit,
2495 2313 2592 2366 sub
2626 2314 2765 2385 Lege
2805 2325 3050 2388 tanquam
3095 2325 3194 2380 sub
3232 2330 3409 2396 paeda-

1832 2408 1968 2463 gogo
2007 2399 2249 2464 parvulos
2290 2401 2578 2457 custoditos
2607 2403 2798 2475 (Galat.
2823 2425 2914 2473 ιιι.
2944 2411 3058 2482 23).
3083 2414 3187 2470 Sed
3218 2428 3401 2486 potest

1833 2501 2044 2542 movere
2064 2503 2158 2542 cur
2177 2489 2299 2544 alibi
2316 2491 2619 2560 dixerimus,
2639 2497 2905 2554 Christum
2923 2501 2974 2556 in
2990 2507 3196 2573 generis
3216 2507 3406 2562 huma-

1834 2577 1887 2631 ni
1913 2589 2060 2633 sexta
2089 2589 2244 2635 :etate
2265 2590 2508 2653 tanquam
2538 2586 2587 2640 in
2609 2597 2880 2646 senectute
2903 2594 3108 2650 venisse
3126 2595 3258 2668 (Lib.
3288 2601 3312 2653 1
3344 2601 3408 2654 de

1835 2666 1958 2722 Gen.
2002 2680 2174 2724 contra
2213 2671 2463 2740 Manich.,
2493 2692 2538 2727 c.
2560 2676 2648 2743 2'5,
2674 2695 2726 2731 η.
2748 2679 2859 2753 40).
2884 2682 2994 2737 Hoc
3019 2666 3144 2755 ergo
3171 2688 3310 2758 quod
3338 2690 3406 2745 de

1829 2758 2105 2827 juventute
2130 2761 2328 2816 dictum
2359 2773 2472 2830 est,
2502 2765 2568 2820 ad
2593 2768 2825 2838 vigorem
2871 2772 3235 2846 fervoremque
3280 2779 3403 2836 lidei

1831 2849 2074 2916 refertur,
2103 2868 2222 2920 qua:
2253 2869 2347 2921 per
2371 2854 2708 2912 dilectionem
2735 2873 3013 2930 operatur;
3050 2867 3175 2922 illud
3217 2880 3422 2927 autem‘

1829 2937 1896 2992 de
1921 2949 2206 3004 senectute,
2230 2943 2294 2996 ad
2314 2953 2605 3013 temporum
2629 2964 2925 3004 numerum.
2943 2953 3120 3010 Potest
3143 2959 3284 3012 enim
3315 2961 3402 3014 in-

1828 3028 1992 3098 telligi
2021 3038 2300 3100 utrumque
2326 3035 2378 3087 in
2411 3035 2751 3092 universitate
2793 3040 3061 3098 hominum
3081 3086 3096 3112 ,
3123 3049 3263 3116 quod
3294 3067 3402 3108 non

1829 3128 2002 3186 potest
2045 3120 2099 3174 in
2136 3123 2378 3177 aetatibus
2415 3126 2777 3194 singulorum:
2803 3132 2937 3186 sicut
2966 3134 3016 3188 in
3046 3151 3264 3207 corpore
3294 3158 3401 3198 non

1790 3251 1806 3263 .
1829 3218 2001 3276 potest
2024 3225 2140 3264 esse
2168 3212 2324 3266 simul
2363 3225 2416 3268 et
2453 3214 2703 3285 juventus
2727 3229 2780 3274 et
2806 3233 3083 3291 senectus,
3125 3227 3177 3280 in
3223 3231 3400 3287 animo

1825 3309 1999 3353 autem
2045 3311 2250 3370 potest;
2290 3304 2377 3357 illa
2422 3316 2640 3375 propter
2663 3309 3026 3380 alacritatem,
3054 3314 3150 3368 ista
3186 3329 3400 3389 propter

1823 3391 2158 3458 gravitatem.
2199 3393 2606 3464 Quadragesima
2647 3400 2859 3469 quinta,
2889 3402 3143 3459 adversus
3190 3410 3398 3464 mathe-

1824 3481 2064 3535 maticos.
2097 3481 2506 3555 Quadragesima
2536 3497 2702 3552 sexta,
2726 3489 2793 3545 de
2815 3490 2966 3546 ideis.
2987 3494 3398 3568 Quadragesima

1824 3573 2042 3641 septima
2064 3614 2079 3638 ,
2105 3584 2283 3630 utrum
2311 3577 2590 3646 aliquando
2610 3581 2952 3648 cogitationes
2988 3595 3192 3642 nostras
3219 3589 3397 3645 videre

1824 3662 2104 3730 possimus.
2137 3664 2232 3720 Ubi
2260 3666 2398 3734 quod
2424 3667 2560 3733 dixi,
2592 3672 2816 3740 angelica
2843 3690 3073 3745 corpora,
3100 3680 3272 3749 qualia
3303 3698 3395 3735 nos

1820 3769 2079 3822 speramus
2107 3755 2376 3822 habituros,
2409 3759 2718 3814 lucidissima
2747 3774 2895 3834 atque
2917 3769 3129 3822 cetherea
3156 3788 3260 3826 esse
3280 3789 3392 3827 cre-

1819 3845 2035 3898 dendum
2061 3856 2168 3910 est;
2192 3849 2236 3902 si
2261 3849 2360 3904 hoc
2385 3851 2500 3905 sine
2526 3855 2776 3909 membris
2805 3874 2921 3927 qua:
2946 3876 3085 3915 nunc
3112 3855 3411 3927 habemus..-

1817 3945 1871 3991 et
1907 3939 2020 3993 sine
2065 3939 2390 4006 substantia,
2438 3946 2677 4011 quamvis
2726 3947 3174 4017 incorruptibilis,
3217 3963 3390 4009 tamen

1817 4028 1989 4082 carnis
2035 4030 2357 4098 accipiatur,
2406 4041 2633 4088 erratur.
2681 4033 2843 4090 Multo
2891 4046 3063 4092 autem
3107 4041 3294 4096 melius
3334 4044 3388 4096 in

1817 4131 1976 4187 opere
2017 4119 2082 4172 de
2117 4119 2341 4175 Civitate
2368 4122 2492 4186 Dei,
2526 4126 2747 4193 quaestio
2784 4126 2881 4180 ista
2913 4137 3127 4184 tractata
3166 4141 3278 4198 est,
3319 4135 3388 4189 de

1815 4207 2054 4261 videndis
2078 4211 2479 4277 cogitationibus
2505 4216 2696 4268 nostris
2727 4215 2862 4284 (Lib.
2897 4217 2984 4280 9.2,
3010 4235 3055 4272 c.
3085 4219 3208 4290 ‘29).
3240 4223 3382 4288 Qua-

1813 4297 2106 4367 dragesima
2123 4311 2324 4366 octava,
2343 4304 2409 4358 de
2425 4305 2780 4359 credibilibus.
2801 4308 3204 4380 Quadragesima
3222 4329 3354 4367 nona
3367 4358 3381 4379 ,

1813 4403 1975 4456 quare
1999 4390 2085 4444 lilii
2115 4391 2272 4445 Israel
2293 4393 2657 4449 sacriﬁcabant
2678 4397 2949 4453 visibiliter
2970 4415 3212 4466 pecorum
3234 4404 3382 4455 victi-

1812 4496 1944 4534 mas.
1963 4482 2421 4552 Quinquagesima,
2451 4487 2518 4540 de
2538 4489 2835 4557 :equalitate
2848 4487 2981 4543 Filii.
3006 4491 3385 4562 Quinquagesi-

1812 4587 1895 4624 ma
1914 4573 2100 4641 prima,
2129 4575 2193 4627 de
2218 4575 2427 4630 homine
2454 4577 2590 4630 facto
2618 4579 2682 4632 ad
2713 4579 2989 4648 imaginem
3012 4589 3064 4633 et
3083 4582 3382 4637 similitudi-

1812 4677 1930 4715 nem
1953 4663 2062 4716 Dei.
2087 4663 2183 4717 Ubi
2216 4665 2336 4733 quid
2361 4675 2459 4728 est,
2485 4668 2623 4735 quod
2649 4668 2786 4733 dixi,
2813 4669 2982 4723 Homo
3014 4673 3119 4724 sine
3155 4673 3252 4725 vita
3278 4691 3380 4727 non

1809 4762 1938 4805 recte
1950 4755 2253 4822 appellatur;
2270 4769 2386 4808 cum
2400 4756 2602 4810 dicatur
2621 4758 2778 4811 homo
2794 4761 2949 4813 etiam
2963 4761 3187 4815 cadaver
3208 4765 3380 4818 hemi-

1809 4845 2070 4914 nis?Ergo
2087 4847 2271 4900 saltem
2293 4847 2470 4902 dicere
2482 4848 2659 4915 debui,
2680 4850 2791 4905 Non
2825 4853 3031 4921 proprie
3045 4853 3236 4908 dicitur
3257 4872 3268 4914 ;
3290 4856 3378 4909 ubi

1806 4936 1947 5001 dixi,
1980 4954 2078 4990 non
2110 4947 2236 4991 recte
2267 4939 2468 4991 dicitur.
2493 4940 2619 4993 Item
2642 4941 2748 4995 dixi
2775 4960 2786 4994 :
2813 4941 2991 5010 Neque
3009 4945 3182 4998 inscite
3201 4947 3380 5000 dixtin-

1805 5027 1990 5096 guitur,
2013 5028 2148 5098 quod
2177 5028 2316 5080 aliud
2340 5029 2401 5080 sit
2426 5029 2590 5100 imago
2611 5040 2660 5084 et
2685 5032 2956 5087 similitudo
2985 5034 3108 5100 Dei,
3130 5036 3271 5089 aliud
3309 5038 3378 5089 ad

1805 5117 2070 5188 imaginem
2097 5127 2141 5171 et
2170 5119 2545 5173 similitudinem
2577 5120 2700 5187 Dei,
2741 5125 2865 5178 sicut
2904 5127 3151 5181 hominem
3187 5129 3376 5197 factum

1805 5209 2094 5277 accipimus.
2114 5209 2265 5276 Quod
2287 5226 2389 5265 non
2411 5211 2478 5265 ita
2505 5212 2896 5283 intelligendum
2917 5225 2994 5270 est
3012 5259 3026 5282 ,
3045 5220 3192 5288 quasi
3217 5220 3375 5272 homo

1805 5314 1909 5353 non
1956 5299 2162 5353 dicatur
2207 5301 2379 5370 imago
2421 5301 2551 5367 Dei,
2583 5318 2704 5357 cum
2743 5306 2881 5359 dicat
2919 5308 3233 5374 Apostolus,
3282 5308 3373 5360 Vir

1803 5389 2001 5458 quidem
2029 5407 2129 5444 non
2154 5390 2294 5444 debet
2323 5392 2486 5445 velare
2511 5403 2660 5462 caput
2677 5436 2690 5458 ,
2716 5412 2827 5447 cum
2856 5397 2918 5450 sit
2945 5397 3110 5466 imago
3137 5407 3180 5448 et
3209 5395 3373 5461 gloria

1806 5481 1899 5535 Dei
1931 5483 1948 5550 (
1975 5481 1992 5534 1
2022 5481 2139 5536 Cor.
2178 5498 2256 5545 xi,
2293 5482 2364 5555 7)
2394 5500 2406 5534 :
2432 5484 2525 5538 sed
2567 5484 2760 5539 dicitur
2787 5487 2943 5540 etiam
2985 5486 3050 5538 ad
3091 5485 3370 5551 imaginem

1805 5572 1920 5637 Dei,
1947 5572 2088 5642 quod
2115 5572 2428 5642 Unigenitus
2470 5589 2578 5628 non
2619 5574 2828 5639 dicitur,
2873 5577 2958 5643 qui
3007 5574 3368 5628 tantummodo

1803 5665 1975 5734 imago
1998 5673 2100 5731 est,
2119 5681 2225 5719 non
2250 5665 2314 5719 ad
2336 5666 2634 5736 imaginem.
2655 5665 3089 5734 Quinquagesima
3111 5664 3362 5725 secunda,

1801 5755 1868 5810 de
1895 5769 1960 5809 eo
1987 5756 2126 5824 quod
2164 5756 2361 5808 dictum
2391 5764 2498 5819 est,
2543 5755 2756 5807 Pwm’tet
2794 5769 2870 5805 me
2904 5755 3073 5823 fecisse
3110 5751 3361 5805 hominem

1806 5844 1953 5920 (Gen.
1981 5861 2054 5911 vr,
2086 5845 2138 5909 6,
2168 5845 2240 5913 7).
2261 5845 2695 5913 Quinquagesima
2733 5842 2916 5912 tertia],
2951 5843 3017 5898 de
3042 5853 3168 5894 auro
3190 5848 3243 5893 et
3272 5855 3345 5900 ar.
