3880 6398
2377 225 2398 262 ,

616 345 710 403 55,
1647 342 2277 404 RETRACTATIONUM
2313 342 2369 402 s.
2409 341 2772 404 AUGUSTINI
3113 362 3120 366 ·
3175 367 3177 369 ί
3295 360 3305 365 ‘
3701 361 3777 422 est
3835 419 3837 434 ,

616 475 668 521 tu
692 467 823 522 male
845 466 1008 535 fecisti
1034 464 1257 520 occidere
1280 466 1441 536 ﬁlium
1470 465 1576 535 ejus
1604 463 1692 536 (111
1720 463 1848 536 Reg.
1882 479 2023 531 xvn,
2057 460 2172 532 20).

614 562 725 617 Hoc
752 575 884 632 Opus
910 561 986 616 sic
1014 560 1227 631 incipit:
1256 558 1604 615 Cratissimam
1623 556 1790 630 plane.

1240 670 1462 728 CAPUT
1501 671 1566 726 ll.

613 765 799 821 Contra
824 761 1111 835 Epistolam
1129 780 1282 835 quam
1309 771 1485 817 vocant
1506 759 1863 824 Fundamenti,
1887 759 2010 814 liber
2028 773 2175 813 unus.

688 857 846 912 Liber
877 866 1061 912 contra
1105 855 1394 927 Epistolam
1431 853 1741 919 Manichazi,
1791 867 1947 921 quam
1992 859 2182 905 vocant

612 947 998 1013 Fundamenti,
1051 945 1307 1016 principia
1355 944 1468 1014 ejus
1505 945 1617 998 sola
1660 942 1966 1013 redarguit;
2002 942 2095 996 sed
2125 941 2179 996 in

616 1041 823 1093 cmteris
862 1039 1001 1093 illius
1025 1038 1264 1109 partibus
1303 1038 1322 1070 ¹
1363 1037 1728 1092 annotationes
1756 1036 1844 1092 ubi
1871 1034 2176 1102 videbatur,

613 1131 785 1186 afﬁxas
825 1141 964 1196 sunt,
993 1131 1182 1201 quibus
1203 1138 1308 1185 tota
1338 1129 1663 1184 subvertitur
1685 1168 1701 1193 ,
1732 1136 1785 1183 et
1811 1127 2000 1197 quibus
2034 1141 2180 1181 com-

613 1237 880 1286 monerer,
906 1223 949 1277 si
974 1222 1182 1292 quando
1201 1230 1383 1276 contra
1414 1229 1575 1275 totam
1606 1219 1838 1274 scribere
1863 1215 2176 1272 vacavisset.

609 1313 706 1368 Hic
731 1313 867 1368 liber
885 1313 960 1368 sic
986 1312 1172 1382 incipit
1199 1330 1213 1366 :
1248 1310 1413 1366 Unum
1437 1326 1605 1363 verum
1627 1308 1810 1362 Deum.

1237 1422 1458 1478 CAPUT
1495 1421 1582 1476 111.

929 1517 1007 1572 De
1027 1517 1200 1588 Agone
1223 1515 1524 1579 Christiano,
1559 1513 1684 1569 liber
1710 1529 1856 1568 unus.

678 1609 839 1666 Liber
851 1608 918 1664 de
934 1609 1117 1679 Agone
1137 1606 1435 1662 Christiano
1455 1604 1703 1660 fratribus
1720 1604 1770 1658 in
1787 1602 1994 1672 eloquio
2014 1600 2177 1658 latino

610 1702 889 1759 ineruditis
898 1701 1082 1757 humili
1099 1714 1345 1756 sermone
1355 1698 1684 1768 conscriptus
1694 1705 1795 1763 cst,
1809 1695 1925 1750 ﬁdei
1943 1695 2177 1765 regulam

609 1797 908 1860 continens,
925 1803 978 1848 et
1000 1802 1260 1865 praecepta
1285 1791 1516 1847 vivendi.
1537 1791 1596 1846 In
1616 1806 1721 1861 quo
1741 1787 1872 1844 illud
1890 1787 2027 1860 quod
2048 1787 2179 1857 posi-

607 1896 718 1940 tum
736 1895 836 1951 est,
860 1882 914 1938 Ν
917 1901 971 1938 ec
984 1900 1070 1938 eos
1085 1882 1368 1948 audiamus,
1383 1882 1467 1952 qui
1484 1880 1649 1935 carnis
1667 1878 2071 1933 resurrectionem
2089 1879 2176 1948 [ας

605 1987 768 2031 turam
783 1984 986 2047 negant,
999 1985 1044 2029 et
1055 1981 1440 2028 commemorant
1453 1973 1586 2044 quod
1599 1972 1670 2024 ait
1683 1969 1940 2041 apostolus
1956 1966 2172 2035 Paulus,

610 2087 628 2119 ι
640 2085 757 2122 caro
776 2076 822 2122 et
840 2067 1046 2137 sanguis
1060 2081 1264 2136 regnum
1276 2062 1374 2118 Dei
1389 2080 1489 2117 non
1510 2061 1831 2133 possidebunt
1845 2077 1863 2124 ;
1875 2078 1894 2113 ›
1910 2075 2010 2113 non
2028 2058 2176 2111 intel-

602 2161 806 2231 ligentcs
830 2158 963 2230 quod
986 2157 1094 2228 ipse
1118 2158 1240 2211 dicit
1265 2156 1552 2228 Apostolus,
1582 2172 1601 2206 ι
1618 2152 1825 2223 Oportet
1853 2150 2175 2222 corruptibile

602 2253 695 2308 hoc
714 2252 921 2306 induere
939 2249 1395 2320 incorruptionem,
1419 2256 1466 2302 et
1491 2246 1702 2302 mortale
1727 2245 1824 2299 hoc
1849 2243 2055 2298 induere
2072 2242 2173 2296 im-

601 2345 982 2399 mortalitatenn
1014 2342 1056 2415 (Ι
1071 2341 1186 2398 Cor.
1211 2357 1302 2408 xv,
1327 2341 1416 2406 50,
1439 2339 1553 2412 53);
1574 2355 1687 2392 cum
1703 2339 1836 2392 enim
1857 2337 1951 2390 hoc
1983 2339 2174 2408 factum

598 2439 780 2506 fuerit,
811 2439 924 2508 jam
952 2453 1051 2490 non
1079 2437 1168 2489 erit
1194 2452 1311 2488 caro
1339 2443 1386 2488 et
1412 2433 1638 2504 sanguis,
1663 2431 1750 2486 sed
1776 2431 1970 2486 caeleste
1991 2447 2173 2501 corpus

603 2527 753 2600 (Cap.
777 2527 866 2593 32,
891 2545 942 2581 η.
975 2525 1064 2594 54)
1091 2545 1103 2580 :
1133 2541 1236 2579 non
1264 2525 1340 2578 sic
1369 2522 1732 2593 accipiendum
1753 2529 1852 2587 est,
1881 2521 2032 2592 quasi
2055 2536 2172 2577 car-

599 2617 682 2671 nis
709 2634 813 2672 non
849 2618 917 2672 sit
943 2618 1113 2670 futura
1143 2616 1432 2670 substantia
1451 2654 1467 2681 ,
1496 2613 1586 2669 sed
1614 2613 1791 2668 carnis
1815 2621 1868 2667 et
1901 2614 2172 2684 sanguinis

600 2711 813 2764 nomine
861 2709 1025 2778 ipsam
1068 2711 1457 2777 corruptionem
1503 2706 1680 2761 carnis
1705 2715 1759 2761 et
1787 2705 2056 2776 sanguinis
2084 2707 2168 2760 in-

607 2802 924 2872 telligendus
953 2811 1034 2856 est
1060 2801 1343 2870 Apostolus
1369 2814 1736 2868 nuncupasse;
1765 2814 1882 2868 quae
1907 2797 2088 2869 utique
2117 2799 2168 2853 in

596 2912 761 2967 regno
778 2897 868 2952 illo
885 2911 990 2950 non
1011 2897 1132 2963 erit,
1157 2893 1244 2949 ubi
1266 2908 1391 2949 caro
1415 2890 1824 2962 incorruptibilis
1847 2892 1966 2946 erit.
1985 2891 2172 2958 Quam-

595 2989 677 3044 vis
703 2999 754 3043 et
778 2988 932 3043 aliter
965 2988 1132 3058 possit
1157 2984 1374 3057 intelligi
1400 3027 1413 3050 ,
1455 2993 1512 3040 ut
1537 2999 1750 3040 carnem
1780 2991 1836 3040 et
1859 2983 2168 3054 sanguinem

597 3095 760 3150 opera
791 3080 966 3134 carnis
993 3089 1044 3134 et
1075 3077 1345 3149 sanguinis
1369 3076 1568 3131 dixisse
1591 3074 1913 3144 accipiamus
1939 3074 2168 3143 Aposto-

594 3173 727 3238 lum,
740 3180 792 3226 et
807 3187 898 3226 eos
913 3186 1130 3242 regnum
1147 3170 1239 3224 Dei
1251 3185 1355 3224 non
1369 3167 1818 3238 possessuros,qni
1838 3180 2171 3235 perseveran-

595 3272 679 3318 ter
695 3265 793 3319 ista
810 3263 1104 3318 dilexerint.
1124 3261 1220 3316 Hic
1234 3261 1368 3315 liber
1380 3261 1456 3315 sic
1473 3259 1657 3330 incipit
1681 3277 1694 3314 :
1719 3257 1915 3314 Corona
1928 3258 2165 3313 victoriaz.

1223 3371 1449 3428 CAPUT
1485 3370 1575 3427 1v.
1768 3431 1778 3440 ,

804 3463 882 3519 De
917 3463 1164 3518 Doctrina
1209 3462 1529 3531 Christiana,
1577 3463 1691 3518 libri
1728 3472 1961 3536 quatuor.

668 3578 720 3632 1.
760 3576 948 3631 Libros
968 3576 1034 3633 de
1056 3576 1302 3631 Doctrina
1330 3575 1648 3644 Christiana,
1677 3591 1797 3631 cum
1828 3576 2167 3646 imperfectos

597 3670 994 3739 comperissem,
1021 3667 1279 3740 perﬁcere
1302 3669 1460 3723 malul
1491 3684 1648 3738 quam
1675 3668 1752 3723 eis
1777 3669 1854 3724 sic
1879 3669 2076 3725 relictis
2100 3671 2168 3725 ad

598 3762 699 3817 alia
727 3762 1055 3817 retractanda
1083 3761 1329 3818 transire.
1357 3761 1629 3831 Complevi
1657 3776 1784 3832 ergo
1821 3763 2033 3816 tertium
2077 3763 2166 3832 qui

598 3853 828 3921 scriptus
881 3853 1047 3908 fuerat
1093 3867 1261 3924 usque
1308 3851 1376 3917 ad
1423 3868 1543 3907 eum
1598 3852 1772 3908 locum
1828 3852 2000 3923 (Cap.
2057 3855 2162 3922 25,

599 3961 653 3999 n.
677 3946 768 4016 56)
796 3945 885 4000 ubi
911 3953 1382 4001 commemoratum
1408 3953 1490 4000 est
1515 3960 1578 4000 ex
1605 3944 1894 4016 Evangelia
1923 3946 2165 4000 testimo-

599 4037 745 4091 nium
801 4037 868 4093 de
927 4038 1192 4102 muliere,
1247 4051 1365 4107 quae
1414 4035 1693 4091 abscondit
1742 4037 2056 4090 fermentum
2110 4037 2166 4092 in

595 4128 763 4184 tribus
810 4129 1070 4185 mensuris
1111 4128 1293 4184 farinae
1334 4128 1504 4184 donec
1546 4127 1953 4184 fermentaretur
2000 4138 2166 4184 totum

593 4219 743 4292 (Luc.
776 4236 894 4287 xm,
919 4221 1034 4292 2|).
1061 4222 1251 4276 Addidi
1288 4221 1447 4277 etiam
1481 4221 1827 4278 novissimum
1857 4221 2080 4289 librum,
2114 4231 2168 4277 et

593 4319 823 4380 quatuor
848 4311 993 4366 libris
1023 4327 1156 4381 Opus
1182 4312 1308 4366 illud
1339 4312 1550 4382 implevi
1577 4328 1592 4376 ;
1622 4327 1845 4380 quorum
1873 4313 2026 4382 primi
2057 4321 2166 4368 tres

588 4401 845 4471 adjuvant
874 4411 931 4456 ut
968 4401 1255 4472 Scriptura:
1300 4403 1693 4472 intelligantur,
1735 4410 1954 4472 quartus
1989 4415 2165 4458 autem

593 4493 860 4562 quomodo
885 4509 1002 4564 qua:
1031 4494 1373 4565 intelligimus
1397 4493 1711 4562 proferenda
1740 4495 1864 4548 sint.

663 4583 718 4637 2.
759 4583 817 4638 lu
856 4585 1088 4640 secundo
1132 4602 1260 4640 sane
1303 4585 1438 4640 libro
1456 4585 1523 4640 de
1559 4593 1777 4641 auctore
1818 4584 1976 4653 libri,
2007 4601 2163 4656 quem

594 4675 775 4744 plures
821 4686 1014 4732 vocant
1062 4677 1388 4748 Sapientiam
1441 4677 1775 4742 Salomonis,
1822 4678 1961 4748 quod
2006 4678 2164 4732 etiam

599 4765 771 4834 ipsum
800 4767 936 4821 sicut
961 4768 1390 4824 Ecclesiasticum
1418 4769 1572 4825 Jesus
1597 4767 1782 4825 Siracb
1807 4770 1828 4800 '
1857 4769 2162 4838 scripserit,

592 4869 699 4908 non
767 4855 838 4909 ita
867 4865 1110 4913 constare
1159 4861 1294 4913 sicut
1337 4875 1366 4912 a
1410 4875 1496 4914 me
1538 4859 1736 4914 dictum
1784 4869 1868 4915 est
1916 4858 2064 4930 (Cap.
2107 4862 2161 4926 8,

591 4959 645 4995 n.
681 4941 794 5014 15),
834 4957 1012 5014 postea
1039 4948 1229 5014 didici,
1257 4956 1314 5004 et
1340 4949 1557 5003 omnino
1579 4950 1902 5020 probabilius
1929 4951 2165 5021 comperi

593 5049 701 5088 non
728 5050 848 5090 esse
873 5036 1015 5090 hunc
1041 5039 1154 5107 ejus
1181 5040 1300 5094 libri
1327 5049 1614 5095 auctorem.
1657 5042 1757 5098 Ubi
1795 5052 1972 5097 autem
2016 5044 2160 5110 dixi,

595 5125 693 5180 His
736 5127 1068 5196 quadraginta
1104 5140 1317 5198 quatuor
1345 5130 1482 5186 libris
1514 5132 1815 5186 Testamenti
1848 5133 2034 5189 Veteris
2062 5143 2162 5189 τετ-

593 5219 817 5272 minatur
844 5220 1152 5285 auctoritas;
1181 5237 1246 5275 ex
1274 5223 1656 5278 consuetudine
1677 5241 1776 5294 qua
1795 5225 1901 5294 jam
1931 5227 2165 5297 loquitur

590 5311 849 5378 Ecclesia,
873 5310 1033 5366 Vetus
1044 5312 1461 5380 Testamentum,
1481 5316 1735 5385 appellavi
1754 5333 1766 5368 :
1784 5317 2067 5386 Apostolus
2080 5336 2164 5374 au-

613 5505 642 5518 η
655 5447 672 5478 ί
699 5452 747 5495 tn
769 5450 964 5518 septem
981 5452 1087 5497 Mss.
1109 5449 1177 5498 sic
1192 5448 1296 5518 fere
1311 5448 1491 5518 legitur
1513 5463 1524 5498 :
1545 5449 1636 5500 sed
1653 5448 1705 5518 in
1721 5449 1900 5518 ultimis
2056 5468 2164 5518 par-

586 5507 711 5559 tibus
729 5507 976 5575 anfractus
996 5519 1171 5575 omnes,
1191 5508 1272 5575 ubi
1288 5507 1552 5575 vidébatur,
1573 5510 1757 5575 explosi
1772 5519 1878 5563 sunt
1899 5514 2022 5575 :Ased
2043 5507 2088 5566 et
2112 5515 2164 5566 in

588 5569 868 5635 cteterisint
890 5570 940 5619 in
955 5573 1173 5622 Parcensi
1194 5571 1427 5635 legebant
1440 5569 1758 5635 Lovanie'nses
1777 5575 1897 5626 :sed
1915 5573 1966 5626 in
1984 5575 2163 5629 ultimis

589 5631 692 5704 ejus
720 5631 935 5704 partibus
962 5646 1074 5683 cum
1105 5631 1350 5697 anfractus
1380 5644 1555 5694 omnes,
1589 5633 1670 5685 ubi
1691 5635 1950 5700 ridebatur,
1977 5637 2162 5704 πριοδὶ
2249 5686 2255 5692 .

587 5694 696 5750 sint,
721 5694 1053 5754 amwtatiortes.

656 5754 675 5784 ⁸
698 5761 800 5804 Am.
817 5761 931 5819 Lug.
955 5764 1094 5816 Ven.,
1114 5765 1249 5809 Jesus
1269 5755 1396 5822 ﬁlius
1411 5755 1591 5808 Sirach.
1612 5765 1664 5810 M.

2293 469 2398 517 tem
2411 475 2514 516 non
2528 460 2770 517 videtura
2779 460 3005 532 ppellare
3015 459 3176 519 Vetus
3185 461 3777 544 Testamentum,uisiquod

2288 553 2465 609 datum
2491 555 2626 610 estin
2656 565 2835 612 monte
2854 556 2980 611 Sina
3005 556 3193 627 (Gatat.
3221 559 3418 630 πάι).
3440 561 3504 618 Et
3523 563 3570 618 in
3590 580 3646 622 eo
3662 574 3771 640 quod

2287 645 2415 711 dixi,
2443 645 2521 700 De
2535 656 2809 717 temporum
2823 648 3028 704 historia
3039 661 3260 706 sanctum
3273 654 3569 711 Ambrosium
3587 659 3603 690 ί
3623 663 3777 720 soluisse

2285 739 2602 807 quastionem
2630 739 2776 813 (Cap.
2799 741 2888 808 28,
2910 760 2966 797 n.
2983 742 3098 813 45),
3123 753 3367 816 tanquam
3386 751 3618 806 coaetanci
3631 749 3778 810 fuerint

2286 831 2433 887 Plato
2457 840 2511 888 et
2532 833 2788 890 Jeremias
2807 852 2823 900 ;
2850 851 2934 891 me
2954 835 3139 892 fefellit
3157 839 3429 894 memoria.
3455 840 3576 896 Nam
3595 846 3700 914 quid
3714 849 3777 904 ille

2283 921 2351 976 de
2389 921 2489 978 bac
2523 939 2583 979 re
2621 924 2900 996 episcopus
2944 925 3170 994 dixerit,
3220 928 3274 983 in
3311 929 3445 985 libro
3481 931 3586 1000 ejus
3617 934 3775 1007 legitur,

2283 1029 2440 1083 quem
2483 1015 2552 1070 de
2589 1018 2931 1073 sacramentis
2951 1059 2966 1086 ,
3019 1019 3132 1074 sive
3166 1019 3232 1074 de
3260 1020 3577 1091 philosophia
3598 1027 3775 1097 scripsit.

2284 1104 2396 1160 Hoc
2414 1119 2548 1176 opus
2571 1106 2648 1162 sic
2674 1107 2888 1178 incipit:
2921 1109 3054 1164 Sunt
3084 1119 3330 1182 praxepta
3355 1113 3589 1182 quadam.

2929 1199 3155 1258 CAPUT
3194 1203 3256 1257 ν.

2353 1289 2538 1346 Contra
2557 1290 2766 1348 Partem
2784 1291 2993 1360 Donati,
3021 1294 3137 1348 libri
3158 1295 3356 1350 duo.—
3371 1293 3500 1369 [Non
3519 1301 3730 1374 exstant]

2352 1382 2486 1439 Sunt
2510 1383 2615 1439 duo
2637 1385 2754 1441 libri
2775 1386 2898 1450 mei,
2918 1400 3145 1456 quorum
3170 1387 3354 1442 titulus
3376 1397 3474 1453 est,
3495 1389 3665 1445 Contra
3684 1393 3778 1449 Par-

2283 1481 2387 1530 tem
2414 1473 2622 1529 Donati.
2652 1473 2710 1529 ln
2741 1489 2969 1547 quorum
3013 1475 3190 1547 primo
3233 1477 3371 1532 libro
3405 1477 3550 1547 dixi,
3577 1495 3663 1536 non
3685 1484 3780 1539 mihi

2282 1564 2491 1636 placere
2516 1567 2673 1621 ullius
2698 1567 2969 1622 saecularis
3003 1568 3284 1638 potestatis
3317 1568 3514 1640 impetu
3548 1571 3780 1629 schismata.
3836 1629 3837 1646 η

2281 1672 2374 1713 cos
2407 1657 2472 1713 ad
2498 1659 2926 1715 communionem
2958 1660 3221 1737 violenter
3238 1663 3454 1716 arctari.
3480 1662 3544 1717 Et
3562 1678 3670 1719 vere
3691 1674 3779 1722 tunc
3836 1651 3837 1672 ἶ

2281 1749 2408 1803 mihi
2430 1764 2534 1804 non
2563 1749 2836 1820 placebat,
2864 1752 3114 1821 quoniam
3136 1751 3374 1808 nondum
3398 1761 3626 1822 expertus
3647 1770 3776 1820 eram,
3836 1821 3837 1830 γ

2279 1841 2361 1896 vel
2387 1849 2639 1910 quantum
2660 1842 2786 1896 mali
2807 1857 2992 1897 eorum
3019 1842 3241 1898 auderet
3263 1843 3559 1913 impunitas,
3579 1845 3652 1900 vel
3667 1861 3779 1916 quin
3836 1847 3837 1878 θ

2253 1979 2266 1993 ,
2281 1943 2390 1986 tum
2407 1932 2486 1987 eis
2501 1931 2553 1986 in
2571 1932 2758 1988 melius
2774 1933 3036 1989 mutandis
3047 1932 3293 1990 conferre
3309 1942 3484 2004 posset
3495 1933 3717 2006 diligentis
3728 1937 3777 1991 di-
3836 1937 3837 1994 l

2278 2021 2532 2092 sciplinae.
2549 2022 2657 2078 Hoc
2667 2037 2800 2094 opus
2809 2023 2888 2080 sic
2901 2021 3084 2094 incipit
3099 2043 3114 2079 :
3131 2023 3387 2089 Quoniam
3398 2023 3774 2097 Donatisuenotis.
3836 2033 3837 2084 Ἰ

2905 2114 3130 2171 CAPUT
3167 2114 3260 2169 Vl.

2662 2206 3039 2279 Confessionum
3067 2207 3182 2262 libri
3209 2205 3463 2262 tredecim.

2347 2299 2400 2353 1.
2439 2296 2844 2355 Confessionum
2896 2313 3133 2354 mearum
3176 2297 3302 2354 libri
3345 2296 3613 2366 tredecim,
3651 2306 3696 2354 et
3725 2296 3770 2353 de

2277 2389 2430 2446 malis
2451 2399 2507 2446 et
2527 2390 2595 2446 de
2629 2389 2784 2445 bonis
2825 2390 2958 2446 meis
2996 2391 3164 2446 Deum
3199 2390 3419 2446 laudant
3449 2391 3773 2460 justumetbo-

2274 2496 2399 2535 num
2419 2522 2434 2548 ,
2465 2490 2624 2553 atque
2647 2481 2701 2536 in
2724 2496 2848 2537 eum
2866 2482 3099 2538 excitant
3126 2481 3420 2537 humanum
3439 2482 3715 2537 intellectum
3731 2490 3767 2535 et

2275 2572 2556 2638 allectum;
2608 2573 2819 2629 interim
2865 2573 3007 2644 quod
3053 2573 3120 2630 ad
3163 2589 3255 2630 me
3294 2574 3508 2641 attinet,
3544 2561 3691 2629 hocin
3710 2589 3770 2627 me

2273 2673 2496 2734 egerunt
2532 2681 2652 2721 cum
2695 2666 3050 2721 scriberentur
3079 2707 3096 2733 ,
3140 2675 3196 2721 et
3239 2674 3404 2738 agunt
3428 2681 3541 2722 cum
3571 2666 3768 2736 leguntur.

2273 2755 2410 2822 Quid
2437 2755 2503 2809 de
2531 2755 2640 2811 illis
2665 2755 2756 2811 alii
2782 2757 3045 2823 sentiant,
3096 2757 3196 2826 ipsi
3235 2757 3497 2822 viderint;
3541 2757 3689 2812 multis
3718 2766 3770 2810 ta-

2272 2859 2394 2899 men
2439 2844 2688 2900 fratribus
2711 2860 2806 2902 eos
2833 2847 3056 2900 multum
3090 2846 3364 2916 placuisse
3393 2856 3445 2902 et
3470 2846 3649 2917 placere
3677 2845 3766 2898 scio.

2272 2936 2318 2991 A
2358 2935 2530 3006 primo
2566 2951 2734 3006 usque
2763 2935 2830 2990 ad
2861 2935 3124 2990 decimum
3153 2935 3223 2991 de
3265 2951 3353 2992 me
3391 2936 3563 3007 scripti
3593 2933 3765 2990 suntziu

2274 3026 2442 3081 tribus
2463 3026 2689 3091 caeteris,
2718 3025 2786 3080 de
2811 3025 3097 3096 Scripturis
3114 3029 3335 3092 sanctis,
3365 3027 3432 3081 ab
3458 3042 3519 3082 eo
3541 3024 3658 3096 quod
3678 3024 3766 3078 seri

2273 3125 2419 3186 ptum
2468 3124 2569 3182 est,
2600 3114 2668 3170 In
2703 3116 2958 3187 principio
2986 3117 3102 3188 fecit
3145 3115 3287 3172 Deus
3333 3117 3506 3172 etrlum
3544 3125 3586 3171 et
3619 3126 3763 3177 terram,

2273 3224 2439 3280 usque
2461 3209 2528 3263 ad
2553 3209 2756 3267 sabbati
2787 3209 3019 3280 requiem
3052 3207 3200 3282 (Gen.
3230 3227 3271 3276 ι,
3297 3213 3349 3278 1;
3371 3227 3429 3278 ιι,
3453 3210 3527 3283 2).

2341 3301 2395 3354 2.
2436 3299 2492 3355 In
2515 3308 2702 3370 quarto
2731 3299 2864 3354 libro
2882 3341 2896 3365 ,
2924 3315 3042 3354 cum
3065 3299 3131 3355 de
3155 3302 3314 3357 amici
3344 3311 3508 3358 morte
3527 3300 3662 3356 animi
3681 3300 3752 3353 mei

2289 3392 2557 3447 miseriam
2591 3391 2904 3457 conﬁterer,
2944 3391 3129 3446 dicens
3156 3393 3302 3462 quod
3331 3392 3500 3448 anima
3528 3400 3672 3447 nostra
3695 3404 3761 3442 una

2271 3483 2659 3556 quodammodo
2685 3485 2818 3538 facta
2849 3484 3016 3539 fuerat
3038 3499 3104 3538 ex
3129 3484 3360 3552 duabus,
3382 3495 3426 3540 et
3449 3485 3573 3551 ideo,
3593 3485 3757 3552 inquiti.

2273 3582 2402 3650 forte
2438 3578 2567 3632 mori
2604 3577 2881 3632 metuebam
2901 3620 2917 3644 ,
2961 3594 3022 3632 ne
3066 3585 3196 3632 totus
3235 3579 3324 3633 ille
3361 3587 3634 3642 moreretur,
3663 3588 3762 3644 quem

2270 3670 2482 3724 multum
2508 3685 2792 3724 amaveram
2819 3667 2969 3742 (Cap.
2997 3669 3086 3740 6):
3112 3685 3233 3739 qua:
3269 3670 3547 3741 miliiquasi
3568 3666 3761 3724 declama.

2271 3759 2346 3813 tio
2375 3759 2524 3824 levis,
2553 3775 2711 3830 quam
2741 3761 2918 3830 gravis
2945 3757 3215 3815 confessio
3243 3760 3464 3825 videtur,
3491 3755 3689 3829 quamvis
3705 3763 3762 3807 ul-

2269 3865 2496 3920 cumque
2537 3859 2828 3921 temperata
2873 3851 2944 3906 sit
2981 3850 3097 3907 lucc
3134 3851 3332 3921 ineptia
3359 3852 3410 3907 in
3435 3867 3495 3906 eo
3517 3848 3634 3922 quod
3655 3845 3761 3901 addi-

2270 3950 2380 3997 tum
2401 3950 2500 4006 est,
2538 3945 2685 4015 forte.
2741 3943 2813 3998 Et
2849 3943 2902 3998 in
2941 3944 3078 4000 libro
3107 3943 3266 3999 tertio
3292 3943 3492 3999 decimo
3523 3940 3639 4012 quod
3661 3936 3758 3998 dixi,

2272 4031 2673 4087 Firmamentum
2699 4033 2888 4103 factum
2912 4035 3041 4087 inter
3076 4033 3364 4103 spirituales
3390 4049 3534 4104 aquas
3553 4028 3761 4100 superiora

2271 4131 2319 4176 et
2349 4123 2634 4193 corporales
2675 4123 2941 4194 inferiores
2965 4123 3114 4194 (Cap.
3144 4123 3270 4195 '52);
3315 4139 3420 4178 non
3445 4123 3562 4179 satis
3579 4116 3759 4176 conside.

2271 4220 2385 4268 rate
2430 4213 2629 4268 dictum
2670 4222 2753 4268 est
2776 4231 2789 4267 :
2811 4229 2901 4269 res
2925 4225 3100 4269 autem
3129 4216 3181 4269 in
3206 4214 3386 4270 abdito
3412 4224 3488 4270 est
3513 4210 3655 4267 valde.
3686 4205 3760 4260 Hoc

2279 4319 2410 4374 opus
2432 4304 2510 4358 sic
2535 4304 2717 4374 incipit
2742 4321 2755 4357 :
2782 4303 3002 4375 Magnus
3017 4321 3087 4368 es,
3112 4303 3343 4360 Domine.

2903 4395 3128 4451 CAPUT
3167 4395 3279 4450 VII.

2409 4483 2596 4540 Contra
2615 4485 2860 4540 Faustum
2872 4486 3221 4554 maniclueum,
3235 4487 3349 4541 libri
3365 4485 3554 4558 triginta
3566 4491 3662 4536 tres.

2342 4579 2393 4632 1.
2433 4577 2632 4632 Contra
2685 4577 2934 4634 Faustum
2981 4578 3332 4635 manicbteum
3381 4575 3752 4646 blasphemantem

2272 4669 2467 4740 Legem
2491 4678 2545 4723 et
2571 4670 2863 4739 Prophetas
2881 4711 2894 4734 ,
2925 4679 2979 4726 et
3001 4685 3184 4726 eorum
3213 4671 3379 4725 Deum
3398 4711 3413 4735 ,
3437 4677 3489 4725 et
3511 4658 3754 4722 incarnatio-

2271 4775 2394 4816 nem
2418 4760 2644 4826 Cbristi;
2675 4759 2977 4830 Scripturas
2999 4769 3174 4817 autem
3199 4761 3330 4817 Novi
3358 4752 3660 4819 Testamenti,
3677 4747 3755 4818 qui;

2271 4853 2371 4907 bus
2389 4851 2739 4916 convincitur,
2763 4850 2977 4907 falsatas
2995 4867 3115 4908 esse
3129 4853 3408 4918 dicentem,
3428 4847 3592 4918 scripsi
3612 4837 3754 4915 grande

2269 4957 2432 5013 ορυεν
2485 4943 2664 4998 verbis
2708 4943 2824 5012 ejus
2870 4945 3154 5013 prepositis
3199 4943 3426 5000 reddens
3462 4933 3753 5009 responsiones

2268 5049 2434 5091 meas.
2464 5035 2697 5106 Triginta
2726 5043 2781 5091 et
2809 5043 2922 5091 tres
2950 5035 3333 5105 disputationes
3351 5040 3491 5096 sunt;
3513 5041 3624 5100 quas
3637 5022 3749 5116 etiam

2272 5129 2438 5184 libros
2475 5142 2570 5183 cur
2615 5143 2720 5182 mn
2757 5127 3023 5183 dixerim?
3062 5127 3193 5182 Nam
3221 5127 3318 5182 etsi
3343 5133 3458 5180 sunt
3480 5123 3528 5175 in
3549 5119 3615 5174 eis
3633 5113 3750 5178 aliti“i

2271 5221 2588 5290 perbreves,
2618 5229 2794 5274 tamen
2822 5219 2941 5274 libri
2967 5227 3108 5274 sunt.
3136 5219 3281 5274 Unus
3308 5230 3429 5272 vero
3446 5223 3619 5270 eorum,
3645 5201 3708 5258 ubi
3725 5213 3744 5249 α

2275 5311 2428 5366 nobis
2469 5309 2753 5365 adversum
2789 5311 2906 5379 ejus
2949 5309 3369 5374 criminationes,
3409 5295 3747 5360 Patriarebarum

2211 5418 2218 5426 ·
2268 5401 2379 5457 vita
2397 5400 2729 5466 defenditur,
2761 5407 2919 5455 tanwe
2948 5399 3262 5470 prolixitatis
3282 5406 3388 5462 est,
3418 5399 3598 5464 quanta:
3619 5380 3743 5440 nullus

2270 5493 2383 5550 fere
2402 5493 2655 5548 librorum
2682 5506 2942 5547 meorum.

2335 5585 2392 5639 2.
2430 5583 2488 5638 lu
2516 5583 2652 5639 libro
2670 5597 2798 5654 ergo
2825 5583 2980 5638 tertio
3011 5597 3132 5638 cum
3147 5581 3411 5651 solverem
3433 5568 3735 5646 quaestionem:

2331 5694 3122 5768 *_Editi:secwtdtanxmbrosium
3153 5677 3739 5754 soltisse;atMss.:W

2272 5758 2583 5811 ambrosiam.
