3880 6414
235 361 312 424 ωε

1515 346 1720 404 LIBER
1755 344 2133 406 SECUNDUS.

3343 347 3452 408 θδι

231 473 452 549 quomodo
489 469 724 544 potuerit
763 469 903 526 duos
932 476 1107 541 patres
1140 467 1335 524 habere
1371 463 1570 535 Ioseph
1590 505 1607 529 ,
1648 461 1756 517 dixi
1861 459 1972 517 lum
2002 463 2328 532 operandum
2350 507 2364 531 ,
2406 465 2516 521 sive
2541 465 2607 521 ad
2648 467 2843 522 bonum
2880 483 2894 521 :
2928 464 3022 522 sed
3051 464 3116 521 de
3144 465 3310 536 gratia
3340 483 3444 539 qna

235 572 414 645 quidem
441 567 572 637 quod
597 582 660 621 ea:
685 566 792 620 alio
819 574 971 619 natus
991 605 1007 630 ,
1037 563 1116 631 :ab
1152 563 1252 616 alio
1294 559 1442 632 fuerit
1489 558 1757 645 adoptatus

234 663 350 738 (Cap.
370 660 456 729 5);
483 656 576 712 sed
605 671 776 726 genus
805 667 1015 724 quoque
1035 650 1332 722 adoptionis
1355 648 1534 703 dicere
1560 644 1716 738 debui
1740 661 1754 698 :

234 737 290 813 sic
307 755 430 811 enim
448 759 599 806 sonat
621 748 767 820 quod
787 747 895 802 dixi
916 788 930 814 ,
965 755 1210 816 tanquam
1230 757 1350 798 eum
1371 741 1522 794 vivus
1544 737 1761 808 adopta-

231 849 336 906 verit
357 845 483 900 alius
511 851 681 914 pater.
733 839 843 894 Lex
871 846 1048 893 autem
1079 836 1214 890 ﬁlios
1238 835 1397 890 etiam
1427 830 1650 886 mortuis
1675 827 1760 882 ad-

230 939 467 1012 optabat‘,
492 935 689 1005 iubens
717 940 778 988 ut
805 930 985 986 fratris
1026 929 1139 984 sine
1177 926 1297 981 ﬁliis
1321 923 1515 980 mortui
1544 921 1763 976 duceret

230 1036 364 1091 frater
394 1045 608 1086 uxorem
633 1069 649 1093 ,
692 1036 748 1083 et
784 1025 937 1081 fratri
977 1023 1231 1080 defuncto
1272 1035 1455 1077 semen
1483 1034 1548 1074 ex
1577 1015 1762 1072 eadem

238 1127 478 1184 suscitaret
505 1121 682 1193 (Deut.
710 1135 841 1185 xxv,
865 1120 919 1183 5,
937 1117 992 1191 6)
1011 1134 1024 1170 :
1043 1132 1162 1188 quae
1195 1113 1431 1186 profecto
1468 1113 1534 1167 de
1559 1110 1766 1166 duobus

239 1219 365 1274 unius
395 1214 618 1270 hominis
653 1211 893 1283 patribus
921 1208 1217 1279 expeditior
1247 1206 1317 1260 ibi
1347 1203 1583 1260 redditur
1609 1201 1762 1255 ratio.

235 1308 400 1368 Uterini
419 1315 591 1362 autem
622 1305 815 1360 fratres
838 1303 1049 1358 fuerunt
1068 1301 1121 1356 in
1139 1300 1329 1370 quibus
1352 1297 1453 1352 hoc
1473 1295 1693 1366 contigit
1711 1301 1770 1348 ut

239 1401 367 1456 unius
388 1396 616 1454 defuncti
641 1397 732 1466 qui
762 1394 1045 1450 vocabatur
1069 1392 1207 1458 Heli,
1235 1390 1453 1445 duceret
1479 1389 1614 1442 alter
1634 1399 1768 1440 uxo-

233 1508 340 1557 rem,
353 1491 397 1546 id
411 1498 490 1546 est
506 1487 691 1552 Iacob,
715 1503 745 1540 a
765 1502 870 1556 quo
892 1485 1171 1540 Matthzeus
1197 1490 1374 1537 narrat
1394 1480 1628 1550 genitum
1651 1491 1770 1532 esse

228 1582 436 1652 Ioseph:
476 1579 569 1635 sed
611 1579 823 1634 uterino
870 1577 1017 1632 fratri
1059 1590 1158 1631 suo
1183 1589 1306 1630 eum
1345 1571 1568 1643 genuit,
1614 1568 1768 1639 cujus

229 1677 368 1731 ﬁlium
391 1673 555 1730 Lucas
578 1671 706 1727 dicit
733 1669 897 1725 fuisse
924 1667 1141 1737 Ioseph,
1174 1680 1280 1721 non
1303 1665 1485 1734 utique
1511 1661 1770 1733 genitum,

227 1766 306 1823 sed
329 1781 389 1820 cx
419 1764 551 1834 Lege
575 1761 904 1832 adoptivum.
936 1759 1048 1814 Hoc
1077 1758 1127 1812 in
1155 1772 1341 1812 eorum
1370 1754 1560 1810 litteris
1585 1752 1773 1806 inven-

228 1868 322 1913 tum
349 1865 440 1921 est,
474 1855 562 1926 qui
595 1853 798 1910 recenti
839 1851 1092 1906 memoria
1132 1858 1253 1920 post
1277 1847 1643 1904 ascensionem
1674 1845 1777 1900 Do-

228 1949 340 2004 mini
365 1947 425 2002 de
447 1947 544 2002 hac
571 1960 629 2001 re
649 1945 1000 2016 scripserunt.
1031 1942 1161 1997 Nam
1198 1942 1358 1997 etiam
1395 1955 1589 1995 nomen
1633 1937 1777 2017 ejus-

227 2039 336 2096 dem
374 2037 602 2093 mulieris
635 2052 756 2108 quze
795 2036 1001 2107 peperit
1040 2034 1205 2090 Jacob
1248 2043 1451 2104 patrem
1481 2032 1682 2103 Ioseph
1711 2031 1780 2086 de

226 2134 383 2204 priore
411 2134 596 2187 marito
622 2131 860 2198 Mathan,
886 2130 979 2201 qui
1009 2130 1106 2186 fuit
1125 2140 1277 2200 pater
1301 2128 1464 2184 Iacob
1483 2169 1500 2196 ,
1527 2143 1661 2182 avus
1689 2127 1780 2182 Jo-

229 2225 346 2295 scph
365 2267 380 2290 ,
403 2225 689 2280 secundum
714 2224 1018 2278 Matthazum
1045 2240 1059 2289 ;
1099 2231 1153 2278 et
1178 2222 1245 2277 de
1269 2222 1459 2276 marito
1484 2220 1782 2290 posteriore

227 2315 394 2371 Melchi
416 2315 614 2386 peperit
640 2314 794 2382 Heli,
823 2313 976 2383 cujus
996 2321 1110 2368 erat
1127 2311 1405 2383 adoptivus
1425 2310 1642 2381 Ioseph,
1675 2325 1781 2366 non

227 2407 376 2463 tacuit
398 2406 701 2462 Africanus.
741 2406 892 2474 Quod
921 2406 1135 2477 quidem
1153 2448 1167 2474 ,
1195 2420 1315 2460 cum
1345 2405 1538 2460 Fausto
1565 2418 1786 2474 respon-

222 2497 404 2562 derem,
430 2498 660 2554 nondum
690 2498 957 2569 legeram;
997 2497 1092 2554 sed
1113 2510 1291 2553 tamen
1320 2513 1417 2568 per
1443 2497 1784 2568 adoptionem

225 2591 436 2660 potuisse
460 2591 767 2662 contingere
788 2599 848 2645 ut
873 2605 1013 2646 unus
1043 2588 1210 2646 homo
1257 2589 1389 2646 duos
1431 2589 1652 2646 haberet
1686 2603 1784 2658 pa-

225 2691 344 2748 tres,
366 2683 603 2739 dubitare
629 2698 738 2738 non
763 2690 1026 2753 poteram.

290 2774 338 2829 5.
371 2773 423 2829 In
447 2773 763 2829 duodecimo
796 2781 852 2829 et
885 2773 1044 2829 tertio
1065 2772 1303 2840 decimo,
1331 2773 1399 2829 de
1426 2772 1534 2827 ﬁlio
1559 2771 1672 2828 Noe
1703 2787 1789 2828 se-

223 2866 383 2922 cundo
407 2867 492 2938 qui
531 2875 613 2922 est
643 2867 937 2937 appellatus
974 2866 1170 2932 Cham,
1215 2867 1286 2921 ita
1325 2867 1642 2938 disputatum
1672 2875 1786 2933 est,

222 2967 452 3028 tanquam
481 2973 584 3014 non
608 2958 660 3012 in
688 2959 796 3012 ﬁlio
823 2973 920 3012 suo
939 2957 1211 3022 Chanaan,
1237 2958 1376 3012 sicut
1393 2958 1664 3028 Scriptura
1691 2958 1788 3012 de-

221 3059 480 3116 monstrat,
503 3050 597 3107 sed
619 3051 674 3106 in
699 3051 879 3122 seipso
904 3049 1064 3107 fuerit
1083 3066 1114 3105 a
1135 3059 1285 3122 patre
1305 3051 1615 3106 maledictus
1639 3049 1786 3124 (Lib.

226 3142 307 3209 ις,
339 3160 383 3197 c.
415 3143 521 3210 23;
549 3151 598 3198 et
637 3142 726 3198 lib.
788 3144 887 3210 15,
924 3159 971 3197 c.
1013 3141 1136 3216 10).
1168 3141 1225 3198 In
1254 3151 1442 3213 quarto
1478 3142 1687 3198 decimo
1724 3143 1791 3199 de

223 3233 330 3288 sole
347 3242 398 3290 et
421 3234 537 3289 luna
562 3234 687 3289 talia
708 3233 848 3289 dicta
871 3242 1015 3299 sunt,
1038 3242 1288 3305 tanquam
1314 3235 1563 3300 sentiant,
1591 3244 1645 3290 et
1671 3235 1791 3291 ideo

221 3327 432 3384 tolerent
470 3343 637 3383 vanos
672 3327 981 3384 adoratores
1020 3341 1145 3382 suos
1177 3325 1342 3399 (Cap.
1383 3325 1476 3399 i2)
1506 3344 1518 3380 :
1549 3329 1791 3397 quamvis

219 3418 366 3472 verba
385 3419 450 3474 ibi
472 3419 638 3490 accipi
664 3417 869 3489 possint
886 3418 953 3474 ab
977 3418 1190 3472 animali
1215 3417 1284 3473 ad
1308 3417 1591 3474 inanimale
1618 3428 1790 3475 trans-

223 3506 317 3561 lata
338 3547 353 3573 ,
382 3507 533 3564 modo
563 3508 850 3563 locutionis
879 3508 966 3579 qui
1005 3516 1226 3562 vocatur
1246 3522 1420 3578 grrece
1444 3508 1786 3578 metaphora;

223 3597 350 3652 sicut
373 3598 435 3654 de
459 3599 592 3654 mari
619 3598 875 3669 scriptum
903 3607 984 3654 est
1008 3597 1149 3668 quod
1173 3603 1355 3669 fremat
1378 3599 1432 3653 in
1455 3609 1596 3654 utero
1616 3601 1790 3654 matris

216 3687 502 3754 ιη’,υοιεηε
525 3689 764 3761 progredi
789 3688 936 3761 (Job.
959 3689 1046 3754 38,
1062 3690 1118 3757 8,
1138 3706 1236 3745 sec.
1261 3690 1446 3761 LXX),
1465 3707 1585 3746 cum
1607 3691 1788 3762 utique

216 3792 310 3832 non
338 3779 518 3834 habeat
545 3780 892 3834 voluntatem.
941 3777 999 3835 In
1027 3780 1445 3852 undetrigesimo
1468 3823 1484 3848 ,
1511 3783 1684 3849 Absit,
1701 3785 1786 3838 in-

213 3887 384 3940 quam,
422 3884 473 3927 ut
500 3875 564 3930 sit
590 3875 645 3928 in
683 3873 916 3940 membris
956 3884 1250 3930 sanctorum
1282 3877 1434 3931 etiam
1474 3877 1774 3948 genitalibus

217 3963 374 4032 aliqua
395 3967 666 4037 turpitudo.
703 3965 958 4022 Dicuntur
992 3967 1193 4038 quidem
1217 3968 1516 4035 inhonesta,
1543 3970 1660 4039 quia
1686 3986 1785 4023 non

219 4051 381 4109 habent
397 4073 502 4110 eam
519 4058 735 4127 speciem
755 4058 968 4124 decoris,
989 4074 1143 4129 quam
1163 4059 1384 4112 membra
1405 4075 1519 4128 qua:
1542 4061 1594 4113 in
1615 4077 1786 4132 prom-

220 4153 299 4212 ptu
333 4147 490 4218 locata
522 4158 641 4204 sunt
685 4149 848 4222 (Cap.
897 4150 966 4223 4)
1010 4168 1023 4203 :
1065 4150 1159 4207 sed
1210 4151 1532 4221 probabilior
1570 4153 1622 4207 in
1669 4154 1786 4209 aliis

218 4247 390 4305 postea
414 4242 628 4312 scriptis
659 4242 854 4296 nostris
880 4241 1084 4298 reddita
1110 4244 1246 4298 ratio
1269 4252 1368 4309 est,
1393 4258 1488 4298 cur
1507 4259 1568 4298 ea
1593 4244 1788 4299 dixerit

220 4328 362 4383 etiam
387 4332 668 4401 Apostolus
705 4333 982 4388 inhonesta
1015 4333 1070 4404 (ι
1098 4332 1215 4389 Cor.
1261 4348 1358 4395 xu,
1390 4332 1490 4405 23)
1514 4376 1529 4402 ,
1571 4345 1787 4404 propter

221 4419 374 4491 legem
398 4426 596 4480 scilicet
623 4426 676 4480 in
720 4425 976 4480 membris
1014 4436 1397 4497 repugnantem
1438 4427 1539 4497 legi
1590 4428 1786 4483 mentis

224 4509 395 4580 (Rom.
420 4532 511 4584 vn,
537 4516 662 4588 23),
691 4532 810 4588 qua:
833 4516 902 4572 de
922 4525 1140 4588 peccato
1163 4518 1372 4583 accidit,
1401 4534 1504 4572 non
1529 4519 1596 4574 dc
1618 4520 1782 4588 prima

223 4613 401 4660 nostra:
419 4605 746 4664 institutione
766 4615 986 4663 naturae.
1011 4608 1123 4666 Hoc
1141 4624 1275 4679 opus
1294 4610 1370 4664 sic
1392 4610 1574 4680 incipit
1603 4627 1614 4661 :
1642 4609 1784 4664 Fau-

220 4701 313 4748 ειη
327 4699 518 4768 quidam
545 4699 666 4769 fuit.

833 4787 1056 4845 CAPUT
1097 4787 1232 4844 VIII.

439 4878 624 4935 Contra
642 4879 868 4934 Felicem
889 4880 1242 4945 manicharum,
1270 4880 1380 4935 libri
1410 4882 1533 4937 duo.

279 4968 458 5028 Contra
474 4972 827 5028 manichmum
844 4972 1126 5044 quemdam
1150 4973 1364 5028 nomine
1382 4973 1636 5040 Felicem,
1656 4990 1784 5045 pra:-

221 5068 352 5116 εειιιε
381 5063 588 5134 populo,
622 5063 676 5118 in
713 5062 944 5119 ecclesia
971 5062 1134 5118 biduo
1161 5063 1444 5133 disputavi.
1485 5066 1780 5137 Hipponem

224 5149 397 5222 quippe
422 5163 661 5219 venerat,
690 5153 936 5210 eumdem
965 5153 1328 5209 seminaturus
1350 5171 1617 5224 errorem;
1645 5174 1781 5213 unus

227 5244 346 5298 enim
368 5255 477 5302 erat
516 5263 582 5304 ex
622 5247 932 5303 doctoribus
961 5262 1167 5313 eorum,
1209 5250 1450 5318 quamvis
1489 5250 1781 5306 ineruditus

229 5329 506 5393 liberalibus
546 5338 770 5405 litteris,
807 5339 902 5393 sed
945 5347 1122 5393 tamen
1165 5340 1426 5394 versutior
1468 5342 1777 5397 Fortunato.

225 5421 366 5482 Gesta
387 5439 512 5485 sunt
537 5431 922 5497 ecclesiastica,
951 5431 1045 5487 sed
1086 5431 1228 5487 inter
1251 5447 1400 5488 meos
1437 5433 1599 5488 libros
1630 5449 1780 5490 com-

224 5528 474 5592 putantur.
497 5523 612 5580 Duo
637 5538 770 5595 ergo
799 5523 920 5580 libri
939 5532 1084 5591 sunt,
1114 5525 1395 5596 inquorum
1419 5525 1650 5582 secundo
1675 5527 1781 5583 dis-

217 5621 438 5684 putatum
464 5617 632 5673 estde
654 5618 826 5673 libero
858 5617 1143 5674 voluntatis
1163 5619 1402 5684 arbitrio,
1436 5619 1547 5674 sive
1570 5619 1636 5674 ad
1666 5635 1780 5676 ma-

268 5791 284 5828 ⁸
309 5789 438 5854 ldd.,
451 5799 665 5845 mortuos
686 5791 964 5870 adoptabat.
981 5795 1150 5846 verius
1167 5802 1297 5868 uss,
1320 5793 1536 5847 mortuis.

1864 569 1989 610 vere
2018 555 2170 610 liberi
2197 556 2346 622 ﬁunt,
2378 557 2443 612 de
2472 559 2660 628 quibus
2684 560 2937 630 scriptum
2967 570 3068 628 est,
3092 559 3150 614 Si
3172 576 3254 615 vos
3279 559 3449 617 Filius

1865 645 2162 711 liberaverit,
2181 655 2298 702 tunc
2316 664 2426 702 vere
2444 649 2584 704 liberi
2599 652 2734 704 eritis
2756 650 2934 720 (Joan.
2959 668 3070 716 vm,
3093 653 3208 724 56),
3225 653 3449 724 diligen-

1868 739 1970 793 tius
1995 738 2284 808 disputare,
2309 743 2557 811 quoniam
2585 744 2701 798 talis
2725 754 2839 798 erat
2865 761 2983 800 cum
3009 763 3112 816 quo
3139 748 3449 817 agebamus,

1870 829 2012 883 nulla
2043 845 2226 884 sumus
2252 833 2569 889 necessitate
2607 824 2890 905 compulsi.
2922 837 3031 892 Hoc
3056 854 3186 908 opus
3212 839 3289 895 sic
3316 839 3451 895 inci-

1869 921 1944 992 pit
1974 939 1988 977 :
2017 921 2246 1004 Honorjo
2269 926 2495 996 Augusto
2519 937 2714 982 sextum
2743 929 2964 997 consule,
2986 932 3193 1001 septimo
3222 933 3334 986 idus
3359 933 3450 987 de-

1867 1015 2096 1070 cembris.

2524 1091 2747 1149 CAPUT
2788 1094 2879 1150 IX.

2279 1181 2352 1237 De
2377 1182 2580 1238 Natura
2607 1185 2757 1252 Boni,
2789 1185 2911 1242 liber
2937 1206 3087 1246 unus.

1943 1271 2101 1328 Liber
2124 1273 2192 1330 de
2230 1274 2426 1331 Natura
2453 1277 2584 1332 Boni
2612 1278 2866 1334 adversus
2892 1281 3209 1338 Manichmos
3239 1291 3340 1350 est,
3365 1283 3455 1340 ubi

1873 1363 2169 1420 ostenditur
2224 1376 2467 1422 naturam
2508 1369 2989 1427 incommutabilem
3030 1374 3194 1430 Deum
3241 1392 3358 1434 esse
3395 1394 3457 1435 ac

1876 1466 2142 1510 summum
2174 1457 2392 1523 bonum,
2432 1467 2592 1531 atque
2625 1461 2693 1515 ab
2719 1461 2808 1517 illo
2837 1478 2956 1519 esse
2983 1473 3201 1521 caeteras
3238 1477 3458 1526 naturas

1875 1543 1987 1601 sive
2006 1546 2306 1616 Spirituales
2329 1549 2441 1604 sive
2474 1551 2796 1621 corporales,
2825 1562 2985 1625 atque
3004 1570 3189 1611 omnes
3211 1558 3263 1612 in
3289 1574 3428 1629 quan
3449 1588 3461 1604 -

1878 1643 1990 1691 tum
2012 1645 2212 1693 natura:
2232 1649 2375 1705 sunt,
2397 1641 2561 1696 bonas
2587 1657 2738 1709 esse;
2761 1645 2961 1715 etquid
2983 1647 3066 1701 vel
3094 1647 3232 1704 unde
3257 1649 3326 1704 sit
3350 1665 3463 1705 ma-

1881 1725 2012 1792 lum,
2042 1737 2096 1782 et
2121 1739 2317 1798 quanta
2349 1732 2483 1787 mala
2516 1733 2790 1789 Manichzei
2820 1745 3017 1802 ponant
3040 1738 3092 1792 in
3123 1748 3305 1794 natura
3336 1740 3463 1798 boni

1880 1825 1935 1873 et
1957 1829 2153 1889 quanta
2181 1821 2316 1876 bona
2339 1824 2390 1877 in
2422 1833 2606 1879 natura
2631 1826 2778 1893 mali,
2801 1842 2932 1897 quas
2954 1838 3169 1885 naturas
3198 1829 3347 1886 ﬁnxit
3371 1847 3462 1888 er-

1881 1924 1972 1964 ror
1998 1911 2253 1980 ipsorum.
2285 1913 2380 1968 Hic
2419 1915 2552 1970 liber
2590 1916 2666 1971 sic
2711 1917 2926 1988 incipit:
2961 1918 3230 1976 Summum
3256 1921 3459 1992 bonum,

1880 2018 1978 2072 quo
2000 2005 2233 2074 superius
2261 2022 2360 2060 non
2381 2017 2472 2074 est,
2500 2007 2637 2064 Deus
2661 2021 2750 2065 est.

2509 2120 2735 2177 CAPUT
2775 2123 2841 2176 X.

2029 2203 2216 2260 Contra
2243 2208 2587 2265 Secandinum
2618 2213 2971 2284 maniclueum,
3003 2217 3126 2272 liber
3149 2235 3298 2276 unus.

1957 2313 2290 2375 Secundinus
2317 2321 2550 2392 quidam,
2579 2340 2687 2379 non
2713 2341 2780 2381 ex
2803 2326 2881 2383 eis
2909 2344 3041 2399 quos
3062 2330 3332 2388 Manich:ei
3353 2333 3464 2391 ele-

1889 2417 2024 2474 ctos,
2053 2409 2147 2464 sed
2176 2426 2240 2466 ex
2265 2413 2344 2468 eis
2363 2428 2496 2484 quos
2524 2415 2791 2473 auditores
2815 2429 3026 2486 vocant,
3052 2436 3207 2492 quem
3235 2439 3302 2479 ne
3330 2423 3465 2482 facie

1891 2499 2104 2570 quidem
2145 2517 2418 2572 noveram,
2447 2506 2658 2576 scripsit
2681 2507 2747 2562 ad
2773 2524 2858 2564 me
2887 2510 3029 2566 velut
3051 2512 3270 2580 amicus,
3293 2514 3465 2571 hono-

1892 2589 2039 2646 riﬁce
2066 2592 2349 2664 objurgans
2372 2597 2516 2666 quod
2534 2613 2892 2669 oppugnarem
2918 2601 3105 2658 litteris
3133 2603 3278 2660 illam
3307 2605 3467 2662 lucre-

1892 2679 2014 2746 sim,
2057 2689 2110 2737 et
2137 2683 2427 2741 admonens
2460 2703 2528 2742 nc
2571 2687 2820 2756 facerem,
2851 2700 3009 2763 atque
3051 2694 3116 2749 ad
3154 2710 3271 2750 eam
3297 2697 3469 2766 potius

1893 2772 2199 2827 sectandam
2229 2775 2548 2845 exhortans,
2579 2794 2700 2834 cum
2736 2781 2851 2850 ejus
2886 2782 3227 2853 defensione,
3267 2794 3322 2842 et
3350 2786 3468 2842 ﬁdei

1894 2862 2169 2918 catholica:
2199 2865 2631 2935 reprehensione.
2663 2871 2792 2925 Huic
2827 2874 3107 2944 respondi;
3135 2875 3228 2930 sed
3265 2878 3385 2947 quia
3416 2877 3468 2933 in

1893 2951 2129 3022 ejusdem
2156 2957 2394 3026 opusculi
2422 2959 2594 3029 capite
2618 2974 2721 3016 nun
2761 2963 2913 3033 posui
2941 2966 3057 3036 quis
3083 2967 3163 3021 cui
3193 2968 3467 3033 scriberet,

1895 3059 2002 3100 non
2027 3046 2078 3100 in
2116 3047 2352 3117 epistolis
2377 3051 2541 3118 meis,
2572 3052 2665 3108 sed
2701 3053 2754 3108 in
2792 3055 2939 3111 libris
2976 3056 3219 3114 habetur.
3262 3060 3372 3117 Illic
3403 3063 3470 3119 ab

1893 3138 2113 3194 exordio
2137 3143 2435 3214 conscripta
2461 3153 2543 3200 est
2567 3145 2724 3201 ctiam
2749 3147 2864 3218 ejus
2899 3149 3140 3220 epistola.
3170 3152 3337 3223 Hujus
3371 3170 3470 3210 au-

1894 3237 2002 3285 tem
2039 3231 2322 3289 voluminis
2361 3236 2466 3291 mei
2504 3236 2685 3294 titulus
2726 3250 2839 3308 cst,
2884 3239 3078 3298 Contra
3116 3244 3471 3304 Secundinum

1894 3322 2241 3378 manichceum
2268 3342 2279 3377 :
2310 3326 2602 3396 quod,mea
2634 3332 2923 3398 sententia,
2961 3335 3204 3391 omnibus
3238 3353 3355 3407 qum
3376 3337 3471 3392 ad-

1895 3427 2078 3468 versus
2109 3414 2248 3468 illam
2295 3427 2496 3485 pestem
2542 3419 2773 3475 scribere
2817 3423 2991 3491 potui,
3022 3422 3173 3482 facile
3200 3441 3470 3498 praepono.

1898 3502 1991 3558 Hic
2017 3504 2149 3560 liber
2176 3506 2251 3561 sic
2275 3508 2490 3577 incipit:
2525 3509 2632 3564 Tua
2655 3512 2708 3565 in
2733 3529 2812 3567 me
2837 3513 3189 3570 benevolentia.

2489 3625 2711 3682 CAPUT
2750 3627 2840 3682 XI.

2033 3711 2221 3768 Contra
2245 3713 2509 3782 Hilarum,
2537 3717 2661 3773 liber
2684 3737 2832 3774 unus.
2865 3753 2936 3762 —
2957 3722 3091 3796 [Non
3115 3724 3332 3797 exstat.J

1961 3802 2103 3858 Inter
2133 3805 2246 3861 lucc
2271 3807 2480 3862 Hilarus
2513 3811 2528 3841 ¹
2565 3809 2776 3880 quidam
2813 3813 2894 3869 vir
2935 3814 3268 3884 tribunitius,
3310 3818 3474 3875 laicus

1889 3895 2212 3963 catholicus,
2246 3900 2428 3955 nescio
2469 3901 2608 3957 unde
2645 3903 2896 3960 adversus
2942 3906 3036 3962 Dei
3083 3909 3384 3977 ministros,
3417 3919 3475 3966 ut

1892 3989 2004 4044 ﬁeri
2049 3991 2277 4056 assolet,
2327 3992 2600 4059 irritatus,
2630 4009 2833 4050 morem
2883 3997 2972 4068 qui
3013 4005 3137 4053 tunc
3177 4015 3295 4055 esse
3333 4003 3471 4071 apud

1890 4081 2258 4152 Carthaginem
2289 4093 2526 4153 cmperat
2565 4093 2619 4138 ut
2657 4085 2842 4155 hymni
2871 4086 2936 4142 ad
2975 4089 3141 4143 altare
3172 4089 3473 4148 dicerentur

1889 4174 1957 4230 de
1982 4175 2308 4230 Psalmorum
2349 4177 2505 4245 libro,
2539 4177 2650 4232 sive
2677 4189 2801 4234 ante
2829 4180 3169 4246 oblationem,
3198 4182 3314 4239 sive
3350 4199 3471 4240 cum

1889 4265 2296 4322 distribueretur
2321 4268 2514 4338 populo
2537 4268 2679 4340 quod
2705 4269 2892 4326 fuisset
2912 4271 3144 4327 oblatum
3164 4315 3179 4338 ,
3217 4274 3471 4330 maledica

1889 4357 2320 4427 reprehensione,
2343 4358 2659 4431 ubicumque
2680 4370 2902 4432 poterat,
2927 4364 3207 4429 lacerabat,
3229 4379 3472 4421 asserens

1893 4446 2008 4501 ﬁeri
2039 4462 2146 4503 non
2177 4457 2443 4518 Oportere.
2472 4450 2605 4506 Huic
2628 4452 2916 4522 respondi,
2942 4453 3251 4524 jubentibus
3291 4455 3471 4511 fratri-

1889 4538 2006 4606 bus,
2035 4548 2088 4594 et
2113 4551 2334 4596 vocatur
2359 4541 2492 4597 liber
2517 4543 2652 4613 ipse,
2692 4541 2887 4600 Contra
2921 4546 3176 4602 Hilarum.
3207 4547 3304 4605 Hic
3337 4548 3473 4605 liber

1886 4631 1964 4686 sic
1999 4632 2184 4703 incipit
2214 4651 2226 4687 :
2261 4631 2359 4699 Qui
2383 4634 2558 4688 dicunt
2589 4637 2886 4691 mentionem
2922 4637 3110 4693 Veteris
3149 4637 3473 4698 Testamenli.

2550 4749 2776 4807 CAPUT
2804 4750 2920 4808 XII.

2157 4838 2468 4905 Quaestiones
2495 4840 2904 4912 Evangeliorum,
2937 4845 3052 4900 libri
3078 4845 3202 4902 duo.

1955 4928 2090 4985 Sunt
2108 4929 2349 5000 quaedam
2379 4933 2740 5002 expositiones
2767 4935 3116 5006 quorumdam
3144 4937 3380 4996 locorum
3408 4953 3474 4995 ex

1884 5020 2170 5091 Evangelio
2208 5021 2500 5078 secundum
2531 5023 2866 5094 Matthazum,
2895 5035 2950 5082 et
2973 5027 3092 5083 alia:
3119 5029 3364 5087 similiter
3390 5046 3476 5086 se-

1884 5112 2116 5168 cundum
2137 5113 2367 5181 Lucam;
2390 5115 2442 5171 in
2469 5131 2632 5172 unum
2652 5117 2846 5174 librum
2876 5119 3000 5187 illas,
3028 5119 3083 5175 in
3107 5121 3334 5178 alterum
3356 5123 3474 5177 ista

1884 5205 2111 5261 redactae
2140 5215 2282 5261 sunt.
2323 5207 2528 5264 Titulus
2569 5210 2747 5280 operis
2785 5210 2942 5283 hujus
2981 5220 3064 5269 est
3095 5230 3109 5270 :
3142 5216 3472 5282 Quzestiones

1886 5297 2312 5369 Evangeliorum.
2337 5299 2442 5355 Sed
2463 5316 2627 5371 quare
2650 5301 2740 5358 illa
2760 5303 2873 5358 sola
2893 5303 2962 5359 de
2981 5307 3300 5376 supradictis
3320 5322 3471 5362 evan-

1883 5390 2066 5459 gelicis
2112 5389 2287 5446 Libris
2330 5391 2568 5462 exposita
2607 5391 2838 5460 fuerint,
2877 5409 2996 5464 quae
3022 5394 3106 5448 his
3145 5395 3294 5450 libris
3336 5395 3468 5450 meis

1885 5482 2243 5551 continentur,
2269 5491 2324 5538 et
2349 5498 2466 5554 quae
2493 5483 2589 5538 ista
2629 5484 2766 5550 sint,
2797 5486 3045 5556 prologus
3072 5500 3243 5552 meus,
3273 5485 3463 5554 adjun-

1885 5575 1984 5633 ctis
2009 5584 2172 5648 atque
2209 5576 2573 5634 annumeratis
2613 5577 2814 5634 eisdem
2857 5576 3268 5648 quaestionibus,
3297 5575 3365 5631 ita
3408 5583 3464 5630 ut

1828 5658 1876 5715 ibi

1949 5732 2436 5800 {tumidam-ibitur,
2469 5729 2718 5800 Hilarius,
2748 5736 2800 5780 et
2833 5725 3160 5800 nitar-itania
3191 5733 3296 5777 Mss.
3321 5739 3460 5790 vero,

1889 5795 2098 5862 Hilam,
2119 5802 2173 5848 et
2188 5794 2427 5858 Hilarum,
2441 5800 2496 5844 ut
2517 5793 2722 5860 imprimi
2745 5793 3028 5840 airavimus.
