3878 6270
600 366 702 425 659

559 485 712 540 ,rent
739 485 897 550 atque
933 475 1227 548 iactarent,
1258 479 1347 534 ubi
1376 481 1630 538 Dominus
1653 483 1764 538 ait:
1798 483 2050 556 Respicite
2091 503 2177 542 vo.

595 571 760 627 latilia
787 573 898 626 ειεΙὶ
939 582 985 627 et
1009 575 1120 628 lilia
1152 576 1263 646 agri
1294 573 1519 646 (Matth.
1543 593 1597 631 vt
1621 617 1635 640 ,
1666 577 1778 650 26).
1825 578 1976 635 Unde
2022 579 2182 636 etiam

592 663 730 718 inter
749 664 913 719 laicos
943 662 1211 722 interioris
1233 667 1520 738 propositi,
1548 668 1642 725 sed
1673 679 1846 725 tamen
1877 671 2052 728 studio
2080 674 2184 729 fcr-

589 763 795 820 ventes,
824 757 1054 812 existere
1078 767 1352 830 cmperant
1379 761 1701 817 tumultuosa
1724 764 2035 831 certamina,
2061 766 2181 835 qui-

589 846 687 901 bus
717 847 955 905 Ecclesia
988 851 1291 907 turbaretur
1313 895 1328 916 ,
1360 853 1475 908 aliis
1499 852 1604 910 hoc
1627 897 1640 920 ,
1675 855 1791 909 aliis
1818 855 1962 911 aliud
1996 857 2182 913 defen-

587 936 857 994 dentibus.
887 940 1001 997 Huc
1038 942 1324 999 accedebat
1365 944 1505 1014 quod
1553 945 1730 1000 criniti
1771 956 1927 1002 erant
1964 948 2178 1020 quidam

591 1043 775 1084 eorum
793 1073 809 1098 ,
841 1033 930 1102 qui
960 1035 1284 1104 operandum
1314 1051 1421 1092 non
1445 1052 1564 1093 esse
1589 1037 1852 1094 dicebant.
1887 1039 2033 1096 Unde
2057 1056 2179 1096 con-

589 1121 888 1187 tentiones,
912 1121 1036 1179 hinc
1066 1125 1566 1195 reprehendentium
1585 1169 1600 1193 ,
1630 1127 1754 1184 inde
1772 1130 1920 1200 quasi
1949 1146 2178 1202 purgans

589 1210 722 1266 tium
742 1213 784 1279 ¹,
814 1229 912 1284 pro
936 1215 1164 1286 partium
1193 1217 1377 1272 studiis
1419 1219 1766 1288 augebantur.
1800 1221 2024 1291 Propter
2062 1222 2177 1280 lirec

589 1303 910 1360 venerabilis
934 1320 1098 1362 senex
1125 1309 1370 1364 Aurelius
1390 1352 1404 1376 ,
1456 1309 1713 1366 Ecclesiae
1756 1312 1920 1382 ipsius
1947 1313 2177 1372 civitatis

587 1394 902 1464 episcopus,
934 1406 992 1452 ut
1016 1397 1140 1456 hinc
1166 1401 1360 1471 aliquid
1399 1402 1688 1458 scriberem
1732 1404 1918 1473 jussit;
1953 1413 2007 1461 et
2047 1405 2172 1462 feci.

589 1483 686 1542 Hic
704 1484 840 1543 liber
865 1487 942 1544 sic
965 1488 1421 1561 incipitzlussioni
1448 1502 1570 1562 tute,
1601 1503 1771 1549 sancte
1798 1497 1955 1568 frater
1979 1497 2170 1554 Aureli.

1152 1581 1377 1640 CAPUT
1413 1584 1583 1642 XXII.

935 1670 1016 1727 De
1037 1672 1182 1728 Bono
1212 1674 1481 1748 Conjugali
1500 1720 1514 1745 ,
1540 1679 1662 1732 liber
1691 1696 1840 1734 unus.

664 1762 716 1816 1.
748 1761 1008 1819 Joviniani
1038 1765 1254 1822 haeresis
1300 1783 1571 1825 sacrarum
1618 1772 1878 1843 virginum
1923 1775 2168 1830 meritum

585 1853 846 1925 aequando
871 1857 1135 1927 pudicitia:
1180 1861 1443 1932 coniugali
1499 1873 1702 1919 tantum
1750 1867 1915 1921 valuit
1956 1869 2006 1922 in
2037 1869 2168 1925 urbe

581 1943 749 2000 Roma
772 1988 785 2012 ,
823 1957 880 2002 ut
904 1951 1185 2007 nonnullas
1209 1953 1368 2008 etiam
1395 1956 1824 2013 sanctimoniales
1854 1959 1920 2015 de
1945 1977 2166 2030 quarum

581 2036 830 2105 pudicitia
858 2041 1088 2109 suspicio
1112 2043 1253 2098 nulla
1285 2056 1660 2114 praecesserat,
1703 2049 1960 2120 deiecisse
1989 2053 2043 2107 in
2065 2071 2162 2109 nu-

581 2126 715 2194 ptias
744 2128 1012 2184 diceretur
1031 2173 1045 2198 ,
1080 2131 1182 2187 hoc
1212 2135 1442 2191 maxime
1471 2147 1786 2207 argumento
1811 2156 1930 2194 cum
1957 2157 2048 2197 eas
2077 2161 2157 2199 ur.

576 2227 726 2288 geret
743 2219 925 2275 dicens
946 2241 956 2276 :
981 2222 1058 2277 Tu
1081 2239 1208 2296 ergo
1224 2226 1415 2281 melior
1435 2243 1592 2298 quam
1619 2227 1770 2296 Sara,
1797 2232 1986 2287 melior
2004 2249 2161 2305 quam

577 2307 842 2379 Susanna,
871 2312 984 2367 sive
1021 2314 1207 2370 Anna?
1247 2325 1301 2372 et
1329 2329 1549 2374 cmteras
1578 2326 2044 2380 commemorando
2081 2337 2163 2384 te-

572 2400 827 2456 stimonio
859 2413 1057 2459 sancta:
1099 2406 1387 2477 Scriptura:
1425 2414 1976 2471 commendatissimas
2007 2417 2158 2474 femi-

575 2508 670 2548 nas
690 2535 706 2559 ,
739 2495 932 2564 quibus
971 2512 1030 2552 se
1066 2499 1171 2553 illa:
1199 2502 1480 2567 meliores,
1530 2506 1613 2560 vel
1642 2507 1800 2561 etiam
1832 2525 1988 2578 pares
2017 2513 2163 2583 cogi-

573 2591 687 2639 tare
706 2600 812 2640 non
845 2599 1077 2657 possent.
1100 2590 1214 2647 Hoc
1239 2593 1397 2647 modo
1412 2595 1570 2650 etiam
1595 2597 1831 2652 virorum
1855 2612 2158 2678 sanctorum

572 2684 813 2731 sanctum
843 2679 1142 2736 cmlibatum
1163 2724 1179 2749 ,
1209 2688 1716 2744 commemoratione
1743 2700 1950 2760 patrum
1975 2679 2161 2764 conju-

568 2772 811 2833 gatorum
860 2776 915 2822 et
956 2772 1370 2842 comparatione,
1396 2773 1690 2846 frangebat.
1739 2779 1870 2835 Huic
1920 2795 2158 2840 monstro

569 2867 748 2912 sancta
779 2859 1014 2917 Ecclesia
1042 2878 1159 2933 quae
1187 2864 1258 2920 ibi
1289 2875 1398 2934 est,
1447 2869 1758 2928 fidelissime
1782 2888 1845 2928 ac
1869 2873 2158 2934 fortissime

573 2950 790 3004 restitit.
813 2951 1202 3011 Remanserant
1222 2969 1397 3013 autem
1417 2959 1531 3016 istac
1552 2962 1938 3031 disputationes
1964 2967 2080 3036 eius
2101 2970 2155 3024 in

568 3041 918 3107 quorumdam
942 3049 1294 3104 sermunculis
1314 3065 1380 3105 ac
1403 3053 1635 3108 susurris
1653 3094 1667 3119 ,
1697 3071 1825 3125 quas
1846 3057 2021 3127 palam
2041 3076 2154 3116 sua-

566 3130 695 3187 dere
722 3135 896 3190 nullus
920 3136 1165 3193 audebat.
1207 3139 1312 3196 Sed
1355 3143 1512 3198 etiam
1559 3146 1767 3202 occulte
1813 3149 2029 3204 venenis
2067 3167 2153 3207 re-

566 3223 848 3290 pentibus,
897 3225 1144 3285 facultate
1171 3246 1326 3301 quam
1370 3233 1602 3290 donabat
1646 3237 1928 3304 Dominus,
1959 3257 2149 3298 occur-

566 3311 790 3367 rendum
825 3314 956 3369 fuit:
991 3319 1219 3376 maxime
1252 3323 1500 3392 quoniam
1526 3325 1826 3395 iactabatur
1868 3329 2149 3391 Joviniano

562 3405 874 3472 responderi
905 3423 1009 3462 non
1052 3413 1288 3478 potuisse
1313 3430 1436 3470 cum
1465 3415 1619 3473 laude
1648 3420 1688 3485 ⁸,
1722 3421 1815 3475 sed
1841 3438 1960 3478 cum
2005 3425 2145 3480 vitu-

563 3496 837 3565 peratione
866 3499 1188 3570 nuptiarum.
1220 3503 1440 3576 Propter
1469 3508 1567 3564 hoc
1587 3509 1779 3567 librum
1804 3514 1964 3579 edidi,
1996 3519 2144 3589 cuius

562 3585 839 3658 inscriptio
858 3600 958 3655 est,
986 3592 1053 3647 de
1074 3593 1221 3649 Bono
1237 3593 1531 3669 Coniugali.
1557 3600 1657 3656 Ubi
1684 3602 1750 3658 de
1769 3585 2144 3678 prapagatione

560 3677 788 3735 ﬁliorum
814 3683 960 3752 prius
997 3701 1155 3756 quam
1201 3687 1442 3747 homines
1471 3703 1695 3750 mortem
1727 3701 1996 3766 peccando
2031 3720 2145 3760 me-

559 3781 829 3840 rerentur,
875 3777 1120 3847 quoniam
1157 3781 1467 3838 concubitus
1507 3787 1806 3843 mortalium
1855 3807 2139 3863 corporum

559 3877 647 3918 res
673 3863 912 3933 videtur,
939 3873 1163 3939 quzestio
1202 3888 1390 3945 magna
1419 3875 1579 3932 dilata
1626 3889 1707 3936 est
1738 3900 1750 3936 :
1777 3885 1873 3939 sed
1926 3887 1979 3941 in
2021 3889 2141 3946 aliis

555 3963 740 4023 postea
788 3957 978 4014 litteris
1016 3962 1246 4031 nostris,
1279 3967 1408 4021 satis
1445 3977 1696 4038 quantum
1743 3975 2006 4045 arbitror,
2042 3995 2138 4035 ex-

555 4045 797 4114 plicatur.

627 4134 684 4188 2.
716 4137 832 4192 Dixi
877 4139 1035 4195 etiam
1065 4143 1295 4212 quodam
1346 4147 1500 4204 loco:
1535 4150 1682 4216 Quod
1707 4156 1840 4209 enim
1884 4169 1958 4212 est
2000 4160 2137 4216 cibus

554 4226 624 4280 ad
647 4227 860 4284 salutem
889 4231 1104 4289 hominis
1121 4275 1137 4301 ,
1170 4237 1263 4290 hoc
1285 4248 1360 4293 est
1385 4243 1672 4299 concubitus
1703 4247 1772 4300 ad
1809 4251 2022 4306 salutem
2045 4271 2137 4325 ge-

554 4318 686 4373 neris
702 4335 723 4384 ;
742 4332 787 4374 et
807 4331 1077 4393 utrumque
1098 4342 1199 4381 non
1219 4337 1291 4383 est
1306 4331 1415 4386 sine
1437 4333 1764 4392 delectatione
1783 4342 1997 4408 carnali,
2023 4361 2136 4414 qua:

552 4416 718 4464 tamen
751 4413 1044 4483 modiﬁcata
1063 4458 1078 4482 ,
1123 4426 1168 4471 et
1211 4425 1563 4494 temperantia-
1584 4428 1871 4497 refrenante
1906 4434 1960 4488 in
1988 4413 2135 4492 usum

549 4502 830 4556 naturalem
878 4506 1114 4573 redacta,
1160 4510 1315 4566 libido
1359 4530 1465 4569 esse
1513 4532 1612 4571 non
1636 4530 1796 4590 potest
1837 4523 1988 4596 (Cap.
2041 4529 2127 4596 16,

547 4604 603 4642 σι.
633 4590 744 4664 18).
766 4593 916 4660 Quod
939 4595 1057 4652 ideo
1080 4598 1278 4656 dictum
1301 4613 1383 4658 est
1401 4646 1416 4670 ,
1450 4608 1699 4676 quoniam
1736 4590 1899 4669 libido
1920 4590 2025 4673 non

547 4678 721 4736 bonus
741 4694 794 4739 et
821 4697 998 4742 rectus
1031 4706 1156 4746 usus
1175 4692 1409 4751 libidinis
1439 4696 1478 4751 ³.
1501 4697 1648 4754 Sicut
1666 4703 1806 4757 enim
1831 4707 2027 4763 malum
2048 4719 2133 4767 est

545 4770 687 4826 male
705 4773 781 4828 uti
806 4775 977 4844 bonis,
1013 4780 1082 4833 ita
1110 4781 1306 4839 bonum
1336 4795 1417 4841 est
1438 4786 1574 4844 bene
1602 4792 1676 4845 uti
1707 4795 1893 4851 malis:
1928 4798 1994 4855 de
2024 4817 2128 4872 qua

607 4879 1359 4970 :ﬂ2_bnabgnt,_‘pugnantimn.
1400 4898 1491 4970 sed
1530 4902 1708 4952 melius
1735 4903 1917 4970 aliquot
1955 4923 1986 4960 e
2013 4917 2121 4962 Mss.

628 4949 862 5053 333mm
883 4949 929 4998 id
945 4959 1021 5001 est
1029 4949 1440 5017 reprehensionis
1456 4949 1941 5021 causamaaton‘acbis
1956 4949 2125 5035 dem;

562 5016 744 5054 emtum
751 5043 762 5056 .

604 5067 625 5150 ξ
648 5074 896 5150 9-8-531th
901 5084 1052 5150 posse.
1081 5084 1137 5127 At
1158 5080 1297 5150 κάρη
1313 5093 1406 5150 non
1428 5083 1634 5150 potuisse
1649 5100 1760 5138 cum
1773 5089 1933 5144 laude.

602 5127 1034 5209 :subiiscta'ninc
1053 5127 1631 5209 voce,_’tibidt}iis,"tia"ti"c1"
1634 5127 1759 5201 s'a'i'i's'
1773 5127 1972 5206 $311..
2007 5160 2116 5209 εδει.

536 5190 845 5283 ξξῗὶῬξοὲηυὲίέ
851 5190 1753 5283 392⁵119ςὲἓὲξιοέξὲἕξξᾷἓέέῖιῐῖυεῗέὶῗ
1760 5190 2117 5283 γέὶῗνέἓῖἓειῖἕὶῗ

534 5255 668 5334 2&2?
685 5263 718 5334 ἢ
736 5255 910 5334 mali
928 5255 1202 5334 φάιιιιθξων
1227 5255 1447 5328 (ruamus
1462 5255 1739 5334 magis;
1754 5255 2119 5334 arar-rga};

534 5312 1061 5394 Ratur‘mgnredactus,
1084 5312 2120 5394 abesse

531 5375 1070 5457 meaemeae
1097 5375 1678 5457 ρτίείιιαηξῗνῖἐίἷὲείἰῐεῖιῖι
1694 5375 2118 5457 ῖξέὲῖεεῖὲέιῑξὶῑέῖη

529 5436 1130 5524 ξ.1έῊὶρξξξέφ1μ-ᾳι,
1153 5436 1295 5524 pse
1312 5436 2116 5524 iiié'ﬁgiiigiigies‘iiiﬁi

537 5509 558 5587 ξ
724 5510 1001 5587 ρρὲΑρςξθξι
1011 5495 1130 5587 esse
1151 5495 2115 5587 t

554 5535 557 5536 ν
577 5535 707 5547 -.-ε-
724 5535 820 5574 ..υτ
840 5535 1001 5574 potest
1017 5535 1130 5558 casu
1151 5535 1260 5580 sine
1276 5535 1450 5564 ardore
1463 5535 1692 5578 nummis,
1711 5535 1764 5570 ut
1761 5535 1945 5631 (peragi
1969 5535 2114 5586 possit

535 5559 924 5649 ζ
954 5574 1048 5649 est,
1071 5571 1400 5649 gqnlrbidinis
1427 5590 1479 5624 ε»
1511 5579 1680 5649 exiit).
1707 5583 1728 5631 1
1764 5643 1773 5649 _
1796 5596 1826 5633 e
1847 5590 2026 5649 b‘uptiis
2059 5599 2114 5643 et

525 5621 934 5710 mncmscen‘tia,
953 5621 1058 5693 cap.
1176 5621 1455 5710 ingensque
1474 5621 2111 5710 exiis-sy.

525 5683 1070 5777 $3.2“L‘ﬂ‘ﬁ.l°€i“§
1101 5683 2111 5777 ίίὲίέίίάξὲἑῖίξὶιὲῶσςῐῆἕιῖι”λῖὲὲῗῶἷῖἱ

528 5720 859 5748 την-...μω
890 5720 1070 5757 ,ννυῦιιι
1102 5720 1318 5747 ιιυιαυηδ
1336 5720 1353 5757 ί
1374 5720 1435 5748 au
1460 5720 1604 5763 quam
1629 5720 1684 5754 se
1707 5720 1819 5756 item
1853 5720 1959 5760 MSS.
1994 5720 2109 5777 adji-

522 5748 676 5836 ausit“
684 5745 1069 5836 malai-‘15?
1101 5755 1230 5808 male
1253 5770 1266 5807 :
1291 5758 1422 5812 inest
1444 5763 1576 5815 enim
1594 5720 1741 5818 libido
1758 5770 1822 5818 ab
1843 5773 2032 5836 origine
2057 5785 2109 5831 et

521 5799 795 5853 conditione
809 5799 1054 5864 nascendi.

1658 368 2289 434 RETRACTATIONUM
2325 377 2382 435 s.
2426 379 2790 444 AUGUSTlNl
3143 408 3149 411 <
3718 419 3794 482 σω
3874 375 3875 386 Ν

2301 507 2360 547 re
2383 493 2532 560 alias,
2558 499 2786 556 maxime
2813 509 2997 561 contra
3032 521 3197 564 novos
3225 509 3500 574 haereticos
3521 520 3789 600 Pelagianos,

2285 584 2586 658 diligentius
2615 592 2896 664 disputavi.
2933 599 3005 654 De
3032 602 3300 661 Abraham
3320 609 3458 678 quod
3481 612 3616 683 dixi,
3637 584 3708 675 iis

2284 677 2560 736 obedientia
2594 696 2735 753 pater
2761 687 2848 742 ille
2872 690 3155 762 Abraham,
3187 698 3275 766 qui
3295 699 3401 753 sine
3428 718 3576 759 uxore
3597 677 3682 764 non
3698 677 3789 783 fuit,

2282 787 2388 828 esse
2414 775 2521 829 sine
2548 777 2694 831 unico
2720 780 2827 847 ﬁlio
2850 793 2896 837 et
2924 801 2954 836 a
2974 802 3026 839 se
3049 789 3210 843 occiso
3240 802 3447 861 paratus
3475 798 3566 865 fuit
3581 775 3708 872 (Cap:
3729 775 3789 872 25;

2282 881 2333 918 η.
2359 865 2472 937 51),
2505 883 2610 924 non
2638 873 2768 927 satis
2792 877 3044 945 approbo.
3073 879 3238 951 Magis
3261 885 3405 939 enim
3433 865 3617 957 lilium,
3639 865 3675 947 si
3695 865 3793 955 casei

2282 957 2520 1024 occisus,
2569 966 2972 1024 resuscitatione
3001 969 3103 1026 sibi
3126 988 3250 1028 mox
3289 974 3454 1034 fuisse
3495 980 3793 1056 reddendum,

2281 1051 2577 1110 credidisse
2613 1056 2912 1116 credendus
2959 1071 3043 1118 est
3066 1106 3080 1130 ,
3135 1066 3271 1122 sicut
3309 1069 3365 1123 in
3395 1070 3622 1141 Episwla
3657 1051 3796 1150 legitni

2279 1157 2398 1212 qua:
2414 1153 2494 1200 est
2511 1146 2577 1201 ad
2595 1146 2847 1205 llebrreos
2865 1152 3048 1225 (Hebr.
3066 1172 3142 1224 xi,
3158 1159 3248 1230 19)
3261 1199 3274 1212 .
3295 1160 3392 1217 Hic
3407 1163 3541 1219 liber
3558 1167 3627 1222 sic
3641 1146 3794 1240 incipit:

2283 1233 2532 1300 Quoniam
2570 1245 2910 1316 unusquisque
2935 1249 3085 1304 homo
3105 1292 3120 1318 ,
3159 1254 3369 1310 humani
3394 1259 3587 1327 generis
3612 1279 3710 1332 pars
3733 1278 3793 1321 est.

2840 1339 3063 1397 CAPUT
3101 1343 3286 1400 XXIII.

2581 1425 2658 1482 De
2688 1427 2880 1486 Sancta
2916 1431 3242 1506 Virginitate,
3274 1439 3401 1495 liber
3419 1458 3569 1500 unus.

2347 1514 2698 1590 Posteaquam
2719 1525 2905 1596 scripsi
2927 1526 2993 1583 de
3011 1524 3160 1585 Bono
3176 1531 3458 1605 Coniugali
3475 1578 3493 1604 ,
3523 1544 3798 1609 exspectabit

2276 1613 2363 1662 tur
2401 1617 2458 1664 ut
2499 1612 2787 1670 scriberem
2812 1615 2880 1672 de
2904 1617 3096 1676 Sancta
3123 1621 3469 1695 Virginitate,
3514 1645 3606 1686 nec
3625 1631 3795 1691 distuli:

2273 1709 2431 1772 atque
2454 1702 2505 1758 id
2527 1705 2622 1761 Dei
2641 1723 2833 1764 munus
2854 1752 2867 1775 ,
2892 1720 2947 1766 et
2973 1729 3128 1783 quam
3159 1733 3433 1789 magnum,
3463 1730 3522 1778 et
3543 1734 3712 1794 quanta
3734 1730 3800 1784 bu-

2272 1795 2494 1852 militate
2513 1801 2914 1858 custodiendum
2943 1817 3120 1874 esset,
3145 1826 3253 1865 uno
3272 1853 3287 1876 ,
3319 1813 3461 1869 sicut
3497 1819 3662 1886 potui,
3686 1823 3798 1876 volu-
3865 1795 3875 1836 Ἴ

2272 1887 2414 1944 mine
2442 1892 2669 1946 ostendi.
2711 1894 2807 1950 Ilic
2838 1897 2970 1954 liber
3009 1901 3086 1956 sic
3115 1901 3299 1974 incipit
3331 1923 3343 1959 :
3376 1905 3589 1963 Librum
3623 1910 3795 1968 deBoao

2271 1979 2541 2054 Conjugali
2566 2001 2727 2056 nuper
2756 1988 3022 2046 edidimus.

2827 2084 3052 2141 CAPUT
3087 2087 3279 2146 XXIV.

2515 2168 2588 2224 De
2614 2171 2793 2228 Genesi
2811 2174 2879 2228 ad
2906 2176 3122 2233 litteram
3141 2222 3156 2246 ,
3187 2180 3302 2237 libri
3322 2185 3610 2242 duodecim.

2339 2259 2390 2312 I.
2413 2257 2515 2315 Per
2537 2261 2675 2317 idem
2696 2272 2903 2334 tempus
2921 2268 2988 2324 de
3007 2269 3201 2327 Genesi
3221 2274 3385 2332 libros
3410 2277 3675 2338 duodecim
3691 2288 3789 2340 scri-
3861 2289 3864 2292 ’

2265 2347 2345 2417 psi
2373 2349 2442 2404 ab
2470 2353 2710 2420 exordio,
2741 2355 2914 2414 donec
2938 2359 3004 2415 de
3033 2363 3278 2432 paradiso
3302 2366 3560 2427 dimissus
3581 2382 3654 2428 est
3675 2376 3795 2433 Adam

2265 2448 2318 2493 et
2357 2439 2602 2499 ﬂammea
2639 2447 2906 2518 romphaea
2937 2453 3108 2522 posita
3145 2466 3228 2512 est
3253 2461 3526 2518 custodire
3549 2465 3673 2520 viam
3698 2467 3790 2538 ligni
3874 2511 3875 2514 η

2264 2533 2406 2588 vitae.
2429 2535 2560 2591 Cum
2602 2550 2777 2595 autem
2805 2541 2870 2597 ad
2902 2543 3003 2601 hoc
3030 2562 3200 2618 usque
3226 2550 3474 2608 undecim
3498 2554 3615 2612 libri
3643 2533 3789 2628 peracti
3861 2595 3866 2608 ι

2264 2636 2472 2693 essent,
2503 2628 2874 2689 duodecimum
2901 2637 3101 2707 addidi,
3134 2641 3186 2696 in
3207 2657 3312 2712 quo
3331 2645 3634 2717 diligentius
3654 2649 3707 2705 de
3723 2667 3790 2721 pa-
3859 2705 3866 2726 J

2263 2716 2439 2772 radiso
2464 2719 2785 2790 disputatum
2813 2736 2914 2782 est.
2947 2729 3152 2786 Titulus
3172 2748 3355 2789 eorum
3378 2716 3632 2795 librorum
3651 2716 3790 2797 inscri-
3859 2721 3875 2794 ξ

2260 2808 2402 2864 bitur
2423 2851 2438 2878 ,
2466 2811 2532 2868 de
2563 2814 2756 2871 Genesi
2785 2818 2850 2873 ad
2872 2821 3099 2877 litteram
3124 2842 3137 2878 :
3167 2824 3222 2880 id
3263 2836 3378 2895 est,
3411 2846 3517 2886 non
3545 2835 3784 2890 secundum
3861 2899 3864 2906 ι

2259 2900 2566 2972 allegoricos
2583 2907 3014 2978 significationes,
3043 2915 3136 2969 sed
3161 2922 3453 2976 secundum
3476 2938 3649 2978 rerum
3660 2936 3790 2995 gesta-
3861 2981 3864 2996 ,

2259 3007 2374 3046 rum
2415 2997 2811 3065 proprietatem.
2846 3003 2901 3057 In
2928 3020 3034 3074 quo
3062 3021 3226 3077 opere
3249 3009 3400 3080 plura
3435 3017 3651 3084 quaesita
3670 3033 3784 3087 quam
3861 3061 3875 3078 ,η

2257 3081 2471 3138 inventa
2496 3095 2621 3142 sunt
2651 3106 2664 3142 :
2707 3097 2760 3146 et
2797 3105 2982 3148 eorum
3018 3111 3137 3165 quas
3163 3097 3376 3155 inventa
3402 3081 3559 3169 sunt,
3594 3107 3788 3177 pauciora
3859 3103 3864 3150 ἶ

2258 3170 2499 3242 firmata;
2529 3187 2719 3234 caetera
2764 3198 2890 3237 vero
2937 3185 3009 3240 ita
3040 3193 3207 3257 posita
3227 3231 3243 3256 ,
3273 3192 3422 3248 velut
3455 3170 3629 3252 adhuc
3651 3200 3790 3267 reqai-
3863 3271 3866 3276 _

2253 3264 2418 3320 renda
2447 3267 2572 3323 sint.
2603 3269 2714 3326 llos
2736 3287 2865 3329 sane
2892 3275 3054 3332 libros
3081 3281 3341 3349 posterius
3361 3286 3536 3356 ccepi,
3568 3289 3656 3344 sed
3682 3264 3789 3358 prius

2255 3357 2535 3414 terminavi
2563 3376 2722 3430 quam
2767 3363 2833 3420 de
2861 3365 3121 3426 Trinitate
3149 3388 3163 3426 :
3190 3371 3310 3429 ideo
3336 3390 3432 3432 eos
3454 3394 3592 3435 nunc
3623 3357 3789 3444 ordine.

2251 3461 2358 3517 quo
2383 3451 2519 3522 coepi
2543 3454 2764 3512 recolui.
3857 3453 3875 3532 λζ

2321 3539 2375 3593 2.
2408 3541 2463 3596 In
2490 3544 2678 3614 quinto
2722 3547 2856 3604 Ilbl‘O
2887 3548 3037 3622 (Cap.
3070 3552 3158 3621 19,
3202 3571 3254 3610 n.
3303 3557 3417 3630 58),
3445 3568 3500 3614 et
3524 3561 3789 3634 ubicumque
3859 3575 3864 3616 :

2249 3631 2300 3686 in
2331 3633 2410 3687 eis
2455 3634 2605 3690 libris
2651 3641 2841 3707 posui,
2883 3641 2964 3696 De
2993 3645 3183 3700 sentiae
3217 3649 3298 3701 cui
3334 3653 3677 3720 repromissum
3707 3665 3783 3723 est,
3855 3645 3862 3650 ”

2245 3723 2381 3792 quod
2421 3725 2717 3796 dispositum
2764 3733 2827 3785 sit
2865 3750 2955 3804 per
2992 3733 3212 3806 Angelos
3256 3741 3309 3793 in
3345 3758 3501 3797 manu
3550 3746 3783 3801 mediatoris
3859 3785 3875 3830 .L

2247 3815 2442 3885 (Galat.
2479 3834 2557 3885 nt,
2583 3820 2694 3891 49);
2723 3838 2825 3878 non
2848 3825 2927 3880 sic
2953 3827 3115 3883 habet
3153 3830 3470 3901 Apostolus,
3499 3837 3629 3893 sicut
3652 3840 3785 3894 verio-

2245 3921 2332 3961 res
2357 3908 2570 3965 codices
2601 3921 2720 3981 post
2762 3915 2995 3986 inspexi,
3032 3921 3263 3978 maxime
3305 3940 3532 3994 grascos.
3575 3929 3644 3985 De
3674 3929 3781 4000 Lege

2243 3999 2387 4054 enim
2427 4000 2629 4058 dictum
2657 4013 2777 4072 est,
2805 4009 2944 4077 quod
2994 4017 3247 4082 tanquam
3290 4015 3360 4071 de
3385 4018 3590 4076 semine
3625 4019 3781 4076 dictum

2243 4093 2393 4147 multi
2424 4093 2567 4150 latini
2589 4098 2802 4155 codices
2819 4100 3016 4159 habent
3035 4121 3128 4174 per
3149 4106 3548 4178 interpretantis
3568 4129 3779 4170 errorem.

2243 4182 2300 4238 ln
2328 4194 2480 4239 sexto
2507 4186 2642 4243 libro
2667 4190 2808 4259 quod
2834 4192 2974 4259 dixi,
3011 4194 3179 4250 Adam
3205 4198 3476 4271 imaginem
3501 4202 3621 4269 Dei,
3637 4220 3776 4258 seru-

2241 4273 2364 4328 dum
2392 4293 2543 4346 quam
2591 4283 2756 4350 factus
2796 4292 2900 4349 est,
2958 4287 3234 4355 perdidisse
3281 4301 3484 4360 peccato
3528 4294 3667 4366 (Cap.
3704 4294 3773 4356 27,

2239 4364 2428 4437 n.28),
2458 4383 2563 4424 non
2593 4371 2670 4424 sic
2692 4373 3055 4444 accipiendum
3076 4389 3186 4444 est,
3216 4389 3470 4453 tanquam
3498 4386 3546 4441 in
3581 4364 3637 4441 eo
3661 4386 3773 4440 nulla

2241 4460 2596 4529 remanserit,
2627 4463 2720 4518 sed
2745 4465 2884 4534 quod
2909 4477 3012 4522 tam
3044 4469 3297 4528 deformis
3317 4516 3333 4541 ,
3362 4484 3421 4530 ut
3446 4476 3772 4532 reformatione

2237 4561 2371 4616 opus
2388 4546 2629 4607 haberet.
2656 4553 2708 4607 In
2729 4554 3046 4614 duodecimo
3065 4560 3131 4615 de
3151 4561 3334 4618 inferis
3352 4565 3499 4638 (Cap.
3526 4568 3607 4634 55,
3621 4584 3666 4621 n.
3683 4565 3772 4631 εἰ),

2240 4639 2408 4710 magis
2435 4638 2563 4696 mihi
2589 4643 2775 4699 videor
2806 4646 3000 4705 docere
3023 4651 3303 4722 debuisse,
3343 4658 3487 4726 quod
3525 4657 3614 4712 sub
3653 4659 3773 4712 terris

2235 4728 2369 4792 sint,
2401 4746 2559 4800 quam
2590 4734 2849 4791 rationem
2878 4739 3105 4796 reddere
3128 4757 3224 4797 cur
3251 4745 3354 4800 sub
3385 4748 3536 4802 terris
3559 4761 3660 4802 esse
3678 4760 3770 4801 cre-

2233 4820 2424 4876 dantur
2442 4863 2457 4887 ,
2489 4825 2600 4879 sive
2626 4826 2898 4896 dicantur,
2928 4832 3078 4900 quasi
3111 4849 3218 4889 non
3241 4835 3312 4890 ita
3335 4837 3421 4891 sit.
3450 4838 3559 4895 Hoc
3578 4853 3689 4910 opus
3708 4837 3769 4892 sic

2232 4909 2412 4982 incipit
2445 4931 2457 4968 :
2492 4912 2666 4970 Omnis
2691 4918 2860 4972 divina
2881 4919 3149 4994 Scriptura
3173 4925 3412 4996 bipertita
3431 4939 3524 4985 est.

2814 5011 3038 5070 CAPUT
3079 5017 3243 5074 XXV.

2519 5097 2705 5155 Contra
2732 5102 2946 5159 Litteras
2975 5106 3243 5179 Petiliani,
3269 5113 3386 5168 libri
3404 5125 3521 5172 tres.

2295 5187 2591 5260 Antequam
2624 5193 2828 5250 [inirem
2861 5198 3022 5254 libros
3044 5201 3111 5257 de
3143 5203 3429 5276 Trinitate,
3465 5218 3518 5264 et
3539 5209 3679 5264 libros
3705 5207 3752 5260 de

2223 5275 2419 5334 Genesi
2442 5281 2508 5335 ad
2539 5282 2805 5352 litteram,
2849 5288 2999 5344 irruit
3019 5307 3178 5348 causa
3209 5298 3563 5367 respondendi
3586 5297 3755 5354 Litteris

2224 5367 2466 5425 Petiliani
2482 5371 2781 5444 donatisue,
2804 5394 2937 5448 quas
2955 5381 3208 5439 adversus
3225 5385 3547 5446 Catholicam
3566 5388 3750 5460 scripsit.

2225 5477 2386 5534 quam
2427 5465 2641 5524 differre
2674 5486 2781 5526 non
2812 5475 2979 5543 potui.
3016 5475 3085 5531 Et
3111 5481 3299 5550 scripsi
3322 5482 3374 5536 in
3407 5483 3537 5540 hanc
3559 5499 3657 5539 rem
3679 5481 3750 5536 tria

2218 5554 2510 5626 volumina,
2531 5574 2756 5631 quorum
2775 5565 2947 5636 primo
2972 5569 3154 5638 prima:
3175 5573 3308 5641 parti
3335 5575 3575 5646 Epistolze
3599 5575 3745 5646 ipsius.

2215 5662 2376 5718 quam
2407 5651 2621 5721 scripsit
2648 5654 2716 5709 ad
2747 5671 2872 5711 suos
2892 5697 2906 5722 ,
2939 5659 3058 5729 quia
3085 5676 3190 5716 non
3216 5671 3324 5719 tota
3353 5665 3406 5720 in
3441 5677 3632 5722 nostras
3662 5678 3747 5720 IIII-

2216 5754 2318 5795 nus
2339 5752 2592 5811 venerat,
2624 5747 2718 5800 sed
2747 5749 2891 5818 prior
2921 5766 3079 5822 parva
3105 5770 3226 5826 pars
3252 5757 3396 5827 eius,
3426 5769 3602 5830 quanta
3627 5752 3743 5829 potui

2211 5832 2487 5890 celeritate
2510 5844 2567 5891 et
2583 5838 2807 5921 veritate
2833 5844 3099 5915 respondi.
3129 5846 3299 5906 Etiam
3324 5849 3435 5923 ipsa
3456 5849 3664 5932 Epistula
3675 5850 3741 5902 εει
