3878 6270
549 246 655 305 647

547 365 671 420 dam
711 356 1025 416 vanitatibus
1062 366 1278 419 eorum,
1321 363 1440 421 quae
1473 346 1539 402 ad
1574 359 1672 401 nos
1706 341 1984 415 pervenire
2023 355 2121 410 po-

547 463 780 517 tuerunt,
807 465 939 522 quas
958 447 1102 515 victi,
1129 445 1216 501 ubi
1237 449 1482 516 poterant
1500 449 1552 495 et
1573 435 1837 509 quomodo
1856 440 2116 505 poterant,

542 548 884 619 jactitabant;
914 550 1108 614 praeter
1131 539 1219 594 illa
1246 553 1364 609 quae
1393 535 1501 591 dixi
1519 533 1586 589 de
1605 532 1782 588 Gestis
1802 525 2118 590 collationis,

546 638 688 694 unde
713 637 836 710 quid
858 645 1032 691 aetum
1052 634 1119 689 sit
1143 632 1374 688 breviter
1399 635 1725 683 nosceretur.
1759 623 1922 678 Multo
1944 629 2118 675 autem

546 731 758 788 brevius
787 729 838 783 id
867 728 950 797 egi
975 725 1032 785 In
1061 724 1284 796 quadam
1309 721 1374 776 ad
1405 719 1619 776 eosdem
1656 731 1840 772 rursus
1879 711 2117 783 epistola.

547 821 652 877 Sed
677 821 798 890 quia
824 819 878 874 in
903 816 1129 873 concilio
1146 813 1405 870 Numidiae
1428 811 1673 866 omnibus
1698 807 1788 879 qui
1812 806 1883 862 ibi
1909 817 2122 860 eramus

547 913 650 969 hoc
684 912 796 967 ﬁeri
839 909 1074 983 placuit,
1118 922 1223 962 non
1259 913 1342 960 est
1375 904 1427 958 in
1465 900 1702 972 epistolis
1742 898 1875 953 meis
1900 895 1997 969 (a).
2034 893 2122 950 Sic

546 1004 740 1075 quippe
770 1002 986 1071 incipit:
1017 999 1268 1070 Syluanus
1295 1011 1478 1062 senex,
1514 992 1805 1047 Valentinus
1824 1031 1838 1055 ,
1872 987 2120 1042 Innocen-

547 1097 676 1160 tius,
726 1093 1064 1158 Maximinus,
1108 1089 1351 1161 Optatus,
1394 1087 1732 1158 Augustinus,
1773 1086 2035 1147 Donatus,
2075 1087 2120 1133 et

547 1189 712 1244 cazteri
764 1185 983 1259 episwpi
1030 1183 1093 1238 de
1137 1181 1348 1238 concilio
1393 1177 1618 1235 Zertensi
1643 1177 1660 1208 ⁸
1693 1175 1761 1230 ad
1805 1173 2118 1229 Donatistas.

547 1282 647 1338 llic
688 1281 822 1338 liber
864 1279 943 1335 sic
977 1277 1195 1348 incipit:
1239 1273 1374 1341 Quid
1415 1273 1579 1327 adhuc
1620 1268 1929 1338 Donatistae,
1966 1265 2119 1322 sedu-

545 1373 754 1430 cimini?

1142 1437 1365 1495 CAPUT
1403 1435 1539 1491 XLI.

931 1531 1008 1586 De
1035 1529 1262 1585 Videndo
1286 1527 1414 1595 Deo,
1453 1526 1576 1580 liber
1598 1540 1748 1579 unus.

622 1627 699 1682 De
735 1621 974 1681 Videndo
1021 1622 1131 1676 Deo
1179 1619 1364 1690 scripsi
1406 1615 1820 1689 librum(Epist.
1867 1614 1996 1678 147,
2053 1611 2122 1665 ad

548 1715 879 1788 Paulinam),
938 1714 1028 1770 ubi
1079 1713 1147 1770 de
1183 1711 1439 1784 spirituali
1480 1722 1707 1779 corpore
1746 1705 1886 1778 quod
1932 1704 2034 1762 erit
2067 1703 2118 1758 in

546 1807 933 1866 resurrectione
971 1812 1272 1860 sanctorum
1305 1799 1696 1870 inquisitionem
1733 1796 2119 1866 diligentiorem

548 1899 751 1964 distuli,
781 1907 957 1953 utrum
985 1896 1070 1952 vel
1115 1893 1382 1966 quomodo
1436 1892 1593 1957 Deus,
1626 1890 1712 1960 qui
1768 1889 1983 1958 spiritus
2015 1897 2116 1954 est,

548 1989 709 2044 etiam
739 2002 834 2059 per
859 2002 1051 2058 corpus
1078 1984 1185 2040 tale
1210 1982 1484 2048 videatur;
1517 1979 1612 2036 sed
1628 1995 1743 2035 eam
1764 1988 1947 2050 postea
1971 1992 2119 2048 qua:-

551 2079 776 2134 stioncm
805 2093 932 2133 sane
955 2074 1321 2132 difﬁcillimam
1352 2072 1404 2126 in
1446 2070 1751 2136 novissimo,
1779 2069 1832 2124 id
1853 2077 1936 2124 est
1965 2068 2016 2122 in
2039 2067 2119 2121 vi-

548 2169 752 2238 gesimo
776 2177 830 2223 et
855 2165 1089 2222 secundo
1118 2164 1254 2220 libro
1291 2162 1357 2218 de
1390 2160 1616 2216 Civitate
1643 2159 1739 2215 Dei
1760 2159 1778 2232 (
1799 2158 1924 2230 Cap.
1951 2157 2116 2223 29,21.

549 2260 600 2325 I,
627 2277 732 2332 sqq.
757 2256 799 2334 ),
837 2263 986 2324 satis,
1017 2265 1275 2328 quantum
1323 2253 1570 2318 arbitror,
1611 2251 1889 2321 explicavi.
1941 2249 2120 2304 Inveni

547 2351 780 2407 etiamin
808 2349 1041 2420 quodam
1079 2349 1262 2404 noStro
1287 2346 1493 2412 codice,
1520 2345 1572 2399 in
1599 2361 1702 2414 quo
1745 2352 1800 2397 et
1845 2342 1944 2396 iste
1987 2341 2122 2396 liber

547 2453 649 2511 est,
681 2441 946 2513 quoddam
977 2437 1437 2496 commonitorium
1463 2451 1494 2490 a
1519 2450 1605 2490 me
1635 2435 1826 2488 tactum
1849 2433 1916 2488 de
1945 2432 2043 2488 hac
2061 2448 2120 2488 re

545 2535 612 2589 ad
669 2534 977 2604 episcopum
1029 2531 1332 2587 Siccensem
1382 2528 1854 2592 Fortunatianum;
1881 2525 2020 2596 quod
2065 2525 2118 2579 in

548 2625 925 2698 opusculorum
952 2639 1192 2680 meorum
1226 2622 1456 2678 indiculo
1494 2636 1595 2677 nec
1635 2620 1774 2690 inter
1798 2619 1984 2685 libros,
2022 2634 2120 2674 nec

548 2718 687 2774 inter
711 2717 963 2788 epistolas
985 2724 1068 2772 est
1087 2723 1322 2771 notatum
1345 2713 1467 2787 (ὸ).
1500 2713 1598 2768 Ilic
1620 2711 1754 2767 liber
1796 2712 1874 2766 sic
1903 2710 2115 2781 incipit:

546 2807 744 2864 Memor
767 2807 936 2864 debiti.
959 2806 1095 2863 Illud
1115 2815 1289 2862 autem
1325 2824 1339 2860 :
1364 2804 1507 2860 Sicut
1529 2820 1750 2875 prwsens
1774 2802 1966 2874 rogavi.

1130 2896 1356 2953 CAPUT
1394 2897 1553 2953 XLII.

863 2991 940 3046 De
970 2990 1172 3046 Natura
1189 2999 1237 3045 et
1267 2988 1458 3057 Gratia,
1489 2989 1612 3045 liber
1650 3007 1800 3045 unus.

614 3084 772 3140 Venit
813 3083 973 3138 etiam
1016 3091 1144 3138 tunc
1175 3081 1228 3136 in
1277 3095 1466 3135 manus
1508 3095 1654 3136 meas
1682 3079 1895 3150 quidam
1923 3077 2119 3150 Pelagii

545 3175 703 3240 liber,
733 3174 823 3229 ubi
853 3173 1088 3229 hominis
1132 3180 1376 3228 naturam
1420 3182 1602 3227 contra
1657 3172 1750 3227 Dei
1769 3173 1990 3242 gratiam
2017 3187 2119 3243 qua

542 3265 856 3336 iustiﬁcatur
887 3264 1100 3336 impius,
1142 3273 1198 3318 et
1235 3278 1335 3333 qua
1381 3263 1652 3318 christiani
1695 3278 1897 3328 sumus,
1925 3274 2119 3334 quanta

546 3359 716 3430 potuit
741 3355 1196 3427 argumentatione
1222 3353 1472 3408 defendit.
1494 3353 1710 3409 Librum
1731 3369 1855 3425 ergo
1874 3369 1978 3424 quo
1999 3353 2119 3409 huic

544 3448 817 3519 respondi,
865 3447 1154 3503 defendens
1193 3448 1435 3518 gratiam,
1480 3463 1586 3503 non
1629 3456 1811 3503 contra
1853 3456 2115 3514 naturam,

547 3539 642 3595 sed
677 3555 771 3610 per
791 3553 949 3610 quam
993 3547 1178 3593 natura
1204 3538 1456 3593 liberatur
1478 3547 1532 3593 et
1577 3540 1795 3610 regitur,
1827 3538 1894 3595 de
1919 3538 2116 3595 Natura

543 3641 598 3686 et
622 3629 800 3687 Gratia
828 3629 1142 3701 nuncupavi.
1173 3629 1229 3685 In
1253 3645 1359 3700 quo
1383 3629 1540 3686 verba
1567 3631 1806 3701 quaedam
1835 3646 1954 3703 qua:
1977 3631 2120 3687 velut

544 3722 699 3796 Xysti
743 3723 968 3779 Romani
995 3723 1227 3794 episcopi
1267 3732 1324 3778 et
1364 3724 1611 3795 martyris
1658 3725 1897 3796 Pelagius
1923 3727 2114 3796 posuit,
2163 3751 2180 3764 -

545 3815 619 3870 ita
658 3813 874 3872 defendi
897 3824 1143 3886 tanquam
1172 3829 1356 3871 revera
1383 3815 1618 3886 ejusdem
1653 3815 1804 3886 Xysti
1828 3827 2035 3883 essent;
2063 3817 2117 3873 id

540 3906 684 3962 enim
737 3917 1044 3978 putaveram
1075 3906 1205 3962 :sed
1245 3916 1427 3976 postea
1479 3907 1580 3977 legi
1626 3906 1770 3964 Sexti
1819 3907 2114 3978 philosophi

538 4014 678 4066 esse,
732 4014 837 4056 non
881 3997 1034 4071 Xyin
1061 3997 1333 4054 christiani
1370 3996 1462 4072 (c).
1497 3998 1593 4054 Hic
1637 3997 1770 4055 liber
1809 3998 1885 4054 sic
1934 3998 2117 4069 incipit

539 4093 745 4150 Librum
770 4111 915 4168 quem
938 4094 1163 4149 misistis.

1101 4185 1328 4242 CAPUT
1366 4183 1549 4241 XLIII.

851 4276 928 4332 De
948 4275 1160 4333 Civitate
1177 4275 1295 4344 Dei,
1319 4276 1434 4332 libri
1461 4276 1635 4348 viginti
1657 4277 1777 4331 duo.

608 4370 660 4424 I.
690 4368 900 4424 Interea
942 4367 1110 4422 Roma
1154 4365 1446 4422 Gothorum
1490 4366 1802 4438 irruptione,
1845 4366 2114 4437 agentium

537 4462 640 4518 sub
672 4476 795 4532 rege
818 4460 1048 4528 Alarico,
1081 4468 1238 4531 atque
1262 4459 1461 4530 impetu
1489 4475 1695 4530 magnae
1719 4460 1882 4516 cladis
1930 4475 2113 4517 eversa

599 4599 618 4631 ι
634 4594 995 4659 μνησίτεεηή.
1007 4596 1221 4648 Nonnulli
1236 4609 1356 4650 vero
1367 4602 1495 4659 Mss,
1511 4595 1742 4659 Zersensi,
1765 4605 1864 4659 aut,
1890 4600 2112 4654 Teriensi.

536 4658 820 4723 Bodleiauus
849 4665 931 4723 Ms.
967 4665 1019 4709 et
1044 4659 1222 4723 Colleg.
1244 4667 1441 4710 Merton.
1462 4658 1568 4709 Mss.
1589 4659 1702 4723 duo,
1728 4658 1950 4713 Zirtensi.
1985 4663 2116 4714 Alius

537 4719 688 4792 nodi”
699 4718 994 4792 ζιεεειξδίηᾼι
1013 4729 1112 4770 Am.
1137 4718 1280 4792 effr.
1303 4727 1531 4792 cumules.
1547 4718 1782 4792 tredecim
1801 4723 2115 4792 ferunt,_zer-

539 4779 1105 4892 magaﬁﬁlcﬁonem
1119 4782 1397 4834 conﬁrmant
1414 4789 1522 4834 his.
1543 4784 1720 4848 quibus
1735 4784 1860 4836 liber
1877 4779 2113 4838 iste'inte-

537 4856 629 4905 ger
647 4855 937 4892 conunetur.

598 4924 672 4986 (a)
689 4931 817 4976 Inter
834 4939 918 4976 eas
931 4939 1058 4977 nunc
1074 4934 1151 4978 est
1164 4927 1333 4978 ordine
1351 4928 1458 4978 tu.

600 4986 672 5110 ἕὲἒ
690 4989 1397 5110 εὲἓιῗὲῒέςξξέῗῖίίὶῗὲιξὲἷ
1412 4991 2104 5110 Ἐεῆἕίῒῗδὲῗῒλὲξεὲᾶ

622 5049 842 5122 c)_V_'erba
868 5049 948 5100 illa
962 5049 1523 5122 .Se'xtilbilosopbiesse
1539 5051 1660 5116 legit
1681 5049 1804 5122 forte
1827 5049 2115 5122 Augustinus

539 5122 632 5173 ειμι

541 5179 592 5220 et
610 5173 658 5221 in
675 5173 840 5222 Περὶ).
858 5173 1001 5235 c.'18,
1030 5173 1216 5223 erroris
1245 5173 1436 5224 causam
1469 5177 1519 5224 in
1552 5175 1762 5227 Ruﬁnum
1795 5181 1965 5231 refert.
2000 5173 2115 5232 Eum

539 5236 667 5308 enim
684 5247 791 5308 ευρ]
807 5237 943 5308 sexti
955 5237 1224 5308 sententias
1240 5248 1269 5308 e
1285 5251 1445 5308 grazoo
1476 5237 1524 5285 in
1543 5236 1746 5308 latinum
1759 5243 2005 5308 vertisset,
2023 5247 2115 5308 sub

535 5297 1504 5375 Ξίξξὲίξξεδεὶξεξέιξιξτβήξψξ)ῑξθρωπε
1538 5300 1748 5375 uisceri
1783 5297 2003 5375 edidisse
2020 5307 2116 5375 .cri-

536 5358 758 5430 minatttr.
777 5357 892 5409 tlin'c
909 5372 1051 5422 porro
1068 5357 1272 5430 lectitari
1288 5362 1466 5430 passim
1483 5374 1511 5430 ξ
1528 5357 1620 5422 piis
1637 5357 1752 5413 viris
1769 5372 1820 5415 et
1842 5365 1888 5413 in
1914 5367 2116 5430 modum

536 5418 716 5479 annuli,
736 5433 882 5486 quem
909 5418 1080 5470 earum
1112 5418 1380 5486 collectioni
1405 5418 1594 5472 titulum
1627 5432 1811 5474 :ecerat
1842 5426 2048 5486 Ruﬁnus,
2067 5432 2116 5479 in

539 5491 684 5555 manu
698 5482 878 5555 gestari
895 5484 1352 5555 semper,_ad_eoque
1370 5486 1684 5555 familiariter.
1701 5486 1871 5536 haberi
1887 5482 2112 5555 contigit,

537 5548 592 5616 ut
608 5543 721 5616 inde
735 5543 1028 5616 senteptiam
1043 5552 1096 5616 S._
1109 5553 1155 5594 P.
1176 5543 1528 5616 Benedictusin
1544 5545 1731 5608 regula:
1757 5562 1859 5616 suae
1890 5543 2048 5613 capite
2065 5543 2112 5615 7,

538 5603 796 5716 protuleri:
811 5603 982 5718 ἓξὲξ
992 5608 1146 5712 ἵεται
1164 5621 1177 5658 :
1204 5625 1228 5657 ι
1241 5608 1368 5659 sicut
1381 5603 1724 5671 scriptum‘est,
1741 5612 1937 5674 Sapiens
1950 5603 2116 5666 verbis

810 5676 1014 5729 paucis.»

680 5111 874 5183 {lierorr
893 5113 982 5183 qui
993 5111 1136 5174 Epistl
1156 5113 1217 5183 ad
1231 5111 1686 5183 Ctesiphonteminet
1703 5118 1752 5166 in
1768 5111 1951 5183 terei).
1971 5133 2014 5169 c.
2034 5121 2112 5183 22,

2023 5805 2074 5812 ..ος

1617 215 2244 282 RETRACTATIONUM
2281 218 2336 274 s.
2377 218 2738 277 AUGUSTINI
3111 240 3132 250 ιτ
3646 231 3728 292 θη

2225 345 2335 403 est;
2358 339 2508 409 cujus
2528 343 2858 398 eversionem
2889 342 3107 400 deorum
3129 345 3376 402 falsorum
3397 349 3730 427 multorumque

2225 430 2476 498 cultores,
2517 449 2650 504 quos
2686 435 2878 490 usitato
2921 438 3134 492 nomine
3163 438 3398 509 Paganos
3438 456 3673 514 vocamus,
3692 451 3730 504 in

2225 523 2563 580 Christianam
2590 526 2898 597 religionem
2929 529 3132 584 referre
3167 540 3436 596 conantes,
3461 533 3601 588 solito
3619 552 3734 593 acer-

2223 615 2343 671 bius
2372 625 2427 672 et
2444 618 2675 673 amarius
2703 619 2867 674 Deum
2892 635 3073 677 verum
3105 621 3466 691 blasphemare
3488 637 3731 694 creperum.

2224 704 2376 762 Unde
2416 723 2516 778 ego
2568 709 2920 766 exardescens
2964 711 3080 766 zelo
3129 710 3320 767 domus
3371 713 3484 778 Dei,
3528 715 3733 774 adversus

2222 814 2404 854 eorum
2431 801 2786 872 blasphemias
2811 802 2893 858 vel
2923 817 3134 859 errores
3159 803 3327 859 libros
3350 803 3416 860 de
3447 803 3646 862 Civitate
3669 809 3736 866 Dei

2222 893 2457 950 scribere
2479 895 2700 950 institui.
2735 894 2886 963 Quod
2905 910 3037 966 opus
3063 910 3157 966 per
3176 897 3376 966 aliquot
3410 911 3567 952 annos
3589 914 3661 953 me
3679 911 3739 957 te-

2223 989 2357 1056 nuit,
2385 1001 2450 1044 eo
2488 989 2626 1060 quod
2647 989 2748 1044 alia
2771 990 2937 1044 multa
2962 989 3410 1054 intercurrebant,
3439 1005 3550 1059 quae
3570 991 3738 1050 diﬁene

2200 1094 2331 1134 ~non
2353 1089 2637 1149 oporteret,
2670 1091 2724 1134 et
2747 1095 2833 1135 me
2858 1081 3005 1150 prius
3022 1079 3088 1134 ad
3108 1079 3426 1134 solvendum
3441 1083 3737 1152 occupabant.

2222 1171 2334 1227 Hoc
2356 1180 2531 1227 autem
2555 1171 2622 1226 de
2643 1169 2863 1228 Civitate
2891 1171 2981 1225 Dei
3008 1171 3208 1242 grande
3235 1184 3373 1242 opus
3393 1172 3590 1226 tandem
3607 1174 3739 1244 vigin-

2223 1263 2261 1317 ti
2290 1261 2493 1317 duobus
2520 1262 2666 1317 libris
2685 1269 2767 1317 est
2789 1261 3142 1318 terminatum.
3169 1261 3409 1329 Quorum
3425 1263 3636 1333 quinque
3658 1267 3740 1335 pri.

2222 1352 2294 1407 mi
2335 1369 2426 1408 eos
2463 1353 2727 1421 refellunt,
2750 1354 2838 1424 qui
2863 1368 2948 1408 res
2976 1351 3234 1407 humanas
3265 1353 3338 1407 ita
3379 1355 3648 1423 prosperari
3669 1370 3739 1410 vo-

2222 1442 2356 1511 lunt,
2387 1453 2443 1498 ut
2461 1444 2525 1499 ad
2553 1445 2653 1501 hoc
2681 1444 2966 1499 multorum
2996 1443 3220 1500 deorum
3241 1445 3443 1500 cultum
3470 1459 3592 1516 quos
3613 1446 3732 1519 Paga-

2222 1535 2276 1590 ni
2297 1535 2473 1590 colere
2493 1543 2902 1601 consueverunt,
2930 1535 3287 1591 necessarium
3307 1550 3428 1590 esse
3443 1535 3739 1602 arbitrentur;

2221 1634 2275 1681 et
2313 1625 2435 1696 quia
2465 1625 2790 1696 prohibetur,
2821 1627 2953 1681 mala
2985 1626 3084 1680 ista
3124 1625 3323 1686 exoriri
3349 1635 3504 1698 atque
3527 1627 3744 1684 abundare

2221 1717 2564 1774 contendunt.
2608 1718 2898 1790 Sequentes
2923 1727 3099 1774 autem
3139 1718 3382 1789 quinque
3405 1719 3640 1774 adversus
3673 1735 3742 1776 eos

2223 1810 2526 1880 loquuntur,
2545 1811 2632 1881 qui
2655 1809 2882 1864 fatentur
2895 1809 3008 1865 haec
3023 1809 3158 1864 mala
3175 1824 3277 1864 nec
3294 1807 3524 1864 defuisse
3537 1825 3741 1880 unquam,

2222 1915 2320 1955 nec
2336 1901 2576 1957 defutura
2597 1902 2924 1969 mortalibus,
2941 1910 2994 1956 et
3017 1915 3080 1956 ea
3109 1915 3248 1956 nunc
3281 1915 3491 1970 magna,
3515 1918 3637 1956 nunc
3651 1917 3741 1973 par-

2220 2009 2304 2061 va,
2339 1993 2486 2062 locis,
2529 1996 2874 2068 temporibus,
2905 1999 3249 2070 personisque
3280 1997 3474 2053 variari
3503 2015 3516 2052 :
3543 1996 3626 2052 sed
3646 1996 3741 2052 deo-

2221 2100 2338 2138 rum
2370 2087 2652 2142 multorum
2677 2089 2899 2155 cultum,
2925 2104 3035 2159 quo
3081 2090 3158 2145 eis
3201 2088 3551 2155 sacriﬁcatur,
3577 2098 3744 2158 propter

2224 2178 2385 2232 vitam
2415 2187 2536 2249 post
2579 2188 2802 2235 mortem
2833 2181 3061 2236 futuram
3113 2197 3233 2238 esse
3286 2183 3468 2236 utilem
3509 2180 3740 2250 disputant.

2223 2267 2315 2322 llis
2343 2284 2471 2340 ergo
2495 2270 2680 2326 decem
2726 2271 2876 2326 libris
2903 2271 3022 2327 duae
3044 2273 3157 2326 ista:
3184 2288 3343 2328 vana:
3367 2272 3623 2342 opiniones
3642 2271 3744 2342 chri-

2223 2361 2407 2414 stiana:
2433 2361 2674 2431 religioni
2697 2361 3014 2418 adversarizn
3040 2364 3374 2418 refelluntur.

2291 2451 2346 2505 2.
2371 2450 2480 2506 Sed
2502 2469 2568 2506 ne
2597 2453 2871 2523 quisquam
2899 2470 2997 2509 nos
3023 2455 3192 2510 aliena
3211 2464 3423 2509 tantum
3450 2453 3742 2524 redarguisse,

2223 2559 2328 2598 non
2339 2553 2512 2600 autem
2527 2555 2704 2600 nostra
2722 2547 3010 2602 asseruisse
3026 2547 3476 2616 reprehenderet;
3491 2545 3538 2600 id
3553 2548 3641 2616 agit
3657 2560 3744 2614 pars

2222 2635 2386 2690 altera
2427 2637 2602 2706 operis
2637 2636 2811 2707 hujus,
2841 2653 2958 2708 quae
2995 2637 3144 2693 libris
3167 2637 3455 2692 duodecim
3481 2639 3742 2692 continetur.

2222 2727 2536 2796 Quanquam
2569 2727 2658 2782 ubi
2685 2744 2816 2799 opus
2843 2736 2942 2795 est,
2973 2737 3025 2783 et
3054 2729 3106 2782 in
3141 2727 3414 2798 prioribus
3463 2727 3626 2782 decem
3659 2741 3744 2795 qua:

2223 2825 2405 2872 nostra
2435 2827 2558 2872 sunt
2576 2833 2894 2886 asseramus,
2927 2828 2981 2874 et
3018 2819 3069 2873 in
3095 2818 3385 2874 duodecim
3412 2818 3739 2890 posterioribus

2221 2911 2603 2979 redarguamus
2648 2910 2893 2966 adversa.
2922 2910 3211 2965 Duodecim
3264 2925 3401 2980 ergo
3432 2909 3660 2963 librorum
3680 2920 3743 2960 se-

2226 3002 2498 3071 quentium
2529 3003 2683 3073 primi
2727 3011 2952 3074 quatuor
2993 3003 3264 3058 continent
3292 3013 3535 3058 exortum
3573 3001 3741 3056 duarum

2220 3093 2507 3162 civitatum,
2535 3110 2757 3164 quarum
2785 3104 2867 3150 est
2890 3109 2993 3149 una
3037 3095 3152 3160 Dei,
3203 3095 3375 3149 altera
3419 3093 3567 3164 hujus
3589 3090 3740 3146 mundi.

2228 3184 2458 3240 Secundi
2484 3195 2729 3256 quatuor,
2757 3200 3038 3241 excursum
3077 3201 3258 3241 earum
3307 3187 3425 3242 sive
3468 3198 3739 3256 procursum.

2223 3276 2387 3333 Tertii
2416 3293 2565 3346 vero,
2588 3279 2677 3349 qui
2700 3287 2753 3334 et
2769 3279 3039 3348 postremi,
3089 3279 3301 3346 debitos
3328 3279 3480 3334 ﬁnes.
3511 3278 3580 3333 Ita
3604 3289 3742 3331 omnes

2219 3371 2401 3440 viginti
2429 3379 2481 3425 et
2505 3371 2609 3426 duo
2633 3372 2750 3428 libri
2775 3387 2895 3427 cum
2925 3373 3032 3426 sint
3065 3371 3132 3426 de
3172 3381 3402 3443 utraque
3439 3372 3630 3427 civitate
3651 3383 3743 3423 con-

2220 3464 2426 3533 scripti,
2453 3464 2663 3518 titulum
2684 3472 2860 3519 tamen
2885 3479 2914 3518 a
2937 3463 3155 3518 meliore
3175 3474 3520 3532 acceperunt,
3548 3472 3596 3516 ut
3615 3460 3669 3516 de
3682 3459 3745 3512 Ci-

2221 3555 2380 3610 vitate
2406 3555 2495 3610 Dei
2523 3557 2696 3626 potius
2714 3565 3046 3612 vocarentur.
3072 3555 3127 3610 In
3156 3571 3389 3626 quorum
3418 3555 3611 3610 decimo
3638 3551 3739 3606 libro

2220 3660 2326 3700 non
2339 3645 2518 3701 debuit
2533 3661 2630 3716 pro
2646 3647 2897 3702 miraculo
2909 3647 3031 3716 poni
3046 3647 3098 3702 in
3115 3647 3350 3702 Abrahae
3367 3643 3746 3713 sacriﬁcio,ﬂam-

2221 3753 2361 3794 mam
2388 3739 2599 3794 coalitus
2627 3739 2820 3795 factam
2847 3741 2985 3796 inter
3004 3740 3200 3796 divisas
3223 3740 3474 3796 victimas
3501 3738 3746 3795 cucurrisse

2224 3829 2244 3902 (
2261 3830 2385 3902 Cap.
2413 3830 2477 3903 8)
2496 3849 2510 3899 ;
2533 3833 2780 3903 quoniam
2805 3834 2902 3888 hoc
2917 3834 2992 3888 illi
3018 3835 3068 3888 in
3085 3833 3293 3890 visione
3318 3844 3653 3890 monstratum
3668 3839 3743 3886 est.

2220 3925 2276 3980 In
2299 3927 2523 3995 septimo
2549 3926 2756 3982 decimo
2773 3927 2926 3991 libro,
2951 3927 3090 3997 quod
3111 3928 3310 3984 dictum
3333 3939 3418 3984 est
3435 3928 3502 3984 de
3524 3924 3742 3987 Samuele,

2220 4016 2340 4071 Non
2363 4026 2465 4071 erat
2493 4018 2555 4073 de
2580 4020 2700 4088 ﬁliis
2724 4019 2892 4075 Aaron
2922 4020 3075 4092 (Cap.
3106 4020 3159 4088 5,
3189 4038 3242 4074 η.
3270 4021 3377 4092 2);
3411 4020 3746 4088 dicendumpo-

2223 4109 2325 4164 tius
2346 4109 2462 4175 fuit,
2494 4109 2608 4165 Non
2638 4120 2752 4165 erat
2796 4111 2934 4165 ﬁlius
2959 4111 3269 4167 sacerdotis.
3307 4112 3476 4167 Filios
3494 4111 3666 4182 quippe
3687 4120 3746 4161 sa-
3825 4113 3827 4120 '

2223 4203 2494 4258 cerdotum
2523 4204 2784 4259 defunctis
2803 4203 3163 4259 sacerdotibus
3178 4205 3469 4261 succedere
3485 4207 3634 4274 magis
3651 4202 3746 4270 legi-

2225 4293 2338 4347 timi
2368 4295 2532 4350 moris
2562 4287 2655 4349 luit
2685 4313 2697 4348 :
2729 4309 2847 4349 nam
2879 4295 2932 4348 in
2976 4293 3097 4348 ﬁliis
3121 4295 3300 4349 Aaron
3351 4295 3607 4366 reperitur
3633 4300 3746 4362 pater

2223 4384 2485 4440 Samuelis
2523 4385 2594 4458 (a)
2619 4403 2633 4453 ;
2656 4386 2745 4441 sed
2775 4386 3022 4442 sacerdos
3041 4402 3145 4441 non
3167 4385 3282 4453 fuit,
3309 4403 3410 4443 nec
3434 4387 3501 4442 ita
3523 4387 3570 4440 in
3587 4383 3687 4438 filiis
3707 4394 3747 4434 ut

2221 4493 2341 4533 eum
2368 4478 2480 4548 ipse
2501 4479 2743 4549 genuerit
2769 4481 2963 4548 Aaron,
2978 4479 3072 4536 sed
3091 4480 3228 4535 sicut
3249 4495 3441 4536 omnes
3457 4481 3589 4536 illius
3607 4474 3745 4548 populi
3825 4513 3827 4526 .

2221 4568 2468 4624 dicuntur
2494 4570 2585 4624 lilii
2620 4570 2801 4626 Israel.
2824 4570 2935 4627 Hoc
2950 4586 3083 4643 opus
3123 4572 3202 4628 sic
3226 4572 3450 4644 incipit:
3482 4569 3746 4628 ϐίοι-ἰσάνε-

2219 4679 2354 4718 ntam
2376 4663 2621 4719 civitatem
2639 4663 2756 4720 Dei.

2778 4759 3003 4816 CAPUT
3040 4758 3225 4816 XLIV.
3825 4801 3827 4806 .

2222 4830 2304 4885 Ad
2329 4828 2584 4899 Orosium,
2605 4840 2777 4886 contra
2801 4829 3218 4886 Priscillianistas
3237 4837 3287 4885 et
3311 4829 3629 4903 Origenistas,
3651 4827 3746 4880 liter

2292 5015 2348 5069 In
2361 5023 2443 5070 ter
2462 5015 2575 5070 haec
2600 5013 2772 5070 Orosii
2804 5014 3077 5084 cujusdam
3097 5010 3314 5084 Hispani
3344 5010 3625 5085 presbyteri
3641 5021 3742 5063 cou-

2221 5105 2489 5162 sultationi
2506 5104 2572 5160 de
2596 5105 3022 5171 Priscillizmistis,
3049 5114 3105 5161 et
3124 5105 3191 5161 de
3217 5105 3526 5176 quibusdam
3546 5097 3742 5171 Origenis

2227 5198 2474 5252 sensibus
2503 5211 2637 5268 quos
2663 5195 2918 5252 catholica
2949 5196 3076 5252 fides
3102 5197 3379 5267 improbat,
3422 5204 3605 5266 quanta
3629 5184 3741 5259 potui

2230 5287 2486 5342 brevitate
2523 5303 2586 5342 ac
2634 5287 3004 5358 perspicuitate
3048 5286 3333 5357 respondi:
3363 5286 3512 5354 cujus
3545 5274 3740 5353 opusculi

2226 5380 2412 5434 titulus
2447 5388 2528 5434 est
2551 5379 2618 5435 ad
2641 5379 2910 5447 Orosium,
2938 5388 3122 5433 contra
3149 5378 3561 5433 Priscillianistas
3579 5381 3626 5428 et
3648 5368 3740 5425 Ori-

2282 5557 2365 5620 (a),
2375 5562 2469 5606 lmo
2483 5555 2672 5620 Samuel
2701 5557 2751 5620 in
2766 5555 2877 5620 ﬁliis
2889 5562 3007 5605 core
3023 5554 3183 5620 annuli
3199 5564 3348 5607 Aaron
3361 5553 3594 5620 reperitur
3608 5555 3624 5598 l

2222 5607 2311 5683 Iip.
2407 5618 2569 5668 Incidit
2587 5631 2706 5683 ergo
2723 5617 2771 5665 in
2789 5618 3010 5683 vitiosum
3026 5617 3258 5683 codicem,
3275 5625 3355 5670 aut
3365 5607 3499 5668 certe
3527 5615 3586 5664 ab
3611 5607 3738 5674 ειη-ο

2219 5679 2315 5732 alio
2336 5679 2574 5744 deceptus
2586 5679 2674 5731 fuit
2688 5686 2731 5730 s.
2752 5679 3055 5744 Augustinus.
