3878 6270
179 397 266 456 ⁸49
289 396 298 399 ⁷
1432 387 1630 446 LIBER
1670 389 1705 445 S

1824 388 2040 449 lNDUS.

176 515 400 588 genistas.
423 512 486 567 Et
514 512 624 583 ipsa
647 511 787 567 enim
817 506 1136 564 consultatio
1164 507 1497 578 responsioni
1524 521 1654 560 mete
1676 522 1707 561 a

177 606 322 676 capite
345 602 580 674 adjuncta
607 611 709 656 est.
740 601 837 655 llic
858 601 993 655 liber
1017 599 1094 655 sic
1135 598 1319 670 incipit
1345 616 1359 652 :
1388 598 1710 668 Respondere

178 697 248 753 tibi
268 696 505 766 querenti,
537 693 855 748 dilectissime
883 693 959 762 ﬁli
991 692 1158 748 Orosi.

694 805 920 862 CAPUT
959 804 1118 860 XLV.

179 922 245 976 Ad
262 919 602 989 Hieronymum
623 918 962 988 presbyterum
991 915 1105 970 libri
1120 915 1260 980 duo;
1283 930 1412 969 unus
1449 914 1512 969 de
1538 912 1712 985 Origi-

367 1027 427 1065 ne
452 1008 669 1075 Anime,
697 1018 743 1064 et
766 1009 898 1063 alius
923 1009 985 1062 de
1010 1007 1270 1064 Sententia
1288 1005 1487 1060 Jacobi.

230 1123 402 1194 Scripsi
453 1123 614 1178 etiam
663 1124 796 1178 duos
833 1121 1001 1178 libros
1032 1121 1051 1195 (
1083 1121 1266 1193 Epistt.
1302 1121 1439 1187 l66,
1470 1119 1609 1191 I67)
1648 1119 1712 1174 ad

178 1218 513 1286 Hieronymum
561 1214 930 1286 presbyterum
957 1213 1231 1268 sedentem
1259 1213 1312 1266 in
1363 1210 1670 1266 Bethlebem
1697 1229 1710 1264 :

178 1323 309 1362 unum
327 1306 389 1361 de
407 1304 620 1378 Origine
645 1307 850 1360 Animze
871 1306 1132 1361 hominis:
1161 1304 1384 1359 alterum
1402 1304 1466 1358 de
1487 1303 1714 1359 Senten-

176 1402 227 1453 tia
247 1397 405 1452 Jacobi
422 1397 670 1467 apostoli,
692 1397 778 1452 ubi
801 1397 894 1462 ait,
921 1397 1234 1467 Quicumque
1253 1405 1411 1450 totam
1432 1396 1588 1467 legem
1609 1412 1716 1449 ser-

173 1490 338 1552 vaverit,
366 1487 584 1554 oﬂ'endat
605 1498 774 1543 autem
795 1488 846 1541 in
867 1504 989 1555 uno,
1039 1491 1204 1559 factus
1238 1496 1310 1540 est
1352 1487 1576 1540 omnium
1603 1502 1716 1539 reus

175 1581 348 1650 (Jacobi
390 1596 443 1646 ll,
473 1580 613 1654 10);
647 1581 714 1636 de
756 1589 979 1652 utroque
1027 1580 1313 1636 consulens
1351 1595 1494 1636 eum.
1526 1579 1631 1634 Sed
1660 1579 1714 1633 in

171 1673 240 1725 illo
257 1672 414 1742 priore
442 1673 790 1742 quaestionem
813 1688 969 1744 quam
999 1672 1249 1742 proposui
1273 1671 1387 1742 ipse
1411 1685 1516 1725 non
1545 1669 1710 1736 solvi;

170 1762 208 1816 in
227 1761 491 1831 posteriore
503 1772 683 1817 autem
697 1762 822 1834 quid
845 1761 977 1817 mihi
1009 1761 1076 1818 de
1104 1762 1192 1816 illa
1226 1761 1475 1816 solvenda
1509 1761 1712 1816 videre-

170 1863 235 1906 lur
251 1853 349 1923 ipse
380 1869 484 1907 non
529 1855 672 1908 tacui
705 1872 719 1907 :
745 1854 837 1910 sed
867 1862 1040 1908 utrum
1069 1852 1171 1909 hoc
1199 1853 1523 1924 approbaret
1552 1854 1712 1908 etiam

168 1945 252 2010 ille,
275 1943 517 1999 consului.
556 1945 1042 2016 Rescripsitautem
1063 1944 1287 2000 laudans
1312 1944 1554 2001 eamdem
1581 1960 1711 2000 con-

167 2035 462 2091 sultationem
515 2052 746 2102 meam;
791 2037 891 2091 sibi
943 2045 1120 2092 tamen
1162 2036 1228 2092 ad
1273 2035 1704 2106 respondendum

167 2127 303 2180 otium
332 2144 429 2182 non
473 2144 600 2184 esse
625 2128 923 2199 respondit.
955 2129 1066 2201 Ego
1095 2144 1225 2184 vero
1263 2144 1540 2200 quousque
1566 2137 1713 2184 esset

169 2221 208 2273 in
230 2235 448 2291 corpore,
473 2221 575 2276 hos
601 2221 767 2277 libros
791 2221 950 2278 edere
971 2222 1135 2287 nolui,
1161 2237 1227 2275 ne
1251 2220 1390 2277 forte
1415 2221 1711 2293 responde-

169 2320 229 2364 ret
244 2311 530 2381 aliquando,
561 2321 614 2367 et
665 2329 786 2368 cum
836 2314 949 2384 ipsa
981 2314 1329 2384 responsione
1376 2314 1493 2382 ejus
1528 2314 1702 2384 potius

165 2403 425 2458 ederentur.
453 2404 552 2458 lllo
580 2413 756 2459 autem
778 2404 1025 2460 defuncto
1051 2406 1116 2460 ad
1152 2405 1254 2460 hoc
1282 2405 1422 2460 edidi
1447 2406 1704 2476 priorem,

166 2494 298 2563 utqui
313 2494 798 2566 legitadmoneatur
821 2504 911 2549 aut
937 2511 1042 2550 non
1062 2512 1302 2567 quzercre
1329 2496 1548 2550 omnino
1570 2511 1709 2566 quo-

166 2586 294 2641 modo
310 2586 456 2643 detur
483 2589 663 2642 anima
687 2589 1048 2654 nascentibus,
1067 2597 1157 2644 aut
1176 2599 1322 2644 certe
1347 2589 1414 2644 de
1435 2604 1492 2644 re
1520 2589 1711 2644 obscu-

164 2679 336 2734 rissima
374 2696 488 2735 eam
521 2681 846 2737 solutionem
882 2681 1194 2752 quaestionis
1222 2680 1380 2751 hujus
1407 2681 1708 2748 admittere,

163 2790 257 2842 qua:
273 2776 526 2830 contraria
546 2791 652 2831 non
678 2775 1109 2845 sitapertissimis
1142 2775 1323 2840 rebus,
1352 2790 1482 2844 quas
1508 2774 1574 2830 de
1599 2775 1710 2830 ori-

160 2866 292 2935 ginali
317 2878 533 2939 peccato
581 2868 712 2924 ﬁdes
746 2867 1009 2924 catholica
1050 2868 1196 2923 novit
1219 2869 1272 2922 in
1312 2868 1573 2938 parvulis,
1608 2867 1710 2922 nisi

161 2968 507 3029 regenerentur
525 2961 576 3014 in
593 2959 826 3025 Christo,
860 2959 975 3014 sine
989 2959 1322 3015 dubitatione
1347 2958 1662 3014 damnandis
1693 2977 1706 3014 :

162 3053 474 3120 posteriorem
519 3067 668 3120 vero,
718 3051 784 3106 ad
822 3051 924 3107 hoc
957 3060 1017 3106 ut
1053 3051 1363 3122 quaestionis
1405 3051 1473 3106 de
1505 3066 1607 3121 qua
1639 3049 1709 3106 ibi

161 3143 321 3212 agitur,
341 3145 500 3200 etiam
531 3160 651 3217 qua!
685 3144 840 3200 nobis
865 3145 976 3199 visa
1006 3153 1088 3199 est
1115 3145 1310 3200 solutio
1357 3145 1470 3214 ipsa
1519 3159 1709 3200 nosca-

163 3242 242 3289 tur.
285 3236 387 3293 Hoc
445 3252 578 3310 opus
624 3237 702 3293 sic
735 3236 962 3308 incipit:
1001 3235 1162 3292 Deum
1215 3247 1442 3293 nostrum
1486 3239 1573 3310 qui
1617 3254 1710 3293 nos

161 3328 332 3381 vocarit.

689 3419 915 3479 CAPUT
954 3422 1137 3478 XLVI.

161 3528 226 3582 Ad
247 3529 516 3588 Emeritam
540 3532 925 3589 Donatistarum
979 3535 1292 3606 episwpum,
1321 3546 1433 3606 post
1471 3535 1705 3591 collatio-

440 3642 572 3693 nem,
596 3625 721 3682 liber
747 3643 989 3682 unus.—
1008 3625 1145 3698 [Non
1172 3625 1388 3700 exstat.]

213 3735 284 3791 Ad
302 3737 589 3794 Emeritam
619 3740 1015 3796 Donatistarum
1043 3742 1372 3812 episcopum,
1394 3743 1482 3812 qui
1510 3743 1562 3798 in
1593 3744 1707 3798 col-

161 3825 322 3886 latione
355 3842 531 3887 nostra
559 3849 718 3904 quam
743 3849 863 3890 cum
907 3834 1010 3890 illis
1038 3835 1339 3904 habuimus,
1367 3851 1551 3891 eorum
1582 3852 1707 3892 ean--

161 3933 250 3974 sam
274 3923 494 3978 maxime
521 3938 681 3995 agere
706 3925 1001 3993 videbatur,
1031 3927 1302 3998 aliquanto
1324 3935 1442 3996 post
1465 3927 1705 3982 eamdem

161 4010 455 4069 collationem
485 4015 672 4086 scripsi
703 4015 898 4072 librum
943 4019 1070 4072 satis
1099 4018 1312 4083 utilem,
1341 4017 1590 4088 quoniam
1621 4033 1706 4073 res

162 4103 324 4171 quibus
357 4106 648 4173 vincuntur,
679 4107 764 4162 vel
810 4109 934 4163 victi
979 4123 1100 4164 esse
1140 4117 1524 4177 monstrantur,
1556 4123 1708 4163 com-

164 4195 288 4250 moda
334 4198 581 4256 brevitate
622 4201 1016 4271 complectitur.
1061 4202 1158 4258 llic
1202 4203 1336 4259 liber
1373 4203 1451 4258 sic
1491 4203 1702 4274 incipit:

163 4283 212 4338 Si
229 4289 296 4343 vel
320 4306 458 4358 nunc,
489 4296 647 4364 frater
673 4290 915 4348 Emerite.

676 4403 899 4460 CAPUT
934 4403 1140 4460 XLVII.

486 4511 565 4569 De
603 4513 767 4569 Gestis
802 4513 1012 4586 Pelagii,
1040 4516 1164 4570 liber
1189 4534 1335 4573 unus.

221 4619 304 4676 Per
324 4623 454 4680 idem
481 4634 691 4698 tempus
715 4628 767 4681 in
798 4625 1015 4683 Oriente
1037 4669 1053 4695 ,
1089 4628 1190 4684 hoc
1214 4639 1296 4685 est
1333 4631 1385 4684 in
1425 4631 1574 4702 Syria
1601 4634 1704 4689 Pa-

168 4707 352 4782 bestius,
378 4716 620 4787 Pelagius
647 4733 678 4773 a
705 4718 1020 4789 quibusdam
1049 4718 1325 4775 catholicis
1363 4719 1615 4794 fratribus
1638 4726 1704 4780 ad

167 4801 436 4875 episcopalis
475 4807 636 4864 Gesta
678 4809 997 4878 perductus,
1038 4809 1220 4881 eisque
1263 4813 1571 4869 absentibus
1613 4817 1704 4886 qui

169 4889 220 4944 de
241 4892 315 4949 illo
339 4897 562 4954 libellum
592 4898 883 4967 dederant,
925 4901 1174 4971 quoniam
1219 4903 1285 4958 ad
1332 4903 1470 4959 diem
1513 4906 1704 4977 synodi

171 4994 249 5037 non
271 4993 536 5054 potuerunt
559 5004 843 5046 occurrere
863 5032 880 5059 ,
924 4990 992 5045 ab
1017 4992 1282 5064 episcopis
1307 4995 1705 5065 quatuordecim

170 5074 338 5133 auditus
373 5089 486 5147 est;
545 5082 633 5136 ubi
681 5096 802 5136 eum
860 5082 1108 5153 dogmata
1161 5084 1272 5155 ipsa
1331 5087 1702 5159 damnantem,

171 5179 259 5233 qua:
290 5168 484 5226 inimica
510 5173 696 5242 gratim
723 5172 922 5228 Christi
959 5174 1216 5232 adversus
1253 5193 1376 5234 eum
1413 5179 1482 5236 de
1528 5181 1706 5237 libello

171 5251 462 5330 legebantur,
503 5264 826 5320 catholicum
864 5267 1290 5337 pronuntiarunt.
1335 5271 1443 5326 Sed
1485 5288 1607 5328 cum
1653 5274 1705 5328 in

173 5359 321 5406 nanus
344 5363 543 5411 nostras
567 5355 756 5420 eadem
787 5355 950 5413 Gesta
975 5360 1279 5428 venissent,
1319 5363 1505 5433 scripsi
1532 5364 1599 5420 de
1623 5365 1706 5421 his

173 5433 355 5509 librum,
392 5460 458 5502 ne
489 5446 580 5501 illo
619 5446 768 5502 velut
803 5448 1076 5515 absoluto,
1121 5451 1309 5508 eadem
1351 5469 1562 5526 quoque
1607 5456 1705 5510 do-

173 5541 311 5617 mita
344 5547 646 5607 putarentur
686 5539 896 5610 judices
933 5543 1291 5612 approbasse,
1321 5563 1438 5617 qua:
1478 5547 1565 5604 ille
1605 5550 1705 5604 nisi

174 5615 462 5697 damnasset,
491 5633 640 5688 nullo
677 5634 838 5689 modo
875 5636 944 5690 ab
970 5637 1052 5693 eis
1087 5639 1187 5694 nisi
1236 5639 1514 5697 damnatus
1561 5643 1704 5698 exis-

170 5719 251 5765 set.
280 5712 361 5771 llic
392 5720 519 5778 liber
555 5725 632 5780 sic
666 5725 851 5796 incipit
881 5748 893 5783 :
926 5727 1261 5802 Posteaquam
1302 5735 1354 5788 in
1395 5752 1570 5791 manus
1616 5752 1705 5791 no-

170 5809 293 5861 utras.

479 5911 703 5982 Sacr.
750 5920 1033 5984 Accusa.
1077 5923 1130 5985 Ι.

3291 402 3395 466 650

2383 512 2606 570 CAPUT
2642 515 2871 574 XLVIII.

2011 601 2092 657 De
2119 601 2436 659 Correctione
2461 605 2868 678 Donatistarum,
2897 612 3020 666 liber
3049 630 3201 670 unus.

1889 691 2092 749 Eodem
2114 703 2352 766 tempore
2371 697 2556 767 scripsi
2582 700 2741 754 etiam
2763 701 2954 757 librum
2972 704 3039 761 de
3056 703 3400 765 Correctione

1821 787 2212 844 Donatistarum
2242 789 2434 862 (Epist.
2459 791 2581 856 185,
2613 793 2682 846 ad
2703 793 2924 868 Bonif.),
2954 808 3170 869 propter
3193 817 3285 856 eos
3310 805 3399 873 qui

1821 878 2071 935 nolebant
2099 880 2220 935 illos
2245 881 2444 951 legibus
2485 882 2846 953 imperialibus
2889 889 3101 959 corrigi.
3142 891 3236 948 Hic
3267 893 3401 949 liber

1821 971 1898 1027 sic
1923 972 2106 1042 incipit
2136 991 2149 1027 :
2183 971 2385 1041 Laudo,
2413 983 2462 1028 et
2485 976 2731 1046 gratulor,
2763 986 2810 1030 et
2836 978 3079 1034 admiror.

2381 1084 2609 1141 CAPUT
2648 1086 2834 1142 XLIX.

1963 1173 2042 1230 De
2063 1173 2346 1231 Praesentia
2365 1176 2482 1244 Dei,
2516 1178 2584 1231 ad
2607 1179 2928 1249 Dardanum,
2959 1185 3083 1240 liber
3108 1203 3254 1244 unus.

1894 1284 1970 1341 De
1994 1285 2283 1342 Praesentia
2312 1288 2406 1344 Dei
2432 1291 2619 1360 scripsi
2651 1291 2865 1361 librum,
2901 1295 2986 1349 ubi
3016 1307 3197 1353 nostra
3226 1299 3402 1356 inten-

1822 1379 1896 1432 tio
1918 1389 2100 1434 contra
2142 1380 2384 1438 haeresim
2417 1383 2749 1455 Pelagianam
2790 1389 3020 1445 maxime
3047 1392 3259 1462 vigilat,
3296 1410 3402 1450 non

1821 1484 2073 1540 expresse
2101 1473 2458 1541 nominatam;
2506 1476 2598 1530 sed
2629 1477 2681 1531 in
2713 1494 2778 1533 eo
2815 1479 2974 1535 etiam
3023 1483 3090 1538 de
3125 1486 3405 1553 praesentia

1820 1569 2055 1625 naturae,
2088 1578 2244 1634 quem
2271 1565 2433 1619 Deum
2464 1581 2730 1622 summum
2771 1581 2820 1626 et
2851 1588 3033 1629 verum
3061 1573 3303 1644 dicimus,
3353 1589 3408 1634 et

1820 1649 1888 1704 de
1915 1654 2113 1722 templo
2140 1655 2255 1725 ejus
2291 1670 2517 1726 operose
2556 1673 2618 1714 ac
2653 1661 2916 1717 subtiliter
2951 1664 3266 1735 disputatur.
3309 1669 3406 1723 llic

1819 1739 1956 1796 liber
1981 1743 2057 1799 sic
2096 1745 2279 1817 incipit
2310 1765 2323 1801 :
2354 1747 2544 1804 Fateor
2572 1769 2677 1819 me,
2720 1753 2880 1823 frater
2907 1756 3227 1814 dilectissime
3266 1758 3408 1815 Dar—

1820 1831 1967 1888 dune.

2455 1911 2681 1971 CAPUT
2718 1915 2779 1970 L.

1819 1996 2005 2051 Contra
2034 1997 2302 2071 Pelagium
2331 2012 2375 2056 et
2404 2003 2686 2062 Caelestium
2704 2051 2719 2075 ,
2761 2011 2824 2063 de
2852 2010 3028 2066 Gratia
3058 2013 3245 2071 Christi
3272 2029 3319 2072 et
3344 2021 3407 2074 de

1890 2085 2106 2144 Peccato
2143 2089 2420 2164 Originali,
2461 2096 2530 2149 ad
2559 2097 2792 2154 Albinam
2811 2144 2825 2170 ,
2858 2101 3134 2161 Pinianum
3164 2117 3208 2161 et
3235 2107 3402 2164 Mela-

1889 2182 2044 2249 niam,
2077 2183 2192 2238 libri
2227 2185 2347 2240 duo.

1888 2274 2236 2348 Posteaquam
2262 2279 2540 2352 Pelagiana
2572 2283 2792 2341 haeresis
2820 2302 2939 2343 cum
2970 2292 3078 2346 suis
3100 2295 3404 2351 auctoribus

1817 2365 1885 2421 ab
1931 2366 2195 2437 episcopis
2242 2368 2498 2426 Ecclesia:
2544 2373 2816 2445 Romanae,
2865 2379 3011 2449 prius
3055 2380 3399 2450 Innocentio,

1816 2454 2012 2511 deinde
2038 2457 2270 2526 Zosimo,
2305 2466 2716 2532 cooperantibus
2745 2469 3092 2525 conciliorum
3127 2474 3405 2530 Africano-

1816 2563 1934 2602 rum
1981 2549 2201 2618 litteris,
2257 2553 2495 2607 convicta
2547 2565 2705 2626 atque
2751 2557 2996 2614 damnata
3046 2570 3159 2629 est;
3214 2565 3400 2638 scripsi

1818 2639 1952 2694 duos
1986 2640 2152 2696 libros
2183 2642 2437 2699 adversus
2481 2660 2574 2700 eos
2597 2688 2612 2714 ,
2654 2663 2817 2703 unum
2862 2649 2928 2705 de
2967 2651 3145 2708 Gratia
3174 2655 3399 2724 Christi,

1817 2731 2040 2785 alterum
2069 2731 2134 2787 de
2172 2733 2399 2789 Peccato
2436 2734 2709 2808 Originali.
2743 2739 2854 2796 Hoc
2883 2758 3016 2813 opus
3060 2745 3136 2800 sic
3180 2748 3397 2818 incipit:

1819 2821 2076 2886 Quantum
2101 2824 2163 2880 de
2184 2834 2345 2881 vestra
2373 2830 2629 2898 corporali
2648 2842 2693 2884 et
2721 2834 2938 2889 maxime
2964 2837 3216 2908 spirituali
3239 2840 3404 2896 salute

1815 2915 2142 2984 gaudeamus.

2447 2990 2674 3050 CAPUT
2714 2996 2796 3051 L1.

2012 3078 2163 3134 Gesta
2195 3097 2310 3136 cum
2341 3082 2564 3140 Emerita
2594 3086 2880 3156 donatista,
2909 3091 3035 3146 liber
3067 3110 3217 3149 unus.

1886 3187 2172 3260 Aliquanto
2215 3202 2333 3263 post
2378 3196 2713 3254 collationem
2757 3216 2913 3272 quam
2964 3220 3086 3259 cum
3135 3206 3400 3265 haereticis

1816 3278 2106 3337 Donatistis
2137 3283 2452 3355 habuimus,
2497 3298 2613 3345 orta
2639 3300 2720 3345 est
2762 3294 2915 3348 nobis
2957 3299 3242 3354 necessitas
3277 3317 3403 3371 per-

1813 3373 1973 3444 gendi
2015 3375 2067 3430 in
2098 3375 2468 3435 Mauritaniam
2499 3381 2900 3442 Caesariensem.
2945 3387 3020 3444 Ibi
3054 3391 3190 3461 apud
3229 3391 3399 3462 ipsam

1811 3463 2110 3521 Caesaream
2147 3468 2440 3526 Emeritum
2482 3473 2875 3532 Donatistarum
2921 3481 3227 3554 episcOpum
3266 3486 3401 3541 vidi-

1811 3572 1932 3613 mus
1951 3601 1966 3625 ,
1989 3575 2151 3614 unum
2180 3562 2380 3617 scilicet
2406 3579 2590 3620 eorum
2618 3575 2822 3638 septem
2853 3586 2985 3641 quos
3014 3589 3109 3643 pro
3138 3589 3248 3630 suae
3277 3593 3402 3632 cau-

1811 3663 1886 3704 sa:
1933 3647 2252 3708 defensione
2299 3653 2645 3726 delegerant,
2693 3668 2746 3713 et
2783 3662 2870 3731 qui
2921 3663 2971 3716 in
3018 3665 3204 3720 eadem
3240 3683 3399 3723 causa

1811 3741 2043 3796 maxime
2068 3742 2420 3800 laboraverat.
2448 3747 2579 3814 Qua:
2605 3765 2724 3804 cum
2756 3753 2847 3808 illo
2868 3756 3132 3825 egerimus
3161 3775 3397 3828 praesen-

1814 3834 1956 3889 tibus
1982 3835 2249 3906 episcopis
2293 3837 2535 3906 ejusdem
2580 3842 2899 3912 provinciae,
2931 3856 2984 3900 et
3029 3849 3180 3916 plebe
3217 3849 3396 3905 Cresa-

1811 3928 2002 3984 riensis
2037 3928 2288 3984 Ecclesia:
2308 3972 2322 3997 ,
2361 3932 2412 3985 in
2443 3947 2544 4003 qua
2571 3934 2784 3991 civitate
2810 3945 2864 3993 et
2892 3938 3020 3993 civis
3051 3948 3106 3995 et
3132 3958 3397 3999 memora-

1813 4027 1986 4074 torum
2016 4021 2382 4076 haereticorum
2408 4025 2686 4094 episcopus
2707 4025 2823 4094 fuit,
2853 4030 3207 4086 ecclesiastica
3235 4034 3394 4090 Gesta

1813 4123 2073 4168 testantur
2093 4157 2108 4181 ,
2139 4130 2256 4184 qua:
2291 4116 2342 4168 in
2386 4116 2518 4171 meis
2548 4116 2809 4173 habentur
2837 4123 3124 4191 Opusculis.
3155 4123 3255 4180 Ubi
3288 4143 3396 4182 non

1811 4203 2086 4258 inveniens
2111 4205 2236 4276 quid
2267 4207 2640 4273 responderet,
2673 4217 2838 4264 totum
2876 4227 3174 4268 sermonem
3215 4232 3394 4272 meum

1813 4310 1972 4366 quem
1993 4295 2057 4350 de
2084 4297 2212 4351 solis
2233 4297 2632 4354 Maximianistis
2651 4299 2702 4354 in
2724 4301 2941 4356 auribus
2956 4303 3071 4372 ejus
3087 4315 3138 4359 et
3159 4310 3393 4365 omnium

1811 4387 1901 4458 qui
1944 4387 2161 4442 aderant
2201 4388 2488 4458 explicavi,
2538 4401 2786 4461 tanquam
2829 4404 3005 4449 mutus
3041 4398 3259 4454 audivit.
3300 4402 3398 4458 llic

1811 4477 1949 4533 liber
1974 4479 2056 4532 vel
2085 4478 2199 4533 haec
2225 4479 2382 4536 Gesta
2413 4481 2490 4536 sic
2516 4481 2772 4553 incipiunt
2790 4502 2801 4538 :
2821 4484 3206 4544 Gloriosissimis
3231 4491 3391 4562 impe-

1811 4569 2063 4623 ratoribus
2107 4568 2336 4624 Honorio
2373 4570 2726 4627 duodecimum
2764 4584 2812 4630 et
2854 4571 3132 4634 Theodosio
3165 4592 3395 4636 octavum

1811 4660 2094 4715 consulibus
2121 4661 2158 4713 ¹.

2440 4733 2665 4791 CAPUT
2702 4737 2811 4791 LII.

2004 4821 2189 4878 Contra
2218 4823 2508 4879 Sermonem
2534 4826 2866 4894 Arianorum,
2901 4831 3025 4886 liber
3050 4851 3197 4890 unus.

1884 4916 2025 4972 Inter
2073 4916 2208 4984 haec,
2250 4918 2389 4972 venit
2436 4918 2489 4973 in
2536 4936 2722 4978 manus
2770 4940 2916 4980 meas
2959 4929 3170 4997 quidam
3213 4948 3394 4992 sermo

1813 5008 2151 5074 Arianorum,
2195 5007 2310 5064 sine
2341 5010 2555 5066 nomine
2584 5016 2816 5071 auctoris
2853 5019 2954 5072 sui.
2985 5020 3147 5088 lluic,
3179 5035 3397 5093 petente

1812 5111 1971 5173 atque
2001 5102 2229 5157 instante
2263 5103 2352 5174 qui
2391 5118 2512 5158 eum
2544 5106 2674 5160 mihi
2715 5109 2967 5178 miserat,
3010 5125 3203 5182 quanta
3249 5122 3395 5188 potui

1876 5213 2195 5280 iBodleianns
2208 5216 2363 5266 codex
2381 5218 2451 5268 sic
2466 5218 2653 5271 habet:
2689 5219 3030 5276 Gloriosissimo
3064 5226 3271 5278 Honorio
3310 5242 3397 5280 .m-
3454 5221 3461 5259 ἓ

1810 5282 1946 5345 gusto
1965 5275 2233 5345 duodecies,
2253 5284 2298 5328 et
2317 5279 2585 5345 Constmztio
2597 5281 2788 5345 iterum,
2815 5295 2867 5335 V.
2898 5297 2948 5334 V.
2967 5275 3018 5336 (νζ
3041 5275 3093 5337 (ἓξ
3107 5275 3396 5343 basiate}.

1811 5338 1905 5390 cal.
1927 5338 2145 5412 octobris,
2168 5347 2403 5412 gwsarew
2434 5340 2486 5412 in
2513 5343 2720 5412 ecclesia
2749 5338 2960 5412 majoris.
3000 5357 3101 5398 Mss.
3123 5338 3316 5412 aliquot
3328 5338 3393 5405 ei;

1810 5401 2064 5476 praegnas
2084 5402 2154 5451 sic
2174 5400 2339 5476 ferunt
2350 5417 2373 5476 ξ
2391 5401 2737 5476 gloriosissimo
2765 5400 2968 5476 Honorio
2988 5417 3191 5476 4ugusto
3205 5400 3256 5460 et
3277 5400 3394 5476 (an:

1810 5461 1982 5524 stantio
1993 5461 2182 5524 iterum,
2199 5473 2311 5524 νγ.
2333 5473 2422 5516 CC.
2445 5478 2564 5517 coss.
2596 5466 2676 5518 die
2700 5483 2750 5518 χι
2779 5468 2872 5519 cal.
2889 5461 3321 5522 octobrf'cazsarew
3341 5461 3393 5524 in

1811 5522 2013 5596 ecclesia
2034 5522 2245 5596 majoris.
2264 5524 2347 5596 alii
2363 5525 2586 5590 plerique
2602 5531 2932 5596 consentiunt;
2947 5531 3035 5596 sed
3053 5531 3266 5581 nonnulli

1811 5585 2019 5650 Honorio
2037 5585 2253 5650 augusto,
2271 5585 2600 5650 interminum,
2619 5605 2704 5647 xu,
2725 5589 2806 5639 vel
2829 5585 3098 5642 duodecies.
3117 5585 3300 5643 Verum‘
3313 5585 3392 5644 hic

1810 5663 1965 5719 annos
1981 5647 2362 5719 haud'oqnwrrit
2376 5647 2486 5698 cum
2506 5652 2722 5719 secundo
2732 5652 2987 5701 Constantii
3001 5652 3226 5719 consulis,
3241 5670 3392 5719 quem

1810 5711 2120 5784 nihilominué
2132 5709 2240 5789 cdd;
2257 5723 2444 5771 omnes,
2463 5723 2585 5781 quos
2603 5713 2843 5789 insz‘iiccre
2858 5727 2946 5789 per
2969 5727 3058 5785 nos
3079 5709 3244 5789 licuit,
3258 5709 3391 5769 'assi-

1811 5782 1978 5848 gnam.
1999 5779 2064 5821 Ex
2088 5773 2148 5848 iis
2176 5771 2492 5848 etlam-pauci
2506 5778 2620 5819 sunt
2749 5771 2949 5848 habent,
2986 5774 3037 5825 in
3071 5771 3271 5831 ecclesia
3289 5792 3390 5830 m0-

1802 5831 1930 5904 Ion‘,
1958 5842 2010 5888 ut
2031 5834 2172 5886 estin
2193 5831 2302 5884 cdd.
2328 5831 2446 5881 Nihil
2465 5839 2626 5883 tamen
2651 5831 2728 5883 hic
2745 5831 3047 5887 mutavimus.

2766 5918 3230 5996 {i’ingt-une.)
