3880 6390
483 387 590 448 655

1077 498 1306 558 CAPUT
1342 497 1480 554 LXI.

485 616 675 675 Contra
712 621 841 671 duas
883 612 1143 687 Epistolas
1186 612 1586 685 Pelagianorum
1607 654 1622 677 ,
1672 611 1785 666 libri
1826 619 2061 682 quatuor.

554 728 861 799 Sequuntur
878 723 998 782 libri
1021 731 1267 796 quatuor,
1290 738 1424 794 quos
1446 730 1630 778 contra
1657 721 1790 777 duas
1814 720 2067 792 epistolas

481 818 888 891 Pelagianorum
913 815 980 871 ad
1008 815 1319 887 episcopum
1345 813 1602 871 Romanae
1630 813 1883 870 Ecclesiae
1908 811 2068 868 Boni-

479 912 677 968 facium
714 909 939 983 scripsi;
977 909 1101 981 quia
1136 923 1260 965 cum
1296 910 1350 964 in
1388 922 1580 979 manus
1615 907 1732 979 ejus
1769 907 2063 974 venissent,

479 1003 597 1074 ipse
625 1003 754 1058 mihi
792 1016 887 1060 eas
927 1001 1180 1067 miserat,
1211 999 1489 1056 inveniens
1516 1001 1569 1055 in
1598 999 1703 1054 illis
1735 997 2065 1054 calumniose

478 1093 854 1166 interpositum
898 1107 1094 1149 nomen
1137 1106 1336 1147 meum.
1386 1091 1501 1146 Hoc
1540 1104 1676 1161 opus
1719 1090 1797 1146 sic
1842 1089 2062 1162 incipit:

481 1185 738 1245 Noveram
764 1198 814 1245 te
837 1187 1059 1259 quidem,
1088 1190 1229 1260 fama
1252 1184 1571 1240 celeberrima
1596 1184 1922 1257 praedicante.

1831 1266 1859 1299 Ι

1084 1300 1310 1359 CAPUT
1348 1299 1511 1356 LXII.

893 1393 1081 1450 Contra
1102 1391 1388 1460 lulianum,
1420 1391 1535 1448 libri
1560 1407 1667 1447 sex.

550 1511 761 1567 Interea
800 1507 923 1565 libri
949 1515 1175 1579 quatuor
1199 1505 1393 1562 Juliani
1421 1504 1680 1576 pelagiani
1700 1545 1717 1573 ,
1747 1519 1883 1576 quos
1905 1519 2064 1575 supra

478 1597 912 1665 commemoravi,
942 1604 1203 1655 venerunt
1229 1598 1392 1652 etiam
1421 1596 1475 1651 in
1514 1610 1704 1650 manus
1732 1604 1978 1662 nostras;
2010 1594 2064 1649 in

477 1695 672 1766 quibus
708 1692 942 1763 comperi
979 1691 1068 1746 illa
1106 1705 1226 1761 qua:
1267 1705 1330 1744 ex
1371 1689 1451 1745 eis
1489 1687 1848 1759 decerpserat,
1881 1688 1969 1759 qui
2000 1702 2065 1744 ea

477 1786 661 1843 comiti
697 1785 908 1841 Valerio
948 1784 1187 1852 miserat,
1213 1797 1320 1837 non
1361 1781 1536 1837 omnia
1577 1796 1643 1836 eo
1682 1780 1843 1836 modo
1881 1795 1987 1851 quo
2034 1795 2064 1835 a

476 1876 689 1934 Iuliano
712 1877 851 1932 dicta
877 1883 1037 1940 sunt,
1070 1874 1137 1930 ad
1162 1872 1410 1929 eumdem
1436 1873 1683 1928 comitem
1712 1873 1903 1944 scripta
1924 1913 1941 1940 ,
1969 1870 2065 1927 sed

476 1970 734 2027 nonnulla
781 1983 967 2024 eorum
1008 1956 1340 2037 aliquantum
1393 1964 1553 2019 fuisse
1597 1973 1817 2019 mutata.
1864 1963 2067 2035 Scripsi

478 2077 606 2134 ergo
631 2075 727 2117 sex
758 2059 943 2126 libros,
979 2057 1235 2112 adversus
1261 2055 1381 2111 illos
1406 2064 1670 2126 quatuor;
1698 2054 1793 2110 sed
1821 2068 2065 2110 meorum

476 2153 587 2209 duo
625 2150 801 2224 primi,
830 2148 1147 2206 testimoniis
1181 2155 1485 2202 sanctorum
1515 2146 1605 2217 qui
1637 2144 1797 2201 fidem
1837 2143 2067 2200 catholi-

476 2260 595 2301 cam
623 2250 742 2315 post
764 2241 1049 2313 Apostolus
1070 2238 1442 2305 defenderunt,
1464 2238 1655 2293 Juliani
1684 2237 2067 2309 impudentiam

450 2334 819 2405 redarguunt,
850 2332 942 2403 qui
967 2339 1218 2402 tanquam
1250 2329 1663 2384 Manichaeorum
1688 2328 1879 2400 dogma
1912 2328 2066 2384 nobis

475 2426 830 2499 objiciendum
874 2424 1117 2496 putavit,
1164 2423 1290 2493 quia
1332 2437 1397 2478 ex
1438 2421 1610 2476 Adam
1654 2421 1794 2476 trahi
1840 2420 2066 2477 dicimus

475 2520 735 2592 originale
760 2526 1064 2591 peccatum,
1093 2515 1234 2585 quod
1263 2530 1360 2585 per
1398 2513 1665 2569 lavacrum
1706 2515 2066 2584 regeneratio-

408 2636 428 2651 ο
474 2613 582 2680 nis,
607 2628 714 2667 non
739 2611 910 2668 solum
935 2612 986 2666 in
1012 2610 1332 2677 majoribus,
1355 2625 1541 2666 verum
1567 2610 1726 2666 etiam
1754 2610 1807 2666 in
1833 2611 2069 2682 parvulis

474 2703 719 2760 solvitur.
762 2703 1030 2770 Quantum
1074 2709 1252 2757 autem
1300 2702 1414 2771 ipse
1465 2700 1710 2757 Julianus
1750 2701 2067 2772 quibusdam

475 2794 757 2850 sententiis
780 2794 891 2848 suis
918 2793 1134 2864 adjuvet
1160 2792 1483 2849 Manichacus
1502 2833 1517 2859 ,
1546 2792 1600 2848 in
1629 2792 1785 2863 primi
1812 2794 1934 2851 libri
1951 2795 2068 2851 ἰηθὶ

470 2894 624 2957 parte
650 2885 944 2956 posteriore
966 2884 1279 2942 monstravi.
1316 2884 1508 2941 Caeteri
1534 2895 1710 2941 autem
1741 2888 1909 2942 nostri
1933 2903 2064 2958 qua-

470 2987 597 3034 tuor
622 2977 917 3034 redduntur
943 2978 1048 3034 illis
1089 2977 1312 3050 singulis
1349 2978 1562 3049 singuli.
1597 2978 1789 3034 Verum
1824 2980 1879 3034 in
1909 2978 2067 3051 hujus

467 3068 607 3124 tanti
649 3076 866 3138 tamque
904 3068 1164 3123 elaborati
1206 3069 1385 3139 operis
1423 3068 1612 3138 quinto
1656 3069 1941 3136 volumine,
1977 3071 2067 3126 ubi

469 3157 888 3213 commemoravi
929 3157 1224 3214 deformem
1272 3159 1522 3213 maritum
1566 3159 1778 3229 conjugi
1820 3175 1953 3228 suae,
2000 3177 2068 3217 ne

473 3249 744 3307 deformes
768 3258 1021 3320 pareret,
1047 3265 1350 3320 proponere
1377 3251 1429 3305 in
1469 3251 1751 3306 concubitu
1780 3250 2065 3308 formosam

473 3343 649 3397 solere
674 3341 929 3411 picturam
961 3340 1111 3413 (Cap.
1145 3343 1234 3409 14,
1264 3358 1316 3396 n.
1344 3340 1471 3414 5t);
1500 3358 1695 3398 nomen
1719 3344 1953 3400 hominis
1975 3346 2068 3416 qui

474 3432 581 3488 hoc
610 3430 781 3488 facere
802 3430 1029 3499 solebat,
1050 3432 1204 3503 quasi
1228 3440 1430 3487 certum
1459 3435 1630 3502 posui,
1653 3450 1774 3489 cum
1803 3436 1873 3491 sit
1896 3437 2068 3493 incer-

474 3534 610 3590 tum,
637 3524 759 3595 quia
804 3523 1063 3579 memoria
1102 3539 1190 3579 me
1223 3523 1431 3580 fefellit.
1460 3524 1573 3580 Hoc
1612 3535 1789 3583 autem
1831 3528 2067 3585 Soranus

475 3624 663 3671 auctor
687 3614 967 3671 medicinae
996 3616 1014 3647 ¹
1044 3614 1261 3686 scripsit
1284 3632 1462 3686 regem
1490 3616 1740 3689 Cyprium
1772 3619 1946 3677 facere
1972 3636 2065 3677 so-
2096 3624 2107 3633 ’

474 3707 613 3774 lere,
655 3706 751 3762 sed
792 3720 987 3762 nomen
1027 3707 1143 3776 ejus
1180 3707 1450 3778 proprium
1487 3724 1592 3766 non
1632 3714 1910 3782 expressit.
1953 3713 2068 3770 Hoc

474 3813 612 3869 opus
646 3800 726 3856 sic
765 3799 984 3871 incipit:
1013 3798 1355 3857 Contumelias
1387 3811 1500 3857 tuas
1537 3814 1581 3859 et
1619 3805 1767 3861 verba
1796 3806 2064 3877 maledica,

474 3888 509 3943 J
516 3889 707 3944 aliane.

1092 3958 1319 4017 CAPUT
1348 3961 1530 4017 LXIII.

474 4073 557 4128 Ad
593 4071 941 4137 Laurentium,
973 4071 1036 4126 de
1061 4069 1211 4138 Fide,
1258 4072 1364 4144 Spe
1388 4083 1434 4127 et
1471 4073 1745 4146 Clraritate,
1769 4079 2065 4137 liberum.

547 4183 749 4253 Scripsi
797 4182 957 4238 etiam
1004 4181 1196 4238 librum
1240 4182 1309 4238 de
1346 4183 1498 4251 Fide,
1546 4185 1651 4258 Spe
1678 4197 1730 4243 et
1773 4189 2065 4257 Charitate,

475 4291 597 4332 cum
628 4290 656 4330 a
687 4290 794 4343 me,
831 4273 898 4329 ad
936 4289 1095 4345 quem
1140 4274 1370 4345 scriptus
1405 4286 1506 4345 est,
1539 4280 1860 4348 postulasset
1888 4291 1948 4337 ut
1973 4283 2070 4337 ali.

476 4366 621 4437 quod
645 4365 960 4437 opusculum
991 4363 1211 4420 haberet
1251 4380 1427 4421 meum
1458 4367 1526 4423 de
1551 4370 1662 4424 suis
1687 4371 1933 4428 manibus
1961 4388 2069 4428 non

475 4475 812 4517 recessurum
841 4478 855 4515 :
881 4457 1021 4531 quod
1048 4472 1215 4530 genus
1255 4458 1426 4516 Graeci
1470 4460 1811 4520 Enchiridion
1856 4475 2067 4521 vocant.

479 4550 584 4608 Ubi
609 4552 738 4607 satis
763 4550 1045 4622 diligenter
1083 4549 1214 4605 mihi
1249 4550 1432 4608 videor
1455 4567 1577 4611 esse
1601 4557 1907 4627 complexus
1932 4574 2073 4628 quo-

479 4643 644 4700 modo
667 4645 738 4700 sit
763 4644 1016 4701 colendus
1038 4644 1199 4713 Deus,
1227 4662 1385 4718 quam
1420 4649 1732 4719 sapientiam
1759 4666 1879 4708 esse
1899 4651 2074 4709 homi-

477 4735 566 4790 nis
592 4734 776 4805 utique
809 4749 991 4789 veram
1036 4734 1213 4790 divina
1256 4735 1525 4808 Scriptura
1554 4740 1756 4797 definit.
1801 4744 1896 4799 Hic
1934 4743 2075 4800 liber

477 4825 560 4879 sic
581 4823 766 4895 incipit
794 4840 809 4877 :
837 4823 956 4878 Dici
980 4840 1083 4878 non
1106 4836 1286 4897 potest,
1323 4828 1644 4887 dilectissime
1684 4833 1763 4903 ﬁli
1802 4833 2070 4904 Laurenti,

479 4925 726 4988 quantum
745 4916 1116 4972 tuaeruditione
1130 4919 1358 4975 delecter.

1090 5030 1318 5088 CAPUT
1353 5032 1537 5090 LXIV.

381 5109 391 5207 ί
480 5116 563 5175 De
584 5134 710 5176 cura
733 5136 825 5193 pro
847 5123 1059 5180 mortuis
1079 5124 1314 5196 gerenda,
1349 5126 1418 5181 ad
1454 5126 1731 5187 Paulinum
1760 5135 2071 5207 episcopmn,

859 5235 868 5242 ·
1126 5215 1249 5271 liber
1288 5233 1437 5274 unus.

556 5327 776 5386 Librum
807 5328 875 5387 de
903 5329 1042 5388 Cura
1068 5346 1167 5403 pro
1193 5334 1419 5390 mortuis
1456 5335 1691 5406 gerenda
1716 5340 1932 5411 scripsi,
1955 5356 2078 5397 cum

551 5508 569 5543 ⁸
594 5514 665 5560 tta
689 5517 798 5579 llas.
814 5524 843 5562 a
859 5511 1039 5579 quibus
1063 5510 1361 5579 dimidentes
1375 5511 1457 5562 hic
1476 5509 1659 5579 vulgati
1694 5514 1900 5579 habent,
1930 5502 2109 5568 medi?

482 5581 610 5644 quae
628 5572 747 5644 artis
1054 5578 1112 5623 At
1131 5572 1223 5644 lib.
1252 5573 1291 5644 _5
1310 5580 1479 5624 contra
1509 5572 1767 5641 Julianum,
1793 5572 1901 5644 cap'.
1924 5579 2004 5643 M,
2029 5580 2084 5630 in

484 5635 784 5686 concordiam
799 5633 911 5689 cuin
924 5642 1032 5689 Mss.
1057 5633 1287 5688 redeunt.

1022 5758 1043 5769 “
1062 5757 1097 5765 η’
1150 5747 1207 5772 ων
1455 5730 1463 5737 ο
1509 5749 1515 5752 ’
1722 5759 1744 5770 ιι
1780 5748 1810 5771 ’ἃ
1908 5735 1957 5763 Pl
2058 5746 2071 5753 ’

1230 377 1854 438 RETRACTATIONUM
1892 378 1948 435 S.
1991 374 2359 434 AUGUSTINI
2396 375 2603 433 LIBER
2631 375 3004 435 SECUNDUS.

3607 378 3696 439 656

2170 492 2531 565 interrogatus
2548 492 2741 549 litteris
2761 492 3000 561 fuissem,
3024 500 3196 549 utrum
3221 491 3388 562 prosit
3409 493 3579 564 cuique
3598 507 3700 567 post

2172 595 2400 641 mortem
2428 585 2569 657 quod
2592 601 2786 657 corpus
2805 586 2920 658 ejus
2946 584 3084 657 apud
3110 585 3277 641 sancti
3299 584 3510 656 alicujus
3525 603 3700 645 memo-

2172 676 2307 732 riam
2327 678 2599 749 sepelitur.
2624 677 2722 734 liic
2741 677 2874 734 liber
2888 677 2967 734 sic
2980 676 3162 747 incipit
3180 692 3194 730 :
3214 675 3319 731 Diu
3333 674 3581 733 Sanctitati
3601 688 3701 750 tua,

2172 767 2464 840 coepiscope
2483 769 2764 824 venerande
2796 766 3037 824 Pauline.

2728 924 2955 982 CAPUT
2993 923 3153 981 LXV.

2360 1059 2439 1114 De
2468 1069 2580 1115 octo
2603 1059 2813 1116 Dulcitii
2839 1058 3228 1127 Quazstionibus,
3258 1058 3381 1113 liber
3413 1074 3551 1113 unus.

2238 1171 2401 1228 Liber
2423 1189 2580 1243 quem
2607 1172 2896 1243 praenotavi
2929 1171 2998 1228 de
3030 1180 3152 1227 octo
3180 1170 3392 1226 Dulcitii
3428 1170 3708 1238 Qutestioni-

2166 1262 2288 1330 bus,
2313 1277 2418 1318 non
2443 1272 2585 1318 esset
2607 1263 2660 1317 in
2690 1262 2791 1318 hoc
2805 1277 2967 1332 opere
2988 1260 3479 1317 commemorandus
3513 1260 3634 1316 inter
3656 1262 3711 1317 li-

2167 1353 2294 1410 bros
2318 1368 2488 1421 meos,
2519 1369 2639 1409 cum
2669 1354 2736 1409 sit
2763 1352 3038 1409 confectus
3063 1369 3129 1409 ex
3154 1352 3219 1408 iis
3241 1366 3361 1423 quae
3390 1366 3419 1406 a
3447 1368 3529 1408 me
3552 1352 3598 1407 in
3619 1353 3711 1408 aliis

2167 1455 2323 1501 antea
2372 1445 2668 1517 conscripta
2718 1454 2873 1511 sunt;
2903 1444 3004 1499 nisi
3028 1452 3081 1499 et
3100 1442 3471 1515 disputationis
3496 1442 3668 1513 aliquid
3688 1458 3713 1497 a

2169 1537 2324 1593 nobis
2361 1537 2727 1608 interpositum
2771 1536 3092 1607 reperiretur
3127 1536 3179 1591 in
3215 1550 3304 1604 eo,
3350 1544 3405 1591 et
3440 1535 3524 1590 uni
3562 1550 3713 1591 earum

2169 1630 2518 1700 quaestionum
2558 1644 2664 1685 non
2686 1645 2751 1684 ex
2777 1628 3037 1700 opusculo
3060 1628 3240 1699 aliquo
3268 1628 3376 1683 alio
3401 1643 3517 1683 meo
3540 1642 3716 1697 respon-

2169 1723 2397 1790 sionem,
2426 1722 2519 1778 sed
2548 1731 2673 1778 tunc
2698 1738 2818 1793 qua:
2855 1721 3024 1792 potuit
3045 1736 3353 1787 occurrere,
3383 1720 3712 1777 reddidissem.

2170 1812 2269 1869 Hic
2296 1814 2429 1869 liber
2454 1814 2531 1869 sic
2569 1814 2751 1884 incipit
2779 1832 2792 1869 :
2827 1814 3084 1879 Quantum
3121 1814 3248 1868 mihi
3287 1813 3501 1882 videtur,
3533 1812 3718 1868 dilectis-

2172 1907 2294 1962 sime
2315 1907 2391 1976 ﬁli
2420 1906 2627 1961 Dulciti.

2695 2017 2922 2076 CAPUT
2959 2017 3145 2075 LXVI.

2174 2145 2254 2201 Ad
2284 2144 2604 2203 Valentinum
2631 2154 2679 2200 et
2702 2161 2815 2200 eum
2845 2144 2934 2200 illo
2966 2144 3262 2213 monachos,
3292 2144 3358 2200 de
3383 2143 3549 2199 Gratia
3576 2154 3617 2200 et
3644 2144 3715 2199 Li-

2615 2240 2729 2293 bero
2752 2236 2990 2305 Arbitrio,
3019 2236 3143 2291 liber
3174 2252 3328 2290 unus.

2247 2377 2472 2446 Propter
2488 2388 2583 2429 eos
2603 2373 2712 2444 qui,
2735 2387 2857 2428 cum
2877 2370 3179 2428 defenditur
3199 2371 3298 2428 Dei
3318 2371 3498 2442 gratia,
3516 2378 3715 2441 putantes

2174 2468 2355 2540 negari
2386 2468 2609 2523 liberum
2634 2465 2934 2532 arbitrium,
2961 2464 3039 2520 sic
3068 2463 3167 2534 ipsi
3210 2463 3502 2519 defendunt
3533 2463 3716 2518 liberum

2173 2557 2450 2615 arbitrium
2481 2565 2539 2612 ut
2569 2563 2761 2627 negent
2786 2554 2879 2610 Dei
2919 2554 3160 2625 gratiam,
3204 2560 3506 2609 asserentes
3530 2568 3631 2608 eam
3658 2566 3718 2606 se-

2173 2654 2405 2712 cundum
2437 2652 2624 2708 merita
2649 2658 2829 2705 nostra
2861 2648 2996 2716 dari,
3026 2649 3216 2719 scripsi
3246 2648 3443 2704 librum
3467 2647 3604 2719 cujus
3622 2646 3718 2701 titu-

2175 2748 2259 2802 lus
2276 2755 2378 2813 est,
2396 2743 2462 2800 de
2476 2742 2655 2801 Gratia
2682 2750 2735 2797 et
2750 2740 2944 2796 Libero
2967 2740 3221 2795 Arbitrio.
3238 2739 3321 2795 Ad
3336 2755 3428 2796 eos
3439 2747 3599 2794 autem
3616 2736 3719 2792 scri-

2173 2838 2258 2910 psi
2283 2837 2575 2893 monachos
2603 2832 3001 2901 Adrumetinos,
3027 2831 3082 2887 in
3098 2847 3331 2903 quorum
3359 2829 3654 2886 monasterio
3668 2826 3719 2881 de

2174 2929 2277 2985 hac
2299 2944 2360 2985 re
2394 2934 2632 2999 cmperat
2669 2940 2790 2982 esse
2823 2923 3112 2989 contentio,
3144 2922 3216 2977 ita
3263 2930 3327 2977 ut
3368 2938 3453 2978 me
3487 2917 3719 2975 consulere

2175 3039 2361 3081 eorum
2406 3022 2569 3093 aliqui
2609 3024 2946 3091 cogerentur.
2978 3015 3076 3073 llic
3100 3014 3239 3072 liber
3263 3014 3344 3072 sic
3368 3013 3542 3086 incipit
3572 3030 3584 3067 :
3612 3009 3717 3066 Pro-

2176 3114 2286 3185 pter
2310 3131 2394 3171 eos
2420 3113 2507 3185 qui
2531 3110 2747 3168 hominis
2774 3109 2985 3165 liberum
3018 3106 3308 3162 arbitrium.

2739 3265 2969 3324 CAPUT
3005 3264 3218 3322 LXVI.

2176 3409 2259 3464 Ad
2303 3424 2426 3481 quos
2460 3422 2638 3479 supra,
2665 3405 2730 3459 de
2771 3402 3091 3473 Correptione
3118 3409 3166 3456 et
3194 3399 3401 3467 Gratia,
3449 3397 3565 3453 liber
3596 3409 3718 3450 ms.

2248 3562 2452 3617 Rursus
2475 3559 2540 3615 ad
2566 3557 2786 3616 eosdem
2808 3555 2996 3627 scripsi
3025 3555 3253 3610 alterum
3277 3553 3486 3618 librum,
3513 3563 3647 3622 quem
3669 3546 3721 3601 de

2175 3652 2525 3723 Correptione
2553 3656 2607 3705 et
2632 3646 2813 3705 Gratia
2837 3645 3151 3717 praenotavi,
3177 3660 3305 3699 cum
3325 3643 3452 3698 mihi
3471 3639 3721 3697 nuntiatum

2178 3754 2322 3801 esset
2352 3743 2549 3799 dixisse
2576 3741 2648 3797 ibi
2672 3738 2977 3813 quemdam,
3006 3739 3278 3793 neminem
3296 3726 3721 3806 corripiendum,si

2177 3836 2274 3891 Dei
2313 3842 2577 3903 praecepta
2612 3846 2719 3887 non
2764 3828 2919 3896 facit;
2949 3828 3043 3884 sed
3080 3842 3177 3898 pro
3204 3827 3323 3894 illo,
3362 3835 3419 3881 ut
3448 3823 3604 3887 faciat,
3634 3830 3724 3872 tan-

2175 3928 2453 3987 tummodo
2476 3926 2756 3982 orandum.
2779 3924 2875 3979 Hic
2894 3923 3029 3978 liber
3051 3922 3127 3978 sic
3156 3921 3343 3992 incipit
3372 3937 3386 3974 :
3412 3916 3566 3973 Lectis
3585 3910 3723 3969 litteris

2176 4023 2375 4089 vestris,
2409 4020 2670 4075 Valentine
2694 4022 2851 4090 frater
2870 4014 3207 4070 dilectissime.

2258 4114 2386 4169 Ηίρο
2410 4127 2570 4182 opera
2603 4109 2886 4179 nonaginta
2918 4105 3016 4162 tria
3036 4106 3089 4160 in
3112 4104 3266 4160 libris
3295 4102 3528 4160 ducentis
3552 4097 3723 4168 triginta

2179 4205 2388 4261 duobus
2427 4217 2513 4257 me
2561 4201 2795 4256 dictasse
2825 4197 3045 4263 recolui,
3070 4195 3286 4266 quando
3333 4195 3443 4249 [nec
3467 4183 3722 4247 retraetavi.

2165 4307 2358 4365 utrum
2388 4295 2562 4350 adhuc
2590 4308 2764 4348 essem
2799 4292 3005 4361 aliquos
3044 4289 3343 4345 dictaturus
3389 4288 3643 4358 ignorans;
3666 4286 3725 4331 ato

2180 4405 2287 4462 que
2317 4389 2483 4459 ipsam
2508 4400 2692 4439 eorum
2729 4380 3156 4437 rctractationem
3185 4380 3237 4433 in
3264 4378 3414 4433 libris
3438 4373 3623 4461 duobus
3636 4366 3724 4423 edi-

2182 4482 2257 4547 di,
2288 4478 2593 4550 urgentibus
2614 4474 2886 4540 fratribus,
2908 4480 3188 4541 antequam
3211 4468 3460 4540 epistolas
3484 4480 3541 4519 ac
3561 4471 3726 4517 sermo-

2184 4588 2281 4628 nes
2309 4572 2374 4625 ad
2403 4568 2653 4640 populum
2678 4607 2694 4633 ,
2736 4564 2868 4619 alios
2892 4564 3138 4629 dictatas,
3167 4562 3302 4616 alios
3328 4576 3357 4614 a
3378 4573 3461 4614 mc
3488 4555 3638 4611 dictos
3659 4560 3725 4602 re-

2146 4700 2153 4707 -
2184 4671 2411 4719 tractare
2431 4658 2711 4729 coepissem
2735 4658 2772 4709 ί.

2252 4840 2270 4871 ι
2295 4845 2343 4888 tn
2360 4834 2608 4887 codicibus
2625 4831 2806 4895 aliquot
2819 4829 3072 4898 veteribus
3087 4863 3102 4889 ν
3124 4833 3370 4898 mutem?
3396 4818 3724 4898 “99923931,:

2188 4907 2273 4965 pm
2285 4877 2606 4965 ιλξεεςίδῑῑίιιῖ
2622 4877 3070 4965 assesasses
3089 4877 3255 4965 iiut?

2188 4938 2767 5022 ZZm"i;i'oi-zl}ii;7s_5{c‘z_5
2776 4938 3033 5022 ἑζῘῇ
3042 4938 3262 5022 episeopo
3451 4951 3493 5022 et
3501 4938 3719 5022 editi

2190 4996 2804 5073 ﬂammantur;
2813 4996 3496 5079 ἦῆῗιζῖὸὶῗίὶᾐὶἷ

2190 5056 3723 5141 aéiSéﬁasaaﬂLasmjrnasgegaagingiuam?

2190 5118 2923 5197 ﬁéﬁéﬁiiﬁiiiiJs’iEéiJ—tiﬁ
2929 5118 3046 5185 libri
3056 5118 3187 5185 duo:
3196 5118 3627 5197 XdEumlt'ultdenm

2162 5250 2170 5255 .
2191 5187 2886 5267 bonumZVt-l—te‘tiazresiluislibri
2903 5199 3017 5267 duo.
3036 5187 3361 5267 Centrapesta
3376 5187 3723 5267 habitag‘ttlf‘f:

2192 5251 3722 5337 episwtamtegaseaeasa:

2191 5371 2959 5460 Edﬁﬁ'ﬁiﬁdﬁi'ﬁéngiandm
2990 5380 3101 5431 libri
3136 5392 3229 5430 sex
3247 5393 3260 5428 :
3278 5371 3522 5449 ὲεριιηιωης
3423 5435 3436 5446 θ
3472 5371 3481 5374 ⁷
3538 5377 3632 5419 οεΐο
3654 5371 3722 5432 ⁸9⁸·

2195 5455 2458 5485 mtuum:
2491 5448 2685 5485 rnh'nmt
2704 5460 2718 5473 ο
2751 5451 2967 5485 ndmmm
2997 5447 3159 5485 autem
3186 5454 3275 5485 nm
3304 5441 3467 5485 ausast.
3505 5432 3604 5481 ειωε
3620 5429 3719 5476 Μ

2194 5455 2461 5527 perfectum
2491 5444 2718 5522 retigait;
2751 5444 2967 5516 octavum
2997 5447 3159 5493 autem
3186 5454 3275 5513 nec
3304 5444 3467 5502 attigit.
3505 5444 3604 5481 sum
3620 5444 3718 5476 am

2192 5528 2346 5580 ipsius
2363 5518 2587 5564 narrem-2
2603 5509 2715 5560 ἰείη-ι
2728 5511 2848 5568 octo,
2865 5505 3035 5578 quibus
3049 5503 3293 5568 respondit
3305 5499 3406 5564 ejus
3420 5492 3550 5548 verba
3562 5494 3719 5555 patth

2194 5576 2357 5614 piem»
2373 5574 2661 5614 mrhnmnm
2675 5580 3002 5614 TW
3023 5579 3152 5614 8M8.
3179 5565 3252 5614 Sic
3463 5558 3607 5608 mm
3633 5552 3718 5599 δι’

2199 5574 3002 5691 mansuetam
3013 5579 3152 5680 ἕῖἔῗδ·
3179 5565 3252 5616 sm
3275 5561 3449 5627 ‘9‘“
