3880 6392
549 342 2684 352 _________________—______.

283 342 3413 398 Μ

1294 473 2348 610 ΑΙ)ΜΟΝΙΤΙΟ

987 687 1092 747 DE
1134 686 1670 763 SEQUENTIBUS
1711 686 2300 750 CONFESSIONUM
2342 689 2618 752 LIBRJS.

1535 861 2014 941 ...κορακ-

271 1032 382 1101 Qua:
413 1046 564 1088 causa
592 1031 714 1088 fecit
741 1039 800 1088 ut
823 1031 1096 1103 scriptoris
1121 1032 1378 1104 cujusque
1404 1032 1510 1088 vita
1550 1034 1853 1090 emittendis
1892 1035 1944 1090 in
1984 1035 2251 1105 publicum
2278 1037 2394 1106 ejus
2435 1038 2583 1093 libris
2617 1039 2842 1094 solemni
2874 1055 3022 1097 more
3052 1041 3437 1116 praeﬁgeretur,

217 1123 366 1182 eadem
386 1123 536 1180 etiam
562 1124 761 1194 primos
787 1123 845 1180 S.
870 1123 1148 1195 Augustini
1174 1139 1396 1195 operum
1421 1123 1654 1180 editores
1680 1125 1820 1181 haud
1849 1125 2008 1182 dubie
2030 1128 2196 1182 movit
2221 1135 2278 1182 ut
2307 1126 2680 1184 Confessiones
2710 1131 2877 1200 ipsius
2896 1133 3075 1188 statim
3106 1143 3225 1203 post
3247 1137 3443 1193 Retra-

214 1217 458 1270 ctationum
481 1214 663 1282 libros,
692 1215 786 1286 qui
809 1223 958 1272 recto
985 1214 1174 1271 ordine
1196 1214 1392 1271 debent
1418 1217 1742 1286 praecedere,
1771 1217 1825 1272 in
1850 1225 1995 1272 tomo
2021 1217 2196 1288 primo
2216 1218 2562 1274 collocarent.
2593 1221 2793 1292 Nempe
2822 1223 3045 1280 interest
3068 1226 3355 1296 plurimum
3387 1239 3447 1286 ut

212 1305 404 1362 auctoris
426 1305 631 1377 genium
651 1347 665 1371 ,
707 1306 910 1372 studia,
955 1321 1164 1376 mores,
1206 1306 1555 1377 probitatem,
1597 1307 1756 1363 fidem
1777 1350 1794 1376 ,
1834 1308 2071 1378 aliasque
2099 1308 2252 1364 dotes
2283 1319 2587 1380 perspectas
2626 1310 2819 1368 habeat
2845 1315 2935 1384 qui
2964 1314 3080 1386 ejus
3100 1319 3296 1389 scripta
3321 1335 3448 1375 cum
3482 1356 3494 1396 λς

211 1401 435 1469 voluptate
457 1405 514 1454 et
546 1414 669 1454 cum
689 1397 931 1470 profectu
954 1400 1229 1470 perlegere
1256 1399 1311 1454 in
1336 1400 1573 1454 animum
1604 1399 1827 1456 inducit.
1850 1400 2011 1471 Atqui
2036 1401 2088 1454 in
2110 1400 2548 1458 Confessionibus
2573 1404 2683 1460 suis
2699 1404 3026 1475 Augustinus
3056 1417 3222 1464 totum
3250 1426 3308 1466 se
3333 1411 3450 1482 ipse

208 1492 430 1560 expressit
453 1505 704 1560 perquam
733 1497 980 1546 accurate
1009 1506 1024 1543 :
1064 1491 1260 1562 quippe
1291 1491 1382 1562 qui
1403 1491 1455 1546 in
1485 1493 1549 1547 iis
1582 1505 1686 1546 non
1715 1507 1778 1547 ea
1805 1493 1979 1547 solum
2018 1491 2154 1547 facta
2181 1508 2300 1563 quae
2325 1491 2600 1548 hominum
2627 1494 2798 1550 oculis
2823 1496 3066 1566 subjecta
3090 1512 3209 1555 esse
3242 1501 3451 1570 potuis-

206 1590 327 1647 sent;
352 1581 436 1636 sed
464 1581 622 1636 etiam
647 1596 711 1637 ea
735 1597 856 1654 quae
886 1582 994 1638 Deo
1014 1591 1221 1637 tantum
1244 1583 1460 1638 conscio
1489 1584 1541 1638 in
1573 1583 1774 1640 intimis
1799 1583 2119 1655 agitaverat,
2147 1599 2268 1639 cum
2293 1585 2461 1650 bona,
2493 1593 2605 1640 tum
2631 1587 2802 1652 mala,
2831 1588 3144 1660 singillatim
3175 1594 3442 1661 exposuit.
3487 1590 3490 1592 ⁷

207 1674 250 1729 lu
277 1673 348 1728 his
378 1674 513 1728 enim
547 1673 704 1729 sicuti
729 1682 990 1729 anteactae
1021 1676 1145 1730 vitae
1177 1676 1263 1730 vel
1292 1674 1559 1730 levissima
1583 1685 1789 1743 errata,
1820 1677 1899 1731 sic
1922 1677 2083 1731 etiam
2126 1685 2346 1747 accepta
2383 1692 2414 1730 a
2441 1678 2551 1732 Deo
2589 1678 2847 1735 beneficia
2884 1679 3004 1737 fuse
3029 1693 3442 1752 commemorat;

205 1777 421 1822 :eternum
451 1767 679 1838 posteris
705 1767 992 1823 relicturus
1008 1767 1120 1822 sive
1147 1767 1470 1838 paenitentis,
1499 1768 1610 1823 sive
1632 1769 1764 1839 grati
1791 1769 1954 1824 animi
1985 1779 2408 1838 monumentum,
2431 1772 2748 1842 praeclarum
2769 1773 2929 1828 etiam
2955 1774 3096 1830 illius
3121 1791 3279 1846 quam
3311 1792 3447 1832 con-

206 1867 377 1913 stanter
402 1874 522 1930 erga
542 1873 642 1913 nos
664 1859 883 1914 exhibet
903 1859 1064 1926 Deus,
1095 1867 1150 1914 et
1171 1857 1390 1929 iustitia:
1415 1867 1471 1914 et
1490 1858 1738 1914 bonitatis
1758 1860 2080 1930 exemplum.
2114 1860 2286 1930 Atque
2312 1860 2415 1916 hoc
2436 1861 2490 1914 in
2521 1862 2704 1932 primis
2727 1862 2994 1931 studebat,
3025 1867 3229 1922 scilicet
3259 1867 3447 1939 (ipsius

205 1951 347 2007 verbis
370 1966 474 2007 rem
497 1961 554 2006 ut
576 1949 928 2024 explicemus)
952 1959 1000 2005 et
1027 1949 1089 2005 de
1105 1951 1254 2006 ntali:
1278 1961 1325 2006 et
1349 1950 1412 2005 de
1436 1950 1578 2006 bonis
1595 1951 1701 2005 suis
1720 1950 1878 2005 Deum
1897 1950 2107 2006 laudare
2121 1953 2317 2023 justum
2339 1962 2385 2006 et
2408 1952 2612 2020 bonum,
2641 1963 2790 2024 atque
2813 1955 2864 2009 in
2892 1972 3007 2009 eum
3029 1957 3247 2012 excitare
3266 1959 3450 2014 Imma-

207 2059 303 2096 πω
328 2043 626 2098 intellectum
655 2052 701 2097 et
724 2041 981 2110 allectum.
1014 2041 1071 2098 id
1098 2057 1226 2096 vero
1250 2041 1350 2098 hac
1369 2042 1573 2098 ratione
1601 2043 1896 2113 exequitur.

258 2135 305 2189 ln
329 2135 489 2206 primo
512 2135 674 2199 libro,
701 2134 976 2206 praemissa
995 2133 1092 2190 Dei
1116 2133 1472 2201 invocatione,
1504 2134 1692 2189 recolit
1713 2135 1835 2190 vita:
1857 2149 1968 2190 suae
1994 2133 2281 2203 primordia
2307 2133 2373 2187 ad
2400 2147 2597 2188 annum
2618 2135 2860 2205 quintum
2881 2137 3171 2193 decimum.
3199 2138 3445 2198 Infantia:

202 2236 380 2298 peccata
402 2227 640 2298 agnoscit
661 2234 717 2284 et
735 2227 1003 2298 pueritiae;
1032 2234 1192 2298 atque
1217 2226 1316 2282 hac
1339 2235 1496 2282 atate
1525 2227 1577 2282 in
1608 2227 1782 2283 lusum
1802 2236 1857 2282 et
1881 2226 2100 2298 puerilia
2129 2239 2352 2296 qumque
2377 2226 2762 2283 oblectamenta
2788 2237 2843 2284 et
2867 2230 3011 2298 vitia,
3034 2247 3196 2302 quam
3216 2231 3272 2287 in
3296 2233 3450 2290 litte—

202 2337 347 2377 raram
369 2324 534 2378 studia
561 2323 937 2394 procliviorem
961 2338 1020 2378 se
1047 2322 1208 2378 fuisse
1229 2321 1532 2378 confitetur.

255 2414 304 2468 In
324 2415 568 2484 secundo,
599 2415 668 2470 ad
699 2424 910 2472 :etatem
940 2414 1095 2469 aliam
1123 2413 1480 2486 progreditur,
1509 2414 1842 2486 primumque
1871 2414 2243 2470 adolescentiae
2269 2429 2409 2484 suae,
2441 2415 2495 2471 id
2522 2422 2632 2481 est,
2663 2422 2870 2470 sextum
2901 2414 3168 2470 decimum
3190 2418 3314 2474 vita:
3339 2433 3438 2474 an.

200 2524 324 2574 num,
365 2523 514 2579 quem
563 2509 615 2563 in
661 2517 880 2578 paterna
909 2508 1101 2576 domo,
1147 2507 1336 2563 studiis
1370 2507 1721 2574 intermissis,
1767 2516 2174 2579 consumpserat
2201 2509 2357 2579 genio
2391 2524 2453 2564 ac
2491 2506 2798 2563 libidinibus
2837 2507 3151 2579 indulgens,
3191 2510 3258 2566 ad
3289 2508 3448 2588 mem}

200 2611 285 2656 tem
307 2611 507 2657 revocat
537 2617 662 2658 cum
687 2602 834 2674 gravi
871 2601 1088 2669 dolore,
1116 2615 1337 2658 severus
1372 2601 1657 2657 admodum
1683 2601 1736 2657 in
1760 2601 2099 2673 dijudicando
2135 2602 2278 2658 furto
2299 2619 2330 2658 a
2352 2619 2410 2660 se
2437 2612 2563 2658 tunc
2591 2601 2845 2672 temporis
2872 2617 2995 2657 cum
3029 2602 3298 2662 sodalibus
3323 2622 3410 2678 pe"
3431 2649 3458 2667 .,

199 2704 388 2765 petrato.

253 2790 438 2846 Tertius
459 2792 596 2847 liber
621 2791 690 2846 de
717 2791 870 2846 annis
893 2799 976 2847 est
999 2791 1172 2847 aetatis
1202 2790 1342 2845 illius
1363 2790 1572 2846 decimo
1594 2789 1841 2861 septimo,
1869 2789 2080 2845 decimo
2103 2798 2292 2845 octavo
2313 2798 2368 2845 et
2394 2790 2604 2845 decimo
2634 2805 2776 2845 nono
2803 2792 3084 2847 transactis
3104 2792 3444 2866 Carthagine,

198 2885 266 2940 ubi
289 2885 400 2941 dum
431 2887 673 2942 litterarii
702 2886 860 2942 studii
886 2886 1208 2942 curriculum
1231 2885 1550 2951 absolveret,
1579 2901 1637 2940 se
1671 2882 1940 2939 libidinosi
1969 2883 2170 2938 amoris
2194 2883 2384 2953 laqueo
2405 2882 2688 2950 irretitum,
2720 2899 2926 2938 necnon
2953 2886 3006 2938 in
3028 2884 3446 2946 Manichaeorum

196 2977 406 3035 heresim
435 2981 746 3052 prolapsum
775 2979 938 3036 fuisse
963 2980 1221 3034 meminit.
1256 2978 1526 3035 Adversus
1549 2980 1736 3034 horum
1757 2993 1972 3035 errores
1995 2987 2051 3034 et
2091 2978 2316 3049 ineptias
2345 2978 2561 3034 disserit
2587 2980 2902 3037 luculenter.
2932 2980 3111 3037 Matris
3137 2983 3402 3056 lacrymas
3430 3027 3446 3052 ,

196 3082 236 3128 et
258 3089 554 3144 responsum
575 3073 643 3130 de
671 3073 763 3128 filii
793 3073 1165 3144 resipiscentia
1188 3072 1438 3127 divinitus
1463 3081 1739 3142 acceptum
1766 3071 1950 3128 refert.
2476 3066 2486 3078 ⁸

249 3165 298 3221 ln
321 3178 502 3238 quarto
531 3167 668 3223 libro
692 3182 815 3223 eum
839 3165 1002 3238 pudet
1023 3180 1083 3221 se
1102 3165 1178 3220 illi
1201 3175 1360 3220 sectae
1387 3165 1652 3221 addictum
1679 3165 1842 3221 fuisse
1867 3180 1963 3236 per
1980 3165 2496 3236 novennium,atque
2511 3165 2646 3222 alios
2665 3180 2844 3222 secum
2866 3167 2922 3223 in
2939 3167 3188 3224 eumdem
3205 3186 3447 3228 errorem

197 3259 515 3324 pertraxisse;
547 3259 741 3315 deinde
773 3259 1003 3314 amicum
1027 3258 1400 3315 cbarissimum
1430 3259 1531 3314 sibi
1569 3259 1772 3315 interea
1801 3267 1974 3315 morte
2001 3271 2319 3330 praereptum
2339 3302 2354 3325 ,
2391 3261 2654 3316 acerbiori
2686 3277 2847 3332 quam
2871 3277 3083 3333 aequum
3113 3274 3256 3320 esset
3280 3249 3448 3322 animi

195 3351 348 3407 dolore
375 3352 538 3408 fuisse
562 3361 927 3424 prosecutum.
961 3351 1124 3423 Cujus
1148 3353 1452 3418 occasione,
1479 3352 1550 3408 de
1576 3369 1710 3406 vana
1735 3360 1790 3408 et
1814 3351 1880 3407 de
1904 3353 2072 3408 solida
2101 3353 2334 3408 amicitia
2357 3367 2460 3407 non
2498 3368 2662 3423 pauca
2687 3353 2837 3410 dicit.
2865 3354 3187 3411 Mentionein
3213 3356 3447 3428 denique

196 3442 297 3498 facit
320 3445 566 3500 librorum
589 3445 656 3499 de
675 3445 908 3500 Pulchro
929 3451 982 3498 et
1010 3444 1146 3514 Apto
1170 3459 1199 3497 a
1221 3459 1279 3498 se
1303 3459 1443 3498 anno
1468 3444 1641 3498 aetatis
1663 3443 1917 3513 vigesimo
1941 3453 2092 3499 sexto
2113 3453 2204 3498 aut
2226 3444 2482 3514 vigesimo
2502 3445 2730 3514 septimo
2750 3446 3205 3516 conscriptorum;
3239 3465 3446 3506 necnon

196 3547 326 3600 quam
354 3535 486 3590 facili
513 3535 726 3607 negotio
754 3535 1052 3590 liberalium
1078 3534 1271 3589 artium
1299 3535 1464 3589 libros
1483 3542 1641 3604 atque
1668 3533 1967 3618 Aristotelis
1992 3532 2322 3605 Categorias,
2353 3550 2496 3590 anno
2521 3535 2692 3590 :etatis
2719 3535 2884 3591 ferme
2911 3535 3186 3607 vigesimo,
3215 3553 3310 3608 per
3329 3553 3452 3594 sese

196 3624 499 3683 intellexerit.

251 3717 298 3772 ιιι
315 3720 444 3775 libro
471 3718 657 3791 quinto
675 3734 874 3774 annum
901 3719 1073 3774 aetatis
1103 3733 1213 3774 suae
1239 3719 1455 3775 exhibet
1476 3719 1787 3790 vigesimum
1814 3735 2030 3786 nonum,
2063 3735 2168 3790 quo
2196 3720 2400 3775 scilicet
2445 3729 2718 3790 comperta
2752 3719 2933 3776 Fausti
2962 3721 3238 3778 manichtei
3275 3725 3448 3796 impe-

194 3811 311 3876 ritia,
337 3813 660 3884 propositum
689 3812 744 3866 in
773 3811 860 3865 illa
885 3819 1031 3866 secta
1061 3811 1371 3882 proficiendi
1395 3811 1620 3881 abjecit;
1654 3827 1760 3882 quo
1788 3813 1948 3867 etiam
1988 3812 2150 3867 Roma
2171 3853 2188 3879 ,
2223 3811 2308 3866 ubi
2336 3820 2463 3867 tunc
2489 3812 2809 3868 rhetoricam
2842 3813 3203 3884 profitebatur,
3243 3818 3438 3872 missus

193 3905 512 3964 Mediolanum
552 3919 610 3964 ut
634 3909 879 3964 eamdem
907 3919 1078 3964 artem
1119 3907 1366 3974 doceret,
1411 3908 1572 3976 coepit
1613 3907 1794 3962 audito
1819 3907 2102 3962 Ambrosio
2143 3905 2497 3976 resipiscere,
2530 3915 2587 3960 et
2623 3905 2690 3961 de
2727 3905 3124 3964 Manichaaismo
3150 3908 3448 3965 abdicando

195 4013 372 4056 necnon
396 4002 461 4058 de
485 4003 773 4073 repetendo
797 4003 1238 4058 catechumenatu
1266 4001 1578 4056 decernere.

252 4093 300 4149 ln
323 4095 452 4152 libro
484 4105 658 4164 sexto,
687 4112 807 4152 cum
832 4097 942 4167 jam
975 4095 1218 4151 Monnica
1245 4095 1407 4166 ipsius
1433 4107 1604 4149 mater
1629 4094 1982 4150 Mediolanum
2007 4091 2331 4160 advenisset,
2365 4092 2582 4162 ipseque
2607 4106 2804 4145 annum
2825 4094 2998 4147 aetatis
3024 4101 3206 4165 ageret
3233 4095 3446 4165 trigesi-

195 4201 343 4255 mum;
372 4191 636 4247 Ambrosii
684 4191 1030 4247 concionibus
1067 4191 1369 4246 admonitus
1388 4234 1402 4258 ,
1443 4191 1721 4247 catholica:
1751 4190 2006 4246 doctrinae
2033 4193 2344 4257 veritatem,
2385 4205 2543 4260 quam
2571 4189 2842 4244 Manichzei
2870 4189 3004 4244 falso
3033 4190 3442 4256 insimulabant,

193 4284 336 4353 magis
367 4285 632 4356 magisque
660 4285 1016 4357 intelligebat.
1040 4285 1216 4357 Alypii
1245 4285 1401 4339 amici
1444 4286 1522 4339 sui
1563 4299 1740 4339 mores
1780 4284 2136 4354 prosequitur.
2179 4283 2235 4339 In
2274 4283 2483 4338 diversa
2529 4283 2857 4352 rapiebatur,
2901 4281 3028 4337 dum
3071 4283 3139 4338 de
3173 4284 3279 4338 vita
3329 4299 3444 4338 nte-

195 4369 282 4427 lius
314 4374 620 4432 instituenda
655 4377 1008 4442 deliberaret;
1037 4377 1223 4432 mortis
1257 4393 1468 4447 quoque
1507 4392 1569 4430 ac
1592 4375 1775 4446 judicii
1812 4384 1956 4428 metu
1991 4375 2306 4444 perculsus,
2347 4373 2414 4428 ad
2448 4373 2570 4428 vitae
2595 4374 2996 4428 conversionem
3027 4375 3081 4429 in
3106 4373 3220 4429 dies
3249 4389 3442 4429 accen-

193 4463 402 4525 dubitur.

253 4559 302 4614 In
331 4562 544 4632 septimo
568 4563 708 4619 libro
730 4563 1008 4619 exordium
1038 4579 1148 4620 sua:
1167 4564 1488 4634 iuventutis,
1519 4565 1572 4619 id
1603 4571 1686 4619 est
1714 4577 1911 4619 annum
1940 4562 2111 4617 :etatis
2142 4561 2473 4631 trigesimum
2507 4560 2767 4629 primum,
2795 4559 2864 4614 ob
2891 4560 3086 4616 mentis
3123 4561 3307 4616 oculos
3346 4577 3436 4617 rc-

194 4648 334 4707 ducit.
365 4653 545 4712 Narrat
573 4673 631 4714 se
661 4658 748 4713 illa
774 4666 936 4714 (etate
959 4658 1297 4715 densioribus
1329 4659 1503 4714 adhuc
1543 4658 1852 4730 ignorantia:
1880 4656 2113 4711 tenebris
2147 4655 2439 4710 involutum
2486 4662 2644 4724 atque
2685 4661 2952 4708 errantem
2981 4653 3119 4710 circa
3160 4655 3253 4710 Dei
3287 4666 3441 4711 natu-

197 4757 310 4811 ram,
338 4762 529 4804 necnon
559 4749 701 4806 circa
727 4749 988 4822 originem
1028 4752 1184 4818 mali,
1218 4751 1268 4805 in
1300 4751 1452 4821 cujus
1481 4750 1821 4821 inquisitione
1845 4763 1904 4804 se
1929 4748 2120 4802 mirum
2153 4748 2205 4800 in
2245 4745 2459 4802 modum
2483 4743 2742 4816 angebat,
2780 4745 3086 4815 pervenisse
3127 4747 3339 4803 tandem
3365 4749 3433 4805 ad

195 4837 510 4905 cognitionem
535 4842 630 4898 Dei
654 4841 958 4911 sinceram;
986 4845 1228 4916 quamvis
1257 4843 1490 4898 nondum
1518 4842 1676 4914 digne
1705 4841 1772 4898 de
1801 4840 2026 4896 Domino
2050 4838 2262 4894 Christo
2286 4837 2528 4894 sentiret.

257 4927 396 4990 Liber
414 4947 630 4992 octavus
649 4938 775 4994 vita:
803 4937 968 5008 ipsius
991 4947 1192 5008 partem
1220 4937 1429 5008 attingit
1455 4937 1881 5003 celeberrimam,
1911 4949 2106 4989 annum
2134 4933 2379 4988 videlicet
2415 4931 2588 4987 aetatis
2626 4931 2955 5002 trigesimum
2983 4933 3274 4988 secundum
3294 4975 3309 5001 ,
3338 4949 3445 5004 quo

194 5033 358 5094 nempe
381 5041 496 5082 cum
521 5027 921 5100 Simplicianum
947 5029 1324 5094 consuluisset,
1355 5028 1423 5083 ab
1446 5044 1615 5098 coque
1637 5027 1908 5081 didicisset
1933 5024 2189 5079 Victorini
2211 5022 2614 5078 conversionem
2632 5063 2647 5088 ,
2665 5037 2788 5077 cum
2819 5023 3032 5078 Antonii
3057 5023 3295 5096 Egyptii
3318 5041 3406 5079 mo
3423 5055 3440 5065 ο

196 5114 327 5172 nachi
348 5119 498 5176 vitam
523 5138 586 5178 ex
617 5122 905 5178 Pontitiani
935 5123 1192 5178 relatione
1215 5123 1580 5194 cognovisset,
1626 5128 1746 5191 post
1772 5119 2148 5173 vehementem
2178 5116 2376 5171 luctam
2403 5131 2618 5170 carnem
2654 5117 2792 5171 inter
2817 5125 2870 5170 et
2891 5116 3158 5185 animum,
3203 5117 3437 5173 codiceni

198 5205 400 5276 Apostoli
418 5214 618 5271 caelesti
642 5215 947 5272 admonitus
973 5215 1189 5271 oraculo
1216 5215 1480 5285 inspexit;
1514 5229 1742 5284 moxque
1766 5229 1832 5269 ex
1854 5212 1992 5266 illius
2017 5211 2242 5266 lectione
2268 5209 2335 5263 ad
2359 5209 2636 5266 meliorem
2662 5209 2866 5281 frugem
2893 5217 3006 5266 toto
3031 5211 3212 5266 animo
3239 5213 3432 5266 immu-

201 5303 320 5358 tatus
339 5302 449 5371 fuit,
478 5307 740 5379 pleneque
765 5307 831 5363 ad
859 5308 1028 5364 Deum
1053 5323 1361 5364 conversus.

261 5391 308 5450 In
329 5396 454 5455 libro
471 5416 613 5458 nono
632 5401 763 5457 dicit
785 5401 852 5458 de
881 5410 1037 5472 capto
1056 5416 1086 5455 a
1109 5416 1169 5457 se
1197 5400 1423 5456 consilio
1452 5399 1732 5464 rhetorica:
1757 5399 2138 5470 professionem
2161 5397 2464 5467 abjicicndi,
2495 5412 2601 5450 non
2633 5405 2810 5452 tamen
2829 5404 3112 5466 antequam
3141 5393 3435 5449 vindemia-

203 5477 310 5544 ιίηι
332 5487 597 5560 feriarum,
624 5493 765 5566 quod
800 5493 1044 5564 proxime
1072 5491 1324 5558 instabat,
1358 5500 1564 5561 tempus
1593 5490 1916 5545 advenisset.
1941 5489 2075 5544 Tum
2102 5489 2168 5544 de
2197 5503 2292 5544 suo
2314 5489 2365 5543 in
2396 5487 2692 5543 Verecundi
2719 5486 2873 5541 amici
2904 5485 3078 5539 villam
3103 5497 3338 5548 secessu,
3365 5482 3434 5537 de

205 5578 608 5652 Mhptismate,
639 5601 702 5641 ac
727 5585 794 5641 de
822 5584 1081 5640 Monnica:
1108 5584 1294 5640 matris
1324 5583 1605 5638 virtutibus
1633 5590 1790 5652 atque
1819 5582 1985 5647 obitu,
2013 5583 2133 5652 qui,
2174 5581 2437 5652 baptizato
2472 5579 2614 5650 ipso,
2649 5577 2832 5633 incidit
2863 5577 2915 5630 in
2947 5570 3192 5628 eumdem
3225 5571 3432 5627 huncce

210 5680 391 5741 unum,
409 5677 569 5734 atatis
592 5678 842 5734 videlicet
859 5677 1141 5749 Augustini
1170 5676 1498 5748 trigesimum
1527 5674 1756 5730 tertium.

270 5759 316 5817 In
337 5764 458 5824 libro
475 5768 676 5828 decimo
701 5779 968 5826 scrutatur
994 5769 1245 5841 deinceps
1264 5811 1278 5836 ,
1321 5783 1381 5822 ac
1408 5767 1578 5838 palam
1616 5774 1962 5834 contestatur,
2010 5782 2113 5821 non
2141 5765 2310 5836 qualis
2337 5772 2491 5820 antea
2513 5804 2526 5828 ,
2569 5761 2661 5817 sed
2688 5758 2855 5830 qualis
2894 5766 3019 5812 tunc
3043 5762 3208 5813 esset.
3237 5756 3424 5825 Deum,

3476 1473 3486 1521 l
