3880 6386
509 345 615 407 659
1495 339 2014 404 ‘comssmun
2049 337 2108 405 s.
2148 323 2510 404 mensam
3621 348 3705 411 eeo

493 433 674 532 lquem
717 471 890 529 amat,
925 461 1103 517 studet
1132 458 1401 529 indicare,
1429 461 1660 534 dumque
1687 479 1780 532 per
1803 463 2010 534 singula
2037 460 2182 534 ducit
2205 463 2384 518 rerum
2413 476 2605 532 genera
2624 502 2638 528 ,
2676 463 2856 519 multis
2899 461 3126 533 explicat
3159 460 3428 517 memoriae
3448 461 3547 518 vim
3582 464 3703 534 plane

509 557 852 624 stupendam,
900 553 1040 623 quod
1067 569 1160 608 sua
1190 556 1241 608 in
1277 555 1530 608 memoria
1559 538 1733 608 fucum
1763 556 1901 610 Deus
1927 528 2472 624 habeatgratulaﬁis'.
2501 541 2721 624 inquirit
2740 554 2792 608 in
2819 563 2987 619 actus,
3008 555 3058 608 in
3087 568 3297 620 sensus,
3323 563 3374 608 et
3398 553 3596 610 allectus
3615 576 3709 617 suos

505 660 722 709 omnes,
751 660 816 699 ex
842 644 1030 712 triplici
1061 645 1350 700 tentatione
1385 646 1689 715 voluptatis,
1721 647 2071 724 curiositatis,
2100 661 2164 724 ac
2185 644 2468 724 superbize.
2499 644 2777 724 hominum
2804 645 3070 724 Christum
3097 659 3260 699 unum
3289 644 3610 702 mediatorem
3638 650 3706 707 Dei

508 744 563 790 et
587 736 858 791 hominum
883 738 1185 801 confitetur,
1218 725 1436 806 ejusque
1459 726 1559 807 ope
1587 725 1750 792 animi
1775 739 1856 791 sui
1877 722 2167 807 languor-es
2185 719 2379 792 omnes
2396 719 2671 792 sanandos
2689 720 2813 792 esse
2832 719 3072 792 confidit.

517 854 535 863 -
582 825 638 880 In
669 825 804 880 libro
831 826 1113 880 undecimo
1141 835 1196 881 et
1219 830 1558 896 sequentibus
1585 837 1774 883 tractat
1797 829 1864 883 de
1899 829 2188 899 Scripturis
2211 829 2428 884 sanctis.
2461 828 2649 884 Totum
2681 837 2840 898 caput
2866 830 3092 900 primum
3137 829 3426 896 Geneseos,
3453 846 3550 902 quo
3571 837 3711 892 muniti

513 919 716 973 creatio
740 919 1076 987 describitur,
1104 921 1559 976 dissertationibus
1588 921 1830 985 illustrat,
1861 920 2194 977 difficultates
2219 921 2547 976 incurrentes
2570 920 2887 988 dissolvens,
2919 931 2971 976 et
2999 921 3067 976 ab
3092 922 3514 977 adversariorum
3538 925 3713 994 objectis

504 1010 798 1066 vindicans.
825 1011 927 1066 Sed
950 1012 1005 1066 in
1027 1013 1306 1068 undecimo
1330 1013 1558 1083 dis-putat
1578 1013 1734 1082 paulo
1760 1013 1925 1068 fusius
1944 1013 2010 1067 de
2035 1022 2288 1084 tempore.
2313 1012 2369 1068 In
2391 1013 2788 1068 du‘odeeimo'de
2813 1014 3029 1067 materia
3049 1014 3280 1077 informi,
3300 1015 3470 1084 deque
3489 1017 3712 1087 multiplici

505 1101 794 1172 Scripturae
821 1119 1018 1160 .scnstt.
1063 1104 1120 1160 ln
1167 1107 1320 1161 tertio
1349 1106 1556 1161 decimo
1581 1106 1674 1160 Dei
1717 1105 2005 1160 bonitatem
2033 1111 2103 1162 'ex
2133 1113 2313 1161 rerum
2347 1105 2695 1175 productione
2743 1107 3110 1172 commendat;
3153 1109 3408 1178 pra-dicat
3451 1110 3601 1166 Deum
3623 1111 3712 1168 Tri-

507 1196 766 1264 nitatem,
820 1207 873 1252 et
923 1198 1154 1268 Spiritus
1209 1199 1378 1254 sancti
1417 1199 1695 1270 preprlam
1748 1198 2030 1269 quamdam
2079 1200 2370 1254 nationem.
2428 1199 2664 1269 Denique
2714 1201 2879 1254 creati
2930 1200 3112 1256 mundi
3167 1201 3441 1258 historiam
3483 1205 3712 1275 allegorice

501 1289 737 1366 exponit.

575 1381 746 1437 Hosee
772 1381 936 1437 libros
954 1382 1300 1438 observamus
1321 1382 1544 1453 scriptos
1568 1383 1777 1437 circiter
1801 1396 1997 1437 annum
2017 1382 2213 1439 Christi
2239 1382 2841 1453 quadringentesimum,
2873 1385 3160 1455 propterea
3189 1386 3330 1457 quod
3362 1388 3428 1442 ab
3459 1389 3702 1459 Augustino

502 1488 847 1531 recensentur
865 1477 1110 1544 proxime
1143 1481 1266 1532 ante
1309 1477 1426 1530 illos
1455 1479 1588 1546 quos
1615 1475 1896 1545 episcopus
1929 1475 2178 1531 adversus
2201 1475 2449 1530 Faustum
2491 1475 2841 1530 manichaenm
2871 1491 2975 1530 non
2998 1477 3169 1533 multo
3193 1488 3315 1534 ante
3339 1479 3424 1534 vel
3463 1491 3571 1548 post
3593 1481 3703 1539 hunc

501 1579 698 1618 annum
725 1567 1032 1630 elaboravit,
1064 1568 1136 1621 uti
1163 1581 1260 1622 suo
1278 1567 1481 1621 (licetur
1507 1567 1642 1621 loco.
1666 1563 1821 1620 Certe
1844 1566 1888 1620 si
1917 1582 2017 1636 qua
2037 1569 2203 1638 'opera
2233 1566 2503 1620 indubiam
2529 1575 2582 1620 et
2615 1565 2916 1623 distinctam
2947 1570 3208 1640 temporis
3238 1567 3412 1625 notam
3441 1586 3544 1640 prae
3564 1581 3710 1631 senon

503 1655 712 1722 ferunt,
744 1657 788 1712 si
818 1659 935 1712 aliis
961 1659 1174 1714 demum
1205 1660 1532 1730 argumentis
1560 1659 1608 1712 id
1638 1657 1938 1728 investigari
1965 1673 2070 1713 non
2108 1666 2314 1730 potest,
2343 1657 2734 1713 decernendum
2776 1659 2988 1714 videtur
3023 1675 3086 1713 ex
3117 1660 3557 1717 Refractntionum
3582 1665 3709 1730 serie;

501 1749 949 1819 quandoquidem,
978 1763 1230 1820 quantum
1259 1751 1445 1820 potuit,
1472 1751 1676 1806 curavit
1703 1751 2044 1820 Augustinus,
2087 1759 2146 1805 ut
2170 1762 2269 1804 nos
2292 1765 2357 1804 ex
2385 1749 2496 1820 ipsa
2525 1751 2766 1805 ordinem
2788 1753 2894 1822 quo
2917 1765 3138 1822 quaeque
3165 1735 3360 1823 scripta
3399 1764 3542 1818 sunt,
3569 1767 3716 1811 nosse-

502 1853 622 1894 mus
643 1838 742 1911 (t).
773 1839 954 1909 Neque
977 1840 1321 1897 difﬁtebimur
1350 1851 1524 1897 tamen
1565 1841 1691 1913 quin
1718 1841 1982 1896 interdum
2012 1841 2366 1912 ehrono'logize
2392 1841 2599 1909 minus,
2627 1843 2797 1913 magis
2824 1845 3002 1898 autem
3033 1846 3336 1914 perlraetati
3358 1847 3628 1916 argumenti
3647 1856 3715 1901 tn-

503 1931 703 1987 tionem
733 1932 991 1988 habuerit.

1412 2003 1470 2060 S.
1499 2005 1832 2060 Ancus'rmus
1861 2020 2114 2062 EPISTOLA
2135 1977 2261 2070 231,
2292 1977 2464 2060 ὑληιο
2488 2018 2686 2072 conm,
2717 2019 2770 2060 rt.
2794 1977 2852 2060 ’6.

581 2134 600 2166 ι
628 2115 793 2170 Sume
822 2116 1006 2183 libros,
1036 2131 1169 2187 quos
1195 2116 1529 2184 desiderasti,
1557 2117 1963 2172 Confessionum
1987 2133 2243 2174 mearum.
2277 2117 2352 2172 lbi
2377 2133 2465 2172 me
2483 2118 2716 2188 inspice:
2748 2134 2816 2173 ne
2841 2123 2929 2173 me
2956 2118 3142 2174 laudes
3165 2118 3302 2173 ultra
3330 2135 3483 2190 quam
3505 2135 3635 2186 sum;
3658 2121 3713 2177 ibi

503 2223 609 2264 non
638 2209 757 2264 aliis
789 2209 856 2264 de
880 2225 966 2264 me
997 2209 1174 2277 crede,
1199 2210 1293 2264 sed
1327 2211 1486 2272 mihi;
1515 2210 1587 2265 ibi
1612 2226 1698 2266 me
1723 2211 1965 2274 attende,
2003 2220 2057 2265 et
2089 2211 2210 2266 vide
2240 2211 2366 2281 quid
2395 2211 2584 2266 fuerim
2609 2213 2662 2266 in
2684 2213 2918 2282 ’me’rpso,
2947 2225 3044 2282 per
3065 2214 3331 2284 meipsum
3357 2230 3370 2267 :
3403 2223 3456 2270 et
3478 2216 3518 2270 si
3543 2216 3648 2286 quid
3668 2217 3710 2272 in

501 2317 586 2356 me
614 2302 704 2355 tibi
731 2302 1006 2373 placuerit,
1037 2302 1188 2357 lauda
1215 2302 1285 2357 ibi
1310 2319 1541 2372 meeum,
1568 2318 1725 2375 quem
1750 2304 1949 2358 laudari
1974 2303 2113 2358 volui
2131 2303 2199 2359 de
2219 2320 2333 2368 me;
2361 2319 2532 2375 neque
2547 2307 2695 2360 'enim
2716 2321 2822 2360 me.
2841 2305 3108 2373 Quoniam
3129 2306 3247 2375 ipse
3267 2305 3388 2362 fecit
3413 2321 3527 2374 nos,
3547 2317 3596 2364 et
3615 2323 3701 2364 non

502 2395 601 2464 ipsi
627 2407 722 2449 nes
747 2411 762 2450 :
792 2411 890 2450 nos
919 2405 1096 2450 autem
1125 2395 1525 2466 perdideramus
1555 2411 1685 2461 nos;
1731 2395 1824 2452 sed
1851 2396 1938 2467 qui
1975 2396 2128 2463 fecit,
2157 2396 2360 2452 refecit.
2392 2397 2525 2453 Cum
2550 2401 2724 2453 autem
2763 2397 2835 2453 ibi
2873 2401 2962 2453 ωδ
2984 2398 3277 2466 inveneris,
3307 2414 3398 2454 ora
3421 2415 3518 2471 pro
3541 2414 3632 2468 me,
3656 2416 3709 2456 ne

500 2488 770 2555 deficiam,
799 2489 892 2544 sed
922 2487 1186 2558 perficiar.
1217 2493 1236 2540 δ
1481 2529 1516 2536 -.
1905 2547 1912 2556 ,
2061 2534 2066 2538 .

1488 2559 1572 2614 Ex
1604 2575 1755 2616 uano
1783 2576 1849 2615 ne
1877 2575 2012 2616 nomo
2040 2561 2515 2628 PERSEVERANTIB,
2545 2577 2662 2617 car.
2685 2577 2783 2617 xx.

581 2689 599 2721 ι
630 2671 765 2737 Quid
793 2680 971 2727 autem
998 2685 1236 2725 meorum
1258 2672 1626 2742 opusculorum
1657 2673 1981 2743 frequentius
2001 2683 2054 2730 et
2078 2672 2440 2730 delectabilius
2467 2674 2797 2729 innotescere
2817 2675 3008 2744 potuit,
3034 2689 3191 2744 quam
3215 2675 3334 2730 libri
3357 2675 3710 2732 Confessionum

503 2763 777 2817 meat-2m?
801 2763 938 2818 Cum
965 2772 1019 2819 et
1039 2763 1181 2833 ipsos
1207 2765 1462 2821 ediderim
1487 2774 1771 2836 antequam
1799 2765 2073 2836 Pelagiana
2103 2766 2320 2822 haeresis
2353 2767 2659 2831 exstitisset,
2694 2768 2746 2822 in
2772 2767 2851 2821 eis
2879 2776 3023 2822 certe
3051 2767 3159 2821 dixi
3191 2767 3300 2821 Deo
3319 2775 3513 2830 nostro,
3541 2777 3586 2824 et
3603 2775 3712 2836 θῖνειό

503 2855 613 2910 dixi
648 2873 661 2911 :
693 2855 777 2910 'D‘a
819 2857 956 2925 quod
973 2855 1158 2928 jubes,
1199 2865 1248 2912 et
1283 2859 1409 2930 jube
1453 2860 1589 2930 quod
1614 2859 1705 2913 vis.
1745 2857 1872 2925 Quae
1921 2874 2038 2914 mea
2078 2858 2239 2914 verba
2267 2859 2511 2930 Pelagius
2542 2861 2723 2914 Roma:
2759 2873 2880 2914 eum
2911 2875 2940 2912 a
2985 2858 3214 2930 quodam
3259 2859 3422 2915 fratre
3448 2860 3712 2930 coepiscopo

504 2964 624 3004 meo
645 2947 868 3004 fuissent
893 2964 958 3004 eo
985 2945 1246 3018 praesente
1275 2959 1709 3015 commemorata,
1733 2949 1871 3006 ferre
1900 2966 2006 3006 non
2028 2951 2226 3022 potuit;
2253 2959 2308 3006 et
2327 2951 2698 3007 eontradieens
2721 2952 2992 3022 aliquanto
3019 2953 3359 3018 commotius,
3389 2969 3518 3023 pene
3539 2966 3638 3008 cum
3663 2961 3711 3005 co

503 3039 593 3110 qui
617 3039 706 3094 illa
731 3053 1257 3109 commemoraverat,
1288 3043 1525 3114 litigavit.
1556 3061 1574 3094 ›

591 3157 745 3219 Vide
780 3153 1084 3235 praeterea
1125 3152 1356 3220 librum
1391 3159 1455 3230 2,
1495 3176 1631 3237 cap.
1657 3159 1718 3231 6',
1750 3157 2318 3232 Retraetatio‘nnm,
2355 3152 2508 3238 pag.
2532 3157 2672 3233 632,
2700 3173 2770 3219 πη.
2804 3159 2837 3220 1
2863 3167 2922 3220 et
2947 3150 3012 3233 2,
3036 3159 3258 3232 verbis,
3278 3151 3708 3221 E‘onfessionhm

503 3267 819 3330 mearum,
849 3260 1040 3338 usque
1066 3258 1146 3319 ad
1171 3258 1377 3328 ‘ver'ba,
1398 3259 1673 3338 Magnus
1706 3263 1802 3332 'e's',
1833 3259 2124 3321 Domine.
2525 3259 2612 3321 M.

566 3378 844 3465 (1)Ῥι·οιοε.
875 3377 1078 3451 Retract.
1115 3414 1163 3450 n.

1345 3540 1686 3564 4-w—

683 3537 688 3540 ‘
845 3545 850 3550 -
974 3539 979 3544 ‘
1119 3539 1125 3543 “
1241 3539 1250 3550 ··
1275 3539 1282 3548 ‘
1345 3539 2398 3569 WWW‘M-‘D
2427 3545 3152 3580 Wrﬂem‘wu
3184 3536 3538 3576 ιςὼωμ
3587 3536 3594 3558 ὅ
3641 3536 3682 3562 ᾹΓ

548 3536 3694 3606 ψ-ΗἮ,ᾙῌ-ῌ-Ῠη
2705 3605 2718 3606 7
3641 3603 3686 3606 ᾉ

3073 3608 3344 3617 —-——___.

993 3704 2071 3866 S.AURELII
2171 3603 3262 3874 Aﬁaﬁé‘ﬁﬁ

1476 3984 2223 4059 HIPPONENSIS
2286 3985 2786 4060 EPISCOPI

1232 4174 3057 4339 CONFESSIONUM

1270 4455 1793 4570 LIBRI
1870 4460 2821 4579 TBEDECIM
2876 4455 3013 4577 (⁸)-

1532 4840 2023 4967 LIBER
2097 4839 2722 4979 PRIMUS

494 5175 767 5228 conﬁtetur.

1811 5277 2440 5333 MNWQO-

955 5468 966 5473 ἢ
1007 5383 1232 5478 (ξΑΡυΤ
1271 5383 1551 5441 PRIMUM.
1585 5471 1592 5474 _
2172 5403 2353 5462 chtv,
2380 5395 2434 5468 5)
2468 5416 2482 5453 :

2172 5403 2353 5462 chtv,
2380 5395 2434 5468 5)
2468 5416 2482 5453 :
2508 5407 2689 5469 magna
2723 5402 2882 5457 virttis
2911 5397 3018 5471 tua,
3047 5397 3384 5478 et‘siiﬂiéritii'c
3395 5393 3591 5462 ἳῠῖὖῆἳοιὶ
3609 5395 3685 5454 ‘est

767 5473 933 5528 Deum
956 5469 1059 5569 imit
1090 5475 1298 5531 laudare
1316 5476 1385 5530 "ab
1410 5478 1520 5546 ipso
1548 5471 1806 5536 excitatus.
2043 5484 2050 5490 ”
2176 5479 2427 5543 numerus
2465 5488 2631 5561 ('P'sal.
2670 5491 2851 5562 cxt'vr,
2885 5495 2964 5569 9).
2995 5469 3066 5552 Et
3095 5469 3308 5556 laudare
3335 5493 3381 5556 te
3415 5483 3661 5552 Τιόῒῆό

560 5571 612 5627 Ι.
652 5568 872 5640 Magnus
898 5584 955 5624 es
974 5611 990 5637 ,
1031 5567 1254 5625 Domine
1273 5612 1288 5635 ,
1315 5582 1369 5627 et
1406 5571 1682 5630 laudabilis
1707 5573 1857 5632 valde
1887 5573 1909 5650 (
1926 5574 2073 5633 Paul.
2177 5578 2352 5653 aliqua
2398 5572 2567 5654 portio
2604 5585 2859 5644 creatum
2897 5567 3041 5658 'titﬁc;
3086 5593 3139 5649 et
3173 5584 3332 5649 nem-6
3359 5571 3678 5648 ἣὶΫεἨῶτέιῖῶ

548 5683 623 5747 (al
643 5684 811 5752 εστίρῦ
834 5698 958 5736 anno
978 5687 1171 5738 circiter
1192 5685 1300 5740 400.
