3880 6386
491 212 597 268 663

487 331 712 386 aestuas;
744 321 905 386 zelas,
934 326 987 374 et
1011 332 1231 375 securus
1260 330 1349 382 es;
1381 314 1604 386 poenitet
1631 323 1683 369 te
1703 355 1717 376 ,
1745 322 1802 368 et
1828 327 1930 366 non
1958 310 2056 365 do-

487 415 598 480 les,
629 413 871 467 irasceris
913 420 966 466 et
1009 409 1324 481 tranquillus
1365 423 1462 473 es;
1507 421 1668 476 opera
1708 413 1915 469 mutas,
1959 418 2060 459 nec

485 516 660 562 mutas
686 505 968 562 consilium
993 521 1008 559 :
1039 505 1233 576 recipis
1260 503 1402 575 quod
1433 503 1664 565 invenis.
1702 511 1756 557 et
1790 514 2059 571 nunquam

484 597 778 661 amisisti‘;
826 610 1092 666 nunquam
1135 596 1322 666 inops,
1366 603 1420 649 et
1457 593 1654 666 gaudes
1691 593 1884 657 lucris;
1925 607 2062 645 nun-

483 705 639 761 quam
667 703 878 749 avarus.
908 697 966 744 et
989 703 1180 744 usuras
1203 688 1388 758 exigis.
1411 687 1830 758 Supererogatur
1852 685 1942 739 tibi
1965 725 1978 747 ,
2006 691 2063 738 ut

483 781 712 845 debeas;
742 789 796 836 et
822 780 943 852 quis
968 779 1129 836 habet
1169 779 1454 850 quidquam
1499 794 1604 834 non
1643 778 1826 834 tuum?
1862 775 2062 832 Reddis

483 871 659 927 debita
687 871 823 926 nulli
850 872 1084 938 debens,
1116 870 1285 926 donas
1325 870 1504 926 debita
1547 870 1677 926 nihil
1715 869 1961 939 perdens.
1993 868 2062 924 Et

483 965 608 1035 quid
637 964 866 1020 diximus
884 967 929 1029 ’,
964 965 1104 1020 Deus
1131 978 1282 1019 meus
1304 1006 1319 1031 ,
1347 964 1455 1019 vita
1492 979 1609 1018 mea
1637 1004 1652 1029 ,
1684 960 1910 1018 dulcedo
1946 975 2062 1016 mea

484 1056 706 1113 sancta?
725 1065 815 1111 aut
839 1055 966 1128 quid
989 1056 1118 1111 dicit
1143 1055 1335 1126 aliquis
1350 1096 1365 1121 ,
1395 1069 1516 1110 cum
1542 1052 1610 1108 de
1633 1063 1686 1108 te
1710 1053 1874 1107 dicit?
1896 1051 1964 1106 Et
1984 1065 2064 1105 va:

484 1149 782 1206 tacentibus
805 1149 871 1204 de
897 1157 978 1214 te;
1007 1149 1257 1219 quoniam
1283 1147 1534 1218 loquaces
1564 1145 1696 1200 muti
1721 1152 1860 1200 sunt.

1117 1240 1345 1297 CAPUT
1382 1239 1447 1294 ν.

693 1333 833 1388 Petit
855 1348 1078 1388 amorem
1102 1330 1225 1398 Dei,
1253 1339 1299 1386 et
1323 1329 1616 1385 delictorum
1639 1328 1852 1382 veniam.

556 1427 609 1482 5.
650 1425 783 1494 Quis
807 1424 940 1480 mihi
961 1424 1108 1480 dabit
1127 1423 1464 1494 acquiescere
1489 1423 1542 1477 in
1569 1421 1652 1478 te?
1675 1421 1804 1490 Quis
1827 1418 1955 1476 mihi
1975 1419 2068 1476 da-

484 1517 563 1572 bit
590 1525 648 1571 ut
675 1516 858 1572 venias
878 1516 931 1570 in
952 1531 1048 1571 cor
1069 1530 1246 1571 meum
1267 1557 1282 1582 ,
1313 1525 1367 1570 et
1393 1513 1623 1570 inebries
1651 1513 1778 1569 illud
1797 1555 1810 1576 ,
1841 1521 1897 1567 ut
1929 1512 2068 1567 obli-

487 1611 665 1664 viscar
682 1609 821 1664 mala
847 1624 985 1671 mea.
1004 1617 1059 1664 et
1081 1623 1242 1664 unum
1260 1607 1456 1662 bonum
1475 1622 1653 1664 meum
1675 1607 1964 1677 amplectar
1985 1606 2070 1662 te?

485 1700 621 1766 Quid
643 1699 771 1754 mihi
791 1700 883 1755 es?
902 1699 1174 1766 Miserere,
1203 1707 1260 1754 ut
1278 1699 1484 1769 loquar.
1503 1697 1640 1767 Quid
1662 1698 1753 1754 tibi
1783 1713 1901 1753 sum
1929 1699 2064 1768 ipse,

485 1800 542 1845 nt
569 1792 735 1846 amari
765 1802 815 1848 te
835 1791 1025 1862 iubeas
1047 1807 1078 1846 a
1107 1808 1214 1860 me,
1235 1801 1289 1848 et
1314 1792 1417 1848 nisi
1437 1792 1624 1847 faciam
1651 1792 1894 1848 irascaris
1916 1792 2068 1859 mihi,

485 1891 538 1936 et
580 1882 800 1938 mineris
843 1883 1084 1953 ingentes
1117 1883 1397 1939 miserias?
1433 1884 1671 1939 Parvane
1709 1884 1822 1954 ipsa
1851 1892 1934 1939 est
1953 1883 1995 1949 ³,
2027 1884 2073 1940 si

487 1989 593 2027 non
630 1989 804 2029 amem
836 1974 924 2029 te?
952 1974 1047 2028 Hei
1080 1974 1241 2029 mihi!
1269 1975 1367 2029 Dic
1405 1975 1536 2032 mihi
1572 1990 1668 2046 per
1706 1975 2075 2031 miserationes

489 2073 605 2119 tuas
625 2105 640 2131 ,
667 2064 892 2119 Domine
917 2066 1057 2142 Deus
1080 2081 1261 2134 meus,
1289 2065 1417 2137 quid
1453 2067 1526 2121 sis
1567 2066 1715 2121 mihi.
1755 2065 1854 2120 Dic
1895 2068 2077 2122 animi:

490 2173 614 2212 mea:
637 2173 654 2211 :
675 2157 832 2213 Salus
852 2167 939 2212 tua
958 2175 1048 2231 ego
1071 2177 1184 2214 sum
1213 2159 1232 2230 (
1249 2159 1394 2214 Psal.
1422 2175 1620 2228 xxxiv,
1648 2160 1736 2231 '5).
1768 2159 1856 2216 Sic
1883 2159 1988 2227 dic,
2021 2167 2078 2214 ut

489 2248 719 2302 audiam.
747 2248 884 2303 Ecce
905 2265 1063 2304 aures
1088 2249 1268 2305 cordis
1286 2249 1392 2305 mei
1412 2257 1533 2305 ante
1560 2257 1632 2316 te,
1661 2250 1906 2316 Domine;
1932 2250 2079 2320 aperi

490 2356 601 2407 eas,
621 2350 675 2395 et
695 2341 776 2394 dic
791 2342 975 2396 anima:
994 2359 1118 2397 mete
1139 2359 1157 2396 :
1178 2342 1334 2398 Salus
1352 2352 1438 2396 tua
1458 2359 1549 2414 ego
1567 2359 1698 2398 sunt.
1714 2341 1934 2398 Curram
1959 2353 2080 2414 post

491 2449 677 2488 vocem
710 2433 846 2487 hanc
870 2475 884 2499 ,
915 2443 970 2488 et.
1007 2433 1400 2503 apprehendam
1433 2443 1501 2488 te.
1534 2434 1650 2489 Noli
1694 2434 2021 2490 abscondere
2051 2451 2082 2490 a

493 2541 579 2580 me
607 2526 796 2581 faciem
825 2533 966 2580 tuam
993 2543 1006 2578 :
1031 2525 1251 2591 moriar,
1276 2539 1345 2580 ne
1371 2525 1590 2592 moriar,
1622 2533 1681 2580 ut
1704 2541 1820 2581 eam
1850 2526 2077 2581 videam.

564 2616 618 2671 6.
661 2618 893 2686 Angusta
919 2626 1002 2672 est
1027 2615 1218 2686 domus
1246 2617 1438 2670 anima:
1475 2631 1609 2671 mea:
1649 2632 1754 2687 quo
1796 2617 1978 2672 venias
2011 2617 2078 2671 ad

497 2723 644 2774 eam;
671 2707 920 2763 dilatetur
945 2708 1042 2762 abs
1062 2715 1133 2762 te.
1159 2707 1389 2762 Ruinosa
1416 2715 1528 2773 est;
1558 2707 1719 2762 refice
1745 2723 1884 2763 eam.
1914 2708 2082 2763 liabet

495 2815 618 2871 qua:
646 2798 914 2854 offendant
940 2799 1123 2853 oculos
1161 2809 1305 2864 tuos;
1351 2797 1520 2853 fateor
1562 2807 1616 2854 et
1657 2799 1768 2853 scio
1803 2798 1936 2854 :sed
1963 2799 2084 2870 quis

498 2893 954 2947 mundabiteam?
977 2901 1067 2946 aut
1090 2893 1174 2947 cui
1211 2892 1361 2947 alteri
1406 2900 1599 2962 praeter
1626 2900 1676 2947 te
1705 2892 1975 2957 clamabo,
2008 2892 2082 2946 Ab

498 2987 712 3041 occultis
733 2987 854 3040 meis
872 2985 1060 3040 munda
1080 3002 1179 3051 me,
1197 2985 1430 3047 Domine,
1452 2994 1497 3038 et
1514 2983 1575 3038 ab
1593 2985 1771 3038 alienis
1787 3000 2087 3055 parceservo

500 3079 621 3132 tuo?
639 3077 809 3150 (Psal.
837 3094 994 3144 xvut,
1018 3079 1106 3140 15,
1135 3076 1262 3148 M.)
1287 3077 1460 3132 Credo
1480 3120 1494 3144 ,
1522 3086 1735 3147 propter
1755 3076 1894 3146 quod
1924 3085 1979 3132 et
2007 3077 2088 3131 lo-

500 3186 636 3239 quor
678 3168 863 3240 (Psal.
906 3185 1034 3234 cxv,
1074 3169 1215 3240 lO);
1248 3170 1500 3233 Domine,
1540 3180 1594 3222 tu
1633 3168 1968 3224 scis.Nonue
1993 3169 2087 3225 tibi

506 3261 816 3329 prolocutus
837 3276 955 3314 sum
973 3260 1251 3314 adversum
1275 3275 1359 3314 me
1374 3259 1563 3314 delicta
1584 3275 1723 3327 mea,
1744 3260 1882 3316 Deus
1903 3277 2084 3329 meus;

503 3361 559 3406 et
585 3361 638 3405 tu
665 3352 907 3406 dimisisti
931 3353 1251 3421 impietatem
1276 3352 1452 3406 cordis
1472 3353 1616 3407 mei?
1632 3352 1804 3423 (Psal.
1826 3370 1986 3420 xxxi,
2006 3355 2084 3428 5.)

504 3440 620 3497 Non
641 3441 840 3511 judicio
872 3443 1133 3497 contendo
1165 3453 1336 3498 tecum
1366 3443 1457 3513 qui
1484 3443 1678 3498 veritas
1697 3459 1755 3497 es
1783 3443 1902 3516 (Job
1922 3460 2001 3510 Ix,
2028 3444 2084 3513 2,

507 3532 588 3604 '5);
612 3539 666 3587 et
683 3547 782 3602 ego
803 3533 927 3586 nolo
944 3533 1125 3588 fallere
1147 3533 1427 3602 meipsum,
1452 3550 1518 3588 ne
1537 3535 1822 3590 mentiatur
1840 3536 2087 3606 iniquitas

508 3639 632 3678 mea
662 3624 760 3677 sibi
789 3623 956 3695 (Psal.
986 3639 1145 3690 xxvr,
1176 3623 1300 3695 12).
1324 3625 1436 3679 Non
1458 3641 1584 3696 ergo
1604 3626 1802 3696 judicio
1824 3627 2089 3684 contendo

509 3724 719 3781 tecum;
749 3716 868 3786 quia
896 3716 942 3770 si
969 3717 1271 3786 iniquitates
1294 3717 1682 3787 observaveris,
1711 3721 1960 3787 Domine;
1987 3722 2090 3778 Do-

508 3806 675 3872 mine,
706 3807 826 3877 quis
854 3809 1170 3864 sustinebit?
1199 3807 1368 3882 (Psal.
1397 3825 1590 3879 cxxtx,
1617 3810 1696 3884 3.)

1139 3920 1364 3978 CAPUT
1402 3921 1488 3978 Vl.

511 4011 793 4085 Infantiam
831 4030 976 4068 suam
1012 4013 1262 4082 describit,
1303 4015 1478 4070 laudat
1518 4015 1613 4070 Dei
1657 4019 2018 4087 providentiam
2047 4032 2094 4076 et

1132 4107 1474 4162 aeternitatem.

583 4200 638 4252 7.
680 4198 784 4255 Sed
822 4209 1020 4269 tamen,
1062 4201 1179 4257 sine
1221 4218 1307 4256 me
1339 4202 1480 4272 loqui
1508 4203 1647 4272 apud
1676 4204 2092 4262 misericordiam

513 4300 677 4358 tuam,
706 4308 791 4348 me
818 4303 1011 4348 terram
1032 4303 1086 4348 et
1113 4293 1367 4348 cinerem.
1390 4292 1518 4349 Sine
1537 4292 1554 4324 ³
1577 4307 1748 4350 tamen
1771 4296 1941 4366 loqui;
1966 4313 2096 4368 quo—

511 4383 654 4438 niam
672 4399 796 4440 ecce
813 4385 1174 4441 misericordia
1197 4396 1281 4440 tua
1298 4393 1399 4452 est,
1419 4401 1524 4440 non
1542 4386 1702 4442 homo
1719 4389 1906 4444 irrisor
1924 4407 2092 4458 meus,

515 4475 600 4530 cui
629 4475 833 4546 loquor.
876 4477 942 4532 Et
969 4485 1025 4531 tu
1065 4475 1290 4531 fortasse
1317 4476 1504 4531 irrides
1532 4493 1646 4545 me;
1688 4478 1780 4534 sed
1810 4494 2098 4538 conversus

512 4568 852 4624 misereberis
878 4569 1002 4624 mei.
1034 4568 1169 4636 Quid
1194 4568 1334 4623 enim
1356 4576 1438 4624 est
1460 4569 1599 4639 quod
1628 4571 1748 4625 volo
1768 4570 1962 4638 dicere,
1997 4573 2099 4627 Do-

516 4660 661 4716 mine
691 4661 830 4715 Dens
859 4676 1028 4724 meus,
1057 4660 1157 4714 nisi
1184 4661 1300 4731 quia
1334 4661 1516 4716 nescio
1543 4660 1683 4717 unde
1710 4664 1944 4718 venerim
1973 4664 2095 4732 huc,

515 4751 573 4806 in
605 4751 758 4806 istam
780 4752 898 4808 dico
918 4755 1080 4808 vitam
1101 4754 1377 4809 mortalem
1399 4755 1442 4822 ⁸,
1485 4771 1550 4809 an
1597 4765 1823 4812 mortem
1863 4758 2095 4826 vitalem,

582 4865 598 4894 ι
626 4869 768 4912 Juxta
789 4869 960 4913 80mm.
985 4863 1108 4914 Flor.
1134 4865 1278 4915 Rond.
1301 4880 1313 4914 :
1342 4864 1541 4916 Amittis.
1569 4874 1623 4917 Μ.

579 4925 602 4954 ³
627 4931 801 4974 Somm.
821 4932 874 4974 et
895 4926 1038 4974 ttond.
1066 4937 1127 4974 ex
1152 4939 1249 4975 uno
1269 4926 1349 4975 Cd.
1375 4941 1388 4975 :
1417 4927 1646 4980 Dicimus.
1671 4937 1727 4978 Μ.

440 5014 448 5039 ,-
585 4985 606 5016 ³
629 4985 907 5050 mantiquis
940 4986 1052 5050 edd,
1086 4987 1194 5036 Bad.
1232 4994 1330 5036 Am.
1361 4995 1413 5039 et
1433 4995 1507 5038 Er.
1527 5025 1540 5050 ,
1581 5003 1676 5041 nec
1705 5004 1802 5042 non
1845 4992 1896 5042 in
1941 5005 2038 5044 uno
2071 5007 2101 5044 e

521 5051 628 5095 Mss.
656 5045 863 5107 additur,
885 5045 1095 5097 miseria.

558 5165 570 5178 .
587 5110 608 5138 ⁸
624 5106 867 5178 Summa];
893 5109 1037 5158 80nd.
1070 5122 1134 5159 ex
1151 5122 1328 5160 novem
1345 5115 1473 5171 Mss;
1498 5118 1628 5162 Mart.
1653 5126 1714 5164 ex
1751 5113 1937 5166 duabus
1957 5123 2061 5167 Mss.
2088 5131 2100 5167 :

519 5177 628 5218 sme
647 5182 739 5220 me.
758 5177 812 5218 Μ.

589 5233 612 5264 ⁵
637 5237 703 5296 ita
734 5238 840 5281 Mss.
879 5230 1034 5296 ferme
1065 5244 1236 5296 omnes
1270 5239 1322 5296 et
1350 5233 1501 5284 editio
1531 5247 1621 5296 per
1668 5239 1917 5287 Antonium
1942 5241 2103 5290 Arual-

523 5292 639 5342 dum
662 5293 911 5344 doctorem
935 5293 1240 5343 Sorbonicum
1249 5294 1502 5355 adornata;
1527 5292 1610 5345 ubi
1630 5297 1832 5346 verbum
1852 5299 2010 5350 nescio
2019 5316 2101 5352 re-

523 5355 678 5406 fertur
694 5355 759 5425 ad
769 5355 1071 5425 superiorem
1086 5355 1379 5425 sententiam
1395 5370 1406 5405 :
1431 5357 1564 5425 unde
1579 5358 1784 5425 venerim
1802 5359 1910 5421 huc,
1930 5375 2022 5425 qua
2045 5377 2103 5414 se

525 5418 818 5488 augustinus
831 5415 1074 5488 significat
1092 5415 1222 5488 circa
1234 5416 1404 5488 animae
1415 5419 1653 5488 originem
1664 5415 1912 5488 fluctuare.
1927 5415 1982 5473 A't
1993 5426 2099 5476 Bad.

525 5478 625 5538 ᾼιιὶ.
649 5484 703 5538 et
737 5485 810 5528 Er.
843 5478 1028 5528 habent
1051 5491 1063 5526 :
1091 5486 1146 5528 In
1162 5478 1304 5529 istam
1322 5478 1432 5530 dico
1455 5478 1703 5530 mortalem
1724 5481 1867 5532 vitam
1891 5497 1908 5533 :
1932 5492 2104 5538 morta-

524 5535 619 5612 lem
637 5537 799 5612 dicam
811 5538 982 5612 .ritam,
1006 5544 1291 5612 camertem
1319 5538 1741 5612 titalem,_nescio:
1764 5559 1908 5608 quam
1941 5535 2105 5612 lectio-

523 5611 638 5662 nem
657 5602 978 5656 Lovanieuses
998 5603 1054 5652 ad
1072 5601 1214 5654 trium
1228 5607 1336 5654 Mss.
1353 5601 1499 5654 fidem
1510 5604 1581 5655 sic
1603 5601 1873 5657 mutarunt:
1896 5617 1948 5659 ιη
1965 5607 2104 5662 istam

525 5659 687 5711 dicam
700 5663 949 5716 mortalem
965 5663 1127 5726 vitam,
1157 5678 1218 5715 an
1241 5671 1439 5716 mortem
1458 5664 1643 5718 vitalem
1658 5702 1674 5729 ,
1697 5668 1871 5721 nescio.

1599 190 2116 254 CONFESSIONUM
2157 191 2214 247 S.
2246 189 2611 249 AUGUSTINI
2939 219 2955 235 --
3597 198 3680 256 θθι

2166 307 2366 362 nescio.
2386 308 2447 364 Et
2465 313 2812 378 susceperunt
2831 322 2918 364 me
2934 304 3318 364 consolationes
3340 307 3683 373 miserationum

2167 409 2393 465 tuarum,
2409 400 2545 454 sicut
2566 398 2743 454 audivi
2771 414 2800 454 a
2829 399 3131 469 parentibus
3147 398 3316 453 carnis
3331 414 3472 467 meae,
3489 418 3543 456 ex
3565 421 3651 474 quo
3668 409 3682 441 ι

2167 499 2220 544 et
2245 491 2297 544 in
2323 505 2426 560 qua
2452 488 2689 545 formasti
2710 505 2795 545 me
2823 490 2874 544 in
2900 497 3163 559 tempore,
3195 503 3299 543 non
3322 489 3454 545 enim
3480 507 3567 563 ego
3591 510 3683 551 me.

2167 581 2315 637 mini.
2337 581 2673 651 Exceperunt
2687 596 2812 652 ergo
2830 595 2914 635 me
2933 578 3319 635 consolationes
3335 579 3476 636 lactis
3491 581 3686 640 humani.

2168 673 2276 729 Nec
2300 681 2470 728 mater
2494 689 2632 738 mea,
2662 673 2744 728 vel
2775 671 3008 726 nutrices
3048 685 3182 726 mea:
3223 670 3322 726 sibi
3363 672 3513 728 ubera
3540 674 3692 745 imple-

2169 764 2329 819 bant:
2355 763 2449 820 sed
2478 773 2538 819 tu
2564 764 2691 818 mihi
2717 779 2816 835 per
2840 777 2932 818 eas
2955 762 3120 818 dabas
3147 761 3447 816 alimentum
3479 763 3690 834 infantiae,

2170 855 2458 912 secundum
2477 855 2857 911 institutionem
2878 863 3019 908 tuam
3047 861 3102 908 et
3125 851 3335 908 divitias
3351 867 3506 923 usque
3527 854 3584 908 ad
3603 855 3684 911 fune

2169 948 2293 1003 dum
2314 962 2494 1003 rerum
2519 945 2821 1017 dispositas.
2845 945 2924 999 Tu
2943 945 3102 999 etiam
3128 942 3258 998 mihi
3286 942 3444 997 dabas
3468 945 3594 1000 nolle
3610 961 3698 1002 am-

2171 1038 2308 1107 plius
2335 1053 2494 1109 quam
2513 1035 2708 1098 dabas;
2739 1043 2792 1090 et
2822 1033 3175 1089 nutrientibus
3197 1047 3284 1088 me
3308 1032 3430 1087 dare
3455 1033 3571 1088 mihi
3591 1036 3699 1092 velle

2172 1128 2312 1200 quod
2343 1129 2420 1184 eis
2441 1127 2624 1182 dabas.
2659 1126 2794 1181 Dare
2820 1125 2960 1180 enim
2990 1122 3120 1178 mibi
3163 1139 3258 1194 per
3282 1122 3565 1178 ordinatum
3597 1126 3699 1182 alie-

2179 1228 2322 1274 ctum
2348 1219 2597 1274 volebant
2620 1232 2726 1288 quo
2743 1232 2804 1270 ex
2826 1224 2876 1270 te
2893 1214 3249 1270 abundabant.
3273 1213 3402 1269 Nam
3423 1214 3598 1269 bonum
3613 1227 3703 1272 erat

2172 1311 2251 1366 eis
2270 1311 2465 1366 bonum
2483 1324 2660 1364 meum
2681 1323 2744 1362 ex
2767 1307 2876 1372 eis;
2903 1305 3043 1376 quod
3057 1321 3162 1360 non
3188 1320 3254 1360 ex
3283 1305 3358 1359 cis
3372 1306 3414 1372 ’,
3433 1306 3518 1360 sed
3537 1320 3618 1376 per
3633 1322 3702 1362 eas

2172 1412 2320 1458 erat:
2349 1417 2413 1458 ex
2445 1413 2496 1457 te
2521 1401 2714 1471 quippe
2740 1399 2874 1455 bona
2899 1399 3094 1461 omnia,
3138 1398 3307 1463 Deus;
3335 1408 3388 1452 et
3409 1413 3469 1454 ex
3500 1398 3702 1454 Deomeo

2172 1494 2314 1550 salus
2348 1492 2476 1548 mihi
2516 1493 2778 1547 universa.
2819 1489 2972 1557 Quod
3007 1488 3353 1544 animadverti
3398 1490 3701 1558 postmodum,

2173 1587 2433 1641 clamante
2462 1593 2512 1639 te
2540 1583 2668 1638 mihi
2709 1598 2805 1653 per
2851 1581 2964 1636 haec
3005 1581 3116 1651 ipsa
3145 1596 3269 1651 qua:
3310 1580 3490 1635 tribuis
3524 1582 3642 1636 intus
3666 1593 3706 1637 ct

2174 1677 2318 1732 foris.
2338 1675 2468 1732 Nam
2492 1684 2615 1730 tunc
2640 1689 2830 1743 sugere
2855 1687 3058 1736 noram,
3082 1679 3140 1726 et
3157 1672 3492 1742 acquiescere
3510 1671 3704 1728 delecta-

2177 1768 2426 1836 tionibus,
2469 1766 2598 1822 ﬂere
2639 1776 2816 1821 autem
2857 1764 3181 1820 offensiones
3216 1763 3393 1818 carnis
3426 1778 3577 1828 meae;
3605 1764 3706 1821 nihil

2178 1859 2422 1929 amplius.
3241 1901 3243 1908 ι

2249 1949 2302 2004 8.
2345 1949 2471 2004 Post
2513 1955 2566 2004 et
2609 1947 2784 2004 ridere
2825 1947 2984 2018 ccepi,
3027 1945 3302 2002 dormiens
3345 1945 3528 2016 primo,
3554 1945 3708 2000 deinde

2179 2041 2423 2112 vigilans.
2461 2041 2576 2096 Hoc
2597 2042 2741 2097 enim
2767 2041 2836 2096 de
2874 2056 2961 2096 me
2987 2039 3117 2096 mihi
3147 2038 3436 2095 indicatum
3461 2049 3538 2095 est
3557 2049 3602 2094 ct
3620 2055 3711 2094 erc-

2182 2132 2315 2200 didi,
2344 2133 2593 2204 quoniam
2621 2133 2698 2189 sic
2724 2132 2969 2205 videmus
2993 2142 3048 2188 et
3075 2131 3209 2187 alios
3237 2131 3466 2187 infantes
3486 2150 3498 2186 :
3520 2148 3624 2187 nam
3639 2133 3712 2187 ista

2186 2240 2302 2281 mea
2331 2241 2438 2280 non
2460 2225 2697 2280 memini.
2726 2226 2792 2280 Et
2815 2240 2942 2282 ecce
2969 2225 3221 2296 paulatim
3245 2225 3533 2282 sentiebam
3556 2225 3630 2279 ubi
3651 2241 3715 2281 es-

2189 2332 2325 2386 sem,
2341 2326 2397 2373 et
2412 2318 2708 2374 voluntates
2722 2333 2868 2374 meas
2881 2319 3123 2374 volebam
3138 2317 3423 2374 ostendere
3435 2317 3509 2374 eis
3525 2334 3605 2388 per
3613 2334 3715 2388 quos

2191 2410 2556 2480 implerentur,
2587 2419 2640 2465 et
2678 2425 2784 2465 non
2813 2421 3087 2481 poteram;
3132 2411 3254 2482 quia
3288 2411 3394 2466 illae
3421 2411 3553 2465 intus
3581 2421 3714 2473 erant,

2193 2500 2320 2556 foris
2345 2511 2521 2558 autem
2556 2501 2653 2567 illi,
2680 2517 2782 2557 nec
2811 2503 2916 2556 ullo
2942 2517 3046 2556 suo
3073 2517 3232 2557 sensu
3275 2501 3521 2556 valebant
3545 2501 3719 2556 introire

2193 2597 2246 2652 in
2271 2597 2500 2652 animam
2527 2612 2719 2652 meam.
2753 2596 2932 2668 itaque
2947 2597 3211 2666 jactabam
3239 2596 3480 2652 membra
3506 2604 3554 2650 et
3578 2610 3718 2657 voces,

2195 2690 2341 2759 signa
2367 2689 2558 2746 similia
2591 2689 2951 2744 voluntatibus
2980 2689 3134 2755 meis,
3161 2703 3330 2759 pauca
3367 2704 3482 2758 qua:
3505 2697 3718 2759 poteram,

2195 2781 2369 2852 qualia
2392 2789 2661 2850 poteram:
2693 2795 2799 2835 non
2829 2783 2971 2835 enim
2999 2788 3152 2836 erant
3170 2781 3281 2836 veri
3314 2780 3520 2835 similia.
3557 2779 3612 2833 Et
3631 2793 3720 2832 cum

2197 2876 2325 2930 mihi
2352 2891 2458 2930 non
2483 2875 2965 2946 obtemperabatur,
3009 2874 3092 2930 vel
3130 2888 3235 2929 non
3279 2874 3556 2937 intellecto,
3583 2872 3652 2927 vel
3675 2886 3723 2925 ne

2195 2967 2438 3034 obesset,
2463 2967 2774 3038 indignabar
2799 2983 2905 3021 non
2930 2965 3155 3022 subditis
3175 2967 3490 3035 majoribus,
3514 2972 3564 3018 et
3586 2962 3724 3018 liberis

2197 3074 2302 3113 non
2341 3057 2710 3124 servientibus,
2751 3067 2805 3113 et
2843 3073 2930 3113 me
2967 3057 3036 3113 de
3074 3057 3179 3111 illis
3220 3057 3401 3112 ﬂendo
3425 3054 3721 3110 vindicabam.

2196 3148 2351 3204 Tales
2379 3165 2496 3205 esse
2537 3149 2762 3204 infantes
2803 3148 2962 3203 didici
3001 3164 3134 3219 quos
3167 3148 3379 3205 discere
3416 3148 3571 3218 potui,
3599 3154 3726 3199 etme

2197 3238 2354 3293 talem
2381 3239 2544 3295 fuisse
2574 3239 2738 3310 magis
2763 3238 2891 3292 mihi
2921 3238 3018 3308 ipsi
3051 3237 3422 3293 indicaverunt
3455 3235 3722 3298 nescientes,

2195 3346 2350 3400 quam
2383 3331 2609 3386 scientes
2636 3331 2920 3385 nutritores
2939 3327 3064 3383 mei.

2265 3422 2320 3478 9.
2361 3423 2423 3477 Et
2463 3438 2588 3478 ecce
2629 3421 2846 3476 infantia
2884 3436 3001 3476 mea
3041 3421 3169 3475 olim
3211 3429 3422 3476 mortua
3461 3429 3556 3487 est,
3586 3428 3728 3488 etego

2192 3516 2332 3570 vivo.
2363 3516 2440 3569 Tu
2467 3524 2664 3581 autem,
2698 3514 2937 3578 Domine,
2964 3513 3052 3583 qui
3070 3509 3128 3568 ’et
3148 3528 3362 3584 semper
3389 3513 3532 3576 vivis,
3555 3520 3602 3566 et
3627 3509 3727 3563 nihil

2193 3607 2417 3662 moritur
2446 3608 2498 3662 in
2528 3617 2598 3672 te,
2631 3606 2879 3672 quoniam
2905 3614 3028 3660 ante
3059 3604 3348 3675 primordia
3374 3604 3730 3665 szrculorum,et

2194 3708 2317 3755 ante
2345 3714 2503 3755 omne
2533 3698 2674 3769 quod
2702 3699 2786 3754 vel
2828 3707 2950 3752 ante
2979 3697 3085 3752 dici
3123 3705 3319 3767 potest,
3356 3706 3409 3751 tu
3451 3714 3526 3763 es,
3555 3705 3601 3750 ct
3625 3695 3731 3748 Deus

2195 3808 2254 3848 es
2271 3792 2628 3861 Dominusque
2644 3791 2880 3845 omnium
2899 3806 3018 3861 quae
3043 3790 3235 3844 creasti
3258 3809 3271 3844 :
3293 3798 3348 3844 et
3367 3788 3500 3860 apud
3525 3798 3571 3844 te
3591 3800 3730 3842 rerum

2197 3883 2432 3936 omnium
2463 3881 2789 3935 instabilium
2834 3889 2978 3936 stant
3019 3895 3224 3946 causzc;
3254 3888 3309 3936 et
3337 3897 3512 3936 rerum
3537 3878 3732 3933 omnium

2196 3973 2524 4028 mutabilium
2555 3972 2912 4027 immutabiles
2933 3978 3149 4026 manent
3178 3970 3439 4042 origines;
3467 3977 3518 4026 et
3537 3967 3730 4023 omnium

2197 4065 2630 4120 irrationabilium
2662 4073 2715 4120 et
2745 4064 3115 4133 temporalium
3145 4063 3483 4133 sempiternae
3501 4061 3735 4115 ViVUﬂll‘J-

2199 4157 2388 4212 tiones.
2425 4155 2519 4210 Dic
2547 4153 2674 4208 mihi
2702 4155 2924 4224 supplici
2955 4163 3064 4220 tuo,
3097 4154 3254 4219 Deus,
3286 4162 3342 4209 et
3359 4152 3640 4208 misericors
3657 4148 3734 4203 mi-

2200 4261 2322 4301 sero
2345 4255 2465 4311 tuo;
2485 4244 2568 4298 dic
2590 4244 2717 4297 mihi
2741 4252 2917 4298 utrum
2933 4242 3042 4312 jam
3065 4242 3220 4297 alicui
3243 4243 3385 4297 anati
3405 4256 3532 4297 mea:
3552 4247 3734 4294 mortua:

2200 4340 2519 4394 successerit
2562 4337 2778 4392 infantia
2821 4353 2936 4392 mea
2961 4356 2973 4391 :
3002 4354 3069 4393 an
3103 4340 3188 4393 illa
3229 4348 3312 4395 est
3348 4354 3502 4410 quam
3527 4335 3599 4407 egi
3625 4335 3732 4388 intra

2200 4431 2402 4486 viscera
2432 4430 2614 4486 matris
2640 4432 2812 4487 meae?
2833 4431 2964 4486 Nam
2992 4440 3046 4487 et
3068 4431 3135 4487 de
3163 4431 3249 4486 illa
3279 4432 3408 4486 mihi
3438 4428 3653 4484 nonnihil
3671 4426 3735 4478 in-

2202 4522 2431 4577 dicatum
2460 4531 2563 4588 est,
2595 4530 2650 4576 et
2677 4531 3012 4592 prmgnantes
3059 4523 3174 4592 ipse
3215 4523 3322 4577 vidi
3363 4521 3591 4577 feminas.
3629 4515 3735 4584 Quid

2202 4625 2326 4672 ante
2349 4615 2486 4671 hanc
2514 4615 2694 4676 etiam.
2726 4615 2952 4672 dulcedo
2974 4630 3110 4681 mea,
3137 4616 3278 4672 Deus
3315 4614 3492 4670 meus?
3519 4613 3648 4668 fuine
3662 4609 3738 4661 ali-

2203 4707 2344 4771 cubi,
2371 4705 2696 4776 autaliquis?
2711 4705 2841 4760 Nam
2861 4705 2982 4777 quis
3002 4706 3130 4761 mihi
3156 4707 3296 4762 dicat
3315 4707 3434 4771 ista,
3457 4720 3555 4759 non
3576 4700 3734 4758 habeo;

2204 4807 2462 4870 necpiter
2481 4813 2578 4853 nec
2596 4807 2764 4853 mater
2786 4807 3086 4867 potuerunt,
3106 4813 3204 4854 nec
3214 4798 3434 4854 aliorum
3450 4793 3738 4866 experimen-

2205 4899 2337 4958 tum,
2377 4904 2477 4944 nec
2508 4890 2764 4944 memoria
2805 4906 2943 4944 mea.
2973 4892 3054 4945 An
3081 4891 3272 4946 irrides
3299 4905 3381 4946 me
3405 4890 3498 4944 ista
3523 4900 3732 4957 quieren-

2204 4992 2332 5048 tem,
2359 4990 2515 5051 teque
2537 4980 2604 5035 de
2630 4981 2729 5036 hoc
2757 4980 2897 5050 quod
2923 4981 3064 5048 novi,
3103 4981 3304 5036 laudari
3339 4996 3368 5034 a
3406 4995 3488 5034 me
3511 4978 3664 5049 jubes,
3691 4983 3732 5026 ct

2205 5071 2446 5130 confiteri
2476 5086 2561 5128 me
2588 5071 2681 5126 tibi
2699 5071 2755 5126 ‘?

2205 5171 2227 5235 ᾗ
2278 5165 2367 5219 10.
2407 5162 2676 5218 Confiteor
2701 5162 2816 5229 tibi,
2847 5163 3067 5218 Domine
3094 5163 3213 5219 οωιί
3258 5171 3311 5218 et
3349 5171 3516 5225 terrae,
3561 5155 3732 5214 laudem

2271 5305 2288 5336 ι
2306 5301 2438 5366 Apud
2455 5301 2564 5366 Bad.
2580 5308 2680 5366 Ain.
2700 5306 2774 5350 Er.
2790 5306 2843 5351 et
2856 5307 2983 5350 Lov.:
3005 5308 3190 5366 Egcgua
3204 5305 3250 5351 et
3265 5299 3315 5366 in
3329 5310 3433 5366 qua.
3452 5295 3609 5366 verius
3621 5300 3738 5366 potri}
3774 5227 3794 5366 ἓ

2206 5365 2258 5415 in
2278 5339 2781 5433 ὢῗὲἴῖιιέὶέἱιῖἰὸῖιῤ
2791 5339 3249 5425 ’ᾹὶιῖῗλῖηῐὶἱιῖἨ
3259 5339 3737 5422 assassination.
3774 5339 3792 5386 ι

2207 5434 2416 5491 parente
2439 5441 2450 5474 :
2482 5434 2556 5476 Ea:
2573 5435 2666 5491 quo
2679 5429 2727 5473 et
2743 5429 2795 5491 in
2812 5437 2923 5486 qua.

2270 5475 2458 5546 iiniit,
2478 5475 2604 5549 quod
2956 5493 3006 5535 at
3037 5491 3209 5536 50mm.
3229 5485 3346 5535 Dub.
3365 5488 3488 5532 Mart.
3506 5475 3734 5528 nondum

2209 5547 2924 5610 4M5s.:Qubdnonea:ieis.M.
3059 5609 3085 5610 η
3202 5609 3205 5610 ν
3498 5608 3505 5610 _
3594 5605 3604 5610 _
3674 5591 3733 5610 __.

2271 5613 2292 5644 ³
2314 5605 2488 5662 somn].
2507 5617 2618 5660 ων.
2637 5609 2782 5670 ιιοιιά.
2804 5621 2868 5658 ex
2892 5609 3136 5670 nonnullis
3153 5609 3284 5669 ωτι,
3303 5608 3572 5670 querentem
3588 5605 3650 5658 ιε,
3667 5605 3733 5664 φη

2208 5673 2269 5725 de
2285 5673 2388 5736 hoc,
2409 5672 2536 5736 quod
2552 5671 2662 5722 novi
2676 5709 2691 5733 ,
2720 5669 2914 5723 laudari
2927 5677 2988 5721 te.
3034 5679 3085 5723 Μ.
3379 5719 3382 5724 .
