  <div class='ocr_page' id='page_1' title='image "/cluster/home/n/w/nwhite01/storage/ocr_20150623/32/uva.x000669813/342.png"; bbox 0 0 3880 6394; ppageno 0'>
   <div class='ocr_carea' id='block_1_1' title="bbox 166 204 1947 291">
    <p class='ocr_par' dir='ltr' id='par_1_1' title="bbox 166 204 1947 291">
     <span class='ocr_line' id='line_1_1' title="bbox 166 204 1947 291; baseline -0.001 -20"><span class='ocrx_word' id='word_1_1' title='bbox 166 232 246 291; x_wconf 69' lang='grc' dir='ltr'><strong>ωε</strong></span> <span class='ocrx_word' id='word_1_2' title='bbox 1434 205 1637 264; x_wconf 77' lang='lat' dir='ltr'><strong>LIBER</strong></span> <span class='ocrx_word' id='word_1_3' title='bbox 1674 204 1947 270; x_wconf 73' lang='lat' dir='ltr'><strong>ramus.</strong></span> 
     </span>
    </p>
   </div>
   <div class='ocr_carea' id='block_1_2' title="bbox 167 325 1631 408">
    <p class='ocr_par' dir='ltr' id='par_1_2' title="bbox 167 325 1631 408">
     <span class='ocr_line' id='line_1_2' title="bbox 167 325 1631 408; baseline -0.02 -3"><span class='ocrx_word' id='word_1_4' title='bbox 167 352 307 407; x_wconf 79' lang='lat' dir='ltr'><strong>dicens</strong></span> <span class='ocrx_word' id='word_1_5' title='bbox 324 339 398 398; x_wconf 87' lang='lat' dir='ltr'><strong>tibi</strong></span> <span class='ocrx_word' id='word_1_6' title='bbox 420 336 478 394; x_wconf 87' lang='lat' dir='ltr'><strong>de</strong></span> <span class='ocrx_word' id='word_1_7' title='bbox 494 329 777 408; x_wconf 82' lang='lat' dir='ltr'><strong>primordiis</strong></span> <span class='ocrx_word' id='word_1_8' title='bbox 800 336 855 387; x_wconf 94' lang='lat' dir='ltr'><strong>et</strong></span> <span class='ocrx_word' id='word_1_9' title='bbox 878 325 1093 384; x_wconf 82' lang='lat' dir='ltr'><strong>infantia</strong></span> <span class='ocrx_word' id='word_1_10' title='bbox 1113 338 1231 381; x_wconf 91' lang='lat' dir='ltr'><strong>mea</strong></span> <span class='ocrx_word' id='word_1_11' title='bbox 1250 337 1368 395; x_wconf 69' lang='lat' dir='ltr'><strong>quas</strong></span> <span class='ocrx_word' id='word_1_12' title='bbox 1386 335 1495 378; x_wconf 91' lang='lat' dir='ltr'><strong>non</strong></span> <span class='ocrx_word' id='word_1_13' title='bbox 1514 336 1631 377; x_wconf 85' lang='lat' dir='ltr'><strong>me-</strong></span> 
     </span>
    </p>
   </div>
   <div class='ocr_carea' id='block_1_3' title="bbox 166 413 1636 502">
    <p class='ocr_par' dir='ltr' id='par_1_3' title="bbox 166 413 1636 502">
     <span class='ocr_line' id='line_1_3' title="bbox 166 413 1636 502; baseline -0.018 -6"><span class='ocrx_word' id='word_1_14' title='bbox 166 438 283 502; x_wconf 87' lang='lat' dir='ltr'><strong>mini;</strong></span> <span class='ocrx_word' id='word_1_15' title='bbox 307 443 351 489; x_wconf 89' lang='lat' dir='ltr'><strong>et</strong></span> <span class='ocrx_word' id='word_1_16' title='bbox 365 428 529 487; x_wconf 90' lang='lat' dir='ltr'><strong>dedisti</strong></span> <span class='ocrx_word' id='word_1_17' title='bbox 552 440 610 481; x_wconf 89' lang='lat' dir='ltr'><strong>ea</strong></span> <span class='ocrx_word' id='word_1_18' title='bbox 631 421 825 478; x_wconf 85' lang='lat' dir='ltr'><strong>homini</strong></span> <span class='ocrx_word' id='word_1_19' title='bbox 851 434 920 477; x_wconf 79' lang='lat' dir='ltr'><strong>ex</strong></span> <span class='ocrx_word' id='word_1_20' title='bbox 942 418 1060 474; x_wconf 88' lang='lat' dir='ltr'><strong>aliis</strong></span> <span class='ocrx_word' id='word_1_21' title='bbox 1086 416 1153 473; x_wconf 90' lang='lat' dir='ltr'><strong>de</strong></span> <span class='ocrx_word' id='word_1_22' title='bbox 1178 430 1238 471; x_wconf 89' lang='lat' dir='ltr'><strong>se</strong></span> <span class='ocrx_word' id='word_1_23' title='bbox 1260 413 1549 485; x_wconf 86' lang='lat' dir='ltr'><strong>conjicere,</strong></span> <span class='ocrx_word' id='word_1_24' title='bbox 1581 422 1636 470; x_wconf 91' lang='lat' dir='ltr'><strong>et</strong></span> 
     </span>
    </p>
   </div>
   <div class='ocr_carea' id='block_1_4' title="bbox 160 505 1637 588">
    <p class='ocr_par' dir='ltr' id='par_1_4' title="bbox 160 505 1637 588">
     <span class='ocr_line' id='line_1_4' title="bbox 160 505 1637 588; baseline -0.02 1"><span class='ocrx_word' id='word_1_25' title='bbox 160 522 480 588; x_wconf 83' lang='lat' dir='ltr'><strong>auctoritatibus</strong></span> <span class='ocrx_word' id='word_1_26' title='bbox 501 515 649 572; x_wconf 88' lang='lat' dir='ltr'><strong>etiam</strong></span> <span class='ocrx_word' id='word_1_27' title='bbox 677 510 1100 569; x_wconf 80' lang='lat' dir='ltr'><strong>muliercularum</strong></span> <span class='ocrx_word' id='word_1_28' title='bbox 1125 507 1289 563; x_wconf 88' lang='lat' dir='ltr'><strong>multa</strong></span> <span class='ocrx_word' id='word_1_29' title='bbox 1315 505 1387 562; x_wconf 91' lang='lat' dir='ltr'><strong>de</strong></span> <span class='ocrx_word' id='word_1_30' title='bbox 1423 520 1482 562; x_wconf 91' lang='lat' dir='ltr'><strong>se</strong></span> <span class='ocrx_word' id='word_1_31' title='bbox 1519 520 1637 561; x_wconf 88' lang='lat' dir='ltr'><strong>cre-</strong></span> 
     </span>
    </p>
   </div>
   <div class='ocr_carea' id='block_1_5' title="bbox 160 595 1632 678">
    <p class='ocr_par' dir='ltr' id='par_1_5' title="bbox 160 595 1632 678">
     <span class='ocr_line' id='line_1_5' title="bbox 160 595 1632 678; baseline -0.015 -6"><span class='ocrx_word' id='word_1_32' title='bbox 160 622 269 678; x_wconf 72' lang='lat' dir='ltr'><strong>den.</strong></span> <span class='ocrx_word' id='word_1_33' title='bbox 290 615 421 671; x_wconf 83' lang='lat' dir='ltr'><strong>Eram</strong></span> <span class='ocrx_word' id='word_1_34' title='bbox 445 608 574 665; x_wconf 88' lang='lat' dir='ltr'><strong>enim</strong></span> <span class='ocrx_word' id='word_1_35' title='bbox 611 613 664 661; x_wconf 88' lang='lat' dir='ltr'><strong>et</strong></span> <span class='ocrx_word' id='word_1_36' title='bbox 705 603 942 658; x_wconf 84' lang='lat' dir='ltr'><strong>vivebam</strong></span> <span class='ocrx_word' id='word_1_37' title='bbox 971 600 1130 658; x_wconf 89' lang='lat' dir='ltr'><strong>etiam</strong></span> <span class='ocrx_word' id='word_1_38' title='bbox 1174 607 1318 665; x_wconf 92' lang='lat' dir='ltr'><strong>tunc,</strong></span> <span class='ocrx_word' id='word_1_39' title='bbox 1365 604 1422 653; x_wconf 90' lang='lat' dir='ltr'><strong>et</strong></span> <span class='ocrx_word' id='word_1_40' title='bbox 1461 595 1632 668; x_wconf 89' lang='lat' dir='ltr'><strong>signa,</strong></span> 
     </span>
    </p>
   </div>
   <div class='ocr_carea' id='block_1_6' title="bbox 159 687 1636 783">
    <p class='ocr_par' dir='ltr' id='par_1_6' title="bbox 159 687 1636 783">
     <span class='ocr_line' id='line_1_6' title="bbox 159 687 1636 783; baseline -0.016 -18"><span class='ocrx_word' id='word_1_41' title='bbox 159 708 302 783; x_wconf 84' lang='lat' dir='ltr'><strong>quibus</strong></span> <span class='ocrx_word' id='word_1_42' title='bbox 320 717 452 761; x_wconf 82' lang='lat' dir='ltr'><strong>sensa</strong></span> <span class='ocrx_word' id='word_1_43' title='bbox 477 713 586 755; x_wconf 87' lang='lat' dir='ltr'><strong>mea</strong></span> <span class='ocrx_word' id='word_1_44' title='bbox 621 705 745 752; x_wconf 90' lang='lat' dir='ltr'><strong>nota</strong></span> <span class='ocrx_word' id='word_1_45' title='bbox 771 694 887 749; x_wconf 89' lang='lat' dir='ltr'><strong>aliis</strong></span> <span class='ocrx_word' id='word_1_46' title='bbox 934 691 1186 757; x_wconf 87' lang='lat' dir='ltr'><strong>facerem,</strong></span> <span class='ocrx_word' id='word_1_47' title='bbox 1213 689 1321 761; x_wconf 89' lang='lat' dir='ltr'><strong>jam</strong></span> <span class='ocrx_word' id='word_1_48' title='bbox 1348 689 1403 744; x_wconf 92' lang='lat' dir='ltr'><strong>in</strong></span> <span class='ocrx_word' id='word_1_49' title='bbox 1433 688 1535 743; x_wconf 78' lang='lat' dir='ltr'><strong>line</strong></span> <span class='ocrx_word' id='word_1_50' title='bbox 1555 687 1636 743; x_wconf 83' lang='lat' dir='ltr'><strong>in-</strong></span> 
     </span>
    </p>
   </div>
   <div class='ocr_carea' id='block_1_7' title="bbox 158 780 1631 866">
    <p class='ocr_par' dir='ltr' id='par_1_7' title="bbox 158 780 1631 866">
     <span class='ocr_line' id='line_1_7' title="bbox 158 780 1631 866; baseline -0.014 -9"><span class='ocrx_word' id='word_1_51' title='bbox 158 780 288 856; x_wconf 68' lang='lat' dir='ltr'><strong>fantis</strong></span> <span class='ocrx_word' id='word_1_52' title='bbox 304 790 588 866; x_wconf 67' lang='lat' dir='ltr'><strong>quaerebam.</strong></span> <span class='ocrx_word' id='word_1_53' title='bbox 617 784 769 844; x_wconf 87' lang='lat' dir='ltr'><strong>Unde</strong></span> <span class='ocrx_word' id='word_1_54' title='bbox 793 784 895 841; x_wconf 90' lang='lat' dir='ltr'><strong>hoc</strong></span> <span class='ocrx_word' id='word_1_55' title='bbox 923 783 1028 839; x_wconf 91' lang='lat' dir='ltr'><strong>tale</strong></span> <span class='ocrx_word' id='word_1_56' title='bbox 1068 781 1263 837; x_wconf 80' lang='lat' dir='ltr'><strong>animal</strong></span> <span class='ocrx_word' id='word_1_57' title='bbox 1306 780 1406 837; x_wconf 91' lang='lat' dir='ltr'><strong>nisi</strong></span> <span class='ocrx_word' id='word_1_58' title='bbox 1432 780 1529 838; x_wconf 89' lang='lat' dir='ltr'><strong>abs</strong></span> <span class='ocrx_word' id='word_1_59' title='bbox 1558 789 1631 846; x_wconf 90' lang='lat' dir='ltr'><strong>te,</strong></span> 
     </span>
    </p>
   </div>
   <div class='ocr_carea' id='block_1_8' title="bbox 157 871 1635 952">
    <p class='ocr_par' dir='ltr' id='par_1_8' title="bbox 157 871 1635 952">
     <span class='ocr_line' id='line_1_8' title="bbox 157 871 1635 952; baseline -0.015 -5"><span class='ocrx_word' id='word_1_60' title='bbox 157 886 349 947; x_wconf 78' lang='lat' dir='ltr'><strong>Domine?</strong></span> <span class='ocrx_word' id='word_1_61' title='bbox 363 885 434 938; x_wconf 81' lang='lat' dir='ltr'><strong>An</strong></span> <span class='ocrx_word' id='word_1_62' title='bbox 452 881 715 952; x_wconf 75' lang='lat' dir='ltr'><strong>quisquam</strong></span> <span class='ocrx_word' id='word_1_63' title='bbox 734 892 792 933; x_wconf 90' lang='lat' dir='ltr'><strong>se</strong></span> <span class='ocrx_word' id='word_1_64' title='bbox 813 873 1040 932; x_wconf 75' lang='lat' dir='ltr'><strong>faciendi</strong></span> <span class='ocrx_word' id='word_1_65' title='bbox 1064 874 1166 930; x_wconf 91' lang='lat' dir='ltr'><strong>erit</strong></span> <span class='ocrx_word' id='word_1_66' title='bbox 1182 871 1406 928; x_wconf 75' lang='lat' dir='ltr'><strong>artifex?</strong></span> <span class='ocrx_word' id='word_1_67' title='bbox 1419 879 1512 928; x_wconf 81' lang='lat' dir='ltr'><strong>aut</strong></span> <span class='ocrx_word' id='word_1_68' title='bbox 1532 871 1635 926; x_wconf 87' lang='lat' dir='ltr'><strong>ulla</strong></span> 
     </span>
    </p>
   </div>
   <div class='ocr_carea' id='block_1_9' title="bbox 154 965 1632 1042">
    <p class='ocr_par' dir='ltr' id='par_1_9' title="bbox 154 965 1632 1042">
     <span class='ocr_line' id='line_1_9' title="bbox 154 965 1632 1042; baseline -0.014 -2"><span class='ocrx_word' id='word_1_69' title='bbox 154 999 250 1040; x_wconf 81' lang='lat' dir='ltr'><strong>vena</strong></span> <span class='ocrx_word' id='word_1_70' title='bbox 269 979 456 1036; x_wconf 90' lang='lat' dir='ltr'><strong>trahitur</strong></span> <span class='ocrx_word' id='word_1_71' title='bbox 467 972 689 1041; x_wconf 84' lang='lat' dir='ltr'><strong>aliunde,</strong></span> <span class='ocrx_word' id='word_1_72' title='bbox 713 985 813 1042; x_wconf 90' lang='lat' dir='ltr'><strong>qua</strong></span> <span class='ocrx_word' id='word_1_73' title='bbox 829 984 949 1026; x_wconf 88' lang='lat' dir='ltr'><strong>esse</strong></span> <span class='ocrx_word' id='word_1_74' title='bbox 961 976 1017 1024; x_wconf 92' lang='lat' dir='ltr'><strong>et</strong></span> <span class='ocrx_word' id='word_1_75' title='bbox 1043 968 1218 1023; x_wconf 88' lang='lat' dir='ltr'><strong>vivere</strong></span> <span class='ocrx_word' id='word_1_76' title='bbox 1238 975 1419 1022; x_wconf 85' lang='lat' dir='ltr'><strong>currat</strong></span> <span class='ocrx_word' id='word_1_77' title='bbox 1440 965 1493 1020; x_wconf 92' lang='lat' dir='ltr'><strong>in</strong></span> <span class='ocrx_word' id='word_1_78' title='bbox 1514 980 1632 1033; x_wconf 89' lang='lat' dir='ltr'><strong>nos,</strong></span> 
     </span>
    </p>
   </div>
   <div class='ocr_carea' id='block_1_10' title="bbox 156 1056 1638 1147">
    <p class='ocr_par' dir='ltr' id='par_1_10' title="bbox 156 1056 1638 1147">
     <span class='ocr_line' id='line_1_10' title="bbox 156 1056 1638 1147; baseline -0.012 -19"><span class='ocrx_word' id='word_1_79' title='bbox 156 1083 424 1147; x_wconf 60' lang='lat' dir='ltr'><strong>patet-quam</strong></span> <span class='ocrx_word' id='word_1_80' title='bbox 447 1063 577 1136; x_wconf 87' lang='lat' dir='ltr'><strong>quod</strong></span> <span class='ocrx_word' id='word_1_81' title='bbox 616 1072 671 1118; x_wconf 90' lang='lat' dir='ltr'><strong>tu</strong></span> <span class='ocrx_word' id='word_1_82' title='bbox 713 1060 842 1116; x_wconf 88' lang='lat' dir='ltr'><strong>facis</strong></span> <span class='ocrx_word' id='word_1_83' title='bbox 885 1073 1003 1124; x_wconf 90' lang='lat' dir='ltr'><strong>nos,</strong></span> <span class='ocrx_word' id='word_1_84' title='bbox 1052 1057 1293 1123; x_wconf 87' lang='lat' dir='ltr'><strong>Domine,</strong></span> <span class='ocrx_word' id='word_1_85' title='bbox 1319 1056 1404 1111; x_wconf 92' lang='lat' dir='ltr'><strong>cui</strong></span> <span class='ocrx_word' id='word_1_86' title='bbox 1439 1070 1558 1112; x_wconf 89' lang='lat' dir='ltr'><strong>esse</strong></span> <span class='ocrx_word' id='word_1_87' title='bbox 1582 1063 1638 1110; x_wconf 89' lang='lat' dir='ltr'><strong>et</strong></span> 
     </span>
    </p>
   </div>
   <div class='ocr_carea' id='block_1_11' title="bbox 154 1149 1636 1226">
    <p class='ocr_par' dir='ltr' id='par_1_11' title="bbox 154 1149 1636 1226">
     <span class='ocr_line' id='line_1_11' title="bbox 154 1149 1636 1226; baseline -0.013 -5"><span class='ocrx_word' id='word_1_88' title='bbox 154 1170 279 1221; x_wconf 78' lang='lat' dir='ltr'><strong>vivere</strong></span> <span class='ocrx_word' id='word_1_89' title='bbox 298 1176 383 1216; x_wconf 89' lang='lat' dir='ltr'><strong>non</strong></span> <span class='ocrx_word' id='word_1_90' title='bbox 401 1156 532 1213; x_wconf 83' lang='lat' dir='ltr'><strong>aliud</strong></span> <span class='ocrx_word' id='word_1_91' title='bbox 550 1164 706 1226; x_wconf 89' lang='lat' dir='ltr'><strong>atque</strong></span> <span class='ocrx_word' id='word_1_92' title='bbox 728 1151 868 1208; x_wconf 84' lang='lat' dir='ltr'><strong>aliud</strong></span> <span class='ocrx_word' id='word_1_93' title='bbox 887 1160 966 1207; x_wconf 89' lang='lat' dir='ltr'><strong>est</strong></span> <span class='ocrx_word' id='word_1_94' title='bbox 983 1167 998 1215; x_wconf 90' lang='lat'><strong>;</strong></span> <span class='ocrx_word' id='word_1_95' title='bbox 1016 1149 1137 1221; x_wconf 89' lang='lat' dir='ltr'><strong>quia</strong></span> <span class='ocrx_word' id='word_1_96' title='bbox 1165 1163 1372 1205; x_wconf 90' lang='lat' dir='ltr'><strong>summe</strong></span> <span class='ocrx_word' id='word_1_97' title='bbox 1390 1162 1528 1212; x_wconf 90' lang='lat' dir='ltr'><strong>esse,</strong></span> <span class='ocrx_word' id='word_1_98' title='bbox 1550 1156 1636 1203; x_wconf 91' lang='lat' dir='ltr'><strong>at-</strong></span> 
     </span>
    </p>
   </div>
   <div class='ocr_carea' id='block_1_12' title="bbox 155 1239 1639 1329">
    <p class='ocr_par' dir='ltr' id='par_1_12' title="bbox 155 1239 1639 1329">
     <span class='ocr_line' id='line_1_12' title="bbox 155 1239 1639 1329; baseline -0.012 -19"><span class='ocrx_word' id='word_1_99' title='bbox 155 1272 224 1329; x_wconf 83' lang='lat' dir='ltr'><strong>que</strong></span> <span class='ocrx_word' id='word_1_100' title='bbox 242 1266 409 1310; x_wconf 83' lang='lat' dir='ltr'><strong>summe</strong></span> <span class='ocrx_word' id='word_1_101' title='bbox 431 1249 598 1304; x_wconf 81' lang='lat' dir='ltr'><strong>vivere</strong></span> <span class='ocrx_word' id='word_1_102' title='bbox 636 1245 864 1315; x_wconf 88' lang='lat' dir='ltr'><strong>idipsum</strong></span> <span class='ocrx_word' id='word_1_103' title='bbox 891 1242 987 1299; x_wconf 83' lang='lat' dir='ltr'><strong>es?</strong></span> <span class='ocrx_word' id='word_1_104' title='bbox 1014 1241 1264 1298; x_wconf 88' lang='lat' dir='ltr'><strong>Summus</strong></span> <span class='ocrx_word' id='word_1_105' title='bbox 1295 1239 1437 1295; x_wconf 92' lang='lat' dir='ltr'><strong>enim</strong></span> <span class='ocrx_word' id='word_1_106' title='bbox 1467 1252 1546 1302; x_wconf 86' lang='lat' dir='ltr'><strong>es,</strong></span> <span class='ocrx_word' id='word_1_107' title='bbox 1585 1247 1639 1293; x_wconf 84' lang='lat' dir='ltr'><strong>et</strong></span> 
     </span>
    </p>
   </div>
   <div class='ocr_carea' id='block_1_13' title="bbox 155 1328 1639 1410">
    <p class='ocr_par' dir='ltr' id='par_1_13' title="bbox 155 1328 1639 1410">
     <span class='ocr_line' id='line_1_13' title="bbox 155 1328 1639 1410; baseline -0.015 -4"><span class='ocrx_word' id='word_1_108' title='bbox 155 1328 225 1406; x_wconf 84' lang='lat' dir='ltr'><strong>non</strong></span> <span class='ocrx_word' id='word_1_109' title='bbox 241 1343 451 1408; x_wconf 72' lang='lat' dir='ltr'><strong>neutris;</strong></span> <span class='ocrx_word' id='word_1_110' title='bbox 476 1354 643 1410; x_wconf 89' lang='lat' dir='ltr'><strong>neque</strong></span> <span class='ocrx_word' id='word_1_111' title='bbox 664 1334 931 1409; x_wconf 80' lang='lat' dir='ltr'><strong>peragitur</strong></span> <span class='ocrx_word' id='word_1_112' title='bbox 949 1333 1002 1388; x_wconf 91' lang='lat' dir='ltr'><strong>in</strong></span> <span class='ocrx_word' id='word_1_113' title='bbox 1033 1341 1085 1388; x_wconf 91' lang='lat' dir='ltr'><strong>te</strong></span> <span class='ocrx_word' id='word_1_114' title='bbox 1104 1330 1391 1387; x_wconf 87' lang='lat' dir='ltr'><strong>hodiernus</strong></span> <span class='ocrx_word' id='word_1_115' title='bbox 1415 1328 1549 1395; x_wconf 91' lang='lat' dir='ltr'><strong>dies,</strong></span> <span class='ocrx_word' id='word_1_116' title='bbox 1581 1336 1639 1384; x_wconf 91' lang='lat' dir='ltr'><strong>et</strong></span> 
     </span>
    </p>
   </div>
   <div class='ocr_carea' id='block_1_14' title="bbox 154 1420 1632 1502">
    <p class='ocr_par' dir='ltr' id='par_1_14' title="bbox 154 1420 1632 1502">
     <span class='ocr_line' id='line_1_14' title="bbox 154 1420 1632 1502; baseline -0.014 -7"><span class='ocrx_word' id='word_1_117' title='bbox 154 1451 277 1495; x_wconf 82' lang='lat' dir='ltr'><strong>tamen</strong></span> <span class='ocrx_word' id='word_1_118' title='bbox 295 1437 339 1491; x_wconf 91' lang='lat' dir='ltr'><strong>iu</strong></span> <span class='ocrx_word' id='word_1_119' title='bbox 362 1443 406 1488; x_wconf 89' lang='lat' dir='ltr'><strong>te</strong></span> <span class='ocrx_word' id='word_1_120' title='bbox 433 1432 707 1502; x_wconf 70' lang='lat' dir='ltr'><strong>peragitur,</strong></span> <span class='ocrx_word' id='word_1_121' title='bbox 731 1428 853 1498; x_wconf 87' lang='lat' dir='ltr'><strong>quia</strong></span> <span class='ocrx_word' id='word_1_122' title='bbox 891 1427 947 1481; x_wconf 92' lang='lat' dir='ltr'><strong>in</strong></span> <span class='ocrx_word' id='word_1_123' title='bbox 974 1434 1026 1481; x_wconf 90' lang='lat' dir='ltr'><strong>te</strong></span> <span class='ocrx_word' id='word_1_124' title='bbox 1060 1431 1186 1480; x_wconf 87' lang='lat' dir='ltr'><strong>sunt</strong></span> <span class='ocrx_word' id='word_1_125' title='bbox 1207 1430 1262 1477; x_wconf 91' lang='lat' dir='ltr'><strong>et</strong></span> <span class='ocrx_word' id='word_1_126' title='bbox 1290 1423 1390 1477; x_wconf 86' lang='lat' dir='ltr'><strong>ista</strong></span> <span class='ocrx_word' id='word_1_127' title='bbox 1415 1420 1593 1477; x_wconf 87' lang='lat' dir='ltr'><strong>omnia</strong></span> <span class='ocrx_word' id='word_1_128' title='bbox 1618 1437 1632 1475; x_wconf 90' lang='lat'><strong>:</strong></span> 
     </span>
    </p>
   </div>
   <div class='ocr_carea' id='block_1_15' title="bbox 151 1513 1632 1588">
    <p class='ocr_par' dir='ltr' id='par_1_15' title="bbox 151 1513 1632 1588">
     <span class='ocr_line' id='line_1_15' title="bbox 151 1513 1632 1588; baseline -0.014 0"><span class='ocrx_word' id='word_1_129' title='bbox 151 1548 221 1588; x_wconf 87' lang='lat' dir='ltr'><strong>non</strong></span> <span class='ocrx_word' id='word_1_130' title='bbox 235 1529 347 1586; x_wconf 88' lang='lat' dir='ltr'><strong>enim</strong></span> <span class='ocrx_word' id='word_1_131' title='bbox 364 1525 600 1581; x_wconf 86' lang='lat' dir='ltr'><strong>haberent</strong></span> <span class='ocrx_word' id='word_1_132' title='bbox 612 1522 727 1578; x_wconf 84' lang='lat' dir='ltr'><strong>vias</strong></span> <span class='ocrx_word' id='word_1_133' title='bbox 749 1513 1079 1583; x_wconf 71' lang='lat' dir='ltr'><strong>transeundi,</strong></span> <span class='ocrx_word' id='word_1_134' title='bbox 1108 1516 1211 1572; x_wconf 84' lang='lat' dir='ltr'><strong>nisi</strong></span> <span class='ocrx_word' id='word_1_135' title='bbox 1234 1515 1535 1572; x_wconf 85' lang='lat' dir='ltr'><strong>contineres</strong></span> <span class='ocrx_word' id='word_1_136' title='bbox 1551 1530 1632 1569; x_wconf 87' lang='lat' dir='ltr'><strong>ea.</strong></span> 
     </span>
    </p>
   </div>
   <div class='ocr_carea' id='block_1_16' title="bbox 149 1606 1636 1693">
    <p class='ocr_par' dir='ltr' id='par_1_16' title="bbox 149 1606 1636 1693">
     <span class='ocr_line' id='line_1_16' title="bbox 149 1606 1636 1693; baseline -0.012 -16"><span class='ocrx_word' id='word_1_137' title='bbox 149 1619 405 1693; x_wconf 80' lang='lat' dir='ltr'><strong>thuoniam</strong></span> <span class='ocrx_word' id='word_1_138' title='bbox 431 1616 548 1671; x_wconf 90' lang='lat' dir='ltr'><strong>anni</strong></span> <span class='ocrx_word' id='word_1_139' title='bbox 576 1613 655 1670; x_wconf 90' lang='lat' dir='ltr'><strong>tui</strong></span> <span class='ocrx_word' id='word_1_140' title='bbox 683 1629 788 1668; x_wconf 90' lang='lat' dir='ltr'><strong>non</strong></span> <span class='ocrx_word' id='word_1_141' title='bbox 815 1611 1071 1667; x_wconf 82' lang='lat' dir='ltr'><strong>deficiunt</strong></span> <span class='ocrx_word' id='word_1_142' title='bbox 1096 1610 1138 1676; x_wconf 78' lang='grc'><strong>⁸,</strong></span> <span class='ocrx_word' id='word_1_143' title='bbox 1168 1608 1293 1664; x_wconf 88' lang='lat' dir='ltr'><strong>anni</strong></span> <span class='ocrx_word' id='word_1_144' title='bbox 1318 1606 1395 1663; x_wconf 92' lang='lat' dir='ltr'><strong>tui</strong></span> <span class='ocrx_word' id='word_1_145' title='bbox 1423 1606 1636 1663; x_wconf 88' lang='lat' dir='ltr'><strong>hodier-</strong></span> 
     </span>
    </p>
   </div>
   <div class='ocr_carea' id='block_1_17' title="bbox 148 1700 1637 1779">
    <p class='ocr_par' dir='ltr' id='par_1_17' title="bbox 148 1700 1637 1779">
     <span class='ocr_line' id='line_1_17' title="bbox 148 1700 1637 1779; baseline -0.012 -9"><span class='ocrx_word' id='word_1_146' title='bbox 148 1728 216 1770; x_wconf 84' lang='lat' dir='ltr'><strong>nus</strong></span> <span class='ocrx_word' id='word_1_147' title='bbox 231 1711 346 1768; x_wconf 86' lang='lat' dir='ltr'><strong>dies:</strong></span> <span class='ocrx_word' id='word_1_148' title='bbox 361 1716 410 1766; x_wconf 90' lang='lat' dir='ltr'><strong>et</strong></span> <span class='ocrx_word' id='word_1_149' title='bbox 426 1721 575 1779; x_wconf 89' lang='lat' dir='ltr'><strong>quam</strong></span> <span class='ocrx_word' id='word_1_150' title='bbox 602 1704 755 1761; x_wconf 91' lang='lat' dir='ltr'><strong>multi</strong></span> <span class='ocrx_word' id='word_1_151' title='bbox 774 1703 887 1774; x_wconf 89' lang='lat' dir='ltr'><strong>jam</strong></span> <span class='ocrx_word' id='word_1_152' title='bbox 904 1701 1020 1758; x_wconf 89' lang='lat' dir='ltr'><strong>dies</strong></span> <span class='ocrx_word' id='word_1_153' title='bbox 1043 1700 1214 1756; x_wconf 86' lang='lat' dir='ltr'><strong>nostri</strong></span> <span class='ocrx_word' id='word_1_154' title='bbox 1230 1708 1284 1755; x_wconf 90' lang='lat' dir='ltr'><strong>et</strong></span> <span class='ocrx_word' id='word_1_155' title='bbox 1311 1708 1516 1770; x_wconf 83' lang='lat' dir='ltr'><strong>patrum</strong></span> <span class='ocrx_word' id='word_1_156' title='bbox 1538 1712 1637 1753; x_wconf 79' lang='lat' dir='ltr'><strong>no-</strong></span> 
     </span>
    </p>
   </div>
   <div class='ocr_carea' id='block_1_18' title="bbox 145 1789 1637 1871">
    <p class='ocr_par' dir='ltr' id='par_1_18' title="bbox 145 1789 1637 1871">
     <span class='ocr_line' id='line_1_18' title="bbox 145 1789 1637 1871; baseline -0.009 -12"><span class='ocrx_word' id='word_1_157' title='bbox 145 1814 313 1859; x_wconf 87' lang='lat' dir='ltr'><strong>strorum</strong></span> <span class='ocrx_word' id='word_1_158' title='bbox 337 1817 421 1871; x_wconf 92' lang='lat' dir='ltr'><strong>per</strong></span> <span class='ocrx_word' id='word_1_159' title='bbox 436 1798 743 1855; x_wconf 88' lang='lat' dir='ltr'><strong>hodiernum</strong></span> <span class='ocrx_word' id='word_1_160' title='bbox 780 1804 928 1851; x_wconf 89' lang='lat' dir='ltr'><strong>tuum</strong></span> <span class='ocrx_word' id='word_1_161' title='bbox 968 1793 1310 1859; x_wconf 88' lang='lat' dir='ltr'><strong>transierunt,</strong></span> <span class='ocrx_word' id='word_1_162' title='bbox 1356 1798 1413 1846; x_wconf 90' lang='lat' dir='ltr'><strong>et</strong></span> <span class='ocrx_word' id='word_1_163' title='bbox 1453 1805 1518 1846; x_wconf 75' lang='lat' dir='ltr'><strong>ex</strong></span> <span class='ocrx_word' id='word_1_164' title='bbox 1546 1789 1637 1845; x_wconf 88' lang='lat' dir='ltr'><strong>illo</strong></span> 
     </span>
    </p>
   </div>
   <div class='ocr_carea' id='block_1_19' title="bbox 145 1886 1637 1967">
    <p class='ocr_par' dir='ltr' id='par_1_19' title="bbox 145 1886 1637 1967">
     <span class='ocr_line' id='line_1_19' title="bbox 145 1886 1637 1967; baseline -0.011 -15"><span class='ocrx_word' id='word_1_165' title='bbox 145 1903 386 1967; x_wconf 82' lang='lat' dir='ltr'><strong>acceperunt</strong></span> <span class='ocrx_word' id='word_1_166' title='bbox 401 1892 599 1957; x_wconf 88' lang='lat' dir='ltr'><strong>modos,</strong></span> <span class='ocrx_word' id='word_1_167' title='bbox 627 1898 682 1945; x_wconf 91' lang='lat' dir='ltr'><strong>et</strong></span> <span class='ocrx_word' id='word_1_168' title='bbox 724 1898 1012 1959; x_wconf 88' lang='lat' dir='ltr'><strong>utcumque</strong></span> <span class='ocrx_word' id='word_1_169' title='bbox 1040 1886 1377 1951; x_wconf 84' lang='lat' dir='ltr'><strong>exstiterunt,</strong></span> <span class='ocrx_word' id='word_1_170' title='bbox 1390 1891 1443 1938; x_wconf 93' lang='lat' dir='ltr'><strong>et</strong></span> <span class='ocrx_word' id='word_1_171' title='bbox 1465 1891 1637 1938; x_wconf 86' lang='lat' dir='ltr'><strong>trans-</strong></span> 
     </span>
    </p>
   </div>
   <div class='ocr_carea' id='block_1_20' title="bbox 144 1974 1633 2051">
    <p class='ocr_par' dir='ltr' id='par_1_20' title="bbox 144 1974 1633 2051">
     <span class='ocr_line' id='line_1_20' title="bbox 144 1974 1633 2051; baseline -0.009 -8"><span class='ocrx_word' id='word_1_172' title='bbox 144 1990 252 2043; x_wconf 87' lang='lat' dir='ltr'><strong>ibunt</strong></span> <span class='ocrx_word' id='word_1_173' title='bbox 280 1986 427 2041; x_wconf 86' lang='lat' dir='ltr'><strong>adhuc</strong></span> <span class='ocrx_word' id='word_1_174' title='bbox 448 1984 555 2051; x_wconf 86' lang='lat' dir='ltr'><strong>alii,</strong></span> <span class='ocrx_word' id='word_1_175' title='bbox 588 1990 645 2037; x_wconf 89' lang='lat' dir='ltr'><strong>et</strong></span> <span class='ocrx_word' id='word_1_176' title='bbox 669 1980 957 2051; x_wconf 84' lang='lat' dir='ltr'><strong>accipient,</strong></span> <span class='ocrx_word' id='word_1_177' title='bbox 984 1986 1038 2034; x_wconf 89' lang='lat' dir='ltr'><strong>et</strong></span> <span class='ocrx_word' id='word_1_178' title='bbox 1069 1987 1355 2047; x_wconf 87' lang='lat' dir='ltr'><strong>utcumque</strong></span> <span class='ocrx_word' id='word_1_179' title='bbox 1375 1974 1633 2030; x_wconf 83' lang='lat' dir='ltr'><strong>existent!</strong></span> 
     </span>
    </p>
   </div>
   <div class='ocr_carea' id='block_1_21' title="bbox 144 2066 1636 2148">
    <p class='ocr_par' dir='ltr' id='par_1_21' title="bbox 144 2066 1636 2148">
     <span class='ocr_line' id='line_1_21' title="bbox 144 2066 1636 2148; baseline -0.011 -12"><span class='ocrx_word' id='word_1_180' title='bbox 144 2080 196 2136; x_wconf 89' lang='lat' dir='ltr'><strong>Tu</strong></span> <span class='ocrx_word' id='word_1_181' title='bbox 213 2090 352 2135; x_wconf 82' lang='lat' dir='ltr'><strong>autem</strong></span> <span class='ocrx_word' id='word_1_182' title='bbox 377 2076 507 2133; x_wconf 87' lang='lat' dir='ltr'><strong>idem</strong></span> <span class='ocrx_word' id='word_1_183' title='bbox 533 2076 645 2148; x_wconf 87' lang='lat' dir='ltr'><strong>ipse</strong></span> <span class='ocrx_word' id='word_1_184' title='bbox 669 2089 762 2139; x_wconf 88' lang='lat' dir='ltr'><strong>es;</strong></span> <span class='ocrx_word' id='word_1_185' title='bbox 790 2081 845 2129; x_wconf 90' lang='lat' dir='ltr'><strong>et</strong></span> <span class='ocrx_word' id='word_1_186' title='bbox 866 2071 1041 2127; x_wconf 85' lang='lat' dir='ltr'><strong>omnia</strong></span> <span class='ocrx_word' id='word_1_187' title='bbox 1079 2068 1312 2125; x_wconf 87' lang='lat' dir='ltr'><strong>crastina</strong></span> <span class='ocrx_word' id='word_1_188' title='bbox 1353 2076 1516 2139; x_wconf 89' lang='lat' dir='ltr'><strong>atque</strong></span> <span class='ocrx_word' id='word_1_189' title='bbox 1553 2066 1636 2120; x_wconf 85' lang='lat' dir='ltr'><strong>ul-</strong></span> 
     </span>
    </p>
   </div>
   <div class='ocr_carea' id='block_1_22' title="bbox 145 2157 1639 2239">
    <p class='ocr_par' dir='ltr' id='par_1_22' title="bbox 145 2157 1639 2239">
     <span class='ocr_line' id='line_1_22' title="bbox 145 2157 1639 2239; baseline -0.01 -12"><span class='ocrx_word' id='word_1_190' title='bbox 145 2183 212 2235; x_wconf 79' lang='lat' dir='ltr'><strong>ira,</strong></span> <span class='ocrx_word' id='word_1_191' title='bbox 235 2171 477 2239; x_wconf 85' lang='lat' dir='ltr'><strong>omniaque</strong></span> <span class='ocrx_word' id='word_1_192' title='bbox 504 2168 754 2224; x_wconf 89' lang='lat' dir='ltr'><strong>hesterna</strong></span> <span class='ocrx_word' id='word_1_193' title='bbox 780 2173 836 2220; x_wconf 90' lang='lat' dir='ltr'><strong>et</strong></span> <span class='ocrx_word' id='word_1_194' title='bbox 875 2172 1025 2220; x_wconf 91' lang='lat' dir='ltr'><strong>retro</strong></span> <span class='ocrx_word' id='word_1_195' title='bbox 1068 2161 1227 2217; x_wconf 88' lang='lat' dir='ltr'><strong>hodie</strong></span> <span class='ocrx_word' id='word_1_196' title='bbox 1251 2158 1436 2225; x_wconf 78' lang='lat' dir='ltr'><strong>facies,</strong></span> <span class='ocrx_word' id='word_1_197' title='bbox 1479 2157 1639 2213; x_wconf 80' lang='lat' dir='ltr'><strong>hodie</strong></span> 
     </span>
    </p>
   </div>
   <div class='ocr_carea' id='block_1_23' title="bbox 143 2251 1641 2331">
    <p class='ocr_par' dir='ltr' id='par_1_23' title="bbox 143 2251 1641 2331">
     <span class='ocr_line' id='line_1_23' title="bbox 143 2251 1641 2331; baseline -0.008 -13"><span class='ocrx_word' id='word_1_198' title='bbox 143 2263 280 2320; x_wconf 82' lang='lat' dir='ltr'><strong>fecisti.</strong></span> <span class='ocrx_word' id='word_1_199' title='bbox 305 2261 423 2331; x_wconf 85' lang='lat' dir='ltr'><strong>Quid</strong></span> <span class='ocrx_word' id='word_1_200' title='bbox 457 2260 521 2317; x_wconf 88' lang='lat' dir='ltr'><strong>ad</strong></span> <span class='ocrx_word' id='word_1_201' title='bbox 562 2275 669 2327; x_wconf 89' lang='lat' dir='ltr'><strong>me,</strong></span> <span class='ocrx_word' id='word_1_202' title='bbox 715 2259 763 2314; x_wconf 89' lang='lat' dir='ltr'><strong>si</strong></span> <span class='ocrx_word' id='word_1_203' title='bbox 805 2258 924 2329; x_wconf 90' lang='lat' dir='ltr'><strong>quis</strong></span> <span class='ocrx_word' id='word_1_204' title='bbox 948 2271 1055 2312; x_wconf 89' lang='lat' dir='ltr'><strong>non</strong></span> <span class='ocrx_word' id='word_1_205' title='bbox 1084 2253 1374 2325; x_wconf 72' lang='lat' dir='ltr'><strong>intelligat?</strong></span> <span class='ocrx_word' id='word_1_206' title='bbox 1400 2251 1641 2309; x_wconf 86' lang='lat' dir='ltr'><strong>Gaudeat</strong></span> 
     </span>
    </p>
   </div>
   <div class='ocr_carea' id='block_1_24' title="bbox 140 2350 1639 2427">
    <p class='ocr_par' dir='ltr' id='par_1_24' title="bbox 140 2350 1639 2427">
     <span class='ocr_line' id='line_1_24' title="bbox 140 2350 1639 2427; baseline -0.005 -15"><span class='ocrx_word' id='word_1_207' title='bbox 140 2359 294 2427; x_wconf 79' lang='lat' dir='ltr'><strong>etipse,</strong></span> <span class='ocrx_word' id='word_1_208' title='bbox 315 2358 512 2413; x_wconf 88' lang='lat' dir='ltr'><strong>dicens:</strong></span> <span class='ocrx_word' id='word_1_209' title='bbox 537 2355 675 2426; x_wconf 84' lang='lat' dir='ltr'><strong>Quid</strong></span> <span class='ocrx_word' id='word_1_210' title='bbox 702 2362 790 2412; x_wconf 85' lang='lat' dir='ltr'><strong>est</strong></span> <span class='ocrx_word' id='word_1_211' title='bbox 818 2354 954 2410; x_wconf 87' lang='lat' dir='ltr'><strong>hoc?</strong></span> <span class='ocrx_word' id='word_1_212' title='bbox 980 2351 1219 2410; x_wconf 85' lang='lat' dir='ltr'><strong>Gaudeat</strong></span> <span class='ocrx_word' id='word_1_213' title='bbox 1255 2351 1415 2406; x_wconf 87' lang='lat' dir='ltr'><strong>etiam</strong></span> <span class='ocrx_word' id='word_1_214' title='bbox 1446 2350 1559 2416; x_wconf 89' lang='lat' dir='ltr'><strong>sic;</strong></span> <span class='ocrx_word' id='word_1_215' title='bbox 1584 2357 1639 2405; x_wconf 88' lang='lat' dir='ltr'><strong>et</strong></span> 
     </span>
    </p>
   </div>
   <div class='ocr_carea' id='block_1_25' title="bbox 141 2441 1637 2517">
    <p class='ocr_par' dir='ltr' id='par_1_25' title="bbox 141 2441 1637 2517">
     <span class='ocr_line' id='line_1_25' title="bbox 141 2441 1637 2517; baseline -0.005 -15"><span class='ocrx_word' id='word_1_216' title='bbox 141 2458 242 2505; x_wconf 82' lang='lat' dir='ltr'><strong>amet</strong></span> <span class='ocrx_word' id='word_1_217' title='bbox 269 2463 359 2504; x_wconf 86' lang='lat' dir='ltr'><strong>non</strong></span> <span class='ocrx_word' id='word_1_218' title='bbox 392 2446 705 2505; x_wconf 86' lang='lat' dir='ltr'><strong>inveniendo</strong></span> <span class='ocrx_word' id='word_1_219' title='bbox 752 2445 1021 2513; x_wconf 83' lang='lat' dir='ltr'><strong>invenire,</strong></span> <span class='ocrx_word' id='word_1_220' title='bbox 1062 2444 1258 2517; x_wconf 82' lang='lat' dir='ltr'><strong>potius,</strong></span> <span class='ocrx_word' id='word_1_221' title='bbox 1290 2456 1447 2515; x_wconf 88' lang='lat' dir='ltr'><strong>quam</strong></span> <span class='ocrx_word' id='word_1_222' title='bbox 1486 2441 1637 2496; x_wconf 87' lang='lat' dir='ltr'><strong>inve-</strong></span> 
     </span>
    </p>
   </div>
   <div class='ocr_carea' id='block_1_26' title="bbox 139 2540 751 2598">
    <p class='ocr_par' dir='ltr' id='par_1_26' title="bbox 139 2540 751 2598">
     <span class='ocr_line' id='line_1_26' title="bbox 139 2540 751 2598; baseline 0 -4"><span class='ocrx_word' id='word_1_223' title='bbox 139 2541 279 2598; x_wconf 86' lang='lat' dir='ltr'><strong>niendo</strong></span> <span class='ocrx_word' id='word_1_224' title='bbox 298 2557 392 2597; x_wconf 91' lang='lat' dir='ltr'><strong>non</strong></span> <span class='ocrx_word' id='word_1_225' title='bbox 416 2540 646 2597; x_wconf 88' lang='lat' dir='ltr'><strong>invenire</strong></span> <span class='ocrx_word' id='word_1_226' title='bbox 675 2548 751 2595; x_wconf 92' lang='lat' dir='ltr'><strong>te.</strong></span> 
     </span>
    </p>
   </div>
   <div class='ocr_carea' id='block_1_27' title="bbox 675 2648 1055 2708">
    <p class='ocr_par' dir='ltr' id='par_1_27' title="bbox 675 2648 1055 2708">
     <span class='ocr_line' id='line_1_27' title="bbox 675 2648 1055 2708; baseline -0.013 -1"><span class='ocrx_word' id='word_1_227' title='bbox 675 2649 910 2708; x_wconf 84' lang='lat' dir='ltr'><strong>CAPUT</strong></span> <span class='ocrx_word' id='word_1_228' title='bbox 944 2648 1055 2706; x_wconf 78' lang='lat' dir='ltr'><strong>Vll.</strong></span> 
     </span>
    </p>
   </div>
   <div class='ocr_carea' id='block_1_28' title="bbox 380 2739 1610 2819">
    <p class='ocr_par' dir='ltr' id='par_1_28' title="bbox 380 2739 1610 2819">
     <span class='ocr_line' id='line_1_28' title="bbox 380 2739 1610 2819; baseline -0.008 -19"><span class='ocrx_word' id='word_1_229' title='bbox 380 2744 598 2818; x_wconf 79' lang='lat' dir='ltr'><strong>Infantia</strong></span> <span class='ocrx_word' id='word_1_230' title='bbox 623 2760 830 2819; x_wconf 83' lang='lat' dir='ltr'><strong>quoque</strong></span> <span class='ocrx_word' id='word_1_231' title='bbox 850 2742 1064 2814; x_wconf 73' lang='lat' dir='ltr'><strong>peccatis</strong></span> <span class='ocrx_word' id='word_1_232' title='bbox 1083 2739 1320 2796; x_wconf 69' lang='lat' dir='ltr'><strong>obnoxia.</strong></span> <span class='ocrx_word' id='word_1_233' title='bbox 1607 2787 1610 2790; x_wconf 83' lang='lat'><strong>.</strong></span> 
     </span>
    </p>
   </div>
   <div class='ocr_carea' id='block_1_29' title="bbox 185 2828 1636 2906">
    <p class='ocr_par' dir='ltr' id='par_1_29' title="bbox 185 2828 1636 2906">
     <span class='ocr_line' id='line_1_29' title="bbox 185 2828 1636 2906; baseline -0.008 -11"><span class='ocrx_word' id='word_1_234' title='bbox 185 2838 248 2895; x_wconf 87' lang='lat' dir='ltr'><strong>ll.</strong></span> <span class='ocrx_word' id='word_1_235' title='bbox 279 2837 476 2905; x_wconf 79' lang='lat' dir='ltr'><strong>Exaudi,</strong></span> <span class='ocrx_word' id='word_1_236' title='bbox 499 2839 656 2893; x_wconf 88' lang='lat' dir='ltr'><strong>Deus.</strong></span> <span class='ocrx_word' id='word_1_237' title='bbox 675 2835 775 2891; x_wconf 78' lang='lat' dir='ltr'><strong>Va:</strong></span> <span class='ocrx_word' id='word_1_238' title='bbox 791 2834 1022 2906; x_wconf 87' lang='lat' dir='ltr'><strong>peccatis</strong></span> <span class='ocrx_word' id='word_1_239' title='bbox 1047 2830 1350 2888; x_wconf 86' lang='lat' dir='ltr'><strong>hominum?</strong></span> <span class='ocrx_word' id='word_1_240' title='bbox 1383 2830 1452 2886; x_wconf 87' lang='lat' dir='ltr'><strong>Et</strong></span> <span class='ocrx_word' id='word_1_241' title='bbox 1475 2828 1636 2885; x_wconf 92' lang='lat' dir='ltr'><strong>homo</strong></span> 
     </span>
    </p>
   </div>
   <div class='ocr_carea' id='block_1_30' title="bbox 136 2921 1632 2998">
    <p class='ocr_par' dir='ltr' id='par_1_30' title="bbox 136 2921 1632 2998">
     <span class='ocr_line' id='line_1_30' title="bbox 136 2921 1632 2998; baseline -0.005 -14"><span class='ocrx_word' id='word_1_242' title='bbox 136 2930 229 2985; x_wconf 82' lang='lat' dir='ltr'><strong>dicit</strong></span> <span class='ocrx_word' id='word_1_243' title='bbox 241 2930 351 2995; x_wconf 64' lang='lat' dir='ltr'><strong>hac,</strong></span> <span class='ocrx_word' id='word_1_244' title='bbox 377 2940 425 2986; x_wconf 88' lang='lat' dir='ltr'><strong>et</strong></span> <span class='ocrx_word' id='word_1_245' title='bbox 448 2931 719 2986; x_wconf 88' lang='lat' dir='ltr'><strong>misereris</strong></span> <span class='ocrx_word' id='word_1_246' title='bbox 741 2927 889 2998; x_wconf 84' lang='lat' dir='ltr'><strong>ejus;</strong></span> <span class='ocrx_word' id='word_1_247' title='bbox 917 2924 1166 2997; x_wconf 90' lang='lat' dir='ltr'><strong>quoniam</strong></span> <span class='ocrx_word' id='word_1_248' title='bbox 1196 2932 1251 2979; x_wconf 93' lang='lat' dir='ltr'><strong>tu</strong></span> <span class='ocrx_word' id='word_1_249' title='bbox 1289 2921 1461 2978; x_wconf 89' lang='lat' dir='ltr'><strong>fecisti</strong></span> <span class='ocrx_word' id='word_1_250' title='bbox 1489 2936 1632 2988; x_wconf 90' lang='lat' dir='ltr'><strong>eum,</strong></span> 
     </span>
    </p>
   </div>
   <div class='ocr_carea' id='block_1_31' title="bbox 135 3017 1639 3094">
    <p class='ocr_par' dir='ltr' id='par_1_31' title="bbox 135 3017 1639 3094">
     <span class='ocr_line' id='line_1_31' title="bbox 135 3017 1639 3094; baseline -0.006 -17"><span class='ocrx_word' id='word_1_251' title='bbox 135 3032 171 3077; x_wconf 85' lang='lat' dir='ltr'><strong>et</strong></span> <span class='ocrx_word' id='word_1_252' title='bbox 188 3033 407 3094; x_wconf 67' lang='lat' dir='ltr'><strong>peccatum</strong></span> <span class='ocrx_word' id='word_1_253' title='bbox 428 3039 526 3079; x_wconf 92' lang='lat' dir='ltr'><strong>non</strong></span> <span class='ocrx_word' id='word_1_254' title='bbox 551 3021 735 3079; x_wconf 88' lang='lat' dir='ltr'><strong>fecisti</strong></span> <span class='ocrx_word' id='word_1_255' title='bbox 760 3022 813 3076; x_wconf 92' lang='lat' dir='ltr'><strong>in</strong></span> <span class='ocrx_word' id='word_1_256' title='bbox 833 3035 918 3077; x_wconf 92' lang='lat' dir='ltr'><strong>eo.</strong></span> <span class='ocrx_word' id='word_1_257' title='bbox 941 3018 1071 3086; x_wconf 87' lang='lat' dir='ltr'><strong>Quis</strong></span> <span class='ocrx_word' id='word_1_258' title='bbox 1096 3032 1185 3074; x_wconf 91' lang='lat' dir='ltr'><strong>me</strong></span> <span class='ocrx_word' id='word_1_259' title='bbox 1208 3017 1230 3050; x_wconf 78' lang='grc'>⁸</span> <span class='ocrx_word' id='word_1_260' title='bbox 1253 3023 1639 3072; x_wconf 87' lang='lat' dir='ltr'><strong>commemorat</strong></span> 
     </span>
    </p>
   </div>
   <div class='ocr_carea' id='block_1_32' title="bbox 135 3100 1635 3183">
    <p class='ocr_par' dir='ltr' id='par_1_32' title="bbox 135 3100 1635 3183">
     <span class='ocr_line' id='line_1_32' title="bbox 135 3100 1635 3183; baseline -0.008 -11"><span class='ocrx_word' id='word_1_261' title='bbox 135 3124 342 3183; x_wconf 83' lang='lat' dir='ltr'><strong>peccatum</strong></span> <span class='ocrx_word' id='word_1_262' title='bbox 375 3116 595 3171; x_wconf 78' lang='lat' dir='ltr'><strong>infantia:</strong></span> <span class='ocrx_word' id='word_1_263' title='bbox 636 3112 817 3170; x_wconf 70' lang='lat' dir='ltr'><strong>mete?</strong></span> <span class='ocrx_word' id='word_1_264' title='bbox 859 3100 1321 3180; x_wconf 76' lang='lat' dir='ltr'><strong>Quoniam-nemo</strong></span> <span class='ocrx_word' id='word_1_265' title='bbox 1351 3106 1578 3162; x_wconf 90' lang='lat' dir='ltr'><strong>mundus</strong></span> <span class='ocrx_word' id='word_1_266' title='bbox 1604 3120 1635 3161; x_wconf 91' lang='lat' dir='ltr'><strong>a</strong></span> 
     </span>
    </p>
   </div>
   <div class='ocr_carea' id='block_1_33' title="bbox 134 3197 1634 3273">
    <p class='ocr_par' dir='ltr' id='par_1_33' title="bbox 134 3197 1634 3273">
     <span class='ocr_line' id='line_1_33' title="bbox 134 3197 1634 3273; baseline -0.005 -12"><span class='ocrx_word' id='word_1_267' title='bbox 134 3214 294 3273; x_wconf 83' lang='lat' dir='ltr'><strong>peccato</strong></span> <span class='ocrx_word' id='word_1_268' title='bbox 310 3221 466 3262; x_wconf 83' lang='lat' dir='ltr'><strong>coram</strong></span> <span class='ocrx_word' id='word_1_269' title='bbox 496 3216 567 3270; x_wconf 89' lang='lat' dir='ltr'><strong>te,</strong></span> <span class='ocrx_word' id='word_1_270' title='bbox 598 3219 707 3260; x_wconf 88' lang='lat' dir='ltr'><strong>nec</strong></span> <span class='ocrx_word' id='word_1_271' title='bbox 734 3202 906 3258; x_wconf 81' lang='lat' dir='ltr'><strong>infans</strong></span> <span class='ocrx_word' id='word_1_272' title='bbox 928 3201 1080 3272; x_wconf 88' lang='lat' dir='ltr'><strong>cujus</strong></span> <span class='ocrx_word' id='word_1_273' title='bbox 1105 3208 1188 3255; x_wconf 90' lang='lat' dir='ltr'><strong>est</strong></span> <span class='ocrx_word' id='word_1_274' title='bbox 1209 3199 1365 3254; x_wconf 91' lang='lat' dir='ltr'><strong>unius</strong></span> <span class='ocrx_word' id='word_1_275' title='bbox 1397 3198 1502 3252; x_wconf 90' lang='lat' dir='ltr'><strong>diei</strong></span> <span class='ocrx_word' id='word_1_276' title='bbox 1528 3197 1634 3253; x_wconf 85' lang='lat' dir='ltr'><strong>vita</strong></span> 
     </span>
    </p>
   </div>
   <div class='ocr_carea' id='block_1_34' title="bbox 133 3289 1636 3370">
    <p class='ocr_par' dir='ltr' id='par_1_34' title="bbox 133 3289 1636 3370">
     <span class='ocr_line' id='line_1_34' title="bbox 133 3289 1636 3370; baseline -0.005 -20"><span class='ocrx_word' id='word_1_277' title='bbox 133 3310 247 3365; x_wconf 82' lang='lat' dir='ltr'><strong>super</strong></span> <span class='ocrx_word' id='word_1_278' title='bbox 269 3305 433 3353; x_wconf 86' lang='lat' dir='ltr'><strong>terram</strong></span> <span class='ocrx_word' id='word_1_279' title='bbox 463 3296 601 3370; x_wconf 81' lang='lat' dir='ltr'><strong>(Job.</strong></span> <span class='ocrx_word' id='word_1_280' title='bbox 646 3308 795 3361; x_wconf 77' lang='lat' dir='ltr'><strong>xxv,</strong></span> <span class='ocrx_word' id='word_1_281' title='bbox 825 3290 904 3365; x_wconf 76' lang='grc'><strong>4).</strong></span> <span class='ocrx_word' id='word_1_282' title='bbox 930 3292 1060 3359; x_wconf 85' lang='lat' dir='ltr'><strong>Quis</strong></span> <span class='ocrx_word' id='word_1_283' title='bbox 1098 3306 1184 3347; x_wconf 90' lang='lat' dir='ltr'><strong>me</strong></span> <span class='ocrx_word' id='word_1_284' title='bbox 1216 3289 1636 3345; x_wconf 83' lang='lat' dir='ltr'><strong>commemorat?</strong></span> 
     </span>
    </p>
   </div>
   <div class='ocr_carea' id='block_1_35' title="bbox 132 3379 1634 3459">
    <p class='ocr_par' dir='ltr' id='par_1_35' title="bbox 132 3379 1634 3459">
     <span class='ocr_line' id='line_1_35' title="bbox 132 3379 1634 3459; baseline -0.003 -19"><span class='ocrx_word' id='word_1_285' title='bbox 132 3386 190 3441; x_wconf 74' lang='lat' dir='ltr'><strong>An</strong></span> <span class='ocrx_word' id='word_1_286' title='bbox 207 3388 384 3459; x_wconf 89' lang='lat' dir='ltr'><strong>quilibet</strong></span> <span class='ocrx_word' id='word_1_287' title='bbox 405 3388 631 3443; x_wconf 87' lang='lat' dir='ltr'><strong>tantillus</strong></span> <span class='ocrx_word' id='word_1_288' title='bbox 652 3399 799 3441; x_wconf 88' lang='lat' dir='ltr'><strong>nunc</strong></span> <span class='ocrx_word' id='word_1_289' title='bbox 820 3383 1088 3455; x_wconf 87' lang='lat' dir='ltr'><strong>parvulus,</strong></span> <span class='ocrx_word' id='word_1_290' title='bbox 1112 3382 1164 3436; x_wconf 91' lang='lat' dir='ltr'><strong>in</strong></span> <span class='ocrx_word' id='word_1_291' title='bbox 1185 3396 1290 3453; x_wconf 89' lang='lat' dir='ltr'><strong>quo</strong></span> <span class='ocrx_word' id='word_1_292' title='bbox 1312 3380 1467 3435; x_wconf 89' lang='lat' dir='ltr'><strong>video</strong></span> <span class='ocrx_word' id='word_1_293' title='bbox 1492 3379 1634 3451; x_wconf 91' lang='lat' dir='ltr'><strong>quod</strong></span> 
     </span>
    </p>
   </div>
   <div class='ocr_carea' id='block_1_36' title="bbox 131 3472 1634 3547">
    <p class='ocr_par' dir='ltr' id='par_1_36' title="bbox 131 3472 1634 3547">
     <span class='ocr_line' id='line_1_36' title="bbox 131 3472 1634 3547; baseline -0.005 -14"><span class='ocrx_word' id='word_1_294' title='bbox 131 3493 212 3534; x_wconf 87' lang='lat' dir='ltr'><strong>non</strong></span> <span class='ocrx_word' id='word_1_295' title='bbox 232 3482 409 3536; x_wconf 86' lang='lat' dir='ltr'><strong>memini</strong></span> <span class='ocrx_word' id='word_1_296' title='bbox 444 3481 510 3537; x_wconf 90' lang='lat' dir='ltr'><strong>de</strong></span> <span class='ocrx_word' id='word_1_297' title='bbox 539 3482 663 3537; x_wconf 84' lang='lat' dir='ltr'><strong>me?</strong></span> <span class='ocrx_word' id='word_1_298' title='bbox 691 3478 831 3547; x_wconf 84' lang='lat' dir='ltr'><strong>Quid</strong></span> <span class='ocrx_word' id='word_1_299' title='bbox 870 3491 997 3547; x_wconf 91' lang='lat' dir='ltr'><strong>ergo</strong></span> <span class='ocrx_word' id='word_1_300' title='bbox 1039 3485 1163 3529; x_wconf 89' lang='lat' dir='ltr'><strong>tunc</strong></span> <span class='ocrx_word' id='word_1_301' title='bbox 1197 3472 1516 3544; x_wconf 87' lang='lat' dir='ltr'><strong>peccabam?</strong></span> <span class='ocrx_word' id='word_1_302' title='bbox 1552 3472 1634 3527; x_wconf 85' lang='lat' dir='ltr'><strong>An</strong></span> 
     </span>
    </p>
   </div>
   <div class='ocr_carea' id='block_1_37' title="bbox 131 3563 1634 3640">
    <p class='ocr_par' dir='ltr' id='par_1_37' title="bbox 131 3563 1634 3640">
     <span class='ocr_line' id='line_1_37' title="bbox 131 3563 1634 3640; baseline -0.004 -18"><span class='ocrx_word' id='word_1_303' title='bbox 131 3569 228 3640; x_wconf 83' lang='lat' dir='ltr'><strong>quia</strong></span> <span class='ocrx_word' id='word_1_304' title='bbox 246 3571 453 3628; x_wconf 82' lang='lat' dir='ltr'><strong>uberibus</strong></span> <span class='ocrx_word' id='word_1_305' title='bbox 477 3572 751 3628; x_wconf 88' lang='lat' dir='ltr'><strong>inhiabam</strong></span> <span class='ocrx_word' id='word_1_306' title='bbox 780 3565 1176 3640; x_wconf 87' lang='lat' dir='ltr'><strong>plorans?Nam</strong></span> <span class='ocrx_word' id='word_1_307' title='bbox 1194 3566 1241 3620; x_wconf 88' lang='lat' dir='ltr'><strong>si</strong></span> <span class='ocrx_word' id='word_1_308' title='bbox 1262 3578 1402 3619; x_wconf 90' lang='lat' dir='ltr'><strong>nunc</strong></span> <span class='ocrx_word' id='word_1_309' title='bbox 1424 3563 1634 3631; x_wconf 87' lang='lat' dir='ltr'><strong>faciam,</strong></span> 
     </span>
    </p>
   </div>
   <div class='ocr_carea' id='block_1_38' title="bbox 130 3654 1636 3732">
    <p class='ocr_par' dir='ltr' id='par_1_38' title="bbox 130 3654 1636 3732">
     <span class='ocr_line' id='line_1_38' title="bbox 130 3654 1636 3732; baseline -0.004 -18"><span class='ocrx_word' id='word_1_310' title='bbox 130 3675 208 3714; x_wconf 88' lang='lat' dir='ltr'><strong>non</strong></span> <span class='ocrx_word' id='word_1_311' title='bbox 228 3660 400 3732; x_wconf 87' lang='lat' dir='ltr'><strong>quidem</strong></span> <span class='ocrx_word' id='word_1_312' title='bbox 424 3663 698 3730; x_wconf 88' lang='lat' dir='ltr'><strong>uberibus,</strong></span> <span class='ocrx_word' id='word_1_313' title='bbox 731 3660 824 3717; x_wconf 91' lang='lat' dir='ltr'><strong>sed</strong></span> <span class='ocrx_word' id='word_1_314' title='bbox 848 3673 986 3715; x_wconf 63' lang='lat' dir='ltr'><strong>escae</strong></span> <span class='ocrx_word' id='word_1_315' title='bbox 1002 3656 1313 3728; x_wconf 77' lang='lat' dir='ltr'><strong>congruenti</strong></span> <span class='ocrx_word' id='word_1_316' title='bbox 1334 3655 1486 3710; x_wconf 91' lang='lat' dir='ltr'><strong>annis</strong></span> <span class='ocrx_word' id='word_1_317' title='bbox 1503 3654 1636 3709; x_wconf 83' lang='lat' dir='ltr'><strong>meis</strong></span> 
     </span>
    </p>
   </div>
   <div class='ocr_carea' id='block_1_39' title="bbox 131 3745 1631 3822">
    <p class='ocr_par' dir='ltr' id='par_1_39' title="bbox 131 3745 1631 3822">
     <span class='ocr_line' id='line_1_39' title="bbox 131 3745 1631 3822; baseline -0.005 -16"><span class='ocrx_word' id='word_1_318' title='bbox 131 3751 180 3806; x_wconf 85' lang='lat' dir='ltr'><strong>ita</strong></span> <span class='ocrx_word' id='word_1_319' title='bbox 202 3752 388 3819; x_wconf 83' lang='lat' dir='ltr'><strong>inhians,</strong></span> <span class='ocrx_word' id='word_1_320' title='bbox 413 3754 696 3811; x_wconf 84' lang='lat' dir='ltr'><strong>deridebor</strong></span> <span class='ocrx_word' id='word_1_321' title='bbox 725 3761 887 3822; x_wconf 83' lang='lat' dir='ltr'><strong>atque</strong></span> <span class='ocrx_word' id='word_1_322' title='bbox 927 3747 1288 3820; x_wconf 86' lang='lat' dir='ltr'><strong>reprehendar</strong></span> <span class='ocrx_word' id='word_1_323' title='bbox 1320 3745 1631 3817; x_wconf 87' lang='lat' dir='ltr'><strong>justissime.</strong></span> 
     </span>
    </p>
   </div>
   <div class='ocr_carea' id='block_1_40' title="bbox 130 3836 1636 3915">
    <p class='ocr_par' dir='ltr' id='par_1_40' title="bbox 130 3836 1636 3915">
     <span class='ocr_line' id='line_1_40' title="bbox 130 3836 1636 3915; baseline -0.003 -19"><span class='ocrx_word' id='word_1_324' title='bbox 130 3840 238 3899; x_wconf 81' lang='lat' dir='ltr'><strong>Tunc</strong></span> <span class='ocrx_word' id='word_1_325' title='bbox 256 3858 363 3915; x_wconf 84' lang='lat' dir='ltr'><strong>ergo</strong></span> <span class='ocrx_word' id='word_1_326' title='bbox 390 3843 825 3915; x_wconf 85' lang='lat' dir='ltr'><strong>reprehendenda</strong></span> <span class='ocrx_word' id='word_1_327' title='bbox 855 3839 1116 3896; x_wconf 85' lang='lat' dir='ltr'><strong>faciebam</strong></span> <span class='ocrx_word' id='word_1_328' title='bbox 1139 3855 1152 3892; x_wconf 91' lang='lat'><strong>:</strong></span> <span class='ocrx_word' id='word_1_329' title='bbox 1175 3836 1271 3893; x_wconf 88' lang='lat' dir='ltr'><strong>sed</strong></span> <span class='ocrx_word' id='word_1_330' title='bbox 1298 3837 1417 3907; x_wconf 91' lang='lat' dir='ltr'><strong>quia</strong></span> <span class='ocrx_word' id='word_1_331' title='bbox 1449 3850 1636 3907; x_wconf 77' lang='lat' dir='ltr'><strong>repre-</strong></span> 
     </span>
    </p>
   </div>
   <div class='ocr_carea' id='block_1_41' title="bbox 131 3928 1634 4007">
    <p class='ocr_par' dir='ltr' id='par_1_41' title="bbox 131 3928 1634 4007">
     <span class='ocr_line' id='line_1_41' title="bbox 131 3928 1634 4007; baseline -0.003 -21"><span class='ocrx_word' id='word_1_332' title='bbox 131 3928 378 3991; x_wconf 78' lang='lat' dir='ltr'><strong>liendentem</strong></span> <span class='ocrx_word' id='word_1_333' title='bbox 406 3937 699 4007; x_wconf 80' lang='lat' dir='ltr'><strong>intelligere</strong></span> <span class='ocrx_word' id='word_1_334' title='bbox 741 3947 846 3989; x_wconf 91' lang='lat' dir='ltr'><strong>non</strong></span> <span class='ocrx_word' id='word_1_335' title='bbox 878 3939 1149 4003; x_wconf 90' lang='lat' dir='ltr'><strong>poteram;</strong></span> <span class='ocrx_word' id='word_1_336' title='bbox 1178 3943 1275 3984; x_wconf 91' lang='lat' dir='ltr'><strong>nec</strong></span> <span class='ocrx_word' id='word_1_337' title='bbox 1308 3942 1426 3984; x_wconf 85' lang='lat' dir='ltr'><strong>mos</strong></span> <span class='ocrx_word' id='word_1_338' title='bbox 1449 3941 1634 3995; x_wconf 88' lang='lat' dir='ltr'><strong>repre-</strong></span> 
     </span>
    </p>
   </div>
   <div class='ocr_carea' id='block_1_42' title="bbox 130 4017 1635 4095">
    <p class='ocr_par' dir='ltr' id='par_1_42' title="bbox 130 4017 1635 4095">
     <span class='ocr_line' id='line_1_42' title="bbox 130 4017 1635 4095; baseline -0.006 -13"><span class='ocrx_word' id='word_1_339' title='bbox 130 4022 243 4082; x_wconf 82' lang='lat' dir='ltr'><strong>hendi</strong></span> <span class='ocrx_word' id='word_1_340' title='bbox 266 4044 357 4095; x_wconf 87' lang='lat' dir='ltr'><strong>me,</strong></span> <span class='ocrx_word' id='word_1_341' title='bbox 376 4045 469 4086; x_wconf 89' lang='lat' dir='ltr'><strong>nec</strong></span> <span class='ocrx_word' id='word_1_342' title='bbox 494 4030 632 4086; x_wconf 83' lang='lat' dir='ltr'><strong>ratio</strong></span> <span class='ocrx_word' id='word_1_343' title='bbox 661 4026 893 4083; x_wconf 85' lang='lat' dir='ltr'><strong>sinebat.</strong></span> <span class='ocrx_word' id='word_1_344' title='bbox 922 4023 1055 4080; x_wconf 86' lang='lat' dir='ltr'><strong>Nam</strong></span> <span class='ocrx_word' id='word_1_345' title='bbox 1079 4021 1434 4091; x_wconf 75' lang='lat' dir='ltr'><strong>exstirpamus</strong></span> <span class='ocrx_word' id='word_1_346' title='bbox 1458 4027 1513 4074; x_wconf 90' lang='lat' dir='ltr'><strong>et</strong></span> <span class='ocrx_word' id='word_1_347' title='bbox 1534 4017 1635 4088; x_wconf 87' lang='lat' dir='ltr'><strong>eji-</strong></span> 
     </span>
    </p>
   </div>
   <div class='ocr_carea' id='block_1_43' title="bbox 129 4114 1631 4188">
    <p class='ocr_par' dir='ltr' id='par_1_43' title="bbox 129 4114 1631 4188">
     <span class='ocr_line' id='line_1_43' title="bbox 129 4114 1631 4188; baseline -0.003 -17"><span class='ocrx_word' id='word_1_348' title='bbox 129 4116 253 4175; x_wconf 85' lang='lat' dir='ltr'><strong>cimus</strong></span> <span class='ocrx_word' id='word_1_349' title='bbox 271 4121 356 4177; x_wconf 87' lang='lat' dir='ltr'><strong>ista</strong></span> <span class='ocrx_word' id='word_1_350' title='bbox 390 4132 706 4179; x_wconf 82' lang='lat' dir='ltr'><strong>crescentes.</strong></span> <span class='ocrx_word' id='word_1_351' title='bbox 738 4118 848 4175; x_wconf 87' lang='lat' dir='ltr'><strong>Nec</strong></span> <span class='ocrx_word' id='word_1_352' title='bbox 873 4117 981 4173; x_wconf 88' lang='lat' dir='ltr'><strong>vidi</strong></span> <span class='ocrx_word' id='word_1_353' title='bbox 1007 4129 1326 4188; x_wconf 90' lang='lat' dir='ltr'><strong>quemquam</strong></span> <span class='ocrx_word' id='word_1_354' title='bbox 1355 4114 1631 4183; x_wconf 86' lang='lat' dir='ltr'><strong>scientem,</strong></span> 
     </span>
    </p>
   </div>
   <div class='ocr_carea' id='block_1_44' title="bbox 128 4208 1637 4286">
    <p class='ocr_par' dir='ltr' id='par_1_44' title="bbox 128 4208 1637 4286">
     <span class='ocr_line' id='line_1_44' title="bbox 128 4208 1637 4286; baseline -0.004 -21"><span class='ocrx_word' id='word_1_355' title='bbox 128 4221 213 4265; x_wconf 74' lang='lat' dir='ltr'><strong>tum</strong></span> <span class='ocrx_word' id='word_1_356' title='bbox 229 4212 395 4286; x_wconf 86' lang='lat' dir='ltr'><strong>aliquid</strong></span> <span class='ocrx_word' id='word_1_357' title='bbox 417 4226 597 4286; x_wconf 90' lang='lat' dir='ltr'><strong>purgat</strong></span> <span class='ocrx_word' id='word_1_358' title='bbox 618 4213 663 4280; x_wconf 81' lang='grc'>³,</span> <span class='ocrx_word' id='word_1_359' title='bbox 696 4212 835 4267; x_wconf 87' lang='lat' dir='ltr'><strong>bona</strong></span> <span class='ocrx_word' id='word_1_360' title='bbox 869 4209 1150 4281; x_wconf 85' lang='lat' dir='ltr'><strong>projicere.</strong></span> <span class='ocrx_word' id='word_1_361' title='bbox 1177 4208 1256 4262; x_wconf 81' lang='lat' dir='ltr'><strong>An</strong></span> <span class='ocrx_word' id='word_1_362' title='bbox 1280 4220 1378 4276; x_wconf 90' lang='lat' dir='ltr'><strong>pro</strong></span> <span class='ocrx_word' id='word_1_363' title='bbox 1398 4213 1637 4274; x_wconf 89' lang='lat' dir='ltr'><strong>tempore</strong></span> 
     </span>
    </p>
   </div>
   <div class='ocr_carea' id='block_1_45' title="bbox 130 4295 1637 4372">
    <p class='ocr_par' dir='ltr' id='par_1_45' title="bbox 130 4295 1637 4372">
     <span class='ocr_line' id='line_1_45' title="bbox 130 4295 1637 4372; baseline -0.007 -14"><span class='ocrx_word' id='word_1_364' title='bbox 130 4301 245 4357; x_wconf 83' lang='lat' dir='ltr'><strong>etiam</strong></span> <span class='ocrx_word' id='word_1_365' title='bbox 268 4304 345 4360; x_wconf 90' lang='lat' dir='ltr'><strong>illa</strong></span> <span class='ocrx_word' id='word_1_366' title='bbox 365 4305 495 4362; x_wconf 89' lang='lat' dir='ltr'><strong>bona</strong></span> <span class='ocrx_word' id='word_1_367' title='bbox 520 4313 696 4372; x_wconf 89' lang='lat' dir='ltr'><strong>erant,</strong></span> <span class='ocrx_word' id='word_1_368' title='bbox 719 4302 898 4359; x_wconf 78' lang='lat' dir='ltr'><strong>ﬂendo</strong></span> <span class='ocrx_word' id='word_1_369' title='bbox 921 4309 1104 4371; x_wconf 89' lang='lat' dir='ltr'><strong>petere</strong></span> <span class='ocrx_word' id='word_1_370' title='bbox 1130 4299 1290 4353; x_wconf 88' lang='lat' dir='ltr'><strong>etiam</strong></span> <span class='ocrx_word' id='word_1_371' title='bbox 1313 4295 1453 4368; x_wconf 91' lang='lat' dir='ltr'><strong>quod</strong></span> <span class='ocrx_word' id='word_1_372' title='bbox 1482 4295 1637 4349; x_wconf 79' lang='lat' dir='ltr'><strong>noxie</strong></span> 
     </span>
    </p>
   </div>
   <div class='ocr_carea' id='block_1_46' title="bbox 126 4386 1632 4470">
    <p class='ocr_par' dir='ltr' id='par_1_46' title="bbox 126 4386 1632 4470">
     <span class='ocr_line' id='line_1_46' title="bbox 126 4386 1632 4470; baseline -0.006 -20"><span class='ocrx_word' id='word_1_373' title='bbox 126 4390 305 4463; x_wconf 79' lang='lat' dir='ltr'><strong>daretur,</strong></span> <span class='ocrx_word' id='word_1_374' title='bbox 341 4397 592 4470; x_wconf 83' lang='lat' dir='ltr'><strong>indignari</strong></span> <span class='ocrx_word' id='word_1_375' title='bbox 628 4395 826 4452; x_wconf 85' lang='lat' dir='ltr'><strong>acriter</strong></span> <span class='ocrx_word' id='word_1_376' title='bbox 864 4407 971 4448; x_wconf 90' lang='lat' dir='ltr'><strong>non</strong></span> <span class='ocrx_word' id='word_1_377' title='bbox 1011 4388 1264 4461; x_wconf 87' lang='lat' dir='ltr'><strong>subjectis</strong></span> <span class='ocrx_word' id='word_1_378' title='bbox 1307 4386 1632 4451; x_wconf 86' lang='lat' dir='ltr'><strong>hominibus,</strong></span> 
     </span>
    </p>
   </div>
   <div class='ocr_carea' id='block_1_47' title="bbox 129 4479 1636 4563">
    <p class='ocr_par' dir='ltr' id='par_1_47' title="bbox 129 4479 1636 4563">
     <span class='ocr_line' id='line_1_47' title="bbox 129 4479 1636 4563; baseline -0.003 -26"><span class='ocrx_word' id='word_1_379' title='bbox 129 4483 322 4544; x_wconf 88' lang='lat' dir='ltr'><strong>liberiset</strong></span> <span class='ocrx_word' id='word_1_380' title='bbox 343 4490 639 4563; x_wconf 81' lang='lat' dir='ltr'><strong>majoribus,</strong></span> <span class='ocrx_word' id='word_1_381' title='bbox 663 4488 857 4559; x_wconf 86' lang='lat' dir='ltr'><strong>hisque</strong></span> <span class='ocrx_word' id='word_1_382' title='bbox 877 4503 909 4541; x_wconf 87' lang='lat' dir='ltr'><strong>a</strong></span> <span class='ocrx_word' id='word_1_383' title='bbox 930 4484 1122 4557; x_wconf 84' lang='lat' dir='ltr'><strong>quibus</strong></span> <span class='ocrx_word' id='word_1_384' title='bbox 1141 4482 1353 4551; x_wconf 85' lang='lat' dir='ltr'><strong>genitus</strong></span> <span class='ocrx_word' id='word_1_385' title='bbox 1374 4489 1477 4546; x_wconf 89' lang='lat' dir='ltr'><strong>est,</strong></span> <span class='ocrx_word' id='word_1_386' title='bbox 1496 4479 1636 4534; x_wconf 91' lang='lat' dir='ltr'><strong>mul-</strong></span> 
     </span>
    </p>
   </div>
   <div class='ocr_carea' id='block_1_48' title="bbox 128 4571 1634 4653">
    <p class='ocr_par' dir='ltr' id='par_1_48' title="bbox 128 4571 1634 4653">
     <span class='ocr_line' id='line_1_48' title="bbox 128 4571 1634 4653; baseline -0.009 -15"><span class='ocrx_word' id='word_1_387' title='bbox 128 4574 255 4648; x_wconf 71' lang='lat' dir='ltr'><strong>tisque</strong></span> <span class='ocrx_word' id='word_1_388' title='bbox 270 4590 501 4650; x_wconf 60' lang='lat' dir='ltr'><strong>praeterea</strong></span> <span class='ocrx_word' id='word_1_389' title='bbox 534 4578 966 4653; x_wconf 86' lang='lat' dir='ltr'><strong>prudentioribus</strong></span> <span class='ocrx_word' id='word_1_390' title='bbox 1000 4591 1109 4631; x_wconf 92' lang='lat' dir='ltr'><strong>non</strong></span> <span class='ocrx_word' id='word_1_391' title='bbox 1131 4573 1201 4629; x_wconf 89' lang='lat' dir='ltr'><strong>ad</strong></span> <span class='ocrx_word' id='word_1_392' title='bbox 1230 4580 1416 4627; x_wconf 89' lang='lat' dir='ltr'><strong>nutum</strong></span> <span class='ocrx_word' id='word_1_393' title='bbox 1442 4571 1634 4626; x_wconf 83' lang='lat' dir='ltr'><strong>volun-</strong></span> 
     </span>
    </p>
   </div>
   <div class='ocr_carea' id='block_1_49' title="bbox 128 4665 1711 4746">
    <p class='ocr_par' dir='ltr' id='par_1_49' title="bbox 128 4665 1711 4746">
     <span class='ocr_line' id='line_1_49' title="bbox 128 4665 1711 4746; baseline -0.008 -17"><span class='ocrx_word' id='word_1_394' title='bbox 128 4668 217 4723; x_wconf 66' lang='lat' dir='ltr'><strong>latis</strong></span> <span class='ocrx_word' id='word_1_395' title='bbox 236 4672 723 4746; x_wconf 84' lang='lat' dir='ltr'><strong>obtemperantibus;</strong></span> <span class='ocrx_word' id='word_1_396' title='bbox 755 4668 997 4727; x_wconf 89' lang='lat' dir='ltr'><strong>feriendo</strong></span> <span class='ocrx_word' id='word_1_397' title='bbox 1026 4681 1222 4724; x_wconf 89' lang='lat' dir='ltr'><strong>nocere</strong></span> <span class='ocrx_word' id='word_1_398' title='bbox 1244 4665 1344 4720; x_wconf 92' lang='lat' dir='ltr'><strong>niti</strong></span> <span class='ocrx_word' id='word_1_399' title='bbox 1378 4672 1637 4735; x_wconf 89' lang='lat' dir='ltr'><strong>quantum</strong></span> <span class='ocrx_word' id='word_1_400' title='bbox 1704 4702 1711 4708; x_wconf 81' lang='lat'><strong>.</strong></span> 
     </span>
    </p>
   </div>
   <div class='ocr_carea' id='block_1_50' title="bbox 128 4755 1639 4835">
    <p class='ocr_par' dir='ltr' id='par_1_50' title="bbox 128 4755 1639 4835">
     <span class='ocr_line' id='line_1_50' title="bbox 128 4755 1639 4835; baseline -0.009 -10"><span class='ocrx_word' id='word_1_401' title='bbox 128 4766 275 4828; x_wconf 66' lang='grc' dir='ltr'><strong>Ροιεει,</strong></span> <span class='ocrx_word' id='word_1_402' title='bbox 298 4765 406 4835; x_wconf 85' lang='lat' dir='ltr'><strong>quia</strong></span> <span class='ocrx_word' id='word_1_403' title='bbox 429 4763 813 4822; x_wconf 72' lang='lat' dir='ltr'><strong>non‘obeditur</strong></span> <span class='ocrx_word' id='word_1_404' title='bbox 842 4760 1082 4833; x_wconf 87' lang='lat' dir='ltr'><strong>imperiis</strong></span> <span class='ocrx_word' id='word_1_405' title='bbox 1106 4757 1300 4830; x_wconf 88' lang='lat' dir='ltr'><strong>quibus</strong></span> <span class='ocrx_word' id='word_1_406' title='bbox 1340 4755 1639 4827; x_wconf 89' lang='lat' dir='ltr'><strong>perniciose</strong></span> 
     </span>
    </p>
   </div>
   <div class='ocr_carea' id='block_1_51' title="bbox 128 4846 1711 4913">
    <p class='ocr_par' dir='ltr' id='par_1_51' title="bbox 128 4846 1711 4913">
     <span class='ocr_line' id='line_1_51' title="bbox 128 4846 1711 4913; baseline -0.005 -6"><span class='ocrx_word' id='word_1_407' title='bbox 128 4848 406 4911; x_wconf 81' lang='lat' dir='ltr'><strong>obediretur?</strong></span> <span class='ocrx_word' id='word_1_408' title='bbox 432 4856 503 4912; x_wconf 86' lang='lat' dir='ltr'><strong>Ita</strong></span> <span class='ocrx_word' id='word_1_409' title='bbox 535 4854 871 4913; x_wconf 84' lang='lat' dir='ltr'><strong>imbecillitas</strong></span> <span class='ocrx_word' id='word_1_410' title='bbox 908 4850 1271 4908; x_wconf 87' lang='lat' dir='ltr'><strong>membrorum</strong></span> <span class='ocrx_word' id='word_1_411' title='bbox 1320 4846 1638 4903; x_wconf 87' lang='lat' dir='ltr'><strong>infantilium</strong></span> <span class='ocrx_word' id='word_1_412' title='bbox 1706 4900 1711 4908; x_wconf 73' lang='grc'><em>,</em></span> 
     </span>
    </p>
   </div>
   <div class='ocr_carea' id='block_1_52' title="bbox 129 4938 1639 5018">
    <p class='ocr_par' dir='ltr' id='par_1_52' title="bbox 129 4938 1639 5018">
     <span class='ocr_line' id='line_1_52' title="bbox 129 4938 1639 5018; baseline -0.007 -14"><span class='ocrx_word' id='word_1_413' title='bbox 129 4939 330 5003; x_wconf 79' lang='lat' dir='ltr'><strong>innocens</strong></span> <span class='ocrx_word' id='word_1_414' title='bbox 350 4956 445 5018; x_wconf 88' lang='lat' dir='ltr'><strong>est,</strong></span> <span class='ocrx_word' id='word_1_415' title='bbox 479 4963 586 5005; x_wconf 93' lang='lat' dir='ltr'><strong>non</strong></span> <span class='ocrx_word' id='word_1_416' title='bbox 623 4946 835 5003; x_wconf 87' lang='lat' dir='ltr'><strong>animus</strong></span> <span class='ocrx_word' id='word_1_417' title='bbox 860 4943 1159 5000; x_wconf 86' lang='lat' dir='ltr'><strong>infantium.</strong></span> <span class='ocrx_word' id='word_1_418' title='bbox 1189 4938 1313 4995; x_wconf 77' lang='lat' dir='ltr'><strong>Vidi</strong></span> <span class='ocrx_word' id='word_1_419' title='bbox 1339 4954 1439 5011; x_wconf 91' lang='lat' dir='ltr'><strong>ego</strong></span> <span class='ocrx_word' id='word_1_420' title='bbox 1462 4947 1521 4994; x_wconf 90' lang='lat' dir='ltr'><strong>et</strong></span> <span class='ocrx_word' id='word_1_421' title='bbox 1546 4954 1639 4994; x_wconf 81' lang='lat' dir='ltr'><strong>ex-</strong></span> 
     </span>
    </p>
   </div>
   <div class='ocr_carea' id='block_1_53' title="bbox 175 5091 1643 5163">
    <p class='ocr_par' dir='ltr' id='par_1_53' title="bbox 175 5091 1643 5163">
     <span class='ocr_line' id='line_1_53' title="bbox 175 5091 1643 5163; baseline 0.014 0"><span class='ocrx_word' id='word_1_422' title='bbox 175 5100 621 5163; x_wconf 60' lang='grc' dir='ltr'><strong>ξωιηωιωυιίεπί.</strong></span> <span class='ocrx_word' id='word_1_423' title='bbox 644 5102 972 5163; x_wconf 67' lang='grc' dir='ltr'><strong>Αδεειιειμιθη</strong></span> <span class='ocrx_word' id='word_1_424' title='bbox 1003 5106 1113 5147; x_wconf 70' lang='grc' dir='ltr'><strong>ατη</strong></span> <span class='ocrx_word' id='word_1_425' title='bbox 1142 5093 1324 5163; x_wconf 66' lang='grc' dir='ltr'><strong>υοατίὲ</strong></span> <span class='ocrx_word' id='word_1_426' title='bbox 1354 5091 1643 5163; x_wconf 38' lang='lat' dir='ltr'><strong>“Si-eia”</strong></span> 
     </span>
    </p>
   </div>
   <div class='ocr_carea' id='block_1_54' title="bbox 132 5153 1639 5291">
    <p class='ocr_par' dir='ltr' id='par_1_54' title="bbox 132 5153 1639 5291">
     <span class='ocr_line' id='line_1_54' title="bbox 132 5153 1639 5217; baseline -0.006 -5"><span class='ocrx_word' id='word_1_427' title='bbox 132 5156 216 5212; x_wconf 77' lang='lat' dir='ltr'><strong>aiis</strong></span> <span class='ocrx_word' id='word_1_428' title='bbox 410 5153 647 5217; x_wconf 58' lang='lat' dir='ltr'><strong>a‘ma...</strong></span> <span class='ocrx_word' id='word_1_429' title='bbox 661 5159 1148 5214; x_wconf 80' lang='lat' dir='ltr'><strong>Eodemlocosomm.</strong></span> <span class='ocrx_word' id='word_1_430' title='bbox 1182 5155 1328 5206; x_wconf 77' lang='lat' dir='ltr'><strong>nona.</strong></span> <span class='ocrx_word' id='word_1_431' title='bbox 1346 5167 1456 5205; x_wconf 82' lang='lat' dir='ltr'><strong>cum</strong></span> <span class='ocrx_word' id='word_1_432' title='bbox 1478 5153 1510 5204; x_wconf 88' lang='lat'><strong>6</strong></span> <span class='ocrx_word' id='word_1_433' title='bbox 1531 5160 1639 5204; x_wconf 80' lang='lat' dir='ltr'><strong>uss.</strong></span> 
     </span>
     <span class='ocr_line' id='line_1_55' title="bbox 133 5160 1587 5291; baseline 0 0"><span class='ocrx_word' id='word_1_434' title='bbox 1173 5277 1313 5291; x_wconf 50' lang='grc' dir='ltr'><strong>--η</strong></span> <span class='ocrx_word' id='word_1_435' title='bbox 1363 5285 1407 5291; x_wconf 59' lang='lat'><strong>_,</strong></span> <span class='ocrx_word' id='word_1_436' title='bbox 1484 5282 1587 5291; x_wconf 48' lang='grc' dir='ltr'>η</span> 
     </span>
    </p>
   </div>
   <div class='ocr_carea' id='block_1_55' title="bbox 133 5217 1641 5355">
    <p class='ocr_par' dir='ltr' id='par_1_55' title="bbox 133 5217 1641 5355">
     <span class='ocr_line' id='line_1_56' title="bbox 133 5217 1641 5355; baseline 0.002 0"><span class='ocrx_word' id='word_1_437' title='bbox 310 5217 550 5340; x_wconf 62' lang='lat' dir='ltr'><strong>3&#39;ng</strong></span> <span class='ocrx_word' id='word_1_438' title='bbox 719 5277 1523 5355; x_wconf 43' lang='lat'><strong>459:3}</strong></span> <span class='ocrx_word' id='word_1_439' title='bbox 1536 5282 1641 5355; x_wconf 57' lang='grc' dir='ltr'><strong>εἶῖὲ</strong></span> 
     </span>
    </p>
   </div>
   <div class='ocr_carea' id='block_1_56' title="bbox 134 5341 1644 5480">
    <p class='ocr_par' dir='ltr' id='par_1_56' title="bbox 134 5341 1644 5480">
     <span class='ocr_line' id='line_1_57' title="bbox 135 5341 1644 5403; baseline -0.012 1"><span class='ocrx_word' id='word_1_440' title='bbox 135 5341 730 5403; x_wconf 66' lang='grc' dir='ltr'><strong>οιάιιεαιηωηιπιαήοωι</strong></span> <span class='ocrx_word' id='word_1_441' title='bbox 745 5360 758 5373; x_wconf 83' lang='grc'><em>’</em></span> <span class='ocrx_word' id='word_1_442' title='bbox 773 5345 992 5397; x_wconf 83' lang='lat' dir='ltr'><strong>sedvera</strong></span> <span class='ocrx_word' id='word_1_443' title='bbox 1006 5341 1154 5393; x_wconf 80' lang='lat' dir='ltr'><strong>lectio</strong></span> <span class='ocrx_word' id='word_1_444' title='bbox 1171 5347 1250 5392; x_wconf 80' lang='lat' dir='ltr'><strong>est</strong></span> <span class='ocrx_word' id='word_1_445' title='bbox 1428 5345 1644 5401; x_wconf 68' lang='grc' dir='ltr'><strong>ωδε.οω</strong></span> 
     </span>
     <span class='ocr_line' id='line_1_58' title="bbox 134 5353 1644 5480; baseline 0 0"><span class='ocrx_word' id='word_1_446' title='bbox 134 5406 557 5480; x_wconf 54' lang='lat' dir='ltr'><strong>manu;</strong></span> <span class='ocrx_word' id='word_1_447' title='bbox 566 5422 716 5476; x_wconf 76' lang='lat' dir='ltr'><strong>quem</strong></span> <span class='ocrx_word' id='word_1_448' title='bbox 736 5385 975 5480; x_wconf 63' lang='grc' dir='ltr'><strong>ίρίιιιθιιάέ</strong></span> <span class='ocrx_word' id='word_1_449' title='bbox 1208 5353 1411 5480; x_wconf 29' lang='lat'><strong>“35$?</strong></span> <span class='ocrx_word' id='word_1_450' title='bbox 1410 5400 1644 5480; x_wconf 56' lang='lat'><strong>9.63361:</strong></span> 
     </span>
    </p>
   </div>
   <div class='ocr_carea' id='block_1_57' title="bbox 140 5568 785 5639">
    <p class='ocr_par' dir='ltr' id='par_1_57' title="bbox 140 5568 785 5639">
     <span class='ocr_line' id='line_1_59' title="bbox 140 5568 785 5639; baseline -0.003 0"><span class='ocrx_word' id='word_1_451' title='bbox 140 5568 471 5639; x_wconf 48' lang='lat' dir='ltr'><strong>sum</strong></span> <span class='ocrx_word' id='word_1_452' title='bbox 364 5568 444 5586; x_wconf 87' lang='grc'><strong>““’</strong></span> <span class='ocrx_word' id='word_1_453' title='bbox 458 5568 507 5639; x_wconf 79' lang='grc' dir='ltr'><strong>’Ϊ’</strong></span> <span class='ocrx_word' id='word_1_454' title='bbox 519 5568 785 5594; x_wconf 54' lang='lat' dir='ltr'><strong><em>mm’</em></strong></span> 
     </span>
    </p>
   </div>
   <div class='ocr_carea' id='block_1_58' title="bbox 187 5594 1427 5723">
    <p class='ocr_par' dir='ltr' id='par_1_58' title="bbox 187 5594 1427 5723">
     <span class='ocr_line' id='line_1_60' title="bbox 187 5594 1427 5723; baseline -0.01 -13"><span class='ocrx_word' id='word_1_455' title='bbox 744 5677 803 5693; x_wconf 90' lang='lat'><em>--</em></span> <span class='ocrx_word' id='word_1_456' title='bbox 816 5660 885 5707; x_wconf 87' lang='lat' dir='ltr'><strong>tta</strong></span> <span class='ocrx_word' id='word_1_457' title='bbox 900 5650 1044 5704; x_wconf 68' lang='lat' dir='ltr'><strong>send.</strong></span> <span class='ocrx_word' id='word_1_458' title='bbox 1063 5661 1173 5701; x_wconf 88' lang='lat' dir='ltr'><strong>cum</strong></span> <span class='ocrx_word' id='word_1_459' title='bbox 1190 5648 1223 5699; x_wconf 89' lang='lat'><strong><em>8</em></strong></span> <span class='ocrx_word' id='word_1_460' title='bbox 1237 5646 1348 5701; x_wconf 80' lang='lat' dir='ltr'><strong>odd.</strong></span> <span class='ocrx_word' id='word_1_461' title='bbox 1373 5655 1427 5698; x_wconf 75' lang='grc' dir='ltr'><strong>Μ.</strong></span> 
     </span>
    </p>
   </div>
   <div class='ocr_carea' id='block_1_59' title="bbox 3221 214 3326 272">
    <p class='ocr_par' dir='ltr' id='par_1_59' title="bbox 3221 214 3326 272">
     <span class='ocr_line' id='line_1_61' title="bbox 3221 214 3326 272; baseline 0.019 -2"><span class='ocrx_word' id='word_1_462' title='bbox 3221 214 3326 272; x_wconf 78' lang='lat'><strong>666</strong></span> 
     </span>
    </p>
   </div>
   <div class='ocr_carea' id='block_1_60' title="bbox 1741 323 3317 399">
    <p class='ocr_par' dir='ltr' id='par_1_60' title="bbox 1741 323 3317 399">
     <span class='ocr_line' id='line_1_62' title="bbox 1741 323 3317 399; baseline 0.005 -22"><span class='ocrx_word' id='word_1_463' title='bbox 1741 331 1925 393; x_wconf 88' lang='lat' dir='ltr'><strong>pertus</strong></span> <span class='ocrx_word' id='word_1_464' title='bbox 1951 338 2067 379; x_wconf 91' lang='lat' dir='ltr'><strong>sum</strong></span> <span class='ocrx_word' id='word_1_465' title='bbox 2089 323 2349 381; x_wconf 89' lang='lat' dir='ltr'><strong>zelantem</strong></span> <span class='ocrx_word' id='word_1_466' title='bbox 2376 324 2690 397; x_wconf 88' lang='lat' dir='ltr'><strong>parvulum:</strong></span> <span class='ocrx_word' id='word_1_467' title='bbox 2720 325 2956 384; x_wconf 82' lang='lat' dir='ltr'><strong>nondum</strong></span> <span class='ocrx_word' id='word_1_468' title='bbox 2981 326 3317 399; x_wconf 86' lang='lat' dir='ltr'><strong>loquebatur,</strong></span> 
     </span>
    </p>
   </div>
   <div class='ocr_carea' id='block_1_61' title="bbox 1746 414 3320 491">
    <p class='ocr_par' dir='ltr' id='par_1_61' title="bbox 1746 414 3320 491">
     <span class='ocr_line' id='line_1_63' title="bbox 1746 414 3320 491; baseline 0.006 -21"><span class='ocrx_word' id='word_1_469' title='bbox 1746 423 1801 470; x_wconf 92' lang='lat' dir='ltr'><strong>et</strong></span> <span class='ocrx_word' id='word_1_470' title='bbox 1843 414 2144 471; x_wconf 87' lang='lat' dir='ltr'><strong>intuebatur</strong></span> <span class='ocrx_word' id='word_1_471' title='bbox 2183 416 2406 487; x_wconf 89' lang='lat' dir='ltr'><strong>pallidus</strong></span> <span class='ocrx_word' id='word_1_472' title='bbox 2449 433 2632 475; x_wconf 91' lang='lat' dir='ltr'><strong>amaro</strong></span> <span class='ocrx_word' id='word_1_473' title='bbox 2674 429 2894 491; x_wconf 89' lang='lat' dir='ltr'><strong>aspectu</strong></span> <span class='ocrx_word' id='word_1_474' title='bbox 2933 420 3320 480; x_wconf 71' lang='lat' dir='ltr'><strong>colluctaneum</strong></span> 
     </span>
    </p>
   </div>
   <div class='ocr_carea' id='block_1_62' title="bbox 1739 508 3311 582">
    <p class='ocr_par' dir='ltr' id='par_1_62' title="bbox 1739 508 3311 582">
     <span class='ocr_line' id='line_1_64' title="bbox 1739 508 3311 582; baseline 0.003 -19"><span class='ocrx_word' id='word_1_475' title='bbox 1739 521 1914 563; x_wconf 88' lang='lat' dir='ltr'><strong>suum.</strong></span> <span class='ocrx_word' id='word_1_476' title='bbox 1941 508 2070 576; x_wconf 84' lang='lat' dir='ltr'><strong>Quis</strong></span> <span class='ocrx_word' id='word_1_477' title='bbox 2100 509 2200 564; x_wconf 91' lang='lat' dir='ltr'><strong>hoc</strong></span> <span class='ocrx_word' id='word_1_478' title='bbox 2227 510 2462 580; x_wconf 85' lang='lat' dir='ltr'><strong>ignorat?</strong></span> <span class='ocrx_word' id='word_1_479' title='bbox 2491 511 2722 582; x_wconf 80' lang='lat' dir='ltr'><strong>Expiare</strong></span> <span class='ocrx_word' id='word_1_480' title='bbox 2755 528 2815 570; x_wconf 89' lang='lat' dir='ltr'><strong>se</strong></span> <span class='ocrx_word' id='word_1_481' title='bbox 2840 512 3023 569; x_wconf 89' lang='lat' dir='ltr'><strong>dicunt</strong></span> <span class='ocrx_word' id='word_1_482' title='bbox 3062 514 3162 569; x_wconf 90' lang='lat' dir='ltr'><strong>ista</strong></span> <span class='ocrx_word' id='word_1_483' title='bbox 3193 529 3311 568; x_wconf 81' lang='lat' dir='ltr'><strong>ma-</strong></span> 
     </span>
    </p>
   </div>
   <div class='ocr_carea' id='block_1_63' title="bbox 1741 599 3311 672">
    <p class='ocr_par' dir='ltr' id='par_1_63' title="bbox 1741 599 3311 672">
     <span class='ocr_line' id='line_1_65' title="bbox 1741 599 3311 672; baseline 0.006 -20"><span class='ocrx_word' id='word_1_484' title='bbox 1741 606 1848 653; x_wconf 87' lang='lat' dir='ltr'><strong>tres</strong></span> <span class='ocrx_word' id='word_1_485' title='bbox 1875 606 2032 669; x_wconf 90' lang='lat' dir='ltr'><strong>atque</strong></span> <span class='ocrx_word' id='word_1_486' title='bbox 2057 599 2291 656; x_wconf 90' lang='lat' dir='ltr'><strong>nutrices</strong></span> <span class='ocrx_word' id='word_1_487' title='bbox 2315 601 2496 656; x_wconf 88' lang='lat' dir='ltr'><strong>nescio</strong></span> <span class='ocrx_word' id='word_1_488' title='bbox 2521 602 2710 672; x_wconf 88' lang='lat' dir='ltr'><strong>quibus</strong></span> <span class='ocrx_word' id='word_1_489' title='bbox 2742 605 3011 661; x_wconf 88' lang='lat' dir='ltr'><strong>remediis.</strong></span> <span class='ocrx_word' id='word_1_490' title='bbox 3046 603 3158 660; x_wconf 83' lang='lat' dir='ltr'><strong>Nisi</strong></span> <span class='ocrx_word' id='word_1_491' title='bbox 3182 619 3311 661; x_wconf 87' lang='lat' dir='ltr'><strong>vero</strong></span> 
     </span>
    </p>
   </div>
   <div class='ocr_carea' id='block_1_64' title="bbox 1739 691 3320 761">
    <p class='ocr_par' dir='ltr' id='par_1_64' title="bbox 1739 691 3320 761">
     <span class='ocr_line' id='line_1_66' title="bbox 1739 691 3320 761; baseline 0.004 -15"><span class='ocrx_word' id='word_1_492' title='bbox 1739 699 1795 747; x_wconf 92' lang='lat' dir='ltr'><strong>et</strong></span> <span class='ocrx_word' id='word_1_493' title='bbox 1822 691 1921 747; x_wconf 88' lang='lat' dir='ltr'><strong>ista</strong></span> <span class='ocrx_word' id='word_1_494' title='bbox 1944 692 2241 747; x_wconf 89' lang='lat' dir='ltr'><strong>innocentia</strong></span> <span class='ocrx_word' id='word_1_495' title='bbox 2267 701 2369 761; x_wconf 90' lang='lat' dir='ltr'><strong>est,</strong></span> <span class='ocrx_word' id='word_1_496' title='bbox 2392 693 2445 748; x_wconf 93' lang='lat' dir='ltr'><strong>in</strong></span> <span class='ocrx_word' id='word_1_497' title='bbox 2468 693 2612 750; x_wconf 85' lang='lat' dir='ltr'><strong>fonte</strong></span> <span class='ocrx_word' id='word_1_498' title='bbox 2636 694 2788 750; x_wconf 89' lang='lat' dir='ltr'><strong>lactis</strong></span> <span class='ocrx_word' id='word_1_499' title='bbox 2810 697 3035 753; x_wconf 89' lang='lat' dir='ltr'><strong>ubertim</strong></span> <span class='ocrx_word' id='word_1_500' title='bbox 3066 705 3320 753; x_wconf 88' lang='lat' dir='ltr'><strong>manante</strong></span> 
     </span>
    </p>
   </div>
   <div class='ocr_carea' id='block_1_65' title="bbox 1738 784 3313 858">
    <p class='ocr_par' dir='ltr' id='par_1_65' title="bbox 1738 784 3313 858">
     <span class='ocr_line' id='line_1_67' title="bbox 1738 784 3313 858; baseline 0.005 -21"><span class='ocrx_word' id='word_1_501' title='bbox 1738 796 1897 855; x_wconf 88' lang='lat' dir='ltr'><strong>atque</strong></span> <span class='ocrx_word' id='word_1_502' title='bbox 1921 784 2244 853; x_wconf 84' lang='lat' dir='ltr'><strong>abundante,</strong></span> <span class='ocrx_word' id='word_1_503' title='bbox 2282 785 2401 858; x_wconf 87' lang='lat' dir='ltr'><strong>opis</strong></span> <span class='ocrx_word' id='word_1_504' title='bbox 2441 787 2861 857; x_wconf 90' lang='lat' dir='ltr'><strong>egentissimum,</strong></span> <span class='ocrx_word' id='word_1_505' title='bbox 2905 798 2961 845; x_wconf 88' lang='lat' dir='ltr'><strong>et</strong></span> <span class='ocrx_word' id='word_1_506' title='bbox 3002 790 3094 846; x_wconf 90' lang='lat' dir='ltr'><strong>illo</strong></span> <span class='ocrx_word' id='word_1_507' title='bbox 3136 788 3313 846; x_wconf 90' lang='lat' dir='ltr'><strong>adhuc</strong></span> 
     </span>
    </p>
   </div>
   <div class='ocr_carea' id='block_1_66' title="bbox 1739 875 3317 953">
    <p class='ocr_par' dir='ltr' id='par_1_66' title="bbox 1739 875 3317 953">
     <span class='ocr_line' id='line_1_68' title="bbox 1739 875 3317 953; baseline 0.004 -24"><span class='ocrx_word' id='word_1_508' title='bbox 1739 890 1847 931; x_wconf 91' lang='lat' dir='ltr'><strong>uno</strong></span> <span class='ocrx_word' id='word_1_509' title='bbox 1872 875 2130 932; x_wconf 87' lang='lat' dir='ltr'><strong>alimento</strong></span> <span class='ocrx_word' id='word_1_510' title='bbox 2171 878 2333 932; x_wconf 90' lang='lat' dir='ltr'><strong>vitam</strong></span> <span class='ocrx_word' id='word_1_511' title='bbox 2371 877 2678 947; x_wconf 88' lang='lat' dir='ltr'><strong>ducentem,</strong></span> <span class='ocrx_word' id='word_1_512' title='bbox 2719 888 3022 937; x_wconf 83' lang='lat' dir='ltr'><strong>consortem</strong></span> <span class='ocrx_word' id='word_1_513' title='bbox 3048 897 3156 937; x_wconf 92' lang='lat' dir='ltr'><strong>non</strong></span> <span class='ocrx_word' id='word_1_514' title='bbox 3183 882 3317 953; x_wconf 89' lang='lat' dir='ltr'><strong>pati.</strong></span> 
     </span>
    </p>
   </div>
   <div class='ocr_carea' id='block_1_67' title="bbox 1738 963 3316 1043">
    <p class='ocr_par' dir='ltr' id='par_1_67' title="bbox 1738 963 3316 1043">
     <span class='ocr_line' id='line_1_69' title="bbox 1738 963 3316 1043; baseline 0.004 -22"><span class='ocrx_word' id='word_1_515' title='bbox 1738 963 1843 1021; x_wconf 89' lang='lat' dir='ltr'><strong>Sed</strong></span> <span class='ocrx_word' id='word_1_516' title='bbox 1864 965 2057 1022; x_wconf 88' lang='lat' dir='ltr'><strong>blande</strong></span> <span class='ocrx_word' id='word_1_517' title='bbox 2088 968 2382 1023; x_wconf 86' lang='lat' dir='ltr'><strong>tolerantur</strong></span> <span class='ocrx_word' id='word_1_518' title='bbox 2411 968 2544 1037; x_wconf 83' lang='lat' dir='ltr'><strong>haec,</strong></span> <span class='ocrx_word' id='word_1_519' title='bbox 2573 984 2681 1024; x_wconf 91' lang='lat' dir='ltr'><strong>non</strong></span> <span class='ocrx_word' id='word_1_520' title='bbox 2704 970 2826 1040; x_wconf 87' lang='lat' dir='ltr'><strong>quia</strong></span> <span class='ocrx_word' id='word_1_521' title='bbox 2848 970 2995 1025; x_wconf 91' lang='lat' dir='ltr'><strong>nulla</strong></span> <span class='ocrx_word' id='word_1_522' title='bbox 3021 970 3107 1026; x_wconf 91' lang='lat' dir='ltr'><strong>vel</strong></span> <span class='ocrx_word' id='word_1_523' title='bbox 3130 985 3316 1043; x_wconf 84' lang='lat' dir='ltr'><strong>parva,</strong></span> 
     </span>
    </p>
   </div>
   <div class='ocr_carea' id='block_1_68' title="bbox 1739 1056 3314 1132">
    <p class='ocr_par' dir='ltr' id='par_1_68' title="bbox 1739 1056 3314 1132">
     <span class='ocr_line' id='line_1_70' title="bbox 1739 1056 3314 1132; baseline 0.003 -20"><span class='ocrx_word' id='word_1_524' title='bbox 1739 1056 1833 1113; x_wconf 87' lang='lat' dir='ltr'><strong>sed</strong></span> <span class='ocrx_word' id='word_1_525' title='bbox 1859 1060 1979 1128; x_wconf 90' lang='lat' dir='ltr'><strong>quia</strong></span> <span class='ocrx_word' id='word_1_526' title='bbox 2005 1059 2177 1114; x_wconf 67' lang='lat' dir='ltr'><strong>aetatis</strong></span> <span class='ocrx_word' id='word_1_527' title='bbox 2196 1074 2414 1115; x_wconf 88' lang='lat' dir='ltr'><strong>accessu</strong></span> <span class='ocrx_word' id='word_1_528' title='bbox 2437 1061 2666 1129; x_wconf 90' lang='lat' dir='ltr'><strong>peritura</strong></span> <span class='ocrx_word' id='word_1_529' title='bbox 2686 1070 2830 1116; x_wconf 89' lang='lat' dir='ltr'><strong>sunt.</strong></span> <span class='ocrx_word' id='word_1_530' title='bbox 2856 1060 3011 1130; x_wconf 85' lang='lat' dir='ltr'><strong>Quod</strong></span> <span class='ocrx_word' id='word_1_531' title='bbox 3036 1061 3162 1118; x_wconf 88' lang='lat' dir='ltr'><strong>licet</strong></span> <span class='ocrx_word' id='word_1_532' title='bbox 3185 1077 3314 1132; x_wconf 84' lang='lat' dir='ltr'><strong>pro-</strong></span> 
     </span>
    </p>
   </div>
   <div class='ocr_carea' id='block_1_69' title="bbox 1740 1147 3317 1226">
    <p class='ocr_par' dir='ltr' id='par_1_69' title="bbox 1740 1147 3317 1226">
     <span class='ocr_line' id='line_1_71' title="bbox 1740 1147 3317 1226; baseline 0.004 -24"><span class='ocrx_word' id='word_1_533' title='bbox 1740 1147 1855 1213; x_wconf 90' lang='lat' dir='ltr'><strong>bes,</strong></span> <span class='ocrx_word' id='word_1_534' title='bbox 1894 1165 2014 1203; x_wconf 90' lang='lat' dir='ltr'><strong>cum</strong></span> <span class='ocrx_word' id='word_1_535' title='bbox 2039 1150 2054 1182; x_wconf 81' lang='grc'>¹</span> <span class='ocrx_word' id='word_1_536' title='bbox 2085 1149 2210 1206; x_wconf 87' lang='lat' dir='ltr'><strong>ferri</strong></span> <span class='ocrx_word' id='word_1_537' title='bbox 2231 1166 2384 1222; x_wconf 72' lang='lat' dir='ltr'><strong>mque</strong></span> <span class='ocrx_word' id='word_1_538' title='bbox 2402 1151 2579 1207; x_wconf 91' lang='lat' dir='ltr'><strong>animo</strong></span> <span class='ocrx_word' id='word_1_539' title='bbox 2598 1152 2783 1208; x_wconf 86' lang='lat' dir='ltr'><strong>eadem</strong></span> <span class='ocrx_word' id='word_1_540' title='bbox 2800 1153 2914 1223; x_wconf 91' lang='lat' dir='ltr'><strong>ipsa</strong></span> <span class='ocrx_word' id='word_1_541' title='bbox 2943 1169 3051 1208; x_wconf 92' lang='lat' dir='ltr'><strong>non</strong></span> <span class='ocrx_word' id='word_1_542' title='bbox 3078 1162 3317 1226; x_wconf 88' lang='lat' dir='ltr'><strong>possunt,</strong></span> 
     </span>
    </p>
   </div>
   <div class='ocr_carea' id='block_1_70' title="bbox 1739 1241 3066 1316">
    <p class='ocr_par' dir='ltr' id='par_1_70' title="bbox 1739 1241 3066 1316">
     <span class='ocr_line' id='line_1_72' title="bbox 1739 1241 3066 1316; baseline 0.006 -21"><span class='ocrx_word' id='word_1_543' title='bbox 1739 1241 1951 1310; x_wconf 86' lang='lat' dir='ltr'><strong>quando</strong></span> <span class='ocrx_word' id='word_1_544' title='bbox 1979 1242 2032 1297; x_wconf 93' lang='lat' dir='ltr'><strong>in</strong></span> <span class='ocrx_word' id='word_1_545' title='bbox 2057 1243 2234 1313; x_wconf 88' lang='lat' dir='ltr'><strong>aliquo</strong></span> <span class='ocrx_word' id='word_1_546' title='bbox 2260 1245 2546 1302; x_wconf 86' lang='lat' dir='ltr'><strong>annosiore</strong></span> <span class='ocrx_word' id='word_1_547' title='bbox 2574 1245 3066 1316; x_wconf 90' lang='lat' dir='ltr'><strong>deprehenduntur.</strong></span> 
     </span>
    </p>
   </div>
   <div class='ocr_carea' id='block_1_71' title="bbox 1810 1333 3320 1409">
    <p class='ocr_par' dir='ltr' id='par_1_71' title="bbox 1810 1333 3320 1409">
     <span class='ocr_line' id='line_1_73' title="bbox 1810 1333 3320 1409; baseline 0.004 -21"><span class='ocrx_word' id='word_1_548' title='bbox 1810 1333 1898 1389; x_wconf 75' lang='grc'><strong>12.</strong></span> <span class='ocrx_word' id='word_1_549' title='bbox 1939 1334 2015 1389; x_wconf 91' lang='lat' dir='ltr'><strong>Tu</strong></span> <span class='ocrx_word' id='word_1_550' title='bbox 2045 1335 2245 1407; x_wconf 89' lang='lat' dir='ltr'><strong>itaque,</strong></span> <span class='ocrx_word' id='word_1_551' title='bbox 2277 1336 2502 1393; x_wconf 89' lang='lat' dir='ltr'><strong>Domine</strong></span> <span class='ocrx_word' id='word_1_552' title='bbox 2529 1337 2667 1393; x_wconf 88' lang='lat' dir='ltr'><strong>Deus</strong></span> <span class='ocrx_word' id='word_1_553' title='bbox 2695 1352 2867 1404; x_wconf 89' lang='lat' dir='ltr'><strong>meus,</strong></span> <span class='ocrx_word' id='word_1_554' title='bbox 2893 1339 2984 1409; x_wconf 87' lang='lat' dir='ltr'><strong>qui</strong></span> <span class='ocrx_word' id='word_1_555' title='bbox 3012 1338 3203 1394; x_wconf 87' lang='lat' dir='ltr'><strong>dedisti</strong></span> <span class='ocrx_word' id='word_1_556' title='bbox 3236 1339 3320 1394; x_wconf 85' lang='lat' dir='ltr'><strong>vi-</strong></span> 
     </span>
    </p>
   </div>
   <div class='ocr_carea' id='block_1_72' title="bbox 1741 1424 3322 1499">
    <p class='ocr_par' dir='ltr' id='par_1_72' title="bbox 1741 1424 3322 1499">
     <span class='ocr_line' id='line_1_74' title="bbox 1741 1424 3322 1499; baseline 0.005 -20"><span class='ocrx_word' id='word_1_557' title='bbox 1741 1431 1846 1479; x_wconf 87' lang='lat' dir='ltr'><strong>tam</strong></span> <span class='ocrx_word' id='word_1_558' title='bbox 1864 1424 2068 1494; x_wconf 82' lang='lat' dir='ltr'><strong>infanti,</strong></span> <span class='ocrx_word' id='word_1_559' title='bbox 2096 1436 2149 1482; x_wconf 90' lang='lat' dir='ltr'><strong>et</strong></span> <span class='ocrx_word' id='word_1_560' title='bbox 2173 1441 2388 1497; x_wconf 89' lang='lat' dir='ltr'><strong>corpus,</strong></span> <span class='ocrx_word' id='word_1_561' title='bbox 2412 1428 2553 1499; x_wconf 90' lang='lat' dir='ltr'><strong>quod</strong></span> <span class='ocrx_word' id='word_1_562' title='bbox 2580 1429 2653 1484; x_wconf 92' lang='lat' dir='ltr'><strong>ita</strong></span> <span class='ocrx_word' id='word_1_563' title='bbox 2680 1437 2740 1484; x_wconf 90' lang='lat' dir='ltr'><strong>ut</strong></span> <span class='ocrx_word' id='word_1_564' title='bbox 2768 1429 3008 1485; x_wconf 87' lang='lat' dir='ltr'><strong>videmus</strong></span> <span class='ocrx_word' id='word_1_565' title='bbox 3023 1430 3322 1489; x_wconf 79' lang='lat' dir='ltr'><strong>instruxisti</strong></span> 
     </span>
    </p>
   </div>
   <div class='ocr_carea' id='block_1_73' title="bbox 1739 1515 3320 1592">
    <p class='ocr_par' dir='ltr' id='par_1_73' title="bbox 1739 1515 3320 1592">
     <span class='ocr_line' id='line_1_75' title="bbox 1739 1515 3320 1592; baseline 0.004 -23"><span class='ocrx_word' id='word_1_566' title='bbox 1739 1515 2001 1581; x_wconf 88' lang='lat' dir='ltr'><strong>sensibus,</strong></span> <span class='ocrx_word' id='word_1_567' title='bbox 2031 1518 2344 1589; x_wconf 83' lang='lat' dir='ltr'><strong>compegisti</strong></span> <span class='ocrx_word' id='word_1_568' title='bbox 2372 1518 2649 1584; x_wconf 90' lang='lat' dir='ltr'><strong>membris,</strong></span> <span class='ocrx_word' id='word_1_569' title='bbox 2688 1519 2853 1591; x_wconf 81' lang='lat' dir='ltr'><strong>figura</strong></span> <span class='ocrx_word' id='word_1_570' title='bbox 2879 1519 3165 1588; x_wconf 87' lang='lat' dir='ltr'><strong>decorasti,</strong></span> <span class='ocrx_word' id='word_1_571' title='bbox 3190 1535 3320 1592; x_wconf 84' lang='lat' dir='ltr'><strong>pro-</strong></span> 
     </span>
    </p>
   </div>
   <div class='ocr_carea' id='block_1_74' title="bbox 1739 1608 3324 1683">
    <p class='ocr_par' dir='ltr' id='par_1_74' title="bbox 1739 1608 3324 1683">
     <span class='ocr_line' id='line_1_76' title="bbox 1739 1608 3324 1683; baseline 0.005 -20"><span class='ocrx_word' id='word_1_572' title='bbox 1739 1622 1845 1679; x_wconf 90' lang='lat' dir='ltr'><strong>que</strong></span> <span class='ocrx_word' id='word_1_573' title='bbox 1870 1608 1988 1679; x_wconf 88' lang='lat' dir='ltr'><strong>ejus</strong></span> <span class='ocrx_word' id='word_1_574' title='bbox 2015 1610 2356 1668; x_wconf 85' lang='lat' dir='ltr'><strong>universitale</strong></span> <span class='ocrx_word' id='word_1_575' title='bbox 2380 1620 2539 1683; x_wconf 88' lang='lat' dir='ltr'><strong>atque</strong></span> <span class='ocrx_word' id='word_1_576' title='bbox 2566 1612 2928 1669; x_wconf 90' lang='lat' dir='ltr'><strong>incolumitate</strong></span> <span class='ocrx_word' id='word_1_577' title='bbox 2948 1629 3136 1670; x_wconf 90' lang='lat' dir='ltr'><strong>omnes</strong></span> <span class='ocrx_word' id='word_1_578' title='bbox 3158 1630 3324 1671; x_wconf 84' lang='lat' dir='ltr'><strong>cona-</strong></span> 
     </span>
    </p>
   </div>
   <div class='ocr_carea' id='block_1_75' title="bbox 1742 1701 3325 1774">
    <p class='ocr_par' dir='ltr' id='par_1_75' title="bbox 1742 1701 3325 1774">
     <span class='ocr_line' id='line_1_77' title="bbox 1742 1701 3325 1774; baseline 0.004 -19"><span class='ocrx_word' id='word_1_579' title='bbox 1742 1709 1827 1755; x_wconf 89' lang='lat' dir='ltr'><strong>tus</strong></span> <span class='ocrx_word' id='word_1_580' title='bbox 1855 1701 2139 1757; x_wconf 89' lang='lat' dir='ltr'><strong>animantis</strong></span> <span class='ocrx_word' id='word_1_581' title='bbox 2170 1703 2477 1768; x_wconf 84' lang='lat' dir='ltr'><strong>insinuasti;</strong></span> <span class='ocrx_word' id='word_1_582' title='bbox 2503 1703 2665 1774; x_wconf 87' lang='lat' dir='ltr'><strong>jnbes</strong></span> <span class='ocrx_word' id='word_1_583' title='bbox 2688 1716 2774 1760; x_wconf 88' lang='lat' dir='ltr'><strong>me</strong></span> <span class='ocrx_word' id='word_1_584' title='bbox 2802 1705 3020 1762; x_wconf 89' lang='lat' dir='ltr'><strong>laudare</strong></span> <span class='ocrx_word' id='word_1_585' title='bbox 3046 1714 3099 1761; x_wconf 90' lang='lat' dir='ltr'><strong>te</strong></span> <span class='ocrx_word' id='word_1_586' title='bbox 3125 1705 3177 1761; x_wconf 92' lang='lat' dir='ltr'><strong>in</strong></span> <span class='ocrx_word' id='word_1_587' title='bbox 3209 1707 3325 1763; x_wconf 91' lang='lat' dir='ltr'><strong>istis</strong></span> 
     </span>
    </p>
   </div>
   <div class='ocr_carea' id='block_1_76' title="bbox 1739 1792 3325 1863">
    <p class='ocr_par' dir='ltr' id='par_1_76' title="bbox 1739 1792 3325 1863">
     <span class='ocr_line' id='line_1_78' title="bbox 1739 1792 3325 1863; baseline 0.004 -17"><span class='ocrx_word' id='word_1_588' title='bbox 1739 1800 1794 1846; x_wconf 90' lang='lat' dir='ltr'><strong>et</strong></span> <span class='ocrx_word' id='word_1_589' title='bbox 1829 1792 2069 1848; x_wconf 79' lang='lat' dir='ltr'><strong>confiteri</strong></span> <span class='ocrx_word' id='word_1_590' title='bbox 2115 1793 2230 1859; x_wconf 89' lang='lat' dir='ltr'><strong>tibi,</strong></span> <span class='ocrx_word' id='word_1_591' title='bbox 2277 1803 2332 1849; x_wconf 91' lang='lat' dir='ltr'><strong>et</strong></span> <span class='ocrx_word' id='word_1_592' title='bbox 2376 1793 2601 1862; x_wconf 84' lang='lat' dir='ltr'><strong>psallere</strong></span> <span class='ocrx_word' id='word_1_593' title='bbox 2644 1795 2846 1850; x_wconf 92' lang='lat' dir='ltr'><strong>nomini</strong></span> <span class='ocrx_word' id='word_1_594' title='bbox 2893 1804 3004 1863; x_wconf 92' lang='lat' dir='ltr'><strong>tuo,</strong></span> <span class='ocrx_word' id='word_1_595' title='bbox 3051 1796 3325 1852; x_wconf 81' lang='lat' dir='ltr'><strong>Altissime</strong></span> 
     </span>
    </p>
   </div>
   <div class='ocr_carea' id='block_1_77' title="bbox 1740 1882 3322 1960">
    <p class='ocr_par' dir='ltr' id='par_1_77' title="bbox 1740 1882 3322 1960">
     <span class='ocr_line' id='line_1_79' title="bbox 1740 1882 3322 1960; baseline 0.005 -23"><span class='ocrx_word' id='word_1_596' title='bbox 1740 1882 1912 1955; x_wconf 81' lang='lat' dir='ltr'><strong>(Psal.</strong></span> <span class='ocrx_word' id='word_1_597' title='bbox 1951 1902 2062 1951; x_wconf 80' lang='lat' dir='ltr'><strong>xei,</strong></span> <span class='ocrx_word' id='word_1_598' title='bbox 2101 1885 2192 1959; x_wconf 72' lang='lat'><strong>2):</strong></span> <span class='ocrx_word' id='word_1_599' title='bbox 2224 1888 2344 1958; x_wconf 89' lang='lat' dir='ltr'><strong>quia</strong></span> <span class='ocrx_word' id='word_1_600' title='bbox 2393 1887 2530 1943; x_wconf 89' lang='lat' dir='ltr'><strong>Deus</strong></span> <span class='ocrx_word' id='word_1_601' title='bbox 2572 1903 2631 1943; x_wconf 90' lang='lat' dir='ltr'><strong>es</strong></span> <span class='ocrx_word' id='word_1_602' title='bbox 2673 1889 3010 1960; x_wconf 89' lang='lat' dir='ltr'><strong>omnipotens</strong></span> <span class='ocrx_word' id='word_1_603' title='bbox 3050 1900 3103 1946; x_wconf 89' lang='lat' dir='ltr'><strong>et</strong></span> <span class='ocrx_word' id='word_1_604' title='bbox 3129 1889 3322 1956; x_wconf 82' lang='lat' dir='ltr'><strong>bonus,</strong></span> 
     </span>
    </p>
   </div>
   <div class='ocr_carea' id='block_1_78' title="bbox 1739 1975 3326 2051">
    <p class='ocr_par' dir='ltr' id='par_1_78' title="bbox 1739 1975 3326 2051">
     <span class='ocr_line' id='line_1_80' title="bbox 1739 1975 3326 2051; baseline 0.004 -22"><span class='ocrx_word' id='word_1_605' title='bbox 1739 1975 1945 2032; x_wconf 90' lang='lat' dir='ltr'><strong>etiamsi</strong></span> <span class='ocrx_word' id='word_1_606' title='bbox 1978 1977 2091 2032; x_wconf 90' lang='lat' dir='ltr'><strong>sola</strong></span> <span class='ocrx_word' id='word_1_607' title='bbox 2130 1977 2227 2033; x_wconf 87' lang='lat' dir='ltr'><strong>ista</strong></span> <span class='ocrx_word' id='word_1_608' title='bbox 2270 1978 2506 2043; x_wconf 87' lang='lat' dir='ltr'><strong>fecisses.</strong></span> <span class='ocrx_word' id='word_1_609' title='bbox 2538 1994 2658 2050; x_wconf 76' lang='lat' dir='ltr'><strong>qua:</strong></span> <span class='ocrx_word' id='word_1_610' title='bbox 2682 1994 2841 2034; x_wconf 91' lang='lat' dir='ltr'><strong>nemo</strong></span> <span class='ocrx_word' id='word_1_611' title='bbox 2879 1980 3017 2035; x_wconf 91' lang='lat' dir='ltr'><strong>alius</strong></span> <span class='ocrx_word' id='word_1_612' title='bbox 3046 1988 3221 2051; x_wconf 72' lang='lat' dir='ltr'><strong>potest</strong></span> <span class='ocrx_word' id='word_1_613' title='bbox 3250 1982 3326 2036; x_wconf 88' lang='lat' dir='ltr'><strong>fa-</strong></span> 
     </span>
    </p>
   </div>
   <div class='ocr_carea' id='block_1_79' title="bbox 1739 2068 3322 2140">
    <p class='ocr_par' dir='ltr' id='par_1_79' title="bbox 1739 2068 3322 2140">
     <span class='ocr_line' id='line_1_81' title="bbox 1739 2068 3322 2140; baseline 0.003 -19"><span class='ocrx_word' id='word_1_614' title='bbox 1739 2081 1882 2133; x_wconf 85' lang='lat' dir='ltr'><strong>cere,</strong></span> <span class='ocrx_word' id='word_1_615' title='bbox 1917 2068 2017 2123; x_wconf 91' lang='lat' dir='ltr'><strong>nisi</strong></span> <span class='ocrx_word' id='word_1_616' title='bbox 2046 2078 2120 2135; x_wconf 88' lang='lat' dir='ltr'><strong>tu,</strong></span> <span class='ocrx_word' id='word_1_617' title='bbox 2151 2083 2275 2136; x_wconf 89' lang='lat' dir='ltr'><strong>une,</strong></span> <span class='ocrx_word' id='word_1_618' title='bbox 2298 2084 2328 2123; x_wconf 90' lang='lat' dir='ltr'><strong>a</strong></span> <span class='ocrx_word' id='word_1_619' title='bbox 2352 2084 2464 2140; x_wconf 26' lang='lat' dir='ltr'><strong>quo.</strong></span> <span class='ocrx_word' id='word_1_620' title='bbox 2482 2077 2567 2125; x_wconf 92' lang='lat' dir='ltr'><strong>est</strong></span> <span class='ocrx_word' id='word_1_621' title='bbox 2593 2070 2768 2124; x_wconf 87' lang='lat' dir='ltr'><strong>omnis</strong></span> <span class='ocrx_word' id='word_1_622' title='bbox 2802 2069 3018 2137; x_wconf 89' lang='lat' dir='ltr'><strong>modus;</strong></span> <span class='ocrx_word' id='word_1_623' title='bbox 3047 2070 3322 2128; x_wconf 87' lang='lat' dir='ltr'><strong>formosis-</strong></span> 
     </span>
    </p>
   </div>
   <div class='ocr_carea' id='block_1_80' title="bbox 1739 2156 3318 2230">
    <p class='ocr_par' dir='ltr' id='par_1_80' title="bbox 1739 2156 3318 2230">
     <span class='ocr_line' id='line_1_82' title="bbox 1739 2156 3318 2230; baseline 0.003 -20"><span class='ocrx_word' id='word_1_624' title='bbox 1739 2156 1893 2222; x_wconf 87' lang='lat' dir='ltr'><strong>sime,</strong></span> <span class='ocrx_word' id='word_1_625' title='bbox 1932 2157 2019 2228; x_wconf 89' lang='lat' dir='ltr'><strong>qui</strong></span> <span class='ocrx_word' id='word_1_626' title='bbox 2060 2157 2259 2213; x_wconf 88' lang='lat' dir='ltr'><strong>formas</strong></span> <span class='ocrx_word' id='word_1_627' title='bbox 2287 2158 2486 2225; x_wconf 86' lang='lat' dir='ltr'><strong>omnia,</strong></span> <span class='ocrx_word' id='word_1_628' title='bbox 2529 2168 2583 2214; x_wconf 89' lang='lat' dir='ltr'><strong>et</strong></span> <span class='ocrx_word' id='word_1_629' title='bbox 2619 2158 2735 2230; x_wconf 87' lang='lat' dir='ltr'><strong>lege</strong></span> <span class='ocrx_word' id='word_1_630' title='bbox 2760 2167 2848 2215; x_wconf 88' lang='lat' dir='ltr'><strong>tua</strong></span> <span class='ocrx_word' id='word_1_631' title='bbox 2877 2160 3094 2215; x_wconf 87' lang='lat' dir='ltr'><strong>ordinas</strong></span> <span class='ocrx_word' id='word_1_632' title='bbox 3117 2162 3318 2215; x_wconf 86' lang='lat' dir='ltr'><strong>omnia.</strong></span> 
     </span>
    </p>
   </div>
   <div class='ocr_carea' id='block_1_81' title="bbox 1740 2245 3315 2319">
    <p class='ocr_par' dir='ltr' id='par_1_81' title="bbox 1740 2245 3315 2319">
     <span class='ocr_line' id='line_1_83' title="bbox 1740 2245 3315 2319; baseline 0.004 -18"><span class='ocrx_word' id='word_1_633' title='bbox 1740 2245 1888 2302; x_wconf 80' lang='lat' dir='ltr'><strong>Hanc</strong></span> <span class='ocrx_word' id='word_1_634' title='bbox 1915 2263 2041 2319; x_wconf 89' lang='lat' dir='ltr'><strong>ergo</strong></span> <span class='ocrx_word' id='word_1_635' title='bbox 2070 2257 2305 2316; x_wconf 64' lang='lat' dir='ltr'><strong>aetatem,</strong></span> <span class='ocrx_word' id='word_1_636' title='bbox 2337 2249 2581 2316; x_wconf 91' lang='lat' dir='ltr'><strong>Domine,</strong></span> <span class='ocrx_word' id='word_1_637' title='bbox 2613 2264 2770 2319; x_wconf 90' lang='lat' dir='ltr'><strong>quam</strong></span> <span class='ocrx_word' id='word_1_638' title='bbox 2816 2266 2902 2306; x_wconf 89' lang='lat' dir='ltr'><strong>me</strong></span> <span class='ocrx_word' id='word_1_639' title='bbox 2939 2250 3133 2307; x_wconf 80' lang='lat' dir='ltr'><strong>vixisse</strong></span> <span class='ocrx_word' id='word_1_640' title='bbox 3158 2254 3179 2284; x_wconf 84' lang='grc'>²</span> <span class='ocrx_word' id='word_1_641' title='bbox 3209 2269 3315 2307; x_wconf 88' lang='lat' dir='ltr'><strong>non</strong></span> 
     </span>
    </p>
   </div>
   <div class='ocr_carea' id='block_1_82' title="bbox 1739 2339 3321 2413">
    <p class='ocr_par' dir='ltr' id='par_1_82' title="bbox 1739 2339 3321 2413">
     <span class='ocr_line' id='line_1_84' title="bbox 1739 2339 3321 2413; baseline 0.003 -19"><span class='ocrx_word' id='word_1_642' title='bbox 1739 2339 1981 2407; x_wconf 89' lang='lat' dir='ltr'><strong>memini,</strong></span> <span class='ocrx_word' id='word_1_643' title='bbox 2012 2341 2077 2395; x_wconf 91' lang='lat' dir='ltr'><strong>de</strong></span> <span class='ocrx_word' id='word_1_644' title='bbox 2103 2357 2206 2411; x_wconf 88' lang='lat' dir='ltr'><strong>qua</strong></span> <span class='ocrx_word' id='word_1_645' title='bbox 2236 2342 2355 2397; x_wconf 90' lang='lat' dir='ltr'><strong>aliis</strong></span> <span class='ocrx_word' id='word_1_646' title='bbox 2381 2340 2605 2408; x_wconf 86' lang='lat' dir='ltr'><strong>credidi,</strong></span> <span class='ocrx_word' id='word_1_647' title='bbox 2637 2351 2693 2397; x_wconf 91' lang='lat' dir='ltr'><strong>et</strong></span> <span class='ocrx_word' id='word_1_648' title='bbox 2728 2357 2886 2412; x_wconf 87' lang='lat' dir='ltr'><strong>quam</strong></span> <span class='ocrx_word' id='word_1_649' title='bbox 2927 2357 3013 2398; x_wconf 90' lang='lat' dir='ltr'><strong>me</strong></span> <span class='ocrx_word' id='word_1_650' title='bbox 3053 2342 3226 2413; x_wconf 79' lang='lat' dir='ltr'><strong>egisse</strong></span> <span class='ocrx_word' id='word_1_651' title='bbox 3256 2359 3321 2398; x_wconf 78' lang='lat' dir='ltr'><strong>ex</strong></span> 
     </span>
    </p>
   </div>
   <div class='ocr_carea' id='block_1_83' title="bbox 1739 2432 3320 2505">
    <p class='ocr_par' dir='ltr' id='par_1_83' title="bbox 1739 2432 3320 2505">
     <span class='ocr_line' id='line_1_85' title="bbox 1739 2432 3320 2505; baseline 0.001 -19"><span class='ocrx_word' id='word_1_652' title='bbox 1739 2432 1857 2487; x_wconf 88' lang='lat' dir='ltr'><strong>aliis</strong></span> <span class='ocrx_word' id='word_1_653' title='bbox 1893 2432 2177 2487; x_wconf 84' lang='lat' dir='ltr'><strong>infantibus</strong></span> <span class='ocrx_word' id='word_1_654' title='bbox 2217 2432 2442 2503; x_wconf 90' lang='lat' dir='ltr'><strong>conjeci,</strong></span> <span class='ocrx_word' id='word_1_655' title='bbox 2484 2448 2785 2505; x_wconf 84' lang='lat' dir='ltr'><strong>quanquam</strong></span> <span class='ocrx_word' id='word_1_656' title='bbox 2817 2432 2917 2488; x_wconf 87' lang='lat' dir='ltr'><strong>ista</strong></span> <span class='ocrx_word' id='word_1_657' title='bbox 2947 2433 3171 2488; x_wconf 90' lang='lat' dir='ltr'><strong>multum</strong></span> <span class='ocrx_word' id='word_1_658' title='bbox 3218 2433 3320 2488; x_wconf 85' lang='lat' dir='ltr'><strong>lida</strong></span> 
     </span>
    </p>
   </div>
   <div class='ocr_carea' id='block_1_84' title="bbox 1739 2522 3314 2595">
    <p class='ocr_par' dir='ltr' id='par_1_84' title="bbox 1739 2522 3314 2595">
     <span class='ocr_line' id='line_1_86' title="bbox 1739 2522 3314 2595; baseline 0.002 -17"><span class='ocrx_word' id='word_1_659' title='bbox 1739 2522 2043 2594; x_wconf 90' lang='lat' dir='ltr'><strong>conjectura</strong></span> <span class='ocrx_word' id='word_1_660' title='bbox 2070 2523 2155 2591; x_wconf 90' lang='lat' dir='ltr'><strong>sit,</strong></span> <span class='ocrx_word' id='word_1_661' title='bbox 2189 2524 2332 2595; x_wconf 90' lang='lat' dir='ltr'><strong>piget</strong></span> <span class='ocrx_word' id='word_1_662' title='bbox 2366 2539 2451 2580; x_wconf 91' lang='lat' dir='ltr'><strong>me</strong></span> <span class='ocrx_word' id='word_1_663' title='bbox 2474 2539 2829 2580; x_wconf 88' lang='lat' dir='ltr'><strong>annumerare</strong></span> <span class='ocrx_word' id='word_1_664' title='bbox 2855 2524 2979 2580; x_wconf 91' lang='lat' dir='ltr'><strong>huic</strong></span> <span class='ocrx_word' id='word_1_665' title='bbox 3005 2524 3127 2579; x_wconf 63' lang='lat' dir='ltr'><strong>vitae</strong></span> <span class='ocrx_word' id='word_1_666' title='bbox 3157 2541 3314 2591; x_wconf 65' lang='lat' dir='ltr'><strong>meae,</strong></span> 
     </span>
    </p>
   </div>
   <div class='ocr_carea' id='block_1_85' title="bbox 1738 2613 3320 2686">
    <p class='ocr_par' dir='ltr' id='par_1_85' title="bbox 1738 2613 3320 2686">
     <span class='ocr_line' id='line_1_87' title="bbox 1738 2613 3320 2686; baseline 0.001 -17"><span class='ocrx_word' id='word_1_667' title='bbox 1738 2629 1895 2686; x_wconf 90' lang='lat' dir='ltr'><strong>quam</strong></span> <span class='ocrx_word' id='word_1_668' title='bbox 1930 2614 2052 2670; x_wconf 87' lang='lat' dir='ltr'><strong>vivo</strong></span> <span class='ocrx_word' id='word_1_669' title='bbox 2081 2616 2133 2669; x_wconf 93' lang='lat' dir='ltr'><strong>in</strong></span> <span class='ocrx_word' id='word_1_670' title='bbox 2169 2613 2272 2670; x_wconf 91' lang='lat' dir='ltr'><strong>hoc</strong></span> <span class='ocrx_word' id='word_1_671' title='bbox 2302 2616 2518 2670; x_wconf 74' lang='lat' dir='ltr'><strong>smculo.</strong></span> <span class='ocrx_word' id='word_1_672' title='bbox 2556 2613 2820 2682; x_wconf 90' lang='lat' dir='ltr'><strong>Quantum</strong></span> <span class='ocrx_word' id='word_1_673' title='bbox 2858 2614 3003 2670; x_wconf 90' lang='lat' dir='ltr'><strong>enim</strong></span> <span class='ocrx_word' id='word_1_674' title='bbox 3032 2615 3220 2670; x_wconf 88' lang='lat' dir='ltr'><strong>attinet</strong></span> <span class='ocrx_word' id='word_1_675' title='bbox 3255 2616 3320 2671; x_wconf 90' lang='lat' dir='ltr'><strong>ad</strong></span> 
     </span>
    </p>
   </div>
   <div class='ocr_carea' id='block_1_86' title="bbox 1738 2705 3321 2778">
    <p class='ocr_par' dir='ltr' id='par_1_86' title="bbox 1738 2705 3321 2778">
     <span class='ocr_line' id='line_1_88' title="bbox 1738 2705 3321 2778; baseline 0 -17"><span class='ocrx_word' id='word_1_676' title='bbox 1738 2707 2018 2763; x_wconf 90' lang='lat' dir='ltr'><strong>oblivionis</strong></span> <span class='ocrx_word' id='word_1_677' title='bbox 2046 2722 2181 2763; x_wconf 66' lang='lat' dir='ltr'><strong>meae</strong></span> <span class='ocrx_word' id='word_1_678' title='bbox 2206 2707 2472 2774; x_wconf 90' lang='lat' dir='ltr'><strong>tenebras,</strong></span> <span class='ocrx_word' id='word_1_679' title='bbox 2497 2721 2593 2778; x_wconf 91' lang='lat' dir='ltr'><strong>par</strong></span> <span class='ocrx_word' id='word_1_680' title='bbox 2615 2706 2688 2762; x_wconf 89' lang='lat' dir='ltr'><strong>illi</strong></span> <span class='ocrx_word' id='word_1_681' title='bbox 2715 2714 2797 2762; x_wconf 92' lang='lat' dir='ltr'><strong>est</strong></span> <span class='ocrx_word' id='word_1_682' title='bbox 2815 2721 2972 2777; x_wconf 84' lang='lat' dir='ltr'><strong>quam</strong></span> <span class='ocrx_word' id='word_1_683' title='bbox 2998 2705 3102 2761; x_wconf 82' lang='lat' dir='ltr'><strong>vixi</strong></span> <span class='ocrx_word' id='word_1_684' title='bbox 3131 2707 3184 2761; x_wconf 91' lang='lat' dir='ltr'><strong>in</strong></span> <span class='ocrx_word' id='word_1_685' title='bbox 3205 2722 3321 2761; x_wconf 84' lang='lat' dir='ltr'><strong>ma-</strong></span> 
     </span>
    </p>
   </div>
   <div class='ocr_carea' id='block_1_87' title="bbox 1739 2797 3323 2869">
    <p class='ocr_par' dir='ltr' id='par_1_87' title="bbox 1739 2797 3323 2869">
     <span class='ocr_line' id='line_1_89' title="bbox 1739 2797 3323 2869; baseline -0.001 -15"><span class='ocrx_word' id='word_1_686' title='bbox 1739 2799 1837 2855; x_wconf 89' lang='lat' dir='ltr'><strong>tris</strong></span> <span class='ocrx_word' id='word_1_687' title='bbox 1864 2808 2034 2855; x_wconf 89' lang='lat' dir='ltr'><strong>utero.</strong></span> <span class='ocrx_word' id='word_1_688' title='bbox 2066 2798 2217 2867; x_wconf 89' lang='lat' dir='ltr'><strong>Quod</strong></span> <span class='ocrx_word' id='word_1_689' title='bbox 2240 2800 2283 2854; x_wconf 93' lang='lat' dir='ltr'><strong>si</strong></span> <span class='ocrx_word' id='word_1_690' title='bbox 2304 2806 2360 2854; x_wconf 88' lang='lat' dir='ltr'><strong>et</strong></span> <span class='ocrx_word' id='word_1_691' title='bbox 2379 2798 2398 2831; x_wconf 85' lang='grc'><strong><em>⁸</em></strong></span> <span class='ocrx_word' id='word_1_692' title='bbox 2428 2799 2482 2853; x_wconf 93' lang='lat' dir='ltr'><strong>in</strong></span> <span class='ocrx_word' id='word_1_693' title='bbox 2512 2797 2787 2869; x_wconf 87' lang='lat' dir='ltr'><strong>iniquitate</strong></span> <span class='ocrx_word' id='word_1_694' title='bbox 2810 2806 3095 2869; x_wconf 91' lang='lat' dir='ltr'><strong>conceptus</strong></span> <span class='ocrx_word' id='word_1_695' title='bbox 3110 2812 3249 2861; x_wconf 84' lang='lat' dir='ltr'><strong>sum,</strong></span> <span class='ocrx_word' id='word_1_696' title='bbox 3268 2807 3323 2853; x_wconf 88' lang='lat' dir='ltr'><strong>et</strong></span> 
     </span>
    </p>
   </div>
   <div class='ocr_carea' id='block_1_88' title="bbox 1738 2888 3317 2963">
    <p class='ocr_par' dir='ltr' id='par_1_88' title="bbox 1738 2888 3317 2963">
     <span class='ocr_line' id='line_1_90' title="bbox 1738 2888 3317 2963; baseline -0.002 -16"><span class='ocrx_word' id='word_1_697' title='bbox 1738 2890 1791 2947; x_wconf 90' lang='lat' dir='ltr'><strong>in</strong></span> <span class='ocrx_word' id='word_1_698' title='bbox 1822 2894 2051 2963; x_wconf 86' lang='lat' dir='ltr'><strong>peccatis</strong></span> <span class='ocrx_word' id='word_1_699' title='bbox 2077 2908 2163 2947; x_wconf 91' lang='lat' dir='ltr'><strong>me</strong></span> <span class='ocrx_word' id='word_1_700' title='bbox 2182 2901 2352 2947; x_wconf 90' lang='lat' dir='ltr'><strong>mater</strong></span> <span class='ocrx_word' id='word_1_701' title='bbox 2381 2907 2496 2946; x_wconf 87' lang='lat' dir='ltr'><strong>mea</strong></span> <span class='ocrx_word' id='word_1_702' title='bbox 2524 2891 2576 2946; x_wconf 93' lang='lat' dir='ltr'><strong>in</strong></span> <span class='ocrx_word' id='word_1_703' title='bbox 2601 2899 2759 2945; x_wconf 89' lang='lat' dir='ltr'><strong>utero</strong></span> <span class='ocrx_word' id='word_1_704' title='bbox 2785 2890 2915 2946; x_wconf 89' lang='lat' dir='ltr'><strong>aluit</strong></span> <span class='ocrx_word' id='word_1_705' title='bbox 2947 2888 3117 2959; x_wconf 82' lang='lat' dir='ltr'><strong>(Psal.</strong></span> <span class='ocrx_word' id='word_1_706' title='bbox 3147 2906 3197 2953; x_wconf 82' lang='grc' dir='ltr'><strong>ι..</strong></span> <span class='ocrx_word' id='word_1_707' title='bbox 3227 2888 3317 2962; x_wconf 88' lang='lat'><strong>7);</strong></span> 
     </span>
    </p>
   </div>
   <div class='ocr_carea' id='block_1_89' title="bbox 1737 2980 3315 3052">
    <p class='ocr_par' dir='ltr' id='par_1_89' title="bbox 1737 2980 3315 3052">
     <span class='ocr_line' id='line_1_91' title="bbox 1737 2980 3315 3052; baseline -0.004 -12"><span class='ocrx_word' id='word_1_708' title='bbox 1737 2983 1849 3049; x_wconf 91' lang='lat' dir='ltr'><strong>ubi,</strong></span> <span class='ocrx_word' id='word_1_709' title='bbox 1876 2999 1972 3039; x_wconf 91' lang='lat' dir='ltr'><strong>oro</strong></span> <span class='ocrx_word' id='word_1_710' title='bbox 1993 2992 2065 3049; x_wconf 89' lang='lat' dir='ltr'><strong>te,</strong></span> <span class='ocrx_word' id='word_1_711' title='bbox 2098 2984 2238 3040; x_wconf 89' lang='lat' dir='ltr'><strong>Dens</strong></span> <span class='ocrx_word' id='word_1_712' title='bbox 2257 2998 2425 3046; x_wconf 85' lang='lat' dir='ltr'><strong>meus,</strong></span> <span class='ocrx_word' id='word_1_713' title='bbox 2457 2982 2567 3049; x_wconf 88' lang='lat' dir='ltr'><strong>ubi,</strong></span> <span class='ocrx_word' id='word_1_714' title='bbox 2596 2980 2841 3049; x_wconf 89' lang='lat' dir='ltr'><strong>Domine,</strong></span> <span class='ocrx_word' id='word_1_715' title='bbox 2858 2996 2958 3052; x_wconf 81' lang='lat' dir='ltr'><strong>ego</strong></span> <span class='ocrx_word' id='word_1_716' title='bbox 2973 2997 3156 3037; x_wconf 88' lang='lat' dir='ltr'><strong>servus</strong></span> <span class='ocrx_word' id='word_1_717' title='bbox 3176 2990 3315 3044; x_wconf 86' lang='lat' dir='ltr'><strong>tuus,</strong></span> 
     </span>
    </p>
   </div>
   <div class='ocr_carea' id='block_1_90' title="bbox 1737 3074 3319 3148">
    <p class='ocr_par' dir='ltr' id='par_1_90' title="bbox 1737 3074 3319 3148">
     <span class='ocr_line' id='line_1_92' title="bbox 1737 3074 3319 3148; baseline -0.003 -15"><span class='ocrx_word' id='word_1_718' title='bbox 1737 3077 1828 3133; x_wconf 90' lang='lat' dir='ltr'><strong>ubi</strong></span> <span class='ocrx_word' id='word_1_719' title='bbox 1862 3085 1954 3132; x_wconf 89' lang='lat' dir='ltr'><strong>aut</strong></span> <span class='ocrx_word' id='word_1_720' title='bbox 1992 3077 2203 3148; x_wconf 84' lang='lat' dir='ltr'><strong>quando</strong></span> <span class='ocrx_word' id='word_1_721' title='bbox 2247 3077 2503 3131; x_wconf 90' lang='lat' dir='ltr'><strong>innocens</strong></span> <span class='ocrx_word' id='word_1_722' title='bbox 2534 3076 2642 3131; x_wconf 84' lang='lat' dir='ltr'><strong>fui?</strong></span> <span class='ocrx_word' id='word_1_723' title='bbox 2671 3075 2777 3132; x_wconf 89' lang='lat' dir='ltr'><strong>Sed</strong></span> <span class='ocrx_word' id='word_1_724' title='bbox 2820 3090 2947 3131; x_wconf 88' lang='lat' dir='ltr'><strong>ecce</strong></span> <span class='ocrx_word' id='word_1_725' title='bbox 2974 3075 3162 3130; x_wconf 89' lang='lat' dir='ltr'><strong>omitto</strong></span> <span class='ocrx_word' id='word_1_726' title='bbox 3193 3074 3319 3129; x_wconf 88' lang='lat' dir='ltr'><strong>illud</strong></span> 
     </span>
    </p>
   </div>
   <div class='ocr_carea' id='block_1_91' title="bbox 1737 3166 3318 3241">
    <p class='ocr_par' dir='ltr' id='par_1_91' title="bbox 1737 3166 3318 3241">
     <span class='ocr_line' id='line_1_93' title="bbox 1737 3166 3318 3241; baseline -0.003 -15"><span class='ocrx_word' id='word_1_727' title='bbox 1737 3177 1982 3241; x_wconf 87' lang='lat' dir='ltr'><strong>tempus:</strong></span> <span class='ocrx_word' id='word_1_728' title='bbox 2013 3179 2066 3225; x_wconf 89' lang='lat' dir='ltr'><strong>et</strong></span> <span class='ocrx_word' id='word_1_729' title='bbox 2090 3169 2214 3241; x_wconf 91' lang='lat' dir='ltr'><strong>quid</strong></span> <span class='ocrx_word' id='word_1_730' title='bbox 2240 3170 2368 3224; x_wconf 89' lang='lat' dir='ltr'><strong>mihi</strong></span> <span class='ocrx_word' id='word_1_731' title='bbox 2388 3169 2498 3240; x_wconf 88' lang='lat' dir='ltr'><strong>jam</strong></span> <span class='ocrx_word' id='word_1_732' title='bbox 2521 3184 2640 3224; x_wconf 87' lang='lat' dir='ltr'><strong>cum</strong></span> <span class='ocrx_word' id='word_1_733' title='bbox 2670 3182 2735 3223; x_wconf 93' lang='lat' dir='ltr'><strong>eo</strong></span> <span class='ocrx_word' id='word_1_734' title='bbox 2757 3176 2860 3234; x_wconf 87' lang='lat' dir='ltr'><strong>est,</strong></span> <span class='ocrx_word' id='word_1_735' title='bbox 2886 3166 3036 3238; x_wconf 90' lang='lat' dir='ltr'><strong>cujus</strong></span> <span class='ocrx_word' id='word_1_736' title='bbox 3063 3166 3203 3221; x_wconf 88' lang='lat' dir='ltr'><strong>nulla</strong></span> <span class='ocrx_word' id='word_1_737' title='bbox 3227 3181 3318 3222; x_wconf 86' lang='lat' dir='ltr'><strong>ve-</strong></span> 
     </span>
    </p>
   </div>
   <div class='ocr_carea' id='block_1_92' title="bbox 1736 3261 2123 3333">
    <p class='ocr_par' dir='ltr' id='par_1_92' title="bbox 1736 3261 2123 3333">
     <span class='ocr_line' id='line_1_94' title="bbox 1736 3261 2123 3333; baseline -0.008 -16"><span class='ocrx_word' id='word_1_738' title='bbox 1736 3261 1892 3333; x_wconf 88' lang='lat' dir='ltr'><strong>stigia</strong></span> <span class='ocrx_word' id='word_1_739' title='bbox 1914 3261 2123 3317; x_wconf 88' lang='lat' dir='ltr'><strong>recolo?</strong></span> 
     </span>
    </p>
   </div>
   <div class='ocr_carea' id='block_1_93' title="bbox 2281 3349 2680 3407">
    <p class='ocr_par' dir='ltr' id='par_1_93' title="bbox 2281 3349 2680 3407">
     <span class='ocr_line' id='line_1_95' title="bbox 2281 3349 2680 3407; baseline -0.01 0"><span class='ocrx_word' id='word_1_740' title='bbox 2281 3350 2507 3407; x_wconf 81' lang='lat' dir='ltr'><strong>CAPUT</strong></span> <span class='ocrx_word' id='word_1_741' title='bbox 2548 3349 2680 3405; x_wconf 57' lang='lat' dir='ltr'><strong>\illl.</strong></span> 
     </span>
    </p>
   </div>
   <div class='ocr_carea' id='block_1_94' title="bbox 2165 3441 2892 3513">
    <p class='ocr_par' dir='ltr' id='par_1_94' title="bbox 2165 3441 2892 3513">
     <span class='ocr_line' id='line_1_96' title="bbox 2165 3441 2892 3513; baseline -0.006 -15"><span class='ocrx_word' id='word_1_742' title='bbox 2165 3442 2312 3499; x_wconf 83' lang='lat' dir='ltr'><strong>Unde</strong></span> <span class='ocrx_word' id='word_1_743' title='bbox 2335 3459 2459 3513; x_wconf 76' lang='lat' dir='ltr'><strong>puer</strong></span> <span class='ocrx_word' id='word_1_744' title='bbox 2485 3442 2618 3512; x_wconf 81' lang='lat' dir='ltr'><strong>loqui</strong></span> <span class='ocrx_word' id='word_1_745' title='bbox 2642 3441 2892 3496; x_wconf 75' lang='lat' dir='ltr'><strong>didicerit.</strong></span> 
     </span>
    </p>
   </div>
   <div class='ocr_carea' id='block_1_95' title="bbox 1811 3531 3322 3603">
    <p class='ocr_par' dir='ltr' id='par_1_95' title="bbox 1811 3531 3322 3603">
     <span class='ocr_line' id='line_1_97' title="bbox 1811 3531 3322 3603; baseline -0.003 -13"><span class='ocrx_word' id='word_1_746' title='bbox 1811 3536 1897 3590; x_wconf 80' lang='grc'><strong>15.</strong></span> <span class='ocrx_word' id='word_1_747' title='bbox 1937 3533 2123 3590; x_wconf 86' lang='lat' dir='ltr'><strong>Nonne</strong></span> <span class='ocrx_word' id='word_1_748' title='bbox 2144 3534 2214 3589; x_wconf 86' lang='lat' dir='ltr'><strong>ab</strong></span> <span class='ocrx_word' id='word_1_749' title='bbox 2242 3532 2459 3588; x_wconf 85' lang='lat' dir='ltr'><strong>infantia</strong></span> <span class='ocrx_word' id='word_1_750' title='bbox 2500 3533 2602 3587; x_wconf 90' lang='lat' dir='ltr'><strong>huc</strong></span> <span class='ocrx_word' id='word_1_751' title='bbox 2633 3546 2861 3603; x_wconf 81' lang='lat' dir='ltr'><strong>pergens</strong></span> <span class='ocrx_word' id='word_1_752' title='bbox 2894 3531 3013 3585; x_wconf 79' lang='lat' dir='ltr'><strong>veni</strong></span> <span class='ocrx_word' id='word_1_753' title='bbox 3050 3531 3101 3585; x_wconf 90' lang='lat' dir='ltr'><strong>in</strong></span> <span class='ocrx_word' id='word_1_754' title='bbox 3145 3531 3322 3600; x_wconf 86' lang='lat' dir='ltr'><strong>pueri-</strong></span> 
     </span>
    </p>
   </div>
   <div class='ocr_carea' id='block_1_96' title="bbox 1739 3622 3320 3697">
    <p class='ocr_par' dir='ltr' id='par_1_96' title="bbox 1739 3622 3320 3697">
     <span class='ocr_line' id='line_1_98' title="bbox 1739 3622 3320 3697; baseline -0.004 -13"><span class='ocrx_word' id='word_1_755' title='bbox 1739 3629 1897 3692; x_wconf 87' lang='lat' dir='ltr'><strong>tiam;</strong></span> <span class='ocrx_word' id='word_1_756' title='bbox 1928 3627 2011 3682; x_wconf 87' lang='lat' dir='ltr'><strong>vel</strong></span> <span class='ocrx_word' id='word_1_757' title='bbox 2041 3628 2215 3697; x_wconf 89' lang='lat' dir='ltr'><strong>potius</strong></span> <span class='ocrx_word' id='word_1_758' title='bbox 2237 3627 2346 3696; x_wconf 87' lang='lat' dir='ltr'><strong>ipsa</strong></span> <span class='ocrx_word' id='word_1_759' title='bbox 2388 3626 2439 3680; x_wconf 92' lang='lat' dir='ltr'><strong>in</strong></span> <span class='ocrx_word' id='word_1_760' title='bbox 2479 3641 2564 3680; x_wconf 88' lang='lat' dir='ltr'><strong>me</strong></span> <span class='ocrx_word' id='word_1_761' title='bbox 2585 3624 2749 3690; x_wconf 88' lang='lat' dir='ltr'><strong>venit,</strong></span> <span class='ocrx_word' id='word_1_762' title='bbox 2780 3633 2834 3678; x_wconf 88' lang='lat' dir='ltr'><strong>et</strong></span> <span class='ocrx_word' id='word_1_763' title='bbox 2861 3623 3119 3678; x_wconf 83' lang='lat' dir='ltr'><strong>successit</strong></span> <span class='ocrx_word' id='word_1_764' title='bbox 3146 3622 3320 3677; x_wconf 79' lang='lat' dir='ltr'><strong>infati-</strong></span> 
     </span>
    </p>
   </div>
   <div class='ocr_carea' id='block_1_97' title="bbox 1742 3714 3321 3786">
    <p class='ocr_par' dir='ltr' id='par_1_97' title="bbox 1742 3714 3321 3786">
     <span class='ocr_line' id='line_1_99' title="bbox 1742 3714 3321 3786; baseline -0.004 -13"><span class='ocrx_word' id='word_1_765' title='bbox 1742 3719 1857 3783; x_wconf 67' lang='lat' dir='ltr'><strong>tite;</strong></span> <span class='ocrx_word' id='word_1_766' title='bbox 1890 3717 1996 3773; x_wconf 84' lang='lat' dir='ltr'><strong>Nec</strong></span> <span class='ocrx_word' id='word_1_767' title='bbox 2020 3716 2262 3773; x_wconf 79' lang='lat' dir='ltr'><strong>discessit</strong></span> <span class='ocrx_word' id='word_1_768' title='bbox 2291 3717 2409 3770; x_wconf 83' lang='lat' dir='ltr'><strong>illa:</strong></span> <span class='ocrx_word' id='word_1_769' title='bbox 2442 3731 2546 3786; x_wconf 88' lang='lat' dir='ltr'><strong>quo</strong></span> <span class='ocrx_word' id='word_1_770' title='bbox 2572 3714 2716 3770; x_wconf 90' lang='lat' dir='ltr'><strong>enim</strong></span> <span class='ocrx_word' id='word_1_771' title='bbox 2748 3715 2913 3769; x_wconf 85' lang='lat' dir='ltr'><strong>abiit?</strong></span> <span class='ocrx_word' id='word_1_772' title='bbox 2939 3724 2995 3768; x_wconf 90' lang='lat' dir='ltr'><strong>et</strong></span> <span class='ocrx_word' id='word_1_773' title='bbox 3020 3714 3321 3782; x_wconf 88' lang='lat' dir='ltr'><strong>tamenjam</strong></span> 
     </span>
    </p>
   </div>
   <div class='ocr_carea' id='block_1_98' title="bbox 1740 3803 3319 3875">
    <p class='ocr_par' dir='ltr' id='par_1_98' title="bbox 1740 3803 3319 3875">
     <span class='ocr_line' id='line_1_100' title="bbox 1740 3803 3319 3875; baseline -0.004 -10"><span class='ocrx_word' id='word_1_774' title='bbox 1740 3826 1845 3866; x_wconf 91' lang='lat' dir='ltr'><strong>non</strong></span> <span class='ocrx_word' id='word_1_775' title='bbox 1871 3817 2001 3865; x_wconf 88' lang='lat' dir='ltr'><strong>erat.</strong></span> <span class='ocrx_word' id='word_1_776' title='bbox 2028 3809 2141 3865; x_wconf 84' lang='lat' dir='ltr'><strong>Non</strong></span> <span class='ocrx_word' id='word_1_777' title='bbox 2164 3810 2304 3864; x_wconf 91' lang='lat' dir='ltr'><strong>enim</strong></span> <span class='ocrx_word' id='word_1_778' title='bbox 2329 3823 2475 3863; x_wconf 88' lang='lat' dir='ltr'><strong>eram</strong></span> <span class='ocrx_word' id='word_1_779' title='bbox 2493 3806 2665 3861; x_wconf 88' lang='lat' dir='ltr'><strong>infans</strong></span> <span class='ocrx_word' id='word_1_780' title='bbox 2684 3806 2773 3875; x_wconf 91' lang='lat' dir='ltr'><strong>qui</strong></span> <span class='ocrx_word' id='word_1_781' title='bbox 2794 3820 2898 3859; x_wconf 88' lang='lat' dir='ltr'><strong>non</strong></span> <span class='ocrx_word' id='word_1_782' title='bbox 2923 3803 3081 3870; x_wconf 84' lang='lat' dir='ltr'><strong>farer,</strong></span> <span class='ocrx_word' id='word_1_783' title='bbox 3105 3804 3319 3874; x_wconf 88' lang='lat' dir='ltr'><strong>sedjam</strong></span> 
     </span>
    </p>
   </div>
   <div class='ocr_carea' id='block_1_99' title="bbox 1740 3894 3320 3974">
    <p class='ocr_par' dir='ltr' id='par_1_99' title="bbox 1740 3894 3320 3974">
     <span class='ocr_line' id='line_1_101' title="bbox 1740 3894 3320 3974; baseline -0.005 -17"><span class='ocrx_word' id='word_1_784' title='bbox 1740 3918 1872 3974; x_wconf 87' lang='lat' dir='ltr'><strong>puer</strong></span> <span class='ocrx_word' id='word_1_785' title='bbox 1896 3901 2118 3972; x_wconf 90' lang='lat' dir='ltr'><strong>loquens</strong></span> <span class='ocrx_word' id='word_1_786' title='bbox 2153 3915 2318 3955; x_wconf 89' lang='lat' dir='ltr'><strong>eram.</strong></span> <span class='ocrx_word' id='word_1_787' title='bbox 2349 3899 2418 3954; x_wconf 88' lang='lat' dir='ltr'><strong>Et</strong></span> <span class='ocrx_word' id='word_1_788' title='bbox 2446 3897 2661 3952; x_wconf 90' lang='lat' dir='ltr'><strong>memini</strong></span> <span class='ocrx_word' id='word_1_789' title='bbox 2688 3895 2817 3959; x_wconf 89' lang='lat' dir='ltr'><strong>hoc;</strong></span> <span class='ocrx_word' id='word_1_790' title='bbox 2840 3905 2895 3951; x_wconf 91' lang='lat' dir='ltr'><strong>et</strong></span> <span class='ocrx_word' id='word_1_791' title='bbox 2914 3894 3053 3949; x_wconf 92' lang='lat' dir='ltr'><strong>unde</strong></span> <span class='ocrx_word' id='word_1_792' title='bbox 3075 3896 3215 3965; x_wconf 86' lang='lat' dir='ltr'><strong>loqui</strong></span> <span class='ocrx_word' id='word_1_793' title='bbox 3237 3896 3320 3950; x_wconf 91' lang='lat' dir='ltr'><strong>di-</strong></span> 
     </span>
    </p>
   </div>
   <div class='ocr_carea' id='block_1_100' title="bbox 1741 3987 3318 4064">
    <p class='ocr_par' dir='ltr' id='par_1_100' title="bbox 1741 3987 3318 4064">
     <span class='ocr_line' id='line_1_102' title="bbox 1741 3987 3318 4064; baseline -0.006 -13"><span class='ocrx_word' id='word_1_794' title='bbox 1741 3995 1957 4050; x_wconf 89' lang='lat' dir='ltr'><strong>dicerim</strong></span> <span class='ocrx_word' id='word_1_795' title='bbox 1985 4001 2102 4064; x_wconf 85' lang='lat' dir='ltr'><strong>post</strong></span> <span class='ocrx_word' id='word_1_796' title='bbox 2125 3992 2349 4047; x_wconf 84' lang='lat' dir='ltr'><strong>adverti.</strong></span> <span class='ocrx_word' id='word_1_797' title='bbox 2385 3990 2498 4044; x_wconf 86' lang='lat' dir='ltr'><strong>Non</strong></span> <span class='ocrx_word' id='word_1_798' title='bbox 2526 3991 2663 4045; x_wconf 88' lang='lat' dir='ltr'><strong>enim</strong></span> <span class='ocrx_word' id='word_1_799' title='bbox 2692 3988 2952 4043; x_wconf 88' lang='lat' dir='ltr'><strong>docebant</strong></span> <span class='ocrx_word' id='word_1_800' title='bbox 2975 4002 3059 4041; x_wconf 91' lang='lat' dir='ltr'><strong>me</strong></span> <span class='ocrx_word' id='word_1_801' title='bbox 3088 3987 3318 4055; x_wconf 85' lang='lat' dir='ltr'><strong>majores</strong></span> 
     </span>
    </p>
   </div>
   <div class='ocr_carea' id='block_1_101' title="bbox 1742 4077 3316 4152">
    <p class='ocr_par' dir='ltr' id='par_1_101' title="bbox 1742 4077 3316 4152">
     <span class='ocr_line' id='line_1_103' title="bbox 1742 4077 3316 4152; baseline -0.005 -12"><span class='ocrx_word' id='word_1_802' title='bbox 1742 4085 1985 4140; x_wconf 88' lang='lat' dir='ltr'><strong>homines</strong></span> <span class='ocrx_word' id='word_1_803' title='bbox 2023 4082 2321 4152; x_wconf 74' lang='lat' dir='ltr'><strong>prmhcntes</strong></span> <span class='ocrx_word' id='word_1_804' title='bbox 2365 4080 2492 4134; x_wconf 88' lang='lat' dir='ltr'><strong>mihi</strong></span> <span class='ocrx_word' id='word_1_805' title='bbox 2538 4078 2694 4133; x_wconf 84' lang='lat' dir='ltr'><strong>verba</strong></span> <span class='ocrx_word' id='word_1_806' title='bbox 2739 4085 2885 4134; x_wconf 89' lang='lat' dir='ltr'><strong>certo</strong></span> <span class='ocrx_word' id='word_1_807' title='bbox 2921 4077 3100 4146; x_wconf 89' lang='lat' dir='ltr'><strong>aliquo</strong></span> <span class='ocrx_word' id='word_1_808' title='bbox 3128 4077 3316 4132; x_wconf 87' lang='lat' dir='ltr'><strong>ordine</strong></span> 
     </span>
    </p>
   </div>
   <div class='ocr_carea' id='block_1_102' title="bbox 1739 4167 3317 4244">
    <p class='ocr_par' dir='ltr' id='par_1_102' title="bbox 1739 4167 3317 4244">
     <span class='ocr_line' id='line_1_104' title="bbox 1739 4167 3317 4244; baseline -0.005 -14"><span class='ocrx_word' id='word_1_809' title='bbox 1739 4174 2015 4238; x_wconf 76' lang='lat' dir='ltr'><strong>doctrinm,</strong></span> <span class='ocrx_word' id='word_1_810' title='bbox 2043 4172 2351 4244; x_wconf 86' lang='lat' dir='ltr'><strong>sientpanlo</strong></span> <span class='ocrx_word' id='word_1_811' title='bbox 2378 4177 2497 4241; x_wconf 88' lang='lat' dir='ltr'><strong>post</strong></span> <span class='ocrx_word' id='word_1_812' title='bbox 2521 4170 2754 4224; x_wconf 87' lang='lat' dir='ltr'><strong>litteras:</strong></span> <span class='ocrx_word' id='word_1_813' title='bbox 2780 4167 2872 4222; x_wconf 90' lang='lat' dir='ltr'><strong>sed</strong></span> <span class='ocrx_word' id='word_1_814' title='bbox 2888 4182 2987 4237; x_wconf 81' lang='lat' dir='ltr'><strong>ego</strong></span> <span class='ocrx_word' id='word_1_815' title='bbox 3010 4167 3121 4236; x_wconf 89' lang='lat' dir='ltr'><strong>ipse</strong></span> <span class='ocrx_word' id='word_1_816' title='bbox 3139 4178 3317 4222; x_wconf 74' lang='lat' dir='ltr'><strong>mente</strong></span> 
     </span>
    </p>
   </div>
   <div class='ocr_carea' id='block_1_103' title="bbox 1739 4259 3315 4337">
    <p class='ocr_par' dir='ltr' id='par_1_103' title="bbox 1739 4259 3315 4337">
     <span class='ocr_line' id='line_1_105' title="bbox 1739 4259 3315 4337; baseline -0.003 -18"><span class='ocrx_word' id='word_1_817' title='bbox 1739 4281 1896 4337; x_wconf 84' lang='lat' dir='ltr'><strong>quam</strong></span> <span class='ocrx_word' id='word_1_818' title='bbox 1924 4264 2115 4321; x_wconf 89' lang='lat' dir='ltr'><strong>dedisti</strong></span> <span class='ocrx_word' id='word_1_819' title='bbox 2141 4263 2291 4329; x_wconf 89' lang='lat' dir='ltr'><strong>mihi,</strong></span> <span class='ocrx_word' id='word_1_820' title='bbox 2326 4264 2462 4315; x_wconf 88' lang='lat' dir='ltr'><strong>Deus</strong></span> <span class='ocrx_word' id='word_1_821' title='bbox 2490 4276 2663 4327; x_wconf 80' lang='lat' dir='ltr'><strong>meus,</strong></span> <span class='ocrx_word' id='word_1_822' title='bbox 2692 4274 2814 4314; x_wconf 90' lang='lat' dir='ltr'><strong>cum</strong></span> <span class='ocrx_word' id='word_1_823' title='bbox 2838 4259 3123 4329; x_wconf 81' lang='lat' dir='ltr'><strong>gemitibus</strong></span> <span class='ocrx_word' id='word_1_824' title='bbox 3145 4267 3199 4315; x_wconf 89' lang='lat' dir='ltr'><strong>et</strong></span> <span class='ocrx_word' id='word_1_825' title='bbox 3220 4275 3315 4314; x_wconf 71' lang='lat' dir='ltr'><strong>vo-</strong></span> 
     </span>
    </p>
   </div>
   <div class='ocr_carea' id='block_1_104' title="bbox 1744 4352 3319 4424">
    <p class='ocr_par' dir='ltr' id='par_1_104' title="bbox 1744 4352 3319 4424">
     <span class='ocr_line' id='line_1_106' title="bbox 1744 4352 3319 4424; baseline -0.004 -10"><span class='ocrx_word' id='word_1_826' title='bbox 1744 4358 1893 4415; x_wconf 89' lang='lat' dir='ltr'><strong>cibus</strong></span> <span class='ocrx_word' id='word_1_827' title='bbox 1922 4357 2101 4424; x_wconf 86' lang='lat' dir='ltr'><strong>variis,</strong></span> <span class='ocrx_word' id='word_1_828' title='bbox 2128 4365 2181 4411; x_wconf 90' lang='lat' dir='ltr'><strong>et</strong></span> <span class='ocrx_word' id='word_1_829' title='bbox 2207 4355 2365 4410; x_wconf 85' lang='lat' dir='ltr'><strong>variis</strong></span> <span class='ocrx_word' id='word_1_830' title='bbox 2388 4353 2745 4409; x_wconf 87' lang='lat' dir='ltr'><strong>membrorum</strong></span> <span class='ocrx_word' id='word_1_831' title='bbox 2772 4352 3002 4407; x_wconf 87' lang='lat' dir='ltr'><strong>motibus</strong></span> <span class='ocrx_word' id='word_1_832' title='bbox 3028 4352 3185 4407; x_wconf 87' lang='lat' dir='ltr'><strong>edere</strong></span> <span class='ocrx_word' id='word_1_833' title='bbox 3207 4354 3319 4407; x_wconf 80' lang='lat' dir='ltr'><strong>vel-</strong></span> 
     </span>
    </p>
   </div>
   <div class='ocr_carea' id='block_1_105' title="bbox 1741 4445 3322 4515">
    <p class='ocr_par' dir='ltr' id='par_1_105' title="bbox 1741 4445 3322 4515">
     <span class='ocr_line' id='line_1_107' title="bbox 1741 4445 3322 4515; baseline -0.006 -8"><span class='ocrx_word' id='word_1_834' title='bbox 1741 4452 1844 4508; x_wconf 88' lang='lat' dir='ltr'><strong>lem</strong></span> <span class='ocrx_word' id='word_1_835' title='bbox 1875 4466 2027 4506; x_wconf 85' lang='lat' dir='ltr'><strong>sensa</strong></span> <span class='ocrx_word' id='word_1_836' title='bbox 2056 4449 2233 4506; x_wconf 89' lang='lat' dir='ltr'><strong>cordis</strong></span> <span class='ocrx_word' id='word_1_837' title='bbox 2263 4448 2362 4501; x_wconf 89' lang='lat' dir='ltr'><strong>mei</strong></span> <span class='ocrx_word' id='word_1_838' title='bbox 2396 4456 2452 4500; x_wconf 87' lang='lat' dir='ltr'><strong>ut</strong></span> <span class='ocrx_word' id='word_1_839' title='bbox 2479 4445 2731 4502; x_wconf 81' lang='lat' dir='ltr'><strong>voluntati</strong></span> <span class='ocrx_word' id='word_1_840' title='bbox 2768 4453 3060 4515; x_wconf 87' lang='lat' dir='ltr'><strong>pareretur,</strong></span> <span class='ocrx_word' id='word_1_841' title='bbox 3097 4459 3197 4499; x_wconf 87' lang='lat' dir='ltr'><strong>nec</strong></span> <span class='ocrx_word' id='word_1_842' title='bbox 3230 4460 3322 4497; x_wconf 73' lang='lat' dir='ltr'><strong>va-</strong></span> 
     </span>
    </p>
   </div>
   <div class='ocr_carea' id='block_1_106' title="bbox 1742 4535 3322 4613">
    <p class='ocr_par' dir='ltr' id='par_1_106' title="bbox 1742 4535 3322 4613">
     <span class='ocr_line' id='line_1_108' title="bbox 1742 4535 3322 4613; baseline -0.006 -14"><span class='ocrx_word' id='word_1_843' title='bbox 1742 4544 1908 4599; x_wconf 92' lang='lat' dir='ltr'><strong>lerem</strong></span> <span class='ocrx_word' id='word_1_844' title='bbox 1930 4559 2047 4613; x_wconf 67' lang='lat' dir='ltr'><strong>quin</strong></span> <span class='ocrx_word' id='word_1_845' title='bbox 2073 4541 2314 4596; x_wconf 85' lang='lat' dir='ltr'><strong>volebam</strong></span> <span class='ocrx_word' id='word_1_846' title='bbox 2338 4538 2537 4604; x_wconf 89' lang='lat' dir='ltr'><strong>omnia,</strong></span> <span class='ocrx_word' id='word_1_847' title='bbox 2558 4552 2654 4592; x_wconf 90' lang='lat' dir='ltr'><strong>nec</strong></span> <span class='ocrx_word' id='word_1_848' title='bbox 2671 4536 2864 4607; x_wconf 89' lang='lat' dir='ltr'><strong>quibus</strong></span> <span class='ocrx_word' id='word_1_849' title='bbox 2884 4535 3126 4590; x_wconf 90' lang='lat' dir='ltr'><strong>volebam</strong></span> <span class='ocrx_word' id='word_1_850' title='bbox 3149 4536 3322 4590; x_wconf 87' lang='lat' dir='ltr'><strong>omni-</strong></span> 
     </span>
    </p>
   </div>
   <div class='ocr_carea' id='block_1_107' title="bbox 1740 4628 3327 4705">
    <p class='ocr_par' dir='ltr' id='par_1_107' title="bbox 1740 4628 3327 4705">
     <span class='ocr_line' id='line_1_109' title="bbox 1740 4628 3327 4705; baseline -0.005 -14"><span class='ocrx_word' id='word_1_851' title='bbox 1740 4635 1860 4702; x_wconf 87' lang='lat' dir='ltr'><strong>bus,</strong></span> <span class='ocrx_word' id='word_1_852' title='bbox 1903 4634 2265 4705; x_wconf 67' lang='lat' dir='ltr'><strong>prmsonabam</strong></span> <span class='ocrx_word' id='word_1_853' title='bbox 2313 4629 2639 4696; x_wconf 68' lang='lat' dir='ltr'><strong>memoria‘;</strong></span> <span class='ocrx_word' id='word_1_854' title='bbox 2678 4645 2798 4685; x_wconf 89' lang='lat' dir='ltr'><strong>cum</strong></span> <span class='ocrx_word' id='word_1_855' title='bbox 2845 4628 2943 4698; x_wconf 90' lang='lat' dir='ltr'><strong>ipsi</strong></span> <span class='ocrx_word' id='word_1_856' title='bbox 2989 4628 3327 4698; x_wconf 86' lang='lat' dir='ltr'><strong>appellabant</strong></span> 
     </span>
    </p>
   </div>
   <div class='ocr_carea' id='block_1_108' title="bbox 1743 4720 3323 4800">
    <p class='ocr_par' dir='ltr' id='par_1_108' title="bbox 1743 4720 3323 4800">
     <span class='ocr_line' id='line_1_110' title="bbox 1743 4720 3323 4800; baseline -0.006 -15"><span class='ocrx_word' id='word_1_857' title='bbox 1743 4745 1857 4785; x_wconf 88' lang='lat' dir='ltr'><strong>rem</strong></span> <span class='ocrx_word' id='word_1_858' title='bbox 1881 4729 2129 4800; x_wconf 88' lang='lat' dir='ltr'><strong>aliquam,</strong></span> <span class='ocrx_word' id='word_1_859' title='bbox 2160 4734 2214 4782; x_wconf 91' lang='lat' dir='ltr'><strong>et</strong></span> <span class='ocrx_word' id='word_1_860' title='bbox 2238 4740 2359 4779; x_wconf 90' lang='lat' dir='ltr'><strong>cum</strong></span> <span class='ocrx_word' id='word_1_861' title='bbox 2377 4722 2665 4779; x_wconf 87' lang='lat' dir='ltr'><strong>secundum</strong></span> <span class='ocrx_word' id='word_1_862' title='bbox 2694 4735 2812 4777; x_wconf 86' lang='lat' dir='ltr'><strong>eam</strong></span> <span class='ocrx_word' id='word_1_863' title='bbox 2837 4735 3021 4776; x_wconf 89' lang='lat' dir='ltr'><strong>vocem</strong></span> <span class='ocrx_word' id='word_1_864' title='bbox 3047 4735 3241 4792; x_wconf 90' lang='lat' dir='ltr'><strong>corpus</strong></span> <span class='ocrx_word' id='word_1_865' title='bbox 3256 4720 3323 4775; x_wconf 88' lang='lat' dir='ltr'><strong>ad</strong></span> 
     </span>
    </p>
   </div>
   <div class='ocr_carea' id='block_1_109' title="bbox 1808 4893 3328 4958">
    <p class='ocr_par' dir='ltr' id='par_1_109' title="bbox 1808 4893 3328 4958">
     <span class='ocr_line' id='line_1_111' title="bbox 1808 4893 3328 4958; baseline -0.005 -6"><span class='ocrx_word' id='word_1_866' title='bbox 1808 4904 1824 4936; x_wconf 76' lang='grc' dir='ltr'><strong><em>ι</em></strong></span> <span class='ocrx_word' id='word_1_867' title='bbox 1850 4908 1918 4952; x_wconf 82' lang='lat' dir='ltr'><strong>tta</strong></span> <span class='ocrx_word' id='word_1_868' title='bbox 1942 4902 1988 4951; x_wconf 88' lang='lat' dir='ltr'><strong>in</strong></span> <span class='ocrx_word' id='word_1_869' title='bbox 2004 4906 2111 4950; x_wconf 79' lang='lat' dir='ltr'><strong>Mss.</strong></span> <span class='ocrx_word' id='word_1_870' title='bbox 2134 4905 2187 4950; x_wconf 89' lang='lat' dir='ltr'><strong>et</strong></span> <span class='ocrx_word' id='word_1_871' title='bbox 2206 4903 2363 4948; x_wconf 89' lang='lat' dir='ltr'><strong>recte.</strong></span> <span class='ocrx_word' id='word_1_872' title='bbox 2391 4895 2500 4947; x_wconf 76' lang='lat' dir='ltr'><strong>\‘ult</strong></span> <span class='ocrx_word' id='word_1_873' title='bbox 2521 4896 2746 4958; x_wconf 88' lang='lat' dir='ltr'><strong>nimirum</strong></span> <span class='ocrx_word' id='word_1_874' title='bbox 2764 4894 3056 4958; x_wconf 81' lang='lat' dir='ltr'><strong>Augustinus</strong></span> <span class='ocrx_word' id='word_1_875' title='bbox 3078 4906 3224 4958; x_wconf 77' lang='lat' dir='ltr'><strong>posse</strong></span> <span class='ocrx_word' id='word_1_876' title='bbox 3250 4893 3328 4945; x_wconf 83' lang='lat' dir='ltr'><strong>vel</strong></span> 
     </span>
    </p>
   </div>
   <div class='ocr_carea' id='block_1_110' title="bbox 1745 4956 3330 5037">
    <p class='ocr_par' dir='ltr' id='par_1_110' title="bbox 1745 4956 3330 5037">
     <span class='ocr_line' id='line_1_112' title="bbox 1745 4956 3330 5037; baseline 0 0"><span class='ocrx_word' id='word_1_877' title='bbox 1745 4978 1810 5017; x_wconf 75' lang='lat' dir='ltr'><strong>ex</strong></span> <span class='ocrx_word' id='word_1_878' title='bbox 1824 4977 1892 5037; x_wconf 69' lang='grc' dir='ltr'><strong>ρο</strong></span> <span class='ocrx_word' id='word_1_879' title='bbox 1908 4962 2101 5037; x_wconf 55' lang='lat' dir='ltr'><strong>ueteri.</strong></span> <span class='ocrx_word' id='word_1_880' title='bbox 2120 4997 2135 5022; x_wconf 68' lang='grc' dir='ltr'><strong><em>ν</em></strong></span> <span class='ocrx_word' id='word_1_881' title='bbox 2153 4960 2283 5037; x_wconf 66' lang='lat' dir='ltr'><strong>suos!</strong></span> <span class='ocrx_word' id='word_1_882' title='bbox 2296 4958 2391 5037; x_wconf 56' lang='lat' dir='ltr'><strong>ille</strong></span> <span class='ocrx_word' id='word_1_883' title='bbox 2411 4956 3330 5037; x_wconf 50' lang='grc' dir='ltr'><strong>Ηιέεὲεὲξιὲἒὲὶίὲἓιέξξ’ἒίέἒηέἓέθῗίὶιξιὲἷ</strong></span> 
     </span>
    </p>
   </div>
   <div class='ocr_carea' id='block_1_111' title="bbox 1698 5017 3332 5087">
    <p class='ocr_par' dir='ltr' id='par_1_111' title="bbox 1698 5017 3332 5087">
     <span class='ocr_line' id='line_1_113' title="bbox 1698 5017 3332 5087; baseline -0.007 -8"><span class='ocrx_word' id='word_1_884' title='bbox 1698 5076 1701 5080; x_wconf 85' lang='grc'>,</span> <span class='ocrx_word' id='word_1_885' title='bbox 1744 5027 1870 5077; x_wconf 86' lang='lat' dir='ltr'><strong>mala</strong></span> <span class='ocrx_word' id='word_1_886' title='bbox 1884 5017 2000 5084; x_wconf 84' lang='lat' dir='ltr'><strong>sint,</strong></span> <span class='ocrx_word' id='word_1_887' title='bbox 2020 5017 2135 5087; x_wconf 77' lang='lat' dir='ltr'><strong>quia</strong></span> <span class='ocrx_word' id='word_1_888' title='bbox 2152 5017 2200 5071; x_wconf 78' lang='lat' dir='ltr'><strong>in</strong></span> <span class='ocrx_word' id='word_1_889' title='bbox 2227 5017 2979 5087; x_wconf 67' lang='lat' dir='ltr'><strong>aetateprovectioribustolerari</strong></span> <span class='ocrx_word' id='word_1_890' title='bbox 2998 5031 3139 5087; x_wconf 72' lang='lat' dir='ltr'><strong>aequo</strong></span> <span class='ocrx_word' id='word_1_891' title='bbox 3174 5019 3332 5068; x_wconf 88' lang='lat' dir='ltr'><strong>animo</strong></span> 
     </span>
    </p>
   </div>
   <div class='ocr_carea' id='block_1_112' title="bbox 1744 5078 3332 5154">
    <p class='ocr_par' dir='ltr' id='par_1_112' title="bbox 1744 5078 3332 5154">
     <span class='ocr_line' id='line_1_114' title="bbox 1744 5078 3332 5154; baseline -0.007 -15"><span class='ocrx_word' id='word_1_892' title='bbox 1744 5101 1844 5154; x_wconf 81' lang='lat' dir='ltr'><strong>non</strong></span> <span class='ocrx_word' id='word_1_893' title='bbox 1872 5078 2086 5154; x_wconf 67' lang='lat' dir='ltr'><strong>possunt.</strong></span> <span class='ocrx_word' id='word_1_894' title='bbox 2108 5084 2332 5154; x_wconf 73' lang='lat' dir='ltr'><strong>utendose</strong></span> <span class='ocrx_word' id='word_1_895' title='bbox 2351 5078 2470 5146; x_wconf 70' lang='lat' dir='ltr'><strong>ergo</strong></span> <span class='ocrx_word' id='word_1_896' title='bbox 2488 5083 2537 5132; x_wconf 92' lang='lat' dir='ltr'><strong>in</strong></span> <span class='ocrx_word' id='word_1_897' title='bbox 2553 5081 2664 5132; x_wconf 83' lang='lat' dir='ltr'><strong>Edd.</strong></span> <span class='ocrx_word' id='word_1_898' title='bbox 2684 5078 2897 5145; x_wconf 80' lang='lat' dir='ltr'><strong>legitur:</strong></span> <span class='ocrx_word' id='word_1_899' title='bbox 2917 5078 3193 5142; x_wconf 69' lang='lat' dir='ltr'><strong>Quod&#39;licet</strong></span> <span class='ocrx_word' id='word_1_900' title='bbox 3222 5092 3332 5143; x_wconf 88' lang='lat' dir='ltr'><strong>pro-</strong></span> 
     </span>
    </p>
   </div>
   <div class='ocr_carea' id='block_1_113' title="bbox 1748 5148 3328 5272">
    <p class='ocr_par' dir='ltr' id='par_1_113' title="bbox 1748 5148 3328 5272">
     <span class='ocr_line' id='line_1_115' title="bbox 1748 5148 2171 5210; baseline -0.019 -8"><span class='ocrx_word' id='word_1_901' title='bbox 1748 5150 1844 5210; x_wconf 81' lang='lat' dir='ltr'><strong>bes,</strong></span> <span class='ocrx_word' id='word_1_902' title='bbox 1861 5148 2019 5200; x_wconf 73' lang='lat' dir='ltr'><strong>tanien</strong></span> <span class='ocrx_word' id='word_1_903' title='bbox 2035 5148 2171 5210; x_wconf 79' lang='lat' dir='ltr'><strong>ferri.</strong></span> 
     </span>
     <span class='ocr_line' id='line_1_116' title="bbox 1810 5200 3328 5272; baseline -0.007 -12"><span class='ocrx_word' id='word_1_904' title='bbox 1810 5215 1830 5244; x_wconf 85' lang='grc'><strong><em>²</em></strong></span> <span class='ocrx_word' id='word_1_905' title='bbox 1848 5217 1922 5260; x_wconf 80' lang='lat' dir='ltr'><strong>Er.</strong></span> <span class='ocrx_word' id='word_1_906' title='bbox 1941 5208 2089 5272; x_wconf 82' lang='lat' dir='ltr'><strong>Lugd.</strong></span> <span class='ocrx_word' id='word_1_907' title='bbox 2111 5215 2229 5257; x_wconf 70' lang='lat' dir='ltr'><strong>Ven.</strong></span> <span class='ocrx_word' id='word_1_908' title='bbox 2249 5213 2358 5256; x_wconf 68' lang='lat' dir='ltr'><strong>Iov.</strong></span> <span class='ocrx_word' id='word_1_909' title='bbox 2377 5204 2597 5272; x_wconf 81' lang='lat' dir='ltr'><strong>Sommal.</strong></span> <span class='ocrx_word' id='word_1_910' title='bbox 2619 5203 2763 5254; x_wconf 78' lang='lat' dir='ltr'><strong>nond.</strong></span> <span class='ocrx_word' id='word_1_911' title='bbox 2790 5200 2979 5272; x_wconf 63' lang='grc' dir='ltr'><strong>ωρῃο</strong></span> <span class='ocrx_word' id='word_1_912' title='bbox 3001 5209 3108 5253; x_wconf 79' lang='lat' dir='ltr'><strong>Mss.</strong></span> <span class='ocrx_word' id='word_1_913' title='bbox 3127 5208 3183 5272; x_wconf 85' lang='lat' dir='ltr'><strong>_et</strong></span> <span class='ocrx_word' id='word_1_914' title='bbox 3200 5207 3328 5272; x_wconf 70' lang='lat' dir='ltr'><strong>szart.</strong></span> 
     </span>
    </p>
   </div>
   <div class='ocr_carea' id='block_1_114' title="bbox 1746 5262 3328 5344">
    <p class='ocr_par' dir='ltr' id='par_1_114' title="bbox 1746 5262 3328 5344">
     <span class='ocr_line' id='line_1_117' title="bbox 1746 5262 3328 5344; baseline -0.009 -20"><span class='ocrx_word' id='word_1_915' title='bbox 1746 5286 1858 5325; x_wconf 86' lang='lat' dir='ltr'><strong>cum</strong></span> <span class='ocrx_word' id='word_1_916' title='bbox 1873 5262 2151 5344; x_wconf 65' lang='lat' dir='ltr'><strong>tribus&#39;ttss.</strong></span> <span class='ocrx_word' id='word_1_917' title='bbox 2173 5278 2398 5344; x_wconf 89' lang='lat'><strong>:</strong></span> <span class='ocrx_word' id='word_1_918' title='bbox 2422 5265 2595 5317; x_wconf 62' lang='lat' dir='ltr'><strong>risisse</strong></span> <span class='ocrx_word' id='word_1_919' title='bbox 2614 5278 2709 5315; x_wconf 84' lang='lat' dir='ltr'><strong>non</strong></span> <span class='ocrx_word' id='word_1_920' title='bbox 2721 5262 2946 5328; x_wconf 69' lang='lat' dir='ltr'><strong>mentim’;</strong></span> <span class='ocrx_word' id='word_1_921' title='bbox 2965 5272 3017 5315; x_wconf 89' lang='lat' dir='ltr'><strong>et</strong></span> <span class='ocrx_word' id='word_1_922' title='bbox 3032 5262 3174 5327; x_wconf 88' lang='lat' dir='ltr'><strong>paulo</strong></span> <span class='ocrx_word' id='word_1_923' title='bbox 3190 5269 3300 5325; x_wconf 85' lang='lat' dir='ltr'><strong>post</strong></span> <span class='ocrx_word' id='word_1_924' title='bbox 3314 5276 3328 5310; x_wconf 87' lang='lat'><strong>;</strong></span> 
     </span>
    </p>
   </div>
   <div class='ocr_carea' id='block_1_115' title="bbox 1748 5338 2771 5460">
    <p class='ocr_par' dir='ltr' id='par_1_115' title="bbox 1748 5338 2771 5460">
     <span class='ocr_line' id='line_1_118' title="bbox 1748 5338 2362 5398; baseline -0.015 -11"><span class='ocrx_word' id='word_1_925' title='bbox 1748 5344 1850 5398; x_wconf 81' lang='lat' dir='ltr'><strong>Qua</strong></span> <span class='ocrx_word' id='word_1_926' title='bbox 1870 5338 2031 5386; x_wconf 52' lang='lat' dir='ltr'><strong>uitio...</strong></span> <span class='ocrx_word' id='word_1_927' title='bbox 2050 5343 2144 5395; x_wconf 85' lang='lat' dir='ltr'><strong>qua</strong></span> <span class='ocrx_word' id='word_1_928' title='bbox 2166 5338 2284 5381; x_wconf 57' lang='lat' dir='ltr'><strong>totae.</strong></span> <span class='ocrx_word' id='word_1_929' title='bbox 2309 5338 2362 5378; x_wconf 82' lang='grc' dir='ltr'><strong>Μ.</strong></span> 
     </span>
     <span class='ocr_line' id='line_1_119' title="bbox 1811 5389 2771 5460; baseline -0.009 -14"><span class='ocrx_word' id='word_1_930' title='bbox 1811 5399 1834 5460; x_wconf 54' lang='grc' dir='ltr'>ξ</span> <span class='ocrx_word' id='word_1_931' title='bbox 1851 5395 2106 5452; x_wconf 88' lang='lat' dir='ltr'><strong>omittitur,</strong></span> <span class='ocrx_word' id='word_1_932' title='bbox 2127 5391 2170 5443; x_wconf 77' lang='lat' dir='ltr'><strong>si</strong></span> <span class='ocrx_word' id='word_1_933' title='bbox 2182 5399 2243 5460; x_wconf 66' lang='lat' dir='ltr'><strong>et,</strong></span> <span class='ocrx_word' id='word_1_934' title='bbox 2266 5392 2317 5441; x_wconf 89' lang='lat' dir='ltr'><strong>in</strong></span> <span class='ocrx_word' id='word_1_935' title='bbox 2335 5391 2450 5441; x_wconf 90' lang='lat' dir='ltr'><strong>edit.</strong></span> <span class='ocrx_word' id='word_1_936' title='bbox 2475 5389 2771 5460; x_wconf 69' lang='lat' dir='ltr'><strong>Levanieusi.</strong></span> 
     </span>
    </p>
   </div>
   <div class='ocr_carea' id='block_1_116' title="bbox 1812 5441 3330 5508">
    <p class='ocr_par' dir='ltr' id='par_1_116' title="bbox 1812 5441 3330 5508">
     <span class='ocr_line' id='line_1_120' title="bbox 1812 5441 3330 5508; baseline -0.013 0"><span class='ocrx_word' id='word_1_937' title='bbox 1812 5459 1834 5493; x_wconf 68' lang='grc'><strong>⁸</strong></span> <span class='ocrx_word' id='word_1_938' title='bbox 1851 5441 2307 5508; x_wconf 56' lang='lat' dir='ltr'><strong>{EJE&#39;Eéns&#39;db&#39;am</strong></span> <span class='ocrx_word' id='word_1_939' title='bbox 2320 5449 2567 5503; x_wconf 58' lang='lat' dir='ltr'><strong>memoria.</strong></span> <span class='ocrx_word' id='word_1_940' title='bbox 2590 5450 2695 5499; x_wconf 61' lang='lat' dir='ltr'><strong>bad.</strong></span> <span class='ocrx_word' id='word_1_941' title='bbox 2730 5458 2829 5498; x_wconf 82' lang='lat' dir='ltr'><strong>Am.</strong></span> <span class='ocrx_word' id='word_1_942' title='bbox 2849 5454 2923 5496; x_wconf 79' lang='lat' dir='ltr'><strong>Er.</strong></span> <span class='ocrx_word' id='word_1_943' title='bbox 2952 5451 3003 5508; x_wconf 87' lang='lat' dir='ltr'><strong>et</strong></span> <span class='ocrx_word' id='word_1_944' title='bbox 3014 5441 3201 5508; x_wconf 58' lang='lat' dir='ltr'><strong>Aruald:</strong></span> <span class='ocrx_word' id='word_1_945' title='bbox 3221 5454 3330 5508; x_wconf 69' lang='lat' dir='ltr'><strong>uno</strong></span> 
     </span>
    </p>
   </div>
   <div class='ocr_carea' id='block_1_117' title="bbox 1750 5499 3331 5572">
    <p class='ocr_par' dir='ltr' id='par_1_117' title="bbox 1750 5499 3331 5572">
     <span class='ocr_line' id='line_1_121' title="bbox 1750 5499 3331 5572; baseline -0.015 -1"><span class='ocrx_word' id='word_1_946' title='bbox 1750 5499 1996 5572; x_wconf 40' lang='lat' dir='ltr'><strong>manilii-is</strong></span> <span class='ocrx_word' id='word_1_947' title='bbox 2011 5499 2720 5567; x_wconf 46' lang='lat' dir='ltr'><strong>&#39;EEéﬁﬁbhih‘Mm.</strong></span> <span class='ocrx_word' id='word_1_948' title='bbox 2749 5508 2911 5558; x_wconf 79' lang='lat' dir='ltr'><strong>Melior</strong></span> <span class='ocrx_word' id='word_1_949' title='bbox 2934 5507 3037 5572; x_wconf 73' lang='lat' dir='ltr'><strong>visa</strong></span> <span class='ocrx_word' id='word_1_950' title='bbox 3052 5565 3063 5572; x_wconf 92' lang='lat'><em>_</em></span> <span class='ocrx_word' id='word_1_951' title='bbox 3079 5508 3162 5572; x_wconf 77' lang='lat' dir='ltr'><strong>est</strong></span> <span class='ocrx_word' id='word_1_952' title='bbox 3182 5499 3331 5549; x_wconf 83' lang='lat' dir='ltr'><strong>lectio</strong></span> 
     </span>
    </p>
   </div>
   <div class='ocr_carea' id='block_1_118' title="bbox 1749 5565 3331 5640">
    <p class='ocr_par' dir='ltr' id='par_1_118' title="bbox 1749 5565 3331 5640">
     <span class='ocr_line' id='line_1_122' title="bbox 1749 5565 3331 5640; baseline -0.014 -6"><span class='ocrx_word' id='word_1_953' title='bbox 1749 5565 2204 5633; x_wconf 61' lang='lat' dir='ltr'><strong>iss—.éerli.t‘essat.</strong></span> <span class='ocrx_word' id='word_1_954' title='bbox 2226 5565 2280 5628; x_wconf 82' lang='lat' dir='ltr'><strong>et</strong></span> <span class='ocrx_word' id='word_1_955' title='bbox 2294 5575 2495 5626; x_wconf 87' lang='lat' dir='ltr'><strong>aliorum</strong></span> <span class='ocrx_word' id='word_1_956' title='bbox 2510 5574 2701 5640; x_wconf 73' lang='lat' dir='ltr'><strong>optima:</strong></span> <span class='ocrx_word' id='word_1_957' title='bbox 2725 5577 2849 5620; x_wconf 61' lang='lat' dir='ltr'><strong>uotae</strong></span> <span class='ocrx_word' id='word_1_958' title='bbox 2884 5565 2966 5630; x_wconf 88' lang='lat' dir='ltr'><strong>qui</strong></span> <span class='ocrx_word' id='word_1_959' title='bbox 2989 5565 3168 5614; x_wconf 86' lang='lat' dir='ltr'><strong>habent</strong></span> <span class='ocrx_word' id='word_1_960' title='bbox 3206 5572 3331 5628; x_wconf 69' lang='lat' dir='ltr'><strong>pm:-</strong></span> 
     </span>
    </p>
   </div>
   <div class='ocr_carea' id='block_1_119' title="bbox 1753 5640 1996 5697">
    <p class='ocr_par' dir='ltr' id='par_1_119' title="bbox 1753 5640 1996 5697">
     <span class='ocr_line' id='line_1_123' title="bbox 1753 5640 1996 5697; baseline -0.012 1"><span class='ocrx_word' id='word_1_961' title='bbox 1753 5640 1996 5697; x_wconf 67' lang='lat' dir='ltr'><strong>seruabam.</strong></span> 
     </span>
    </p>
   </div>
  </div>
