3878 6270
635 268 734 326 671

635 380 894 438 conﬁteor
919 381 1010 439 tibi
1038 397 1158 456 quae
1185 385 1296 440 vult
1320 386 1496 442 anima
1518 401 1656 453 mea,
1683 387 1824 445 Deus
1850 402 2024 453 meus,
2051 397 2106 443 et
2129 403 2216 444 ac-

632 471 848 542 quiesco
882 475 933 528 in
966 475 1385 545 reprehensione
1410 479 1671 534 malarum
1701 479 1904 535 viarum
1932 494 2169 535 mearum
2192 521 2210 547 ,

633 573 693 620 ut
720 566 935 637 diligam
980 569 1149 626 bonas
1177 572 1289 627 vias
1329 581 1465 628 tuas.
1497 572 1613 628 Non
1655 572 1886 630 clament
1929 573 2212 628 adversum

628 671 714 712 me
731 658 1034 716 venditores
1052 664 1412 733 grammatica:
1436 664 1518 721 vel
1538 675 1808 737 emptores
1831 683 1844 719 :
1873 666 1995 737 quia
2017 665 2061 720 si
2087 680 2213 736 pro-

628 763 821 818 ponam
842 751 939 816 eis,
972 752 1305 825 interrogans
1335 765 1510 811 utrum
1538 772 1722 812 verum
1743 755 1963 828 sitquod
1981 755 2208 814 Eneam

627 839 912 910 aliquando
929 844 1299 916 Carthaginem
1315 849 1526 905 venisse
1542 849 1700 906 Poeta
1712 850 1867 917 dicit;
1889 851 2210 906 indoctiores

623 944 683 986 se
708 931 916 990 nescire
955 938 1382 1007 respondebunt,
1415 941 1680 997 doctiores
1713 951 1891 997 autem
1923 942 2080 997 etiam
2112 957 2208 997 ne-

625 1024 824 1095 gabunt
848 1043 1036 1084 verum
1063 1046 1202 1087 esse.
1227 1033 1297 1087 At
1316 1033 1360 1088 si
1389 1050 1622 1104 quaeram
1644 1035 1834 1106 quibus
1859 1035 2047 1090 litteris
2076 1036 2208 1090 scri-

627 1115 784 1172 batur
802 1117 991 1176 Encas
1018 1138 1234 1191 nomen,
1258 1141 1444 1180 omnes
1465 1127 1614 1194 mihi,
1647 1127 1736 1198 qui
1755 1127 1867 1181 haec
1884 1127 2201 1194 didicerunt,

625 1223 810 1264 verum
838 1215 1272 1284 respondebunt;
1305 1218 1592 1273 secundum
1632 1219 1684 1274 id
1715 1228 1924 1289 pactum
1956 1231 2008 1275 et
2035 1220 2203 1292 placi-

625 1307 757 1368 tum,
787 1319 891 1374 quo
917 1305 1055 1361 inter
1077 1323 1136 1362 se
1160 1307 1400 1364 homines
1429 1309 1527 1364 ista
1553 1311 1699 1381 signa
1727 1310 2020 1366 ﬁrmarunt.
2049 1311 2200 1380 Item,

625 1391 669 1446 si
688 1408 921 1462 quaeram
943 1397 1070 1468 quid
1094 1398 1281 1454 horum
1310 1401 1510 1471 majore
1533 1402 1656 1458 vita:
1682 1401 1841 1473 hujus
1866 1404 2203 1461 incommodo

622 1483 848 1555 quisque
867 1487 1228 1557 obliviscatur,
1255 1492 1430 1562 legere
1450 1500 1506 1548 et
1525 1494 1778 1562 scribere,
1803 1511 1868 1550 an
1890 1496 2095 1567 poetica
2113 1498 2198 1551 illa

621 1575 869 1647 ﬁgmenta
889 1582 1052 1652 ;.(Iuis
1091 1600 1196 1639 non
1228 1586 1405 1641 videat
1443 1588 1567 1658 quid
1597 1604 1949 1659 responsurus
1973 1591 2078 1658 sit,
2110 1592 2202 1663 qui

619 1684 725 1724 non
752 1681 834 1726 est
859 1676 1067 1743 penitus
1092 1678 1284 1734 oblitus
1310 1680 1430 1735 sui?
1458 1681 1746 1738 Pcccabam
1775 1699 1900 1754 ergo
1928 1699 2059 1753 puer
2078 1700 2198 1740 cum

617 1758 707 1814 illa
737 1761 911 1819 inania
955 1767 1069 1822 istis
1108 1770 1406 1827 utilioribus
1445 1789 1627 1830 amore
1666 1776 2037 1846 praeponebam
2060 1817 2074 1844 ,
2110 1779 2198 1833 vel

615 1851 792 1919 potius
823 1854 919 1909 ista
950 1857 1166 1914 oderam
1187 1902 1202 1927 ,
1254 1862 1344 1918 illa
1372 1861 1636 1920 amabam.
1678 1866 1929 1923 Jamvero
1957 1885 2117 1923 unum
2144 1877 2199 1925 et

614 1958 776 2000 unum
804 1947 940 2013 duo,
971 1949 1076 2006 duo
1104 1960 1158 2007 et
1194 1954 1300 2009 duo
1335 1967 1592 2026 quatuor,
1639 1958 1819 2014 odiosa
1856 1960 2032 2015 cantio
2063 1962 2194 2016 mihi

614 2043 760 2101 erat;
789 2045 842 2092 et
867 2037 1228 2098 dulcissimum
1261 2048 1624 2116 spectaculum
1654 2051 1902 2105 vanitatis
1939 2067 2107 2124 equus
2132 2052 2197 2108 li-

612 2141 778 2196 gneus
796 2130 982 2198 plenus
998 2136 1234 2204 armatis,
1254 2139 1493 2210 etTrojae
1511 2141 1832 2211 incendium,
1855 2152 2012 2215 atque
2029 2145 2195 2216 ipsius

613 2219 799 2276 umbra
820 2222 1034 2282 Creusae
1065 2227 1085 2300 (
1103 2227 1318 2286 zEneid.
1348 2231 1449 2306 ιι).

1239 2322 1466 2379 CAPUT
1506 2324 1646 2380 XIV.

1067 2409 1286 2466 Litteras
1313 2430 1504 2484 gra‘cas
1537 2419 1728 2472 oderat.

675 2491 766 2558 23,
808 2493 914 2550 Cur
940 2511 1068 2568 ergo
1091 2516 1319 2571 graecam
1348 2506 1507 2561 etiam
1546 2513 1943 2578 grammaticam
1971 2517 2188 2575 oderam

603 2584 731 2640 talia
776 2593 1122 2646 cantantem?
1159 2595 1289 2650 Nam
1343 2608 1398 2653 et
1447 2600 1707 2658 Homerus
1734 2606 1746 2674 ἶ
1759 2607 1959 2675 peritus
2010 2619 2190 2668 texere

607 2675 744 2731 tales
767 2678 986 2737 fabellas
1009 2726 1025 2752 ,
1055 2694 1108 2740 et
1132 2686 1439 2745 dulcissime
1482 2708 1647 2749 vanus
1685 2704 1798 2762 est,
1833 2707 1887 2754 et
1927 2701 2056 2756 mihi
2104 2711 2185 2759 ta-

597 2783 724 2823 men
752 2786 967 2828 amarus
994 2785 1109 2831 erat
1135 2793 1322 2848 puero.
1375 2779 1546 2837 Credo
1573 2785 1732 2840 etiam
1778 2790 1967 2859 griecis
2005 2794 2186 2861 pueris

601 2856 851 2930 Virgilius
872 2864 940 2918 ita
965 2866 1053 2934 sit,
1076 2883 1198 2924 cum
1226 2886 1347 2926 eum
1375 2874 1452 2929 sic
1472 2874 1676 2931 discere
1702 2891 1980 2949 coguntur,
2009 2892 2065 2937 ut
2084 2901 2184 2955 ego

597 2949 770 3006 illum.
834 2953 1090 3012 Videlicet
1147 2960 1432 3019 difﬁcultas
1487 2966 1538 3033 ³,
1602 2969 1820 3024 omnino
1884 2949 2222 3031 ediscenda.

593 3044 887 3114 peregrinae
918 3047 1108 3120 linguae
1127 3093 1142 3118 ,
1171 3055 1321 3122 quasi
1349 3054 1472 3110 felle
1501 3060 1812 3130 aspergehat
1840 3078 2026 3120 omnes
2053 3082 2179 3122 sua-

596 3135 792 3190 vitates
813 3152 1016 3208 graecas
1042 3141 1396 3201 fabulosarum
1437 3152 1821 3206 narrationum.
1851 3153 2005 3210 Nulla
2033 3160 2179 3215 enim

593 3228 760 3283 verba
796 3231 884 3286 illa
913 3248 1165 3290 noveram
1189 3278 1204 3304 ,
1235 3246 1290 3294 et
1309 3242 1464 3294 saevis
1499 3245 1788 3300 terroribus
1827 3261 1890 3301 ac
1919 3251 2090 3318 ptenis
2120 3263 2178 3308 ut

591 3334 803 3376 nossem
846 3325 1139 3381 instabatur
1175 3330 1304 3384 mihi
1347 3331 1710 3391 vehementer.
1748 3337 1878 3394 Nam
1923 3351 1975 3396 et
2015 3343 2174 3400 latina

589 3409 875 3481 aliquando
900 3414 1072 3472 infans
1105 3419 1284 3491 utique
1309 3423 1450 3477 nulla
1478 3439 1764 3495 noveram;
1794 3439 1848 3485 et
1877 3441 2050 3488 tamen
2076 3434 2173 3490 ad-

591 3505 847 3560 vertendo
873 3507 1030 3564 didici
1067 3509 1183 3566 sine
1222 3513 1328 3568 ullo
1365 3524 1511 3572 metu
1548 3528 1704 3590 atque
1733 3524 2001 3593 cruciatu,
2034 3527 2172 3584 inter

585 3594 746 3650 etiam
776 3597 1134 3658 blandimenta
1159 3608 1422 3662 nutricum
1443 3651 1458 3676 ,
1489 3618 1543 3665 et
1563 3611 1681 3679 joca
1709 3615 2050 3674 arridentium
2069 3663 2084 3687 ,
2116 3632 2171 3678 et

583 3685 795 3742 laetitias
815 3690 1184 3749 alludentium.
1213 3698 1379 3754 Didici
1401 3716 1529 3758 vero
1549 3704 1635 3759 illa
1657 3705 1773 3761 sine
1793 3712 1986 3778 poenali
2003 3728 2168 3772 onere

583 3781 902 3849 urgentium,
932 3800 1051 3840 cum
1087 3803 1172 3844 me
1213 3802 1426 3861 urgeret
1463 3809 1557 3849 cor
1581 3812 1756 3853 meum
1788 3802 1853 3855 ad
1911 3805 2165 3874 parienda

580 3883 835 3944 concepta
865 3892 957 3931 sua
981 3919 996 3945 ,
1027 3895 1143 3950 qua:
1179 3897 1284 3938 non
1317 3900 1526 3954 possem
1572 3890 1593 3920 ³
1614 3931 1628 3956 ,
1665 3893 1761 3947 nisi
1793 3895 1966 3967 aliqua
1997 3902 2163 3958 verba

577 3961 911 4036 didicissem;
950 3985 1056 4024 non
1079 3985 1110 4026 a
1149 3972 1498 4046 docentibus,
1538 3981 1630 4035 sed
1653 3997 1682 4036 a
1710 3985 2076 4058 loquentibus,
2108 3994 2160 4050 in

573 4070 799 4124 quorum
843 4068 897 4114 et
939 4076 1038 4132 ego
1076 4066 1290 4122 auribus
1333 4071 1690 4139 parturiebam
1739 4079 1992 4151 quidquid
2033 4099 2162 4140 sen-

573 4147 790 4202 tiebam.
821 4149 957 4207 Hinc
981 4155 1110 4208 satis
1135 4156 1307 4213 elucet
1335 4160 1590 4231 majorem
1621 4163 1819 4223 habere
1849 4171 1954 4226 vim
1988 4174 2053 4229 ad
2075 4175 2158 4231 di-

570 4241 768 4295 scenda
798 4245 894 4298 ista
924 4245 1140 4302 liberam
1183 4250 1539 4310 curiositatem
1559 4299 1572 4324 ,
1601 4275 1756 4329 quam
1796 4266 2156 4326 meticulosam

568 4337 967 4394 necessitatem.
996 4340 1098 4397 Sed
1126 4343 1263 4399 illius
1291 4345 1489 4411 ﬂuxum
1521 4351 1634 4406 haec
1659 4356 1930 4428 rcstringit
1955 4360 2158 4432 legibus

569 4426 702 4492 tuis,
736 4429 902 4496 Deus,
934 4431 1136 4503 legibus
1173 4437 1276 4492 tuis
1298 4453 1329 4493 a
1357 4440 1725 4510 magistrorum
1762 4445 1946 4506 ferulis
1986 4468 2156 4524 usque

563 4520 632 4576 ad
657 4525 977 4582 tentatiuncs
1006 4538 1296 4601 martyrum
1318 4533 1659 4610 ‘valentibus
1698 4539 1898 4611 legibus
1928 4545 2028 4600 tuis
2054 4547 2154 4602 mi-

565 4627 719 4668 scere
753 4616 992 4672 salubres
1017 4621 1397 4680 amaritudincs
1415 4666 1431 4692 ,
1469 4637 1784 4686 revocantes
1822 4649 1920 4690 nos
1948 4636 2014 4692 ad
2043 4646 2092 4694 te
2120 4655 2151 4696 a

561 4702 894 4772 iucunditate
915 4711 1162 4779 pestifera
1182 4755 1197 4781 ,
1228 4731 1330 4786 qua
1363 4719 1679 4777 recessimus
1700 4737 1732 4778 a
1759 4730 1810 4778 te
1836 4724 1876 4779 ³.

1185 4827 1411 4890 CAPUT
1447 4833 1564 4890 XV.

1081 4920 1314 4980 Precatio
1341 4927 1411 4980 ad
1438 4928 1623 4984 Deum.

633 5003 725 5061 24.
769 5007 994 5078 Exaudi,
1021 5013 1260 5084 Domine,
1293 5018 1722 5089 deprecationem
1743 5040 1939 5096 meam,
1965 5046 2032 5086 nc
2053 5032 2146 5088 de-

558 5097 702 5153 ficiat
727 5099 903 5156 anima
933 5119 1050 5160 mea
1093 5108 1193 5164 sub
1219 5109 1498 5182 disciplina
1538 5122 1662 5182 tua;
1695 5134 1868 5190 neque
1897 5121 2140 5180 deﬁciam

552 5189 607 5246 in
653 5193 957 5251 conﬁtendo
1001 5198 1093 5254 tibi
1135 5201 1505 5261 miserationes
1542 5215 1689 5274 tuas,
1725 5189 1916 5281 quibus
1953 5218 2140 5272 eruisti

553 5297 640 5339 me
671 5284 739 5340 ab
760 5287 1008 5343 omnibus
1034 5290 1135 5346 viis
1161 5293 1296 5349 meis
1327 5296 1599 5366 pessimis;
1632 5308 1688 5354 ut
1711 5301 1984 5360 dulcescas
2008 5309 2137 5364 mihi

615 5420 874 5502 :cttahtuss.
927 5427 1312 5502 prgsiant'i‘ores;
1338 5437 1396 5502 at
1415 5437 1524 5502 qu.
1569 5439 1621 5502 et
1663 5441 1772 5482 Arn.
1793 5469 1807 5494 ,
1859 5435 2131 5502 diﬁicalter,

548 5477 831 5557 difﬁcultas.
969 5477 1550 5557 niﬁiwltergbjﬁica'ltas
1575 5477 2132 5557 ’ἰαὶ-ἀιωέοῶιῖ

547 5547 832 5596 cum30dd.
856 5555 908 5599 Et
931 5547 1074 5599 noni).
1094 5564 1205 5601 cum
1225 5547 1386 5603 51⁷ρἅ
1423 5562 1477 5602 tu.

607 5607 779 5687 εξῃιιιιςεςΣ
797 5610 979 5687 aliquot
1001 5625 1109 5662 cum
1127 5622 1236 5687 Arn.
1247 5629 1272 5687 ,ξ
1290 5621 1353 5685 με
1377 5615 1492 5680 quia
1510 5628 1603 5668 non
1618 5625 1738 5672 esset
1759 5619 1886 5687 nisi;
1916 5624 1995 5677 alii
2011 5639 2132 5680 non-

545 5665 667 5735 nulli
691 5681 706 5717 :
731 5677 779 5735 et
794 5665 1014 5735 qudmon
1035 5673 1318 5728 nosset

611 5729 631 5760 ³
647 5729 921 5784 ιιοιιᾱ.ἒιιω
941 5736 972 5785 7
988 5735 1100 5787 cdd.
1120 5751 1135 5788 :
1158 5745 1517 5795 Recesseramus
1535 5754 1566 5792 a
1582 5747 1646 5796 te.
1667 5752 1722 5798 tt.

1820 271 2336 332 CONFESSIONUM
2378 275 2438 332 S.
2481 276 2849 338 AUGUSTINI
3729 312 3799 370 θη

2325 404 2486 459 super
2506 406 2694 450 omnes
2727 395 3061 455 seductiones
3090 415 3221 472 quas
3246 406 3522 478 sequebar;
3547 421 3597 469 et
3611 431 3748 478 amem
3765 438 3798 485 te
3872 469 3873 480 χ

2322 483 2652 542 validissime
2672 496 2725 543 et
2744 490 3024 559 amplexer
3044 508 3256 550 manum
3284 506 3422 555 tuam
3442 504 3554 560 totis
3570 483 3799 579 premnt,

2320 577 2476 646 meis,
2504 588 2558 634 et
2581 595 2736 638 eruas
2761 599 2848 640 me
2875 585 2943 642 ab
2969 589 3116 643 omni
3142 595 3426 651 teutatione
3447 577 3657 669 usquein
3673 608 3796 668 linem.

2319 666 2459 724 Ecce
2480 670 2622 726 enim
2663 681 2718 728 tu
2738 716 2753 740 ,
2781 674 3026 746 Domine,
3059 695 3153 735 rex
3179 697 3327 739 meus
3353 695 3406 741 et
3433 666 3558 746 Deus
3585 709 3719 766 meus,
3737 704 3796 761 tibi

2317 760 2515 818 serviat
2539 764 2790 837 quidquid
2833 769 2964 824 utile
3005 786 3141 842 puer
3176 772 3365 842 didici;
3412 779 3498 835 tibi
3522 760 3796 861 serviatun

2317 849 2526 922 loquor,
2557 863 2612 911 et
2635 856 2828 924 scr-ibo,
2863 867 2918 913 et
2945 859 3094 932 lego,
3125 872 3180 918 et
3207 881 3428 923 numero
3457 877 3702 943 :quoniam
3717 849 3796 941 diu

2316 958 2449 999 vana
2477 945 2739 1007 discerem
2765 991 2779 1015 ,
2809 959 2864 1004 tu
2908 951 3238 1025 disciplinam
3281 958 3445 1017 dabas
3472 964 3614 1032 mihi;
3635 980 3678 1025 et
3697 973 3732 1027 in
3750 979 3796 1032 eis

2314 1039 2464 1093 vanis
2490 1051 2707 1111 peccata
2748 1043 3159 1104 delectationum
3189 1067 3427 1110 mearum
3464 1057 3678 1119 dimisisti
3699 1069 3796 1125 mihi.

2314 1128 2482 1184 Didici
2505 1131 2726 1188 enim'in
2753 1136 2830 1190 eis
2867 1138 3032 1194 multa
3070 1142 3234 1200 verba
3269 1146 3418 1202 utilia
3435 1132 3454 1212 ;’
3476 1151 3563 1206 sed
3597 1164 3642 1209 et
3659 1171 3744 1227 qua
3764 1163 3796 1218 iu

2312 1222 2470 1278 rebus
2498 1240 2602 1282 non
2633 1228 2783 1282 vanis
2811 1229 2945 1286 disci
2986 1245 3208 1303 possunt
3240 1254 3253 1292 :
3284 1248 3342 1293 et
3379 1256 3438 1296 ea
3471 1244 3548 1298 via
3574 1222 3746 1306 tuta-esi
3765 1255 3796 1310 in

2311 1331 2412 1387 qua
2436 1319 2585 1389 pueri
2614 1320 2970 1380 ambularent.

2943 1435 3170 1495 CAPUT
3207 1439 3351 1496 XVI.

2536 1522 2798 1595 Improbat
2823 1528 3029 1584 modum
3047 1531 3334 1602 juventutis
3357 1538 3638 1597 erudienda.

2378 1612 2466 1669 25.
2507 1615 2612 1672 Sed
2645 1634 2725 1673 vae
2757 1619 2881 1688 tibi,
2913 1621 3112 1679 ﬂumen
3150 1627 3320 1683 moris
3355 1628 3593 1690 humani!
3619 1635 3720 1704 Quis
3747 1658 3800 1699 re.
3857 1685 3862 1694 .

2306 1702 2457 1760 sistet
2487 1706 2616 1762 tibi?
2644 1711 2895 1778 quamdiu
2921 1728 3028 1769 non
3057 1716 3387 1775 siccaberis?
3409 1702 3656 1796 quousque
3677 1733 3798 1788 robes
3859 1777 3862 1782 .

2305 1795 2431 1851 Evae
2461 1796 2600 1854 ﬁlios
2625 1800 2678 1855 in
2709 1818 2861 1860 mare
2888 1821 3138 1877 magnum
3181 1817 3238 1864 et
3277 1809 3798 1892 formidolosum,un

2305 1887 2388 1940 vix
2426 1897 2699 1947 transeunt
2722 1895 2812 1964 qui
2853 1896 3051 1966 lignum
3090 1902 3534 1961 conscenderint?
3571 1887 3797 1983 Nonne'ego

2305 1977 2356 2033 in
2398 1989 2449 2036 te
2490 1981 2592 2054 legi
2638 1992 2693 2039 et
2722 1994 2994 2044 tonantem
3033 1989 3225 2048 Jovem
3271 2004 3328 2049 et
3369 1977 3796 2062 adulterantemiit
3861 1981 3873 2048 ’λ

2301 2074 2483 2144 utique
2503 2091 2609 2132 non
2633 2088 2813 2148 posset
2833 2080 2947 2138 haec
2968 2082 3104 2151 duo;
3133 2086 3231 2142 sed
3257 2097 3437 2146 actum
3463 2101 3558 2161 est,
3572 2104 3624 2150 ut
3643 2096 3795 2154 haberet
3863 2127 3867 2134 ι

2299 2167 2670 2224 auctoritatem
2695 2171 2761 2226 ad
2789 2172 3103 2232 imitandum
3128 2192 3321 2234 verum
3351 2181 3639 2240 adulterium
3656 2229 3668 2251 ,
3692 2188 3793 2244 leno-
3861 2203 3873 2244 εξ

2299 2255 2509 2314 cinante
2528 2258 2666 2316 falso
2688 2264 2940 2320 tonitruo.
2966 2266 3096 2336 Quis
3119 2279 3302 2326 autem
3334 2275 3667 2342 penulatorum
3684 2283 3794 2352 magi-
3863 2331 3866 2338 .

2298 2355 2528 2404 atrorum
2547 2351 2835 2410 auditaure
2857 2356 3056 2426 sobria,
3084 2375 3150 2415 ex
3168 2361 3366 2419 eodem
3384 2366 3586 2434 pulvere
3601 2351 3793 2428 hominem
3857 2399 3873 2426 ς

2296 2440 2613 2500 clamantem
2650 2455 2704 2502 et
2726 2447 2992 2506 dicentem
3026 2453 3324 2526 :Ft'ngebat
3362 2459 3469 2514 lues
3515 2460 3738 2531 Hom,
3761 2477 3792 2521 et
3859 2441 3862 2520 ξ

2296 2532 2520 2590 humana
2545 2537 2615 2591 ad
2653 2537 2790 2596 Deos
2833 2543 3206 2615 transferebat;
3235 2547 3409 2604 divina
3424 2551 3607 2607 mallent
3625 2553 3678 2607 ad
3703 2558 3792 2610 nos!
3855 2591 3873 2615 tu

2297 2621 2525 2696 (Cicero,
2548 2626 2760 2684 Tuscul.
2783 2629 2880 2705 ι.)
2929 2632 3035 2689 Sed
3063 2635 3244 2692 verius
3269 2638 3464 2696 dicitur
3487 2642 3614 2713 quod
3633 2643 3788 2714 ﬁngebat

2294 2714 2410 2771 hate
2430 2718 2644 2788 quidem
2673 2721 2792 2788 ille;
2823 2723 2919 2781 sed
2949 2724 3259 2784 hominibus
3285 2729 3554 2802 ﬂagitiosis
3575 2734 3711 2790 divina
3728 2738 3786 2792 tri-

2290 2805 2523 2875 buendo,
2552 2825 2621 2866 ne
2646 2810 2840 2882 ﬂagitia
2869 2813 3064 2886 ﬂagitia
3092 2824 3538 2890 putarentur‘,et
3558 2832 3607 2880 ut
3621 2826 3783 2896 quisquis
3853 2831 3860 2896 ε

2290 2913 2352 2954 ea
2384 2899 2614 2967 fecisset,
2646 2918 2751 2958 non
2783 2903 3026 2964 homines
3053 2910 3317 2982 perditos,
3349 2913 3444 2971 sed
3470 2916 3680 2974 caelestes
3698 2917 3783 2973 deos

2289 2990 2559 3048 videretur
2591 2994 2842 3053 imitatus.
2875 3053 2880 3056 ,

2277 3137 2280 3140 .
2357 3084 2448 3140 26.
2489 3088 2556 3142 Et
2582 3095 2792 3156 tamen,
2818 3106 2852 3146 o
2889 3090 3086 3150 ﬂumen
3113 3103 3429 3168 tartaream,
3455 3101 3782 3172 jactantnrinle

2286 3173 2377 3230 ﬁlii
2417 3175 2690 3234 hominum
2717 3223 2731 3249 ,
2777 3197 2898 3238 eum
2935 3187 3274 3244 mercedibus
3305 3199 3362 3246 ut
3391 3189 3505 3249 haec
3541 3193 3724 3258 discant;
3748 3204 3784 3250 et

2284 3280 2475 3337 magna
2500 3283 2589 3324 res
2612 3272 2818 3341 agitur,
2845 3289 2965 3330 cum
2993 3275 3096 3332 hoc
3119 3279 3298 3350 agitur
3327 3283 3532 3352 publice
3555 3285 3600 3340 in
3631 3285 3730 3350 foro,
3748 3287 3781 3340 in
3855 3279 3864 3352 ᾖ

2281 3368 2570 3427 conspectu
2609 3360 2782 3432 legum
2813 3379 2970 3436 supra
3011 3369 3315 3426 mercedem
3357 3373 3541 3430 salaria
3561 3375 3780 3432 decernen-
3849 3360 3873 3438 ἕ

2282 3446 2442 3514 tium;
2467 3459 2522 3504 et
2538 3467 2665 3506 saxa
2691 3461 2776 3508 tua
2800 3457 3030 3525 percutis
3052 3467 3105 3514 et
3124 3474 3290 3517 sonas
3309 3463 3492 3519 dicens
3513 3483 3526 3518 :
3547 3465 3659 3520 Hinc
3672 3465 3779 3520 verba

2278 3537 2591 3608 discuntur,
2625 3542 2752 3601 hinc
2793 3549 3082 3618 acquiritur
3119 3551 3431 3624 eloquentia
3457 3557 3600 3613 rebus
3623 3572 3776 3628 persua-

2276 3629 2467 3687 dendis
2496 3639 2881 3710 sententiisque
2908 3642 3237 3712 explicandis
3271 3652 3500 3705 maxime
3532 3650 3776 3706 necessaria.
3843 3629 3873 3734 Ι(

2275 3719 2349 3774 lla
2381 3738 2506 3779 vero
2534 3741 2637 3780 non
2669 3743 3112 3800 cognosceremus
3139 3738 3301 3794 verba
3329 3738 3444 3796 hinc
3467 3783 3481 3806 ,
3513 3742 3697 3798 imbrem
3716 3757 3778 3796 au-
3843 3736 3846 3806 ξ

2273 3826 2445 3879 reum,
2472 3825 2525 3870 et
2545 3819 2805 3887 gremium
2828 3862 2841 3886 ,
2868 3831 2923 3878 et
2945 3821 3122 3882 fucum
3147 3868 3164 3895 ,
3191 3837 3246 3884 et
3277 3831 3476 3902 templa
3500 3832 3636 3898 cteli,
3657 3841 3698 3887 et
3712 3834 3779 3886 alia
3841 3819 3873 3902 Ιξ

2270 3904 2430 3960 verba
2447 3921 2566 3977 qua:
2583 3908 2632 3963 in
2660 3924 2724 3965 eo
2754 3912 2872 3968 loco
2891 3915 3084 3986 scripta
3109 3928 3252 3984 sunt,
3285 3921 3387 3976 nisi
3407 3922 3657 3979 Terentius
3669 3922 3779 3978 indu.

2270 4006 2650 4070 ceretnequam
2668 4001 3058 4062 adolescentem
3075 4021 3458 4080 proponentem
3473 4015 3563 4070 sibi
3579 4014 3776 4071 Joretnad

2268 4090 2573 4161 exemplum
2601 4095 2790 4164 stupri,
2821 4096 2945 4152 dum
2971 4109 3179 4169 spectat
3207 4103 3439 4160 tabulam
3463 4106 3705 4177 quamdam
3723 4104 3777 4176 pi-
3833 4090 3865 4190 Ι

2266 4187 2405 4234 ctam
2442 4181 2498 4236 in
2540 4184 2774 4254 pariete,
2803 4187 2893 4242 ubi
2919 4189 3090 4247 inerat
3121 4193 3324 4264 pictura
3372 4197 3485 4253 haec
3509 4197 3776 4266 :10:qu

2265 4283 2410 4342 pacto
2434 4273 2631 4332 Danate
2649 4279 2842 4334 misisse
2860 4282 3001 4337 aiunt
3022 4284 3074 4338 in
3097 4287 3346 4356 gremium
3365 4292 3603 4360 quondam
3622 4289 3772 4344 imbre»!

2263 4380 2492 4433 aureum,
2516 4372 2688 4438 fucum
2707 4374 2894 4442 factum
2915 4375 3149 4431 mulieri?
3168 4377 3236 4432 Et
3255 4379 3377 4436 vide
3400 4379 3770 4452 quemadmodum

2261 4469 2321 4511 se
2348 4458 2575 4515 concitat
2603 4461 2668 4516 ad
2698 4462 2968 4520 libidinem
2991 4507 3006 4530 ,
3048 4469 3198 4538 quasi
3227 4471 3433 4527 cmlesti
3460 4473 3745 4544 magisterio:

2259 4618 2313 4662 At
2351 4616 2688 4730 ῳθὲηὲξὲἱη
2720 4616 2948 4685 (inquit)?
2985 4623 3072 4682 Qui
3102 4625 3285 4690 templa
3321 4627 3434 4679 omli
3469 4642 3634 4680 summa
3656 4627 3768 4678 satin

2256 4741 2352 4800 Ego
2376 4736 2632 4853 δοῧὲἓὲἰὲ
2664 4742 2710 4791 id
2733 4757 2830 4794 non
2860 4744 3108 4799 facerem?
3135 4755 3232 4814 Ego
3261 4764 3382 4802 vero
3419 4751 3506 4805 feci
3536 4751 3639 4804 illud
3660 4751 3710 4803 ita
3727 4762 3766 4798 κ

2819 4867 2899 4931 (ιη
2920 4871 3163 4936 Eunucho,
3185 4879 3279 4926 act.
3295 4875 3351 4938 5,
3374 4889 3495 4929 scen.
3515 4877 3581 4942 5.)

2322 4983 2443 5039 Non
2465 4988 2683 5043 omnino
2706 5006 2800 5060 per
2821 4991 2956 5050 hanc
2981 4997 3356 5069 turpitudinem
3383 5002 3534 5057 verba
3558 5001 3643 5056 ista
3659 5013 3760 5053 com-

2250 5075 2459 5132 modius
2492 5077 2792 5150 discuntur;
2834 5085 2927 5140 sed
2966 5102 3064 5157 per
3101 5088 3216 5146 haec
3247 5092 3404 5148 verba
3432 5089 3670 5162 turpitudo
3689 5088 3755 5142 ista
3841 5151 3844 5156 _

2249 5167 2601 5226 conﬁdentius
2627 5184 2977 5244 perpetretur.
2997 5177 3112 5233 Non
3133 5196 3320 5239 accuso
3336 5183 3510 5251 verba,
3532 5179 3756 5252 quasith

2247 5260 2419 5315 electa
2455 5270 2613 5334 atque
2643 5267 2902 5335 pretiosa;
2935 5271 3027 5326 sed
3066 5273 3247 5330 vinum
3284 5276 3476 5332 erroris
3497 5274 3620 5348 quod
3640 5274 3680 5329 in
3700 5269 3753 5327 eis

2245 5351 2397 5407 nobis
2419 5357 2797 5426 propinahatur
2820 5362 2888 5417 ab
2907 5364 3068 5420 ebriis
3107 5366 3408 5425 doctoribus
3429 5387 3442 5424 :
3464 5378 3514 5426 et
3535 5368 3621 5424 nisi
3640 5365 3748 5422 bibe-

2242 5431 2451 5504 remus,
2490 5441 2843 5511 ctedebamur,
2885 5463 2983 5503 nec
3019 5453 3287 5522 appellare
3323 5455 3541 5527 aliquem
3570 5450 3745 5524 judice!

2242 5528 2479 5584 sobrium
2507 5530 2716 5588 licebat.
2747 5537 2812 5590 Et
2838 5546 3010 5595 tamen
3037 5556 3155 5612 ego,
3203 5543 3338 5600 Deus
3375 5559 3536 5609 meus,
3568 5543 3614 5598 in
3634 5537 3743 5609 cuius

2246 5636 2534 5694 conspectu
2547 5627 2654 5697 jam
2676 5644 2861 5687 secura
2886 5643 2967 5689 est
2985 5636 3280 5693 recordatio
3299 5654 3434 5706 mea,
3452 5631 3740 5694 libente!!!“

2309 5759 2324 5791 ³
2346 5759 2475 5824 Apud
2495 5767 2606 5812 Lov.
2637 5775 2650 5813 :
2676 5773 2740 5816 Ne
2760 5763 2944 5834 ﬂagitia
2966 5775 3260 5834 putarentur.
3279 5780 3371 5824 Non
3386 5773 3575 5837 integre.

3859 1286 3874 1882 Ὺ
