3880 6388
653 649 876 710 CAPUT
913 647 1078 704 XVII.

91 716 358 827 Ρτωαμὶῖιιν
378 760 548 808 contra
589 746 788 802 modum
833 743 1124 800 exercenda
1154 739 1431 814 juventutis
1456 739 1511 794 in
1542 753 1599 792 re

677 838 941 894 litterario.

143 942 213 997 27.
243 939 353 996 Sine
373 950 457 992 me
475 976 491 1001 ,
522 934 660 990 Deus
694 944 846 986 meus
865 972 881 999 ,
911 928 1092 986 dicere
1117 925 1316 998 aliquid
1344 932 1399 979 et
1421 924 1488 979 de
1512 923 1596 978 in-

93 1033 208 1103 genio
227 1045 330 1086 meo
351 1041 568 1084 munere
596 1035 685 1080 tuo
707 1067 723 1092 ,
754 1023 806 1078 in
849 1022 1038 1094 quibus
1061 1037 1092 1076 a
1117 1035 1206 1076 me
1233 1016 1597 1075 deliramentis

100 1124 376 1181 atterebatur.
399 1118 796 1190 Proponebatur
807 1115 948 1171 enim
970 1113 1100 1168 mihi
1117 1111 1385 1183 negotium
1409 1108 1597 1163 anima:

92 1232 189 1272 mete
205 1216 312 1269 satis
335 1211 646 1282 inquietum,
671 1208 894 1279 praemio
915 1205 1111 1273 laudis,
1138 1213 1193 1260 et
1211 1202 1489 1260 dedecoris
1507 1201 1595 1256 vel

93 1309 295 1379 plagartun
311 1311 443 1359 metu
464 1344 480 1371 ,
511 1310 575 1357 ut
612 1302 845 1357 dicerem
870 1298 1031 1354 verba
1071 1295 1296 1353 Junonis
1320 1293 1597 1350 irascentis

94 1411 131 1453 et
145 1398 321 1452 dolentis
343 1394 478 1467 quod
500 1409 606 1449 non
638 1401 817 1463 posset
835 1390 982 1446 Italia
1005 1389 1330 1446 Teucrorum
1355 1392 1598 1441 avertere

94 1505 217 1560 regem
243 1485 473 1560 (Eadd.
502 1485 592 1540 lib.
624 1485 675 1551 I,
699 1501 746 1538 υ.
773 1481 983 1554 56-75)
1007 1498 1022 1548 ;
1055 1496 1174 1552 quae
1205 1493 1471 1549 nunquam
1499 1475 1596 1530 Ju-

93 1596 226 1637 noan
245 1579 423 1635 dixisse
442 1577 716 1633 audieram
737 1594 750 1629 :
767 1577 858 1630 sed
879 1574 1247 1645 ﬁgmentorum
1270 1569 1595 1642 poeticorum

92 1673 247 1742 vestigia
258 1679 482 1726 errantes
496 1669 647 1740 sequi
667 1668 1005 1738 cogebamur,
1024 1674 1076 1720 et
1087 1665 1192 1719 tale
1211 1660 1407 1733 aliquid
1420 1660 1598 1715 dicere

89 1765 221 1818 solutis
234 1761 406 1825 verbis,
424 1759 583 1831 quale
612 1760 772 1814 Poeta
795 1757 1016 1811 dixisset
1033 1754 1307 1819 versibus;
1331 1761 1386 1807 et
1408 1751 1497 1805 ille
1515 1748 1598 1804 di-

89 1852 194 1907 ccbat
208 1850 510 1915 laudabilius,
537 1849 591 1903 in
613 1864 719 1920 quo
736 1863 834 1919 pro
853 1847 1108 1917 dignitate
1124 1843 1455 1898 adumbratae
1473 1856 1596 1912 per-

87 1961 212 2008 sonat,
241 1945 318 1999 ira:
335 1959 393 1999 ac
414 1942 621 1998 doloris
651 1941 875 1996 similior
899 1939 1118 1993 effectus
1148 1934 1595 2000 eminebat,.ver-

87 2037 142 2091 bis
158 2037 403 2092 sententias
442 2043 805 2106 congruenter
829 2031 1196 2087 vestientibus.
1225 2027 1426 2097 thuid
1463 2024 1592 2080 mihi

89 2129 188 2192 illud,
205 2144 352 2184 overa
363 2130 464 2184 vita
492 2143 640 2194 mea,
671 2126 812 2181 Deus
835 2140 1005 2192 meus,
1028 2121 1170 2194 quod
1193 2119 1326 2176 mihi
1351 2117 1595 2174 recitanti

87 2220 393 2275 acclamabatur
426 2235 536 2290 pra:
576 2217 766 2273 multis
798 2215 1080 2272 coaetaneis
1108 2222 1163 2269 et
1201 2210 1598 2269 conlectoribus

89 2310 204 2364 meis?
224 2310 387 2365 Nonne
427 2325 551 2366 ecce
595 2309 689 2365 illa
718 2307 893 2363 omnia
925 2307 1098 2361 fumus
1123 2314 1176 2360 et
1201 2303 1426 2360 ventus?
1451 2301 1598 2357 Itane

86 2401 182 2455 aliud
195 2418 278 2458 non
293 2412 400 2459 erat
412 2403 500 2459 ubi
525 2410 874 2458 exerceretur
895 2399 1160 2471 ingenium
1180 2406 1233 2453 et
1249 2397 1424 2468 lingua
1442 2397 1597 2450 mea?

88 2493 238 2550 Iaudes
258 2505 376 2562 tum,
405 2496 636 2551 Domine
655 2536 670 2558 ,
699 2493 884 2549 laudes
912 2502 1013 2547 tua:
1038 2506 1132 2562 per
1157 2490 1457 2559 Scripturas
1481 2497 1596 2542 tuas

93 2588 402 2656 suspenderent
426 2587 710 2658 palmitem
733 2585 911 2640 cordis
935 2584 1071 2649 mei,
1110 2591 1292 2638 etnon
1323 2589 1597 2651 raperetur

85 2692 152 2746 per
181 2678 323 2734 inania
367 2695 638 2751 nugarum
690 2678 860 2748 turpis
899 2675 1077 2746 praeda
1123 2673 1442 2728 volatilibus.
1482 2671 1595 2726 Non

85 2769 184 2823 enim
205 2785 294 2825 uno
322 2771 474 2826 modo
508 2771 846 2826 sacriﬁcatur
879 2766 1355 2839 transgressoribus
1375 2763 1593 2835 angelis.

600 2879 837 2936 CAPUT
872 2878 1059 2934 XVIII.

89 2970 192 3035 Quod
225 2973 423 3030 homines
445 2983 632 3028 curant
664 2988 862 3027 servare
889 2973 1019 3044 leges
1043 2972 1513 3044 grammaticorum,
1553 2984 1599 3024 et

388 3085 485 3123 non
510 3067 806 3122 divinorum
833 3073 1213 3137 prwceptorum.

135 3156 199 3212 28.
223 3158 339 3226 Quid
362 3171 531 3216 autem
564 3160 769 3215 mirum
798 3159 939 3231 quod
986 3159 1038 3213 in
1069 3159 1329 3213 vanitates
1357 3158 1430 3213 ita
1459 3157 1598 3213 fere-

88 3245 230 3314 har,et
253 3267 276 3304 a
301 3261 372 3317 te,
412 3252 551 3323 Deus
583 3267 772 3319 meus,
826 3251 963 3306 ibam
994 3250 1136 3305 foras
1157 3291 1172 3314 ,
1207 3250 1418 3321 quando
1468 3250 1598 3305 mihi

88 3337 268 3394 imitandi
291 3345 716 3415 proponebantur
741 3343 1003 3410 homines,
1029 3343 1118 3412 qui
1147 3343 1316 3412 aliqua
1344 3340 1479 3397 facta
1505 3357 1596 3396 sua

86 3443 164 3483 non
180 3432 323 3501 mala,
350 3435 390 3488 si
418 3451 536 3490 cum
567 3433 909 3490 barbarismo
952 3441 1044 3488 aut
1087 3432 1390 3488 soloecismo
1435 3448 1601 3488 enun-

85 3520 572 3596 tiarent,reprehensi
607 3523 1108 3592 confundebantur;
1149 3527 1192 3578 si
1239 3533 1415 3579 autem
1469 3524 1593 3578 libi-

85 3609 210 3666 dines
231 3627 330 3671 επις
354 3617 562 3688 integris
593 3628 656 3672 et
699 3617 802 3673 rite
831 3616 1282 3686 consequentibus
1306 3617 1482 3672 verbis
1511 3632 1601 3671 co-

87 3702 472 3780 piose-ornateque
498 3719 828 3777 narrarent,
859 3707 1055 3762 laudati
1085 3707 1479 3778 gloriabantur?
1505 3706 1600 3763 Vi-

88 3794 156 3852 des
189 3797 298 3867 haec,
340 3803 592 3869 Domine,
626 3814 683 3859 et
723 3814 886 3871 taces,
917 3803 1265 3874 longanimis,
1296 3814 1347 3858 et
1375 3803 1600 3858 multum

89 3887 351 3960 misericors,
378 3905 430 3951 et
457 3911 633 3952 verax
659 3936 675 3952 .
703 3894 970 3966 Numquid
997 3911 1208 3965 semper
1251 3895 1488 3951 tacebis?
1534 3894 1603 3949 Et

90 3990 190 4034 tum
201 3983 321 4038 eruis
340 3986 355 4016 ¹
371 3985 438 4042 de
455 3989 560 4042 hoc
585 3987 975 4041 immanissimo
997 3986 1256 4056 profundo
1277 3995 1600 4057 quaerentem

90 4071 331 4130 leauimam
353 4118 368 4143 ,
398 4085 450 4132 et
478 4078 754 4132 sitientem
783 4076 1165 4132 delectationes
1197 4086 1333 4144 tuas,
1367 4085 1420 4132 et
1453 4076 1602 4147 cujus

88 4161 279 4220 cordicit
304 4167 389 4223 tibi
422 4187 436 4222 :
472 4169 700 4235 Quaesivi
750 4169 943 4223 uultum
989 4178 1169 4234 tuum;
1198 4170 1387 4223 vultum
1427 4179 1600 4237 tuum,

89 4247 279 4325 Domine,
325 4262 578 4327 requiram
623 4259 792 4332 (Psal.
847 4277 974 4315 xxvt
1000 4302 1014 4326 ,
1075 4261 1153 4331 8).
1186 4260 1317 4315 Nam
1348 4262 1368 4291 ²
1396 4261 1546 4331 longe
1574 4278 1602 4316 a

87 4343 194 4399 vultu
217 4355 326 4415 tuo,
363 4351 414 4407 in
451 4353 651 4408 all‘ectu
701 4351 986 4408 tenebroso
1007 4351 1048 4405 ³.
1073 4352 1188 4406 Non
1209 4353 1348 4407 enim
1384 4353 1604 4421 pedibus

89 4445 151 4490 aut
187 4442 348 4509 spatiis
375 4444 620 4499 locorum
655 4443 766 4497 itur
791 4443 885 4498 abs
914 4453 992 4508 te,
1039 4452 1129 4497 aut
1176 4442 1378 4498 reditur
1415 4443 1479 4497 ad
1531 4451 1602 4498 te.

91 4526 163 4581 Aut
190 4544 300 4587 vero
339 4534 476 4589 ﬁlius
531 4537 625 4590 ille
662 4542 784 4589 tuus
836 4535 1010 4589 minor
1033 4549 1198 4605 equos
1226 4576 1239 4600 ,
1271 4543 1362 4589 aut
1384 4551 1602 4603 currus,

91 4618 148 4670 vel
179 4635 317 4680 naves
356 4627 603 4696 quaesivit
629 4669 644 4693 ,
689 4635 780 4680 aut
821 4627 1047 4682 avolavit
1075 4641 1247 4696 penna
1277 4625 1490 4696 visibili,
1517 4636 1608 4682 aut

92 4721 196 4764 moto
221 4717 403 4786 poplite
433 4718 534 4774 iter
564 4719 710 4789 egit,
743 4728 803 4773 ut
855 4720 908 4773 in
959 4719 1237 4789 longinqua
1283 4719 1497 4789 regione
1526 4720 1607 4772 vi-

92 4812 184 4856 Vcns
206 4808 406 4880 prodige
450 4810 742 4880 dissiparet
788 4809 932 4880 quod
965 4809 1191 4865 dederas
1220 4809 1610 4880 proﬁciscenti?

95 4888 226 4950 Dulcis
249 4907 387 4967 pater
407 4901 531 4971 quia
562 4900 791 4956 dederas
815 4943 830 4966 ,
860 4909 916 4955 et
947 4915 1115 4970 egeno
1142 4899 1382 4956 redeunti
1410 4900 1612 4956 dulcior

97 4979 303 5055 (Limn,
329 4988 417 5056 l2,
444 4990 562 5062 '52).
592 4992 646 5046 In
675 4991 867 5047 all‘ectu
896 5007 1023 5063 ergo
1039 4991 1320 5048 libidinoso
1344 5034 1357 5056 ,
1389 4993 1442 5048 id
1471 4993 1612 5048 enim

95 5083 155 5126 εει
174 5079 449 5151 tenebroso,
480 5090 642 5153 atque
674 5082 726 5137 id
755 5092 836 5138 est
862 5082 1017 5153 longe
1041 5099 1071 5137 a
1104 5083 1249 5138 vultu
1287 5092 1398 5137 tuo.

71 5173 84 5236 ρ
145 5162 218 5222 29.
239 5167 380 5241 Vide,
400 5173 624 5230 Domine
654 5174 823 5238 Deus,
851 5183 904 5229 et
930 5175 1192 5245 patienter
1214 5181 1274 5228 ut
1301 5174 1446 5230 vides
1474 5175 1611 5245 vide,

75 5253 313 5352 pluendo
334 5265 614 5337 diligenter
633 5267 918 5322 observent
945 5267 1036 5320 lilii
1060 5265 1332 5321 hominum
1363 5276 1514 5336 pacta
1542 5268 1619 5322 lit-

73 5367 336 5476 Iiguh.
353 5409 618 5476 extorum
637 5416 732 5455 non
748 5403 894 5476 eruis.
911 5405 1005 5456 sed
1023 5405 1199 5455 melius
1212 5403 1360 5468 longe
1377 5406 1485 5454 Bad.
1505 5414 1614 5456 Itru.

102 5462 236 5529 αξ.
251 5462 462 5529 pacipui
477 5480 494 5529 ζ
510 5472 565 5516 Et
585 5465 878 5529 nunc

383 5517 517 5591 Angli.
526 5541 552 5591 ε
581 5517 700 5579 Nam

449 5580 652 5651 inditur,
687 5602 940 5641 cesserant.
973 5599 1074 5641 Am.
1095 5597 1148 5642 et
1180 5597 1277 5649 tua,
1309 5601 1619 5640 recesseram.

103 5640 350 5716 '3
370 5649 590 5712 habetur,
605 5640 659 5702 ei
677 5640 854 5716 ἔπειτα
870 5640 1289 5704 eramtenebroso.
1306 5651 1492 5716 “Apud:
1511 5652 1618 5702 Bad.

105 5708 330 5764 malm.
360 5717 411 5760 et.
438 5708 640 5763 caeteros
671 5708 778 5762 fere
805 5727 975 5764 omnes
997 5723 1100 5764 MSS.
1120 5708 1396 5779 generalidr
1419 5713 1623 5764 effertur

106 5768 306 5818 Fauentia
324 5771 501 5818 aliaue
516 5774 701 5818 addito.
722 5781 780 5818 nl.
807 5775 1134 5818 intelligamus
1159 5777 1306 5818 Innga
1332 5791 1357 5818 ιι
1390 5783 1491 5818 nea
1509 5789 1622 5818 esse

109 5774 1306 5874 summesumme
1332 5791 1360 5827 ει
1509 5789 1622 5828 esse

203 5827 276 5890 (Ν
288 5839 392 5885 ιω
405 5827 458 5884 ﬁt
475 5837 649 5889 auecta
663 5827 940 5890 tenebroso.

1396 363 1596 422 LIBER
1632 360 1902 421 PRIMUS.

3181 352 3286 414 675

1706 485 1957 540 terarum,
1988 481 2042 530 et
2079 471 2399 544 syllabarum
2426 481 2645 544 accepta
2674 487 2704 528 a
2731 469 2996 544 prioribus
3026 467 3282 524 locatori-

1702 567 1802 623 bus
1824 610 1838 633 ,
1883 575 1936 622 et
1961 581 1989 619 a
2035 575 2088 621 te
2113 574 2329 636 accepta
2358 572 2551 620 aeterna
2590 573 2741 634 pacta
2795 572 3063 634 perpetuae
3091 561 3280 617 salutis

1705 657 2006 729 negligant;
2041 666 2099 712 ut
2124 656 2214 728 qui
2269 656 2356 710 illa
2395 670 2648 710 sonorum
2676 665 2853 710 vetera
2879 657 3070 726 placita
3102 664 3281 712 teneat

1707 759 1798 804 aut
1819 748 2005 804 doceat
2028 791 2043 814 ,
2070 747 2116 803 si
2142 755 2325 802 contra
2352 745 2685 816 disciplinam
2720 748 3136 816 grammaticam,
3159 747 3276 803 sine

1702 841 2026 910 aspiratione
2054 840 2239 910 prima:
2265 838 2479 910 syllaba:
2504 879 2520 905 ,
2552 836 2804 902 ominem,
2835 836 3063 905 dixerit,
3095 839 3275 908 displi-

1703 933 2011 1004 ceatmagis
2054 931 2375 997 hominibus,
2417 944 2574 1000 quam
2600 928 2644 982 si
2694 937 2876 982 contra
2907 937 2989 982 tua
3014 940 3278 1000 praecepta

1707 1024 1979 1079 hominem
2006 1023 2216 1091 oderit,
2267 1037 2388 1078 cum
2415 1022 2485 1076 sit
2530 1020 2710 1074 homo.
2740 1019 2900 1087 Quasi
2931 1035 3056 1074 vero
3084 1036 3273 1090 quem-

1701 1117 1831 1173 libet
1876 1116 2146 1172 inimicum
2200 1114 2468 1170 hominem
2509 1111 2856 1184 perniciosius
2893 1112 3087 1167 sentiat
3123 1127 3280 1182 quam

1704 1211 1876 1281 ipsum
1906 1209 2122 1277 odium,
2155 1225 2260 1280 quo
2289 1209 2340 1264 in
2370 1223 2492 1264 eum
2522 1207 2760 1262 irritatur
2779 1249 2794 1273 ,
2819 1216 2909 1261 aut
2936 1215 3105 1261 vastet
3133 1207 3281 1276 quis-

1703 1318 1859 1374 quam
1890 1301 2256 1373 persequendo
2295 1300 2457 1356 alium
2505 1298 2754 1370 gravius,
2807 1313 2960 1368 quam
3008 1313 3099 1353 cor
3127 1313 3278 1352 suum
3343 1329 3348 1334 -

1701 1402 1874 1448 vastat
1903 1391 2242 1450 inimicando.
2276 1392 2345 1447 Et
2377 1400 2523 1446 certe
2561 1406 2668 1443 non
2721 1396 2803 1444 est
2833 1389 3050 1443 interior
3077 1389 3279 1444 littera-

1702 1499 1820 1538 rum
1850 1483 2100 1551 scientia,
2130 1498 2286 1554 quam
2318 1482 2512 1552 scripta
2539 1478 2860 1534 conscientia
2885 1520 2900 1546 ,
2931 1478 2980 1533 id
3005 1493 3061 1532 se
3090 1478 3239 1533 alteri
3267 1481 3280 1511 ¹

1704 1574 1878 1632 facere
1900 1576 2039 1648 quod
2062 1576 2193 1631 nolit
2213 1576 2339 1646 pati.
2369 1575 2535 1642 Quam
2563 1583 2618 1628 tu
2646 1582 2883 1629 secretus
2911 1586 2970 1628 es
2990 1614 3004 1640 ,
3035 1571 3282 1653 habitans

1703 1671 1755 1726 in
1787 1672 2009 1727 excelsis
2035 1673 2086 1726 in
2109 1671 2338 1737 silentio,
2372 1670 2510 1726 Deus
2533 1670 2675 1723 solus
2705 1685 2924 1740 magnus
2943 1715 2957 1738 ,
2998 1674 3113 1743 lege
3140 1670 3280 1726 infa-

1703 1763 1904 1833 tigabili
1932 1777 2188 1834 spargens
2213 1761 2448 1832 poenales
2479 1761 2743 1816 cmeitates
2773 1777 2931 1832 super
2960 1763 3168 1820 illicitas
3187 1778 3278 1818 cu-

1702 1853 1998 1924 piditates!
2035 1852 2166 1908 Cum
2221 1852 2380 1908 homo
2426 1851 2743 1922 eloquentia:
2797 1851 2988 1908 famam
3055 1855 3282 1924 qumrit,

1702 1954 1882 1999 astans
1898 1952 2021 2000 ante
2045 1944 2311 1999 hominem
2331 1943 2584 2014 iudicem,
2608 1944 2983 2001 circumstante
3008 1945 3280 2001 hominum

1703 2036 2074 2104 multitudine,
2121 2036 2391 2091 inimicum
2421 2052 2574 2090 suum
2620 2036 2743 2092 odio
2785 2038 3166 2093 immanissima
3193 2039 3276 2092 in-

1703 2139 1943 2193 sectans,
1983 2129 2391 2200 vigilantissime
2417 2137 2568 2183 cavet
2591 2143 2659 2184 ne
2690 2144 2787 2200 per
2815 2128 3006 2198 linguze
3039 2145 3279 2184 errorem

1702 2219 1881 2286 dicat,
1929 2220 2071 2274 Inter
2098 2218 2400 2274 hominibus
2428 2219 2480 2284 ²;
2529 2226 2582 2273 et
2612 2235 2678 2273 ne
2707 2234 2801 2289 per
2825 2219 3017 2273 mentis
3047 2217 3281 2274 furorem

1704 2310 1972 2367 hominem
2006 2311 2210 2368 auferat
2229 2327 2294 2367 ex
2329 2310 2641 2366 hominibus
2664 2353 2679 2379 ,
2724 2326 2829 2366 non
2858 2319 3026 2366 cavet.

2305 2448 2532 2505 CAPUT
2571 2447 2714 2504 XIX.

1812 2566 2056 2622 Pueritia:
2080 2564 2197 2620 vitia
2231 2579 2342 2636 qua:
2365 2565 2418 2618 in
2456 2563 2672 2636 majores
2693 2572 2862 2618 (etate:
2901 2570 3177 2618 transeunt.

1776 2678 1863 2732 50.
1925 2677 2124 2732 lIorutn
2167 2690 2268 2746 ego
2325 2690 2455 2744 puer
2494 2689 2700 2729 morum
2746 2674 2800 2729 in
2842 2673 3022 2729 limine
3041 2673 3282 2743 jacebam

1704 2772 1887 2837 miser,
1935 2778 1990 2824 et
2031 2767 2187 2838 hujus
2215 2782 2391 2822 arena:
2440 2767 2680 2836 palaestra
2707 2775 2820 2821 erat
2849 2767 2931 2820 illa
2954 2808 2968 2832 ,
2999 2767 3087 2821 ubi
3119 2766 3286 2837 magis

1707 2864 1956 2920 timebam
2001 2861 2387 2918 barbarismum
2419 2860 2629 2928 facere,
2665 2875 2823 2931 quam
2853 2861 3102 2917 cavebam
3128 2862 3173 2916 si
3205 2861 3284 2916 fa-

1704 2971 1881 3012 cerem
1908 2998 1923 3023 ,
1972 2970 2076 3010 non
2110 2952 2426 3010 facientibus
2455 2953 2715 3010 invidere.
2747 2954 2875 3009 Dico
2922 2954 3036 3010 ltzec
3063 2964 3117 3010 et
3149 2970 3280 3010 con-

1707 3049 1862 3103 fiteor
1891 3045 2021 3111 tibi,
2075 3046 2214 3100 Deus
2267 3058 2417 3100 meus
2436 3088 2450 3113 ,
2503 3045 2552 3099 in
2579 3045 2766 3115 quibus
2797 3045 3051 3101 laudabar
3076 3045 3143 3102 ab
3170 3047 3280 3112 eis,

1706 3143 1898 3213 quibus
1929 3141 2137 3211 placere
2189 3148 2312 3193 tunc
2341 3139 2470 3193 mihi
2507 3147 2621 3194 crat
2668 3138 2891 3195 honeste
2920 3139 3114 3194 vivere.
3165 3139 3282 3194 Non

1706 3233 1847 3289 enim
1902 3231 2148 3287 videbam
2180 3230 2485 3302 voraginem
2518 3229 2856 3299 turpitudinis
2891 3229 2942 3284 in
2975 3245 3131 3299 quam
3161 3245 3286 3300 pro-

1700 3325 1875 3397 jectus
1901 3339 2047 3379 eram
2076 3322 2142 3376 ab
2177 3321 2343 3377 oculis
2375 3321 2495 3376 tuis.
2526 3320 2654 3374 Nam
2685 3320 2736 3373 in
2771 3320 2876 3374 illis
2908 3320 3016 3389 jam
3048 3319 3171 3390 quid
3203 3335 3288 3374 me

1706 3417 1898 3472 foedius
1934 3413 2050 3484 fuit,
2085 3414 2174 3469 ubi
2217 3415 2374 3468 etiam
2420 3412 2613 3467 talibus
2663 3411 3028 3481 displicebam,
3060 3411 3288 3466 fallendo

1709 3503 2188 3562 innumerabilibus
2219 3502 2508 3558 mendaciis
2531 3509 2584 3556 et
2633 3501 2972 3572 prodagogum
2995 3542 3010 3567 ,
3040 3510 3090 3557 et
3119 3501 3286 3572 magi—

1708 3609 1849 3654 stros
1873 3641 1886 3663 ,
1927 3605 1980 3652 et
2009 3603 2259 3665 parentes
2301 3609 2485 3648 amore
2521 3591 2775 3657 ludendi,
2819 3592 2992 3647 Studio
3019 3591 3291 3662 spectandi

1708 3689 2017 3760 nugatoria,
2075 3696 2129 3742 et
2171 3685 2411 3741 imitandi
2457 3684 2658 3740 ludicra
2703 3683 3097 3754 inquietudine?
3125 3684 3290 3741 Furta

1708 3782 1868 3837 etiam
1907 3779 2165 3834 faciebam
2218 3778 2284 3833 de
2313 3776 2530 3832 cellario
2557 3785 2835 3848 parentum
2882 3786 2935 3831 et
2976 3777 3042 3831 de
3067 3792 3246 3832 mensa
3270 3817 3284 3844 ,

1708 3872 1792 3928 vel
1821 3872 1939 3942 gula
1993 3869 2357 3940 imperitante,
2412 3867 2497 3922 vel
2553 3875 2610 3921 ut
2655 3866 2904 3921 haberem
2945 3866 3081 3935 quod
3110 3867 3289 3921 darem

1711 3964 1911 4034 pueris,
1941 3961 2122 4016 ludum
2149 3975 2300 4016 suum
2332 3956 2458 4013 mihi
2479 4000 2494 4024 ,
2528 3973 2632 4028 quo
2681 3958 2873 4026 pariter
2915 3957 3096 4027 utique
3143 3957 3292 4012 dele-

1710 4057 2008 4122 ctabantur,
2033 4063 2207 4109 tamen
2231 4051 2600 4106 vendentibus.
2624 4049 2676 4103 In
2702 4063 2809 4119 quo
2829 4049 2986 4103 etiam
3010 4048 3133 4102 ludo
3152 4049 3292 4102 frau-

1715 4150 1958 4205 dulentas
1982 4146 2232 4202 victorias
2254 4185 2270 4212 ,
2303 4143 2415 4213 ipse
2442 4156 2576 4196 vana
2599 4140 2618 4172 ³
2645 4140 2972 4196 excelle-alim
2997 4138 3283 4208 cupiditate

1713 4242 1915 4307 victus,
1945 4253 2086 4308 saepe
2131 4235 2450 4305 aucupabar.
2503 4219 2639 4300 Quid
2687 4241 2862 4287 autem
2909 4239 3014 4284 tam
3046 4230 3328 4307 nolebam.

1715 4335 1843 4405 pati,
1897 4341 2052 4401 atque
2081 4329 2349 4392 atrociter,
2381 4327 2425 4380 si
2452 4325 2902 4396 deprehenderem
2923 4365 2936 4388 ,
2964 4323 3245 4393 arguebam
3273 4362 3288 4388 ,

1719 4439 1873 4496 quam
1925 4423 1976 4477 id
2023 4420 2162 4491 quod
2189 4419 2309 4474 aliis
2336 4416 2591 4472 faciebam
2615 4457 2630 4483 ,
2663 4424 2715 4468 et
2743 4416 2784 4469 si
2817 4413 3178 4484 deprehensus
3201 4429 3290 4468 ar-

1718 4531 1926 4588 guerer,
1956 4513 2143 4569 smvire
2170 4511 2336 4580 magis
2362 4523 2517 4579 quam
2538 4505 2731 4562 cedere
2762 4504 2998 4559 libebat?
3023 4502 3193 4558 Istune
3212 4511 3296 4558 est

1723 4607 2032 4665 innocentia
2063 4603 2318 4676 puerilis?
2343 4601 2455 4655 Non
2482 4609 2582 4666 est,
2618 4598 2869 4663 Domine,
2901 4612 3006 4652 non
3035 4607 3115 4652 est
3147 4615 3161 4651 :
3195 4613 3291 4653 oro

1721 4710 1795 4767 te,
1833 4701 1971 4754 Deus
1997 4712 2166 4751 meus.
2197 4693 2327 4749 Nam
2359 4693 2473 4746 hazc
2500 4691 2612 4760 ipsa
2642 4700 2763 4744 sunt
2789 4705 2907 4760 quae
2935 4705 2963 4742 a
2994 4689 3292 4760 pzetlagogis

1720 4803 1774 4848 et
1802 4789 2086 4861 magistris,
2119 4803 2148 4840 a
2176 4785 2423 4851 nucibus,
2454 4793 2506 4837 et
2528 4781 2701 4852 pilulis
2723 4823 2736 4847 ,
2767 4789 2820 4835 et
2847 4779 3150 4850 passeribus
3169 4823 3182 4845 ,
3227 4779 3294 4835 ad

1720 4885 2001 4958 praefectos
2041 4889 2095 4935 et
2120 4893 2274 4950 reges
2299 4920 2314 4945 ,
2358 4891 2542 4930 aurum
2568 4915 2584 4940 ,
2616 4873 2830 4944 pra-dia,
2862 4872 3152 4942 mancipia;
3187 4871 3299 4927 haec

1720 4979 1834 5049 ipsa
1862 4973 2079 5030 omnino
2107 4986 2223 5041 quae
2275 4965 2678 5023 succedentibus
2727 4963 3016 5034 majoribus
3057 4963 3300 5018 aetatibus

1727 5077 2026 5132 transeunt,
2059 5063 2213 5120 sicuti
2242 5060 2422 5117 ferulis
2451 5058 2651 5129 majora
2707 5055 2960 5126 supplicia
2989 5053 3295 5110 succedunt.

1725 5158 2051 5220 Humilitatis
2079 5169 2208 5227 ergo
2235 5154 2443 5224 signum
2469 5151 2521 5206 in
2543 5158 2739 5204 statura
2771 5148 3037 5218 pueritiae,
3058 5147 3168 5200 Rex
3207 5159 3302 5199 no-

1723 5267 1853 5323 ster,
1885 5250 2148 5324 probasti,
2180 5263 2301 5304 cum
2327 5245 2480 5301 aisti:
2505 5243 2711 5298 Talium
2737 5250 2806 5297 est
2834 5258 3040 5313 regnum
3067 5240 3298 5294 caelorum

1729 5345 1936 5419 (Matth.
1967 5358 2080 5409 xix,
2111 5338 2223 5412 14).

1789 5527 1806 5558 ι
1827 5519 2079 5574 Αιιενίηοη
2095 5553 2110 5580 .
2126 5519 2266 5580 iam
2283 5515 2424 5566 κοιιάο
2444 5528 2552 5580 cum
2571 5513 2603 5561 4
2620 5520 2724 5580 Mss-
2759 5518 2814 5559 Μ·
2960 5579 2985 5580 η
3005 5578 3031 5580 ,_
3178 5537 3280 5580 an;

1789 5589 1810 5620 ι
1827 5564 2497 5645 ἱὶῖἱξέὶιὲνῖίιᾶιῖιωκνειβι
2521 5574 2783 5645 leucaten"!
2926 5569 3163 5645 F‘E‘EEES;

1727 5622 2254 5707 mmmam;
2262 5622 2601 5707 aegri-anus:
2616 5622 2980 5707 intermisi:
2993 5622 3299 5707 sufﬁxitsi:

1727 5692 2255 5767 sii'nﬁ's'ni’éiemlftum
2273 5692 2414 5767 alI‘ert
2430 5692 2682 5767 locutionis
2698 5692 3042 5767 incolttg‘rlfffk
3052 5692 3298 5767 gfggfg

1793 5739 2679 5830 '-“%1'.e","j:‘;§a'“duramenta:
2699 5739 2886 5814 ﬁniatis
2909 5744 3026 5796 adsti
3030 5741 3252 5805 palantur
3273 5739 3304 5790 3

1730 5845 1834 5886 MSS.
1854 5832 1978 5896 apud
1997 5834 2128 5880 mart.
2151 5835 2204 5878 Μ.
