3880 6396
257 379 331 438 681

252 488 631 550 alﬂuentissimus
659 496 713 543 tu
743 503 824 545 es.
863 488 1096 544 Avaritia
1120 488 1284 543 multa
1325 489 1598 558 possidere
1625 489 1774 555 vult;

253 595 295 642 et
317 596 361 639 tu
386 580 603 653 possides
621 580 818 635 omnia.
844 577 1138 635 Invidentia
1162 580 1228 635 de
1245 581 1551 636 excellentia
1577 581 1773 652 litigat:

253 678 350 750 quid
372 686 414 731 te
435 674 768 731 excellentius
786 676 811 727 ?
839 673 924 728 Ira
944 673 1227 730 vindictam
1248 674 1440 745 quaerit
1469 692 1483 730 :
1514 684 1566 732 te
1582 677 1776 746 justius

252 772 344 842 quis
359 767 596 823 vindicat?
621 766 806 822 Timor
825 767 1037 822 insolita
1060 775 1113 822 et
1129 769 1405 838 repentina
1424 767 1771 834 exhorrescit,

252 863 378 920 rebus
396 877 504 932 quae
529 869 772 915 amantur
794 860 1150 929 adversantia,
1180 859 1303 915 dum
1335 871 1595 932 prmcavet
1621 877 1774 919 secu-

251 953 396 1008 ritati:
425 950 508 1006 tibi
536 949 676 1006 enim
724 950 850 1020 quid
896 951 1210 1006 insolitum?
1247 951 1372 1022 quid
1403 953 1774 1023 repentinum?

251 1055 317 1099 aut
349 1043 450 1113 quis
471 1057 498 1096 a
528 1051 578 1096 te
602 1054 815 1112 separat
855 1044 995 1112 quod
1024 1043 1233 1114 diligis?
1259 1053 1350 1100 aut
1372 1044 1480 1110 ubi,
1509 1046 1609 1101 nisi
1635 1048 1775 1117 apud

248 1146 300 1197 te.
337 1136 463 1190 firma
491 1133 785 1190 securitas?
811 1133 1046 1189 Tristitia
1085 1137 1243 1192 rebus
1281 1138 1490 1194 amissis
1517 1142 1772 1196 contabe-

246 1228 332 1289 scit,
358 1225 530 1296 quibus
557 1240 617 1280 se
645 1225 944 1281 oblectabat
964 1227 1256 1296 cupiditas;
1284 1229 1407 1299 quia
1434 1230 1504 1285 ita
1531 1231 1631 1287 sibi
1657 1232 1777 1288 nol-

248 1319 314 1384 let,
332 1318 451 1372 sicut
476 1316 566 1371 tibi
597 1316 796 1373 auferri
821 1319 953 1373 nihil
984 1330 1176 1389 potest.

299 1409 361 1464 ll.
399 1407 466 1462 lta
507 1407 800 1464 fornicatur
825 1410 1023 1472 anima,
1052 1427 1172 1466 cum
1210 1414 1467 1469 avertitur
1491 1414 1586 1471 abs
1615 1424 1692 1484 te,
1718 1425 1772 1473 et

242 1500 386 1572 quaerit
405 1509 546 1555 extra
592 1509 646 1557 te
671 1517 731 1557 ea
762 1517 882 1572 qua:
922 1518 1052 1573 pura
1081 1513 1136 1558 et
1173 1505 1365 1576 liquida
1397 1523 1499 1562 non
1531 1509 1766 1576 invenit,

241 1593 312 1647 nisi
347 1607 455 1647 cum
494 1591 631 1648 redit
667 1593 732 1648 ad
781 1602 846 1648 te.
901 1594 1156 1651 Perverse
1197 1607 1250 1652 te
1279 1598 1550 1654 imitantur
1583 1614 1769 1656 omnes

238 1687 299 1756 qui
325 1683 461 1755 longe
485 1701 544 1741 se
572 1701 600 1740 a
635 1695 686 1741 te
712 1687 926 1753 faciunt,
955 1696 1010 1744 et
1032 1690 1286 1744 extollunt
1309 1705 1368 1746 se
1395 1692 1674 1747 adversum
1695 1703 1765 1749 te.

237 1775 314 1830 Sed
335 1777 477 1831 etiam
519 1777 598 1832 sic
627 1786 680 1833 te
706 1778 960 1834 imitando
988 1780 1220 1836 indicant
1245 1790 1538 1838 creatorem
1566 1791 1618 1838 te
1646 1799 1768 1840 esse

235 1870 370 1923 omnis
395 1877 631 1934 naturae;
665 1879 718 1924 et
745 1869 866 1924 ideo
893 1886 998 1926 non
1027 1887 1149 1929 esse
1168 1888 1272 1942 quo
1300 1888 1328 1926 a
1361 1882 1412 1928 te
1435 1875 1578 1929 omni
1608 1875 1768 1931 modo

235 1962 479 2016 recedatur.
529 1962 666 2029 Quid
711 1977 840 2033 ergo
881 1963 934 2018 in
978 1964 1069 2019 illo
1098 1963 1237 2019 furto
1281 1981 1381 2036 ego
1409 1966 1608 2022 dilexi?
1635 1979 1685 2022 et
1714 1969 1766 2023 in

233 2067 310 2122 quo
329 2053 592 2108 Dominum
627 2069 803 2108 meum
847 2054 928 2109 vel
966 2055 1150 2111 vitiose
1178 2066 1336 2126 atque
1367 2074 1612 2127 perverse
1641 2059 1760 2114 imi-

233 2151 338 2198 tatus
371 2143 516 2199 sum?
542 2145 624 2200 An
653 2144 804 2200 libuit
832 2145 1007 2202 facere
1035 2156 1218 2202 contra
1254 2147 1421 2218 legem
1451 2150 1640 2205 saltem
1671 2151 1771 2207 fal-

232 2236 348 2300 lacia.
371 2237 482 2307 quia
509 2246 789 2308 potentatu
817 2254 924 2295 non
954 2249 1210 2310 poteram,
1241 2250 1298 2294 ut
1327 2256 1568 2296 mancam
1598 2242 1766 2300 liber-

231 2338 356 2385 tatem
391 2331 628 2400 captivus
669 2330 905 2385 imitarer
944 2329 1187 2386 faciendo
1223 2331 1439 2401 impune
1479 2333 1618 2404 quod
1659 2349 1764 2390 non

229 2420 392 2488 liceret,
435 2422 715 2478 tenebrosa
762 2424 1160 2493 omnipotentiae
1206 2425 1588 2482 similitudine?
1627 2427 1764 2483 Ecce

227 2525 288 2570 est
312 2515 386 2571 ille
412 2531 593 2572 servus
637 2515 842 2588 fugiens
872 2517 1152 2572 Dominum
1189 2533 1342 2573 suum
1368 2530 1422 2574 et
1448 2532 1764 2576 consecutus

228 2607 440 2662 umbram.
471 2609 515 2663 Ο
540 2609 786 2678 putredo,
810 2625 842 2664 ο
875 2625 1169 2665 monStrum
1193 2612 1337 2675 vitaz,
1358 2619 1412 2666 et
1430 2612 1616 2667 mortis
1641 2629 1762 2683 pro-

229 2697 441 2754 tutuditas!
487 2700 734 2772 Potuitne
772 2702 940 2759 libere
981 2703 1124 2773 quod
1166 2719 1273 2760 non
1299 2705 1512 2772 licebat,
1558 2721 1665 2762 non
1693 2707 1763 2762 ob

228 2788 357 2857 aliud,
386 2792 480 2848 nisi
506 2793 629 2863 quia
656 2809 762 2850 non
793 2793 1021 2849 licebat?

771 2903 998 2961 CAPUT
1037 2905 1146 2961 Vll.

226 2969 393 3028 Gratias
415 2975 512 3046 agit
538 2973 646 3029 Deo
675 2991 767 3046 pro
792 2976 1080 3030 remissione
1113 2987 1447 3048 peccatorum,
1475 2979 1704 3050 quodque
1729 2995 1762 3033 a

702 3065 872 3120 multis
899 3076 1118 3121 servatus
1143 3068 1225 3122 sit.

282 3154 355 3210 15.
403 3155 532 3223 Quid
583 3157 871 3212 retribuam
920 3157 1174 3226 Domino,
1225 3161 1365 3229 quod
1411 3161 1600 3217 recolit
1647 3161 1764 3220 haec

223 3247 441 3302 memoria
468 3264 606 3313 mea,
653 3257 708 3304 et
745 3250 920 3303 anima
949 3266 1067 3306 mea
1096 3266 1202 3307 non
1232 3253 1419 3308 metuit
1447 3253 1602 3310 inde?
1628 3254 1761 3309 Dili-

223 3351 320 3406 pm
349 3347 412 3406 te,
435 3339 671 3407 Domine,
703 3349 758 3396 et
782 3341 978 3410 gratias
1002 3358 1176 3414 agam,
1207 3351 1262 3399 et
1287 3345 1544 3400 confitear
1562 3346 1762 3400 nomini

222 3437 321 3496 tuo,
357 3432 582 3501 quntiiam
629 3441 778 3488 tanta
821 3433 1066 3490 dimisisti
1110 3436 1237 3490 mihi
1282 3436 1421 3491 mala
1461 3447 1517 3493 et
1564 3439 1762 3493 nefaria

223 3533 369 3589 opera
398 3537 514 3578 mea.
555 3523 754 3580 Gratim
784 3533 888 3580 tum
911 3524 1106 3596 deputo
1134 3535 1189 3581 et
1215 3527 1592 3583 misericordia:
1621 3538 1723 3583 tua:
1744 3572 1757 3597 ,

223 3610 350 3681 quod
376 3626 558 3683 peccata
603 3631 722 3671 mea
752 3626 998 3688 tanquam
1039 3618 1263 3688 glaciem
1297 3619 1524 3675 solvisti.
1568 3619 1762 3676 Gratia:

217 3712 311 3759 tua:
336 3706 504 3778 deputo
531 3718 586 3764 et
613 3725 959 3780 quaecumque
985 3727 1090 3765 non
1118 3710 1217 3766 feci
1245 3712 1384 3767 mala
1419 3731 1431 3766 :
1465 3713 1588 3784 quid
1615 3714 1762 3768 enim

215 3809 308 3850 non
333 3796 483 3854 facere
513 3800 678 3870 potui,
712 3801 800 3870 qui
827 3803 983 3856 etiam
1009 3803 1296 3872 gratuitum
1327 3803 1531 3859 facinus
1555 3806 1762 3860 amavi?

214 3883 274 3940 Et
293 3891 452 3945 omnia
478 3893 602 3946 mihi
624 3891 842 3948 dimissa
863 3909 984 3950 esse
1004 3895 1172 3949 fateor
1195 3913 1210 3962 ;
1236 3903 1289 3949 et
1305 3912 1421 3966 qua:
1438 3913 1551 3952 mea
1575 3906 1763 3966 sponte

115 3991 120 4055 ς
213 3975 302 4034 feci
328 3983 470 4047 mala,
493 3993 546 4038 et
567 4000 686 4055 qua:
714 3993 767 4039 te
795 3985 926 4041 duce
950 4001 1055 4042 non
1077 3985 1197 4042 feci.
1222 3987 1349 4053 Quis
1378 3998 1459 4042 est
1488 3989 1762 4043 hominum

212 4070 288 4140 qni
321 4087 455 4128 suam
497 4075 740 4146 cogitans
782 4077 1160 4143 infirmitatem,
1208 4079 1367 4134 audet
1409 4079 1612 4134 viribus
1651 4081 1763 4134 suis

210 4161 418 4222 tribuere
436 4171 728 4223 castitatem
745 4177 901 4239 atque
918 4170 1273 4226 innocentiam
1294 4187 1444 4226 suam
1465 4189 1481 4238 ;
1508 4183 1564 4227 ut
1584 4174 1763 4228 minus

206 4265 336 4311 anet
356 4266 420 4322 te,
443 4257 594 4328 quasi
620 4259 796 4314 minus
821 4261 868 4314 ei
891 4262 1189 4317 necessaria
1215 4261 1376 4318 fuerit
1403 4263 1763 4319 misericordia

207 4342 307 4404 tua,
336 4355 427 4412 qua
455 4343 620 4399 donas
635 4355 848 4413 peccata
876 4345 1149 4401 conversis
1176 4347 1241 4401 ad
1272 4348 1473 4415 te?Qui
1499 4349 1639 4404 enim
1669 4365 1763 4404 vo-

207 4440 342 4488 catus
361 4451 386 4486 ει
412 4444 462 4491 te
486 4447 702 4492 secutus
728 4447 810 4493 est
838 4454 1021 4495 vocem
1061 4448 1223 4507 tuam,
1255 4450 1310 4496 et
1343 4441 1522 4497 vitavit
1553 4458 1617 4498 ea
1645 4458 1764 4513 qua:

107 4599 110 4602 ῃ
207 4534 286 4576 lle
309 4522 370 4579 de
396 4527 594 4597 meipso
619 4528 989 4585 recordantem
1015 4539 1070 4586 et
1099 4529 1350 4586 fatentem
1378 4532 1520 4602 legit,
1548 4548 1654 4588 non
1679 4548 1765 4590 me

205 4608 422 4672 derideat
445 4618 511 4674 ab
531 4634 598 4675 eo
625 4620 837 4676 medico
858 4637 1056 4692 aegrum
1081 4623 1280 4691 sanari,
1308 4640 1338 4678 a
1365 4640 1469 4696 quo
1492 4625 1592 4680 sibi
1619 4641 1764 4697 prae-

207 4704 366 4762 stitum
385 4719 462 4763 est
479 4721 534 4766 ut
559 4728 666 4768 non
687 4723 988 4784 aegrotaret,
1013 4716 1095 4770 vel
1123 4716 1298 4787 potius
1323 4726 1373 4771 ut
1404 4718 1577 4772 minus
1597 4733 1768 4788 aegro-

208 4805 329 4856 taret
351 4821 364 4857 :
384 4813 436 4860 et
452 4806 571 4861 ideo
587 4815 639 4862 te
661 4806 1007 4874 tantumdem,
1029 4808 1137 4864 imo
1156 4823 1282 4863 vero
1302 4809 1529 4880 amplius
1548 4809 1724 4880 diligat
1745 4830 1760 4879 ;

206 4891 314 4960 quia
339 4910 428 4965 per
452 4914 608 4970 quem
658 4915 748 4954 me
788 4899 931 4954 videt
959 4899 1120 4955 tantis
1148 4911 1481 4971 peccatorum
1523 4917 1763 4958 meorum

209 4978 520 5056 languoribus
548 4993 694 5060 exui,
720 5008 818 5062 per
843 5009 964 5049 eum
989 5009 1047 5050 se
1074 4993 1216 5050 videt
1238 4996 1395 5052 tantis
1424 5006 1764 5066 peccatorum

211 5071 518 5150 languoribus
551 5102 661 5142 non
693 5086 970 5157 implicari.

773 5198 997 5255 CAPUT
1035 5199 1172 5256 VIII.

328 5266 512 5324 Amavit
536 5271 591 5324 in
610 5274 748 5340 furto
775 5272 1080 5326 consortium
1105 5273 1258 5327 simul
1285 5276 1618 5344 peccantium.

270 5355 345 5414 ιο.
371 5359 532 5429 Quem
545 5361 776 5420 fructum
803 5361 964 5419 habui
984 5365 1148 5420 miser
1166 5364 1451 5436 aliquando
1477 5365 1530 5422 in
1554 5367 1618 5424 iis
1643 5384 1762 5440 quae

1548 368 1745 429 LIBER
1782 371 2145 430 SECUDUS.

3368 395 3474 453 682

1884 504 2026 544 nunc
2043 491 2284 546 recolens
2302 494 2564 548 erubesco
2595 496 2769 568 (Rom.
2795 513 2868 565 vt,
2895 498 3008 572 21),
3037 504 3269 562 maxime
3296 505 3353 561 in
3377 508 3471 564 illo
3509 527 3520 546 ν

1883 582 2023 638 furto
2048 582 2101 637 in
2129 599 2233 654 quo
2278 585 2450 656 ipsum
2495 586 2692 642 furtum
2721 591 2928 645 amavi?
2964 592 3107 649 Nihil
3129 595 3312 658 aliud;
3342 613 3467 654 cum

1883 684 1935 728 et
1961 675 2134 745 ipsum
2164 687 2303 732 esset
2328 677 2479 744 nihil,
2511 687 2566 734 et
2595 694 2661 734 eo
2698 680 2814 750 ipso
2840 697 2940 752 ego
2981 685 3241 743 miserior.
3287 687 3356 744 Et
3381 699 3466 746 ta-

1881 781 2003 821 men
2029 767 2176 821 solus
2201 767 2254 822 id
2275 783 2379 824 non
2407 769 2673 837 fecissem,
2702 771 2780 826 sic
2804 773 3057 831 recordor
3078 778 3312 835 animum
3338 789 3469 838 tunc

1881 873 2098 923 meum;
2145 859 2289 914 solus
2327 861 2543 915 omnino
2573 861 2626 916 id
2654 877 2761 918 non
2808 862 3074 921 fecissem.
3108 869 3246 940 Ergo
3288 871 3469 928 amavi

1881 948 1954 1004 ibi
1981 953 2139 1004 etiam
2179 952 2506 1006 consortium
2550 969 2763 1009 reorum
2806 970 2927 1010 cum
2974 958 3166 1027 quibus
3219 960 3276 1016 id
3318 961 3463 1017 feci?

1878 1037 1994 1094 Non
2020 1055 2146 1111 ergo
2178 1040 2310 1096 nihil
2339 1042 2480 1097 aliud
2517 1059 2675 1113 quam
2715 1045 2912 1102 furtum
2955 1050 3168 1117 amavi;
3199 1051 3308 1106 imo
3331 1068 3461 1108 vero

1879 1129 2011 1184 nihil
2052 1131 2214 1198 aliud,
2259 1132 2380 1202 quia
2409 1141 2463 1188 et
2492 1133 2621 1189 illud
2660 1136 2791 1190 nihil
2833 1145 2933 1193 est.
2965 1138 3103 1207 Quid
3127 1148 3211 1197 est
3237 1143 3467 1198 revera?

1878 1220 2006 1289 Quis
2032 1230 2116 1278 est
2140 1223 2229 1292 qui
2254 1223 2445 1279 doceat
2472 1238 2579 1290 me,
2621 1225 2723 1280 nisi
2750 1227 2838 1297 qui
2867 1228 3129 1286 illuminat
3165 1246 3261 1287 cor
3284 1246 3468 1288 meum

1877 1322 1934 1369 et
1974 1313 2232 1370 discernit
2258 1316 2473 1371 umbras
2501 1316 2658 1388 ejus?
2704 1317 2841 1385 Quid
2867 1328 2952 1375 est
2977 1323 3119 1392 quod
3146 1323 3276 1378 mihi
3318 1325 3468 1381 venit

1877 1405 1930 1460 in
1978 1414 2209 1461 mentem
2255 1421 2518 1477 quaerere,
2567 1417 2623 1462 et
2651 1407 2937 1477 discutere,
2978 1421 3034 1468 et
3077 1414 3464 1471 considerare?

1875 1497 2009 1564 Quia
2048 1499 2091 1553 si
2120 1506 2244 1553 tunc
2273 1514 2506 1555 amarem
2535 1516 2688 1570 poma
2718 1501 2807 1556 illa
2837 1519 2956 1573 qua:
2999 1504 3206 1562 furatus
3238 1522 3378 1571 sum,
3408 1519 3465 1563 et

1877 1589 1954 1644 eis
1981 1587 2081 1643 frui
2121 1605 2390 1659 cuperem,
2435 1606 2648 1663 possem
2676 1593 2836 1648 etiam
2881 1594 3046 1659 solus,
3087 1597 3132 1651 si
3160 1597 3289 1651 satis
3320 1607 3466 1653 esset

1875 1678 2206 1735 committere
2235 1680 2377 1734 illam
2408 1680 2762 1752 iniquitatem,
2784 1700 2886 1752 qua
2908 1686 3240 1755 pervenirem
3269 1687 3337 1742 ad
3367 1703 3464 1744 vo-

1872 1771 2127 1842 luptatem
2154 1789 2326 1829 meam
2346 1791 2360 1840 ;
2379 1789 2480 1830 nec
2497 1775 2874 1832 eonfricatione
2900 1780 3234 1835 consciorum
3257 1781 3466 1836 animo-

1871 1879 1990 1919 rum
2021 1865 2368 1922 accenderem
2397 1868 2654 1938 pruritum
2679 1868 2979 1936 cupiditatis
3008 1885 3160 1925 mem.
3197 1870 3304 1926 Sed
3331 1885 3465 1941 quo—

1871 1955 2014 2011 niam
2036 1955 2092 2011 in
2126 1956 2230 2011 illis
2256 1957 2432 2027 pomis
2461 1959 2705 2028 voluptas
2731 1958 2860 2013 mihi
2892 1975 2998 2014 non
3024 1969 3161 2028 erat,
3189 1977 3250 2016 ea
3273 1970 3388 2017 erat
3406 1961 3462 2018 in

1869 2045 1986 2119 ipso
2007 2047 2259 2115 facinore,
2283 2064 2442 2119 quam
2469 2049 2697 2105 faciebat
2711 2051 3036 2107 consortium
3054 2053 3210 2108 simul
3237 2067 3464 2122 peccan-

1871 2139 2000 2194 tium
2013 2177 2029 2192 .

2457 2210 2686 2269 CAPUT
2725 2211 2817 2266 1X.

2262 2301 2562 2374 Contagiosa
2586 2320 2665 2357 res
2691 2302 2892 2358 sodales
2920 2305 3062 2358 ntali.

1940 2393 2025 2448 17.
2057 2392 2194 2460 Quid
2223 2403 2334 2448 erat
2356 2393 2449 2449 ille
2467 2393 2689 2449 affectus
2716 2394 2927 2449 animi?
2951 2393 3106 2450 Certe
3132 2396 3273 2452 enim
3299 2399 3461 2468 plane

1867 2484 2038 2553 turpis
2061 2493 2173 2538 erat
2201 2484 2387 2547 nimis;
2420 2494 2473 2539 et
2491 2499 2572 2540 va:
2592 2484 2720 2540 mihi
2743 2493 2859 2541 erat
2882 2487 2971 2556 qui
2994 2485 3254 2541 habebam
3282 2488 3462 2546 illum.

1867 2573 1972 2630 Sed
1995 2584 2169 2631 tamen
2183 2576 2310 2647 quid
2329 2575 2468 2631 erat?
2485 2577 2681 2632 Delicta
2697 2577 2816 2647 quis
2833 2577 3100 2648 intelligit?
3119 2577 3288 2650 (Psal.
3302 2595 3460 2648 xvm,

1868 2667 1981 2740 t5.)
2023 2669 2182 2725 Risus
2201 2678 2336 2738 erat,
2362 2671 2515 2741 quasi
2537 2671 2746 2726 titillato
2767 2671 2951 2737 corde,
2978 2671 3121 2741 quod
3149 2671 3462 2729 fallebamus

1865 2775 1959 2815 eos
1983 2760 2072 2831 qui
2102 2763 2216 2815 hac
2240 2775 2271 2814 a
2297 2760 2451 2816 nobis
2476 2759 2595 2816 fieri
2611 2778 2714 2816 non
2735 2761 3009 2830 putabant,
3038 2770 3092 2816 et
3115 2762 3463 2818 vehementer

1865 2852 2134 2908 nolebant.
2189 2851 2298 2908 Cur
2318 2868 2448 2924 ergo
2489 2867 2557 2909 eo
2601 2869 2687 2909 me
2715 2853 3030 2921 delectabat,
3071 2855 3212 2925 quod
3254 2854 3307 2909 id
3348 2869 3457 2910 non

1864 2946 2119 3002 faciebam
2174 2945 2352 3001 solus?
2410 2947 2490 2999 An
2542 2946 2664 3016 quia
2709 2945 2868 3001 etiam
2909 2961 3064 3000 nemo
3105 2946 3258 3001 facile
3310 2946 3460 3002 solus

1863 3037 2039 3093 ridet?
2098 3037 2267 3093 Nemo
2317 3037 2531 3109 quidem
2581 3037 2764 3103 facile;
2828 3037 2924 3093 sed
2974 3046 3150 3094 tamen
3180 3038 3340 3092 etiam
3364 3051 3457 3093 so-

1865 3129 1947 3185 los
1987 3140 2042 3185 et
2079 3129 2313 3200 singulos
2351 3129 2627 3197 homines,
2668 3145 2790 3185 cum
2841 3131 2974 3185 alius
3022 3146 3179 3186 nemo
3220 3145 3455 3201 praesens

1865 3232 1968 3289 est,
1996 3223 2157 3278 vincit
2177 3223 2316 3278 risus
2338 3222 2645 3293 aliquando,
2670 3223 2715 3277 si
2743 3222 2942 3292 aliquid
2968 3223 3129 3279 nimie
3148 3224 3457 3289 ridiculum,

1865 3315 1948 3369 vel
1987 3315 2231 3370 sensibus
2257 3315 2490 3370 occurrit
2511 3315 2563 3382 ¹,
2587 3315 2674 3369 vel
2710 3315 2912 3369 animo.
2943 3316 3014 3370 At
3037 3331 3134 3386 ego
3160 3315 3285 3370 illud
3310 3316 3460 3372 solus

1865 3421 1972 3460 non
2005 3405 2256 3472 facerem,
2297 3421 2403 3460 non
2447 3403 2678 3460 facerem
2720 3407 2940 3461 omnino
2987 3406 3153 3462 solus.
3203 3405 3343 3462 Ecce
3376 3415 3462 3462 est

1867 3511 2047 3552 coram
2085 3505 2158 3565 te,
2210 3497 2352 3552 Deus
2393 3512 2565 3563 meus,
2601 3497 2718 3553 viva
2746 3497 3047 3554 recordatio
3073 3498 3266 3553 anima:
3298 3513 3454 3554 meae.

1865 3588 2023 3645 Solus
2047 3604 2153 3644 non
2183 3589 2411 3646 facerem
2439 3588 2637 3644 furtum
2668 3590 2816 3659 illud,
2845 3591 2898 3646 in
2942 3608 3048 3661 quo
3076 3607 3163 3648 me
3188 3607 3292 3647 non
3319 3591 3455 3648 libe-

1867 3678 1957 3733 bat
1983 3679 2034 3733 id
2064 3677 2205 3749 quod
2234 3678 2465 3745 furabar,
2483 3680 2577 3738 sed
2593 3681 2714 3752 quia
2741 3679 2956 3736 furabar
2979 3698 2992 3736 :
3015 3682 3156 3752 quod
3174 3698 3258 3736 me
3281 3681 3456 3737 solum

1868 3765 2042 3824 facere
2068 3783 2290 3840 prorsus
2315 3785 2421 3825 non
2453 3769 2642 3826 liberet
2669 3787 2770 3826 nec
2795 3769 3045 3827 facerem.
3091 3772 3136 3827 0
3165 3772 3323 3827 nimis
3368 3773 3454 3826 in—

1866 3861 2023 3917 imica
2047 3863 2301 3931 amicitia,
2316 3863 2558 3920 seductio
2586 3865 2779 3919 mentis
2809 3864 3205 3935 investigabili‘s,
3234 3881 3299 3920 ex
3328 3865 3457 3922 ludo

1867 3963 1920 4008 et
1953 3955 2077 4023 joco
2117 3955 2343 4011 nocendi
2371 3956 2614 4022 aviditas,
2644 3965 2697 4012 et
2724 3957 2882 4012 alieni
2911 3957 3090 4012 damni
3135 3959 3402 4028 appetitus
3433 3975 3452 4025 ;

1866 4047 2010 4101 nulla
2033 4047 2164 4102 lucri
2181 4048 2306 4114 mei,
2335 4049 2478 4104 nulla
2500 4048 2786 4104 ulciscendi
2806 4049 3294 4115 libidine;sedcum
3318 4051 3455 4106 dici-

1868 4149 1955 4194 tur
1969 4158 1984 4194 :
1997 4139 2215 4208 Eamus,
2232 4141 2487 4195 faciamus
2510 4155 2525 4206 ;
2556 4149 2610 4194 et
2629 4141 2790 4210 pudet
2805 4156 2910 4196 non
2927 4156 3047 4198 esse
3061 4141 3424 4212 impudentem
3436 4183 3452 4198 .

2464 4249 2691 4308 CAPUT
2731 4251 2796 4307 X.

2360 4343 2428 4398 In
2459 4343 2560 4399 Deo
2585 4360 2729 4399 omne
2755 4345 2956 4398 bonum.

1863 4505 1872 4512 ο
1940 4438 2028 4492 18.
2059 4437 2189 4504 Quis
2225 4436 2466 4507 exaperit
2492 4436 2644 4491 istam
2696 4435 3133 4490 tortuosissimam
3180 4445 3234 4490 et
3276 4435 3456 4506 impli-

1867 4529 2192 4584 catissimam
2222 4527 2576 4583 nodositatem
2597 4527 2621 4581 ?
2646 4525 2809 4582 Fteda
2838 4534 2954 4592 est;
2986 4526 3108 4581 nolo
3135 4524 3188 4580 in
3231 4541 3348 4582 eam
3375 4527 3458 4582 in-

1871 4619 2088 4674 tendere
2109 4657 2125 4684 ,
2155 4618 2280 4673 nolo
2305 4633 2424 4674 eam
2462 4617 2661 4674 videre.
2689 4617 2766 4672 'l‘e
2792 4616 2915 4670 volo
2935 4659 2950 4681 ,
2977 4616 3182 4687 justitia
3209 4625 3264 4672 et
3297 4617 3456 4674 inno-

1867 4711 2038 4766 centia
2064 4751 2081 4777 ,
2130 4709 2351 4781 pulchra
2399 4718 2452 4765 et
2499 4708 2692 4764 decora
2737 4708 2973 4764 honestis
3026 4707 3344 4774 luminibus,
3401 4717 3488 4772 eti

1867 4803 2151 4861 insatiabili
2179 4803 2444 4859 satietate.
2483 4801 2645 4869 Quies
2672 4809 2754 4857 est
2787 4800 2927 4870 apud
2966 4809 3017 4856 te
3050 4799 3239 4868 valde,
3269 4808 3327 4856 et
3351 4785 3490 4857 vita|

1872 4895 2342 4968 imperturbabilis.
2367 4893 2470 4961 Qui
2511 4893 2671 4949 intrat
2707 4894 2760 4948 in
2795 4903 2881 4957 te,
2926 4893 3087 4947 intrat
3126 4892 3177 4946 in
3205 4891 3460 4962 gaudium

1872 4988 2082 5045 Domini
2122 4988 2204 5044 sui
2249 4985 2481 5058 (Matth.
2520 5000 2645 5052 xxv,
2689 4983 2832 5056 2|):
2863 4993 2916 5039 et
2961 4998 3068 5038 non
3122 4984 3362 5049 timebit,
3404 4991 3462 5039 et

1873 5079 2090 5137 habebit
2111 5095 2172 5136 se
2207 5079 2411 5148 optime
2441 5077 2496 5132 in
2521 5076 2743 5147 optimo.
2781 5074 2987 5130 Delluxi
3015 5075 3111 5130 abs
3147 5083 3200 5130 te
3233 5089 3364 5144 ego,
3401 5079 3459 5128 et

1871 5173 2080 5238 erravi,
2108 5171 2251 5228 Deus
2279 5186 2461 5235 meus,
2497 5169 2656 5224 nimis
2679 5167 2867 5224 devius
2912 5183 2941 5220 a
2969 5166 3253 5222 stabilitate
3289 5174 3377 5221 tua
3403 5164 3455 5220 in

1878 5263 2258 5329 adolescentia,
2285 5271 2342 5318 et
2363 5262 2532 5317 factus
2551 5275 2670 5316 sum
2693 5258 2821 5315 mihi
2849 5258 2994 5328 regio
3016 5257 3285 5328 egestatis.

1933 5379 1950 5411 ⁸
1971 5374 2264 5440 οοειιιτετίι,
2280 5375 2421 5440 juxta
2434 5379 2510 5426 Er.
2529 5371 2676 5436 Lugd.
2695 5379 2806 5423 ιον.
2824 5376 2997 5420 somm.
3016 5373 3071 5418 et
3084 5364 3228 5417 nona.
3247 5370 3303 5414 It.

1613 5654 2033 5764 ΨΜ

419 5899 645 5970 Sacr.
677 5903 958 5968 Ancon.
998 5903 1049 5969 Ι.

2565 5891 3066 5980 (Vingl-deux.)
