3880 6396
543 374 647 434 687

541 490 692 553 ritas,
734 494 787 543 et
822 487 1054 541 veritas:
1081 494 1137 542 et
1176 483 1397 539 multum
1442 496 1559 538 eam
1598 480 1848 537 dicebant
1885 480 2036 545 mihi,
2068 489 2123 535 et

540 593 801 650 nusquam
824 588 938 634 erat
966 579 1017 632 in
1046 578 1158 639 eis;
1186 576 1279 631 sed
1307 575 1431 630 falsa
1460 574 1831 644 loquebantur,
1849 589 1956 628 non
1984 573 2051 627 de
2071 581 2123 627 te

540 680 766 730 tantum.
794 672 884 741 qui
923 685 1048 726 vere
1078 670 1284 725 Veritas
1322 682 1414 734 es,
1446 668 1544 723 sed
1572 670 1731 723 etiam
1762 668 1828 722 de
1860 669 1976 724 istis
2009 667 2122 722 ele-

543 763 738 819 mentis
778 762 932 831 hujus
961 762 1142 816 mundi
1184 770 1425 816 creatura
1471 772 1577 824 tua,
1615 760 1683 815 de
1723 760 1913 830 quibus
1959 760 2122 814 etiam

540 870 663 910 vera
691 854 929 910 dicentes
955 852 1297 924 philosophos
1319 851 1611 921 transgredi
1639 851 1794 906 debui
1809 867 1920 922 pne
1940 866 2123 905 amore

541 957 654 1012 tuo,
698 946 773 999 mi
800 946 959 1000 Pater
984 960 1189 999 summe
1227 945 1386 1010 bone,
1417 942 1751 1013 pulchritudo
1781 943 2122 1011 pulchrorum

545 1036 807 1093 omnium.
838 1034 884 1091 0
914 1034 1143 1100 Veritas,
1172 1033 1400 1101 Veritas,
1427 1049 1585 1103 quam
1613 1032 1798 1088 intime
1824 1034 1982 1088 etiam
2011 1041 2121 1087 tum

542 1127 791 1182 medullae
811 1127 970 1182 animi
1003 1128 1106 1183 mei
1132 1127 1471 1196 suspirabant
1505 1126 1618 1192 tibi,
1644 1141 1763 1181 cum
1788 1135 1838 1180 te
1865 1126 1938 1181 illi
1965 1141 2122 1180 sona-

538 1227 661 1273 rent
695 1218 825 1271 mihi
854 1215 1160 1288 frequenter
1179 1226 1232 1270 et
1269 1216 1627 1285 multipliciter
1647 1232 1775 1271 voce
1802 1217 1933 1282 sola,
1967 1224 2022 1271 et
2059 1216 2122 1270 li-

537 1310 649 1367 bris
680 1311 861 1366 multis
887 1319 942 1365 et
966 1310 1297 1381 ingentibus!
1323 1311 1388 1364 Et
1414 1309 1499 1363 illa
1525 1318 1677 1363 erant
1701 1308 1899 1364 fercula
1932 1309 1985 1363 in
2007 1308 2123 1379 qui-

536 1402 637 1458 bus
661 1402 791 1457 mihi
820 1403 1073 1457 esurienti
1102 1412 1173 1468 te,
1208 1401 1572 1458 inferebantur
1596 1416 1693 1472 pro
1722 1408 1773 1455 te
1794 1400 1873 1455 sol
1902 1408 1955 1454 et
1974 1401 2116 1468 luna,

537 1496 758 1567 pulchra
781 1511 941 1566 opera
973 1504 1095 1562 tua;
1126 1495 1220 1552 sed
1251 1504 1423 1550 tamen
1442 1510 1603 1564 opera
1635 1502 1741 1560 tua,
1770 1509 1875 1549 non
1903 1503 1978 1557 tu,
2022 1508 2122 1549 nec

538 1587 653 1659 ipsa
678 1588 867 1657 prima.
907 1588 1089 1642 Priora
1131 1588 1271 1643 enim
1315 1586 1605 1657 Spiritualia
1632 1601 1791 1656 opera
1821 1596 1927 1651 tua,
1961 1601 2121 1655 quam

535 1677 637 1732 ista
668 1693 944 1749 corporea,
975 1680 1216 1749 quamvis
1240 1678 1409 1734 lucida
1438 1687 1493 1733 et
1520 1679 1777 1734 caelestia.
1810 1680 1879 1733 At
1903 1694 2004 1749 ego
2025 1693 2122 1733 uec

538 1770 715 1840 priora
746 1771 970 1837 illa,sed
1017 1772 1259 1840 teipsam,
1290 1779 1363 1835 te,
1401 1769 1643 1835 Veritas,
1687 1770 1738 1824 in
1770 1786 1875 1837 qua
1906 1785 2011 1824 non
2040 1778 2123 1825 est

537 1864 882 1918 commutatio
922 1879 1022 1918 nec
1059 1864 1315 1919 momenti
1345 1863 1684 1919 obumbratio
1712 1862 1913 1936 (Jacobi
1940 1878 1974 1926 ι,
2013 1864 2117 1933 Π),

538 1956 836 2010 esuriebam
864 1964 919 2010 et
945 1956 1225 2023 sitiebam;
1258 1966 1312 2010 et
1346 1956 1750 2026 apponebantur
1778 1955 1950 2008 adhuc
1991 1954 2122 2009 mihi

538 2045 593 2100 in
633 2045 737 2101 illis
780 2044 995 2101 ferculis
1038 2046 1404 2114 phantasmata
1448 2044 1746 2114 Splendida,
1784 2045 1974 2115 quibus
2009 2044 2121 2113 jam

535 2136 728 2192 melius
753 2147 865 2192 erat
891 2151 1071 2191 amare
1090 2137 1245 2190 istum
1272 2136 1460 2203 solem,
1484 2137 1670 2191 saltem
1700 2136 1815 2191 istis
1841 2137 2007 2191 oculis
2030 2152 2122 2191 ve-

537 2244 680 2294 rum,
709 2244 866 2298 quam
914 2229 1001 2283 illa
1052 2228 1180 2284 falsa
1215 2230 1393 2284 animo
1432 2229 1656 2301 decepto
1682 2246 1779 2300 per
1819 2231 2021 2285 oculos.
2056 2230 2123 2284 Et

536 2331 713 2376 tamen
737 2363 751 2386 ,
791 2322 913 2393 quia
950 2332 1002 2377 te
1042 2322 1309 2392 putabam,
1351 2322 1775 2387 manducabam;
1816 2338 1922 2377 non
1968 2323 2123 2379 avide

536 2412 769 2482 quidem,
801 2412 923 2482 quia
962 2427 1061 2468 nec
1103 2414 1346 2482 sapiebas
1387 2414 1437 2468 in
1469 2428 1562 2467 ore
1584 2427 1704 2467 meo
1726 2413 1879 2467 sicuti
1904 2428 1994 2478 es;
2028 2427 2122 2468 ne-

536 2519 643 2574 que
669 2504 811 2559 enini
838 2513 889 2558 tu
920 2520 1040 2559 eras
1067 2504 1313 2574 ﬁgmenta
1352 2505 1441 2559 illa
1474 2505 1684 2571 inania;
1715 2520 1813 2560 nec
1850 2505 2123 2560 nutriebar

537 2598 635 2659 eis,
665 2595 760 2651 sed
790 2595 1143 2651 exhauriebar
1171 2597 1357 2668 magis.
1404 2597 1565 2651 Cibus
1602 2597 1655 2651 in
1683 2597 1885 2651 somnis
1913 2596 2123 2650 siniillio

536 2701 658 2741 nius
678 2696 761 2743 est
790 2686 924 2741 cibis
954 2687 1301 2757 vigilantium,
1333 2702 1437 2757 quo
1465 2696 1639 2741 tamen
1662 2686 1988 2741 dormientes
2014 2702 2121 2740 non

536 2781 778 2846 aluntur;
805 2779 1077 2834 dormiunt
1096 2780 1237 2835 enim
1269 2799 1282 2835 :
1306 2789 1361 2835 at
1380 2781 1466 2835 illa
1496 2796 1596 2835 nec
1624 2781 1817 2836 similia
1834 2790 1985 2834 erant
2011 2780 2122 2835 ullo

536 2870 696 2926 modo
724 2872 838 2937 tibi,
871 2872 1010 2926 sicut
1038 2888 1178 2926 nunc
1214 2871 1344 2926 mihi
1374 2872 1549 2927 locuta
1571 2888 1666 2936 es;
1699 2870 1821 2941 quia
1856 2872 1943 2925 illa
1970 2880 2124 2926 erant

535 2965 829 3035 corporalia
858 2964 1248 3035 phantasmata,
1275 2965 1402 3020 falsa
1424 2980 1670 3035 corpora,
1685 2966 1876 3035 quibus
1892 2966 2122 3020 certiora

539 3066 665 3111 sunt
692 3072 814 3112 vera
840 3072 1061 3126 corpora
1085 3057 1183 3111 ista
1213 3073 1331 3127 qua:
1358 3057 1599 3111 videmus
1624 3057 1741 3111 visu
1766 3073 1982 3121 carneo,
2009 3057 2123 3112 sive

541 3148 776 3204 ccclestia
807 3149 921 3203 sive
950 3152 1219 3203 terrestria
1249 3165 1262 3200 :
1290 3164 1409 3203 cum
1431 3148 1721 3219 pecudibus
1744 3158 1797 3204 et
1822 3149 2123 3204 volatilibus

538 3238 780 3294 videmus
806 3238 950 3303 haec;
975 3250 1031 3295 et
1070 3240 1297 3294 certiora
1324 3248 1464 3302 sunt,
1498 3256 1655 3310 quam
1705 3256 1827 3295 cum
1868 3240 2122 3310 imagina-

539 3344 661 3384 mur
681 3344 763 3383 ea.
809 3330 875 3383 Et
916 3344 1099 3384 rursus
1128 3330 1325 3384 certius
1375 3329 1727 3400 imaginamur
1756 3345 1840 3396 ea,
1873 3347 2029 3400 quam
2056 3347 2123 3387 ex

539 3421 618 3476 eis
642 3421 971 3492 suspicamur
991 3422 1093 3476 alia
1115 3422 1414 3491 grandiora,
1436 3432 1489 3479 et
1516 3424 1741 3490 inﬁnita,
1766 3441 1883 3494 quae
1905 3426 2121 3481 omnino

542 3512 684 3567 nulla
713 3520 858 3579 sunt,
889 3513 1131 3584 qualibus
1167 3529 1266 3584 ego
1308 3524 1432 3569 tunc
1475 3516 1731 3586 pascebar
1755 3516 1998 3571 inanibus
2024 3532 2040 3582 ;
2068 3526 2124 3573 et

538 3622 647 3661 non
678 3605 951 3675 pascebar.
984 3607 1054 3661 At
1082 3617 1156 3673 tu,
1192 3622 1347 3663 amor
1370 3624 1543 3675 meus,
1566 3609 1619 3663 in
1661 3624 1820 3679 quem
1848 3609 2037 3665 deﬁcio
2063 3620 2122 3665 ut

534 3697 690 3754 lbrtis
726 3700 847 3765 sim,
876 3715 974 3754 nec
1002 3700 1100 3755 ista
1139 3715 1363 3770 corpora
1402 3717 1461 3757 es
1496 3717 1614 3772 quae
1647 3701 1888 3757 videmus
1909 3744 1924 3769 ,
1955 3718 2123 3772 quan-

536 3806 695 3862 quam
718 3790 771 3845 in
797 3792 962 3858 ctelo;
1002 3808 1100 3848 nec
1122 3807 1184 3849 ea
1211 3807 1271 3849 es
1297 3809 1417 3863 quae
1457 3809 1566 3849 non
1604 3794 1848 3849 videmus
1876 3794 1969 3862 ibi,
1997 3795 2121 3864 quia

536 3896 596 3941 tu
624 3888 721 3942 ista
748 3886 1064 3955 condidisti,
1094 3902 1191 3942 nec
1230 3887 1281 3941 in
1324 3887 1546 3942 summis
1582 3889 1685 3943 tuis
1726 3886 2118 3943 conditionibus

532 3975 703 4032 habes
730 3977 767 4029 ⁸.
798 3975 1008 4043 Quanto
1045 3992 1175 4048 ergo
1204 3977 1359 4048 longe
1386 3994 1445 4033 es
1474 3993 1504 4031 a
1529 3977 1987 4048 phantasmatibus
2013 3977 2119 4033 illis

533 4068 688 4133 meis,
733 4066 1192 4138 phantasmatibus
1232 4084 1515 4139 corporum
1572 4084 1692 4139 qua:
1743 4070 1962 4124 omnino
2010 4086 2125 4127 non,

534 4157 690 4212 sunt!
715 4157 906 4226 quibus
936 4158 1193 4214 certiores
1222 4168 1344 4212 sunt
1387 4158 1678 4228 phantasite
1712 4174 1997 4230 corporum
2023 4176 2117 4216 eo-

532 4265 653 4305 rum
680 4266 799 4320 quic
819 4259 975 4317 sunt;
1016 4258 1073 4306 et
1113 4251 1192 4306 eis
1234 4238 1461 4306 certiora
1501 4265 1747 4320 corpora,
1779 4267 1897 4321 qua:
1943 4260 2117 4307 tamen

533 4356 641 4395 non
667 4356 764 4397 es:
793 4341 889 4396 sed
929 4357 1029 4396 nec
1057 4342 1232 4396 anima
1272 4356 1352 4407 es,
1382 4357 1503 4411 quae
1534 4342 1641 4396 vita
1682 4352 1765 4397 est
1810 4358 2115 4412 corporum.

532 4432 658 4487 Ideo
681 4433 872 4488 melior
900 4434 1005 4487 vita
1033 4448 1319 4503 corporum
1359 4432 1661 4503 certiorque
1687 4449 1847 4504 quam
1872 4450 2113 4505 corpora.

532 4522 639 4578 Sed
670 4533 725 4578 tu
746 4525 850 4578 vita
877 4540 935 4579 es
953 4524 1272 4587 animarum,
1290 4524 1398 4578 vita
1420 4524 1668 4593 vitarum,
1696 4526 1878 4581 vivens
1907 4535 1958 4581 te
1978 4527 2113 4597 ipsa,

530 4621 587 4670 et
612 4629 716 4671 non
747 4615 986 4682 mutaris,
1011 4615 1118 4670 vita
1143 4616 1333 4669 animae
1360 4629 1513 4669 meae.

604 4704 691 4760 11.
737 4704 835 4760 Ubi
859 4721 986 4775 ergo
1013 4705 1144 4759 mihi
1188 4715 1314 4761 tunc
1358 4722 1497 4771 eras,
1529 4714 1581 4761 et
1625 4720 1782 4777 quam
1824 4706 2020 4778 longe?
2048 4707 2119 4764 Et

530 4796 689 4867 longe
716 4796 1091 4867 peregrinabar
1118 4797 1213 4851 abs
1234 4806 1308 4865 te,
1347 4798 1592 4853 exclusus
1614 4806 1668 4853 et
1703 4814 1733 4851 a
1763 4799 1970 4869 siliquis
1994 4814 2117 4870 por-

530 4903 739 4953 corum,
791 4903 923 4959 quos
966 4888 1033 4943 de
1078 4889 1283 4960 siliquis
1326 4890 1604 4959 pascebam
1664 4889 1831 4963 (Luc.
1873 4908 1964 4959 xv,
1996 4894 2112 4965 16).

531 4978 742 5047 Quanto
785 4979 926 5034 enim
965 4980 1212 5034 meliores
1242 4980 1707 5051 grammaticorum
1742 4992 1795 5036 et
1840 4994 2115 5053 poetarum

530 5068 759 5135 fabellae,
783 5084 939 5139 quam
967 5069 1053 5123 illa
1078 5069 1357 5140 decipula?
1376 5069 1507 5125 Nam
1534 5086 1722 5125 versus
1747 5079 1800 5125 et
1823 5087 2035 5128 carmen
2063 5081 2118 5128 et

529 5159 716 5218 Medea
733 5161 918 5219 volans
940 5162 1177 5217 utiliores
1197 5174 1341 5218 certe
1360 5204 1375 5227 ,
1405 5178 1561 5231 quam
1596 5164 1828 5234 quinque
1854 5165 2115 5221 elementa

530 5255 681 5310 varie
702 5254 893 5321 fucata,
920 5263 1136 5326 propter
1165 5255 1397 5325 quinque
1430 5264 1579 5309 antra
1612 5256 1968 5323 tenebrarum,
1997 5273 2117 5327 quae

528 5346 749 5403 omnino
764 5346 906 5401 nulla
926 5356 1067 5412 sunt,
1086 5345 1398 5402 etocciduut
1416 5346 1741 5400 credentem.
1756 5344 1887 5400 Nam
1906 5364 2116 5404 versum

529 5447 589 5496 et
611 5454 828 5494 carmen
849 5439 1007 5493 etiam
1032 5438 1097 5490 ad
1128 5452 1254 5490 vera
1281 5435 1549 5505 pulmenta
1566 5438 1587 5468 ³
1616 5438 1894 5490 transiero.
1925 5436 2119 5493 Volan-

533 5538 643 5588 tem
670 5540 850 5587 autem
878 5529 1119 5585 Medeam
1146 5528 1247 5582 etsi
1290 5526 1599 5595 cantabam,
1631 5542 1738 5582 non
1781 5529 2113 5599 asserebam;

595 5726 991 5852 :Eé’ﬁsbﬁs'cgm
1027 5786 1136 5837 Bad.
1174 5793 1271 5852 Ain.
1292 5792 1407 5852 _Arn.
1444 5785 1527 5835 ubi
1558 5792 1629 5836 Er.
1666 5793 1719 5838 et
1749 5793 1856 5839 Lov.
1882 5745 2118 5852 reddunt,

534 5848 765 5903 clunem
782 5862 793 5873 °
819 5848 954 5911 Angl.
975 5858 1196 5911 quatuor,
1223 5846 1475 5898 bitlmenta.

1622 359 2139 424 CONFESSIONUM
2176 364 2233 422 S.
2271 361 2640 425 AUGUSTINI
3636 376 3717 444 633

2227 480 2325 536 etsi
2346 480 2548 535 cantari
2569 479 2868 547 audiebam,
2900 494 3006 536 non
3034 481 3311 539 credebam
3334 502 3347 539 :
3367 488 3447 544 illa
3467 501 3612 549 autem
3628 512 3715 554 cre-

2227 570 2356 625 didi.
2395 571 2506 636 Vae,
2535 570 2648 625 vae!
2680 572 2877 641 quibus
2901 573 3154 642 gradibus
3182 574 3421 633 deductus
3443 594 3543 637 sum
3566 584 3608 641 in
3626 602 3719 656 pro-

2226 663 2387 719 funda
2408 664 2599 719 inferi?
2619 664 2827 734 Quippe
2854 666 3101 723 laborans
3125 676 3179 722 et
3211 678 3425 727 aestuans
3447 673 3593 745 impia
3615 682 3716 747 veri,

2227 770 2347 811 cum
2378 766 2447 822 te,
2479 756 2618 811 Deus
2641 771 2790 811 meus
2822 756 2935 829 (tibi
2959 760 3103 814 enim
3132 760 3396 829 conﬁteor,
3416 765 3722 833 quimemise-

2226 858 2373 905 ratus
2395 864 2455 903 es
2476 858 2531 904 et
2557 849 2793 904 nondum
2820 849 3214 924 conﬁtentem),
3245 867 3357 907 cum
3384 863 3431 909 te
3456 870 3546 911 non
3570 873 3721 916 secun-

2226 937 2350 993 dum
2372 940 2697 995 intellectum
2718 941 2928 1007 mentis,
2952 957 3057 1012 quo
3079 956 3166 998 me
3186 953 3425 1012 praestare
3440 946 3620 1003 voluisti
3638 950 3725 1006 bel-

2225 1030 2346 1098 luis,
2396 1033 2490 1089 sed
2538 1035 2829 1090 secundum
2877 1049 3093 1090 sensum
3138 1038 3311 1094 carnis
3354 1054 3629 1108 quaererem.
3664 1043 3723 1099 Tu

2225 1132 2401 1179 autem
2428 1139 2550 1179 eras
2578 1126 2804 1181 interior
2834 1126 3020 1180 intimo
3059 1141 3198 1194 meo,
3226 1137 3279 1182 et
3309 1130 3528 1198 superior
3560 1146 3723 1190 summo

2224 1230 2366 1271 meo.
2397 1216 2603 1272 Oll‘endi
2631 1217 2772 1271 illam
2799 1217 2817 1249 ⁸
2842 1218 3119 1273 mulierem
3141 1217 3415 1284 audacem,
3437 1221 3615 1291 inopem
3633 1240 3726 1295 pru-

2225 1306 2435 1372 dentiae,
2468 1309 2692 1378 aenigma
2717 1308 3038 1375 Salomonis,
3067 1309 3335 1365 sedentem
3360 1326 3506 1382 super
3521 1314 3671 1369 sellam
3686 1317 3726 1371 in

2226 1398 2448 1467 foribus,
2478 1409 2532 1455 et
2555 1401 2820 1456 dicentem
2845 1418 2859 1453 :
2893 1399 3064 1455 Panes
3094 1403 3312 1455 occultos
3339 1401 3527 1456 libenter
3548 1405 3727 1468 edite.et
3828 1398 3829 1467 ἶ

2224 1509 2407 1564 aquam
2432 1493 2629 1548 dulcem
2665 1494 2906 1566 furtivam
2936 1494 3082 1548 bibite
3107 1492 3287 1567 (Prov.
3312 1510 3381 1559 ix,
3405 1493 3505 1568 l7).
3531 1495 3638 1563 Quae
3663 1513 3728 1554 me
3828 1504 3829 1555 1

2225 1584 2455 1651 seduxit,
2490 1584 2610 1654 quia
2632 1585 2834 1640 invenit
2859 1585 2987 1640 toris
3015 1585 3341 1640 habitantem
3369 1586 3417 1639 in
3441 1566 3577 1641 oi:qu
3594 1589 3729 1643 carnis
3828 1566 3829 1659 ξ

2224 1691 2377 1742 nieie,
2403 1683 2457 1729 et
2480 1676 2601 1730 talia
2625 1676 2979 1731 ruminantem
3000 1677 3139 1747 apud
3173 1692 3279 1742 me,
3299 1676 3465 1747 qualia
3490 1692 3571 1746 per
3585 1676 3725 1732 illum’

2224 1780 2495 1821 vorassem
2506 1805 2518 1818 .

2854 1855 3082 1913 CAPUT
3122 1856 3236 1911 VII.

2294 1949 2540 2004 Doctrina
2570 1950 2970 2005 Manichwomm
2990 1952 3215 2006 absurda
3239 1952 3319 2006 cui
3341 1952 3678 2024 σπῆϊ-αραινῶν.

2296 2044 2382 2098 12.
2413 2042 2723 2101 Nesciebam
2744 2045 2887 2099 enim
2918 2044 3058 2099 aliud
3092 2060 3222 2102 vere
3246 2045 3384 2115 quod
3412 2056 3515 2111 est;
3547 2054 3593 2101 et
3621 2047 3727 2116 quasi

2225 2134 2437 2189 acutule
2472 2136 2725 2190 movebar
2757 2144 2818 2189 ut
2850 2135 3171 2205 sull‘ragarer
3202 2136 3376 2191 stultis
3407 2135 3727 2206 deceptoribus,

2224 2242 2344 2281 cum
2380 2243 2410 2281 a
2456 2244 2541 2283 me
2581 2238 2881 2299 quaererent
2907 2229 3046 2284 unde
3074 2228 3308 2293 malum;
3346 2237 3396 2283 et
3422 2238 3577 2283 utrum
3610 2228 3727 2282 lanna

2224 2333 2480 2388 corporea
2505 2320 2641 2374 Deus
2665 2320 2904 2375 ﬁniretur
2932 2330 2985 2375 et
3008 2321 3239 2377 haberet
3251 2321 3465 2391 capillos
3487 2329 3533 2375 et
3557 2334 3727 2391 ungues;

2225 2417 2279 2464 et
2308 2418 2482 2465 utrum
2507 2410 2637 2479 justi
2662 2410 3000 2465 existimandi
3019 2421 3203 2467 essent
3221 2411 3308 2481 qui
3334 2411 3567 2466 haberent
3591 2423 3731 2464 uxores

2225 2503 2419 2557 multas
2448 2503 2624 2568 simul,
2658 2512 2712 2558 et
2737 2503 3043 2559 occiderent
3070 2503 3337 2569 homines,
3366 2512 3419 2560 et
3442 2503 3733 2559 sacriﬁcarent

2225 2595 2292 2651 de
2330 2596 2666 2651 animalibus.
2698 2597 2901 2663 Quibus
2943 2612 3120 2651 rerum
3165 2597 3379 2668 ignarus
3422 2594 3727 2667 perturbabar;

2225 2696 2279 2741 et
2314 2687 2569 2743 recedens
2593 2703 2624 2741 a
2653 2688 2893 2753 veritate,
2920 2689 2997 2743 ire
3027 2688 3081 2742 in
3111 2704 3234 2743 eam
3265 2688 3393 2743 mihi
3415 2685 3731 2756 videbamque

2226 2793 2333 2832 non
2361 2795 2609 2834 noveram
2637 2781 2833 2834 malum
2863 2795 2968 2835 non
2996 2796 3116 2835 esse
3138 2780 3244 2835 nisi
3270 2780 3591 2851 privationem
3614 2777 3726 2840 boui.

2225 2886 2394 2941 usque
2421 2870 2487 2925 ad
2507 2872 2649 2942 quod
2677 2873 2897 2927 omnino
2922 2888 3027 2927 non
3051 2884 3155 2927 est.
3185 2872 3339 2940 Quod
3380 2872 3509 2928 unde
3536 2871 3727 2935 viderem,

2224 2963 2377 3031 cujus
2416 2963 2597 3018 videre
2626 2978 2793 3033 usque
2821 2963 2888 3018 ad
2925 2978 3120 3034 corpus
3148 2973 3271 3020 erat
3310 2966 3491 3031 oculis,
3529 2974 3576 3018 et
3604 2962 3731 3018 animo
3828 2992 3829 3015 1

2226 3070 2396 3125 usque
2422 3055 2487 3109 ad
2530 3054 2884 3124 phantasma?
2929 3056 2997 3110 Et
3038 3072 3145 3111 non
3198 3072 3449 3113 noveram
3490 3057 3618 3111 Deum
3645 3066 3733 3108 esse

2224 3146 2490 3216 spiritum,
2520 3163 2622 3201 non
2644 3149 2730 3204 cui
2747 3147 2983 3203 membra
3004 3158 3189 3204 essent
3209 3165 3305 3220 per
3321 3150 3521 3221 longum
3540 3158 3584 3203 et
3600 3148 3730 3210 latitia,

2226 3251 2325 3290 nec
2381 3237 2468 3292 cui
2510 3253 2631 3294 esse
2688 3238 2859 3295 moles
2911 3247 3056 3295 esset
3101 3258 3114 3293 :
3158 3241 3284 3311 quia
3345 3241 3504 3295 moles
3537 3240 3583 3294 in
3628 3246 3733 3307 parte

2224 3326 2403 3381 minor
2441 3338 2524 3382 est
2552 3344 2712 3399 quam
2739 3329 2791 3383 in
2824 3338 2933 3385 toto
2967 3345 3096 3396 suo;
3123 3344 3181 3387 et
3208 3331 3253 3387 si
3284 3332 3479 3387 inﬁnita
3505 3330 3591 3395 sit,
3614 3328 3734 3381 minor
3828 3326 3829 3389 1

2225 3428 2306 3473 est
2328 3420 2379 3473 in
2403 3419 2577 3489 aliqua
2607 3428 2755 3490 parte
2780 3431 2932 3477 certo
2967 3422 3143 3492 spatio
3171 3423 3410 3487 deﬁnita,
3432 3436 3571 3495 quam
3592 3433 3665 3491 per
3681 3417 3735 3471 iti-

2225 3513 2461 3579 ﬁnitum;
2486 3524 2540 3568 et
2575 3529 2681 3569 non
2723 3523 2807 3570 est
2846 3524 2955 3571 tota
2992 3516 3209 3588 ubique,
3239 3517 3377 3574 sicut
3404 3513 3737 3589 spiritus,sicut

2225 3603 2384 3659 Deus.
2415 3606 2483 3660 Et
2524 3607 2650 3677 quid
2690 3607 2743 3662 in
2771 3607 2926 3665 nobis
2954 3617 3120 3677 esset,
3165 3610 3454 3666 secundum
3481 3607 3601 3679 quod
3632 3617 3737 3661 essc-

2223 3711 2342 3750 mus
2373 3698 2576 3753 similes
2602 3699 2711 3754 Deo
2738 3709 2792 3755 et
2830 3710 2977 3755 recte
3004 3701 3059 3755 in
3086 3700 3368 3773 Scriptura
3389 3703 3411 3735 ³
3434 3694 3739 3757 diceremurad
3827 3694 3829 3753 1

2222 3787 2491 3860 imaginem
2516 3789 2613 3844 Dei
2635 3789 2783 3858 (Gen.
2810 3807 2846 3857 ι,
2874 3791 2991 3866 27),
3018 3809 3241 3863 prorsus
3266 3794 3577 3867 ignorabam.

2296 3878 2385 3933 15.
2426 3879 2491 3933 Et
2534 3896 2639 3935 non
2676 3897 2926 3937 noveram
2962 3882 3224 3953 justitiam
3266 3900 3445 3941 veram
3478 3884 3738 3943 interiorem.

2223 3987 2329 4026 non
2358 3988 2424 4026 ex
2451 3974 2832 4029 consuetudine
2854 3973 3205 4045 judicantem,
3237 3977 3331 4033 sed
3357 3994 3418 4031 ex
3441 3977 3548 4048 lege
3566 3970 3741 4029 rectissi-

2223 4081 2309 4121 ma
2337 4064 2359 4096 ⁸
2396 4066 2489 4121 Dei
2524 4067 2932 4137 omnipotentis,
2972 4084 3074 4139 qua
3112 4068 3472 4125 formarentur
3514 4081 3659 4123 mores
3680 4077 3739 4117 τε·
3818 4128 3825 4143 ην

2222 4157 2435 4227 gionum
2465 4166 2519 4212 et
2547 4157 2753 4213 dierum
2779 4174 2875 4229 pro
2900 4160 3205 4231 regionibus
3230 4171 3287 4217 et
3310 4161 3518 4225 diebus;
3541 4172 3640 4214 cum
3660 4156 3739 4225 ipsa
3810 4160 3823 4237 ί

2224 4247 2417 4318 ubique
2447 4263 2509 4303 ac
2535 4263 2748 4319 semper
2772 4259 2946 4317 esset,
2978 4266 3084 4306 non
3108 4251 3237 4307 alibi
3268 4253 3366 4307 alia
3389 4294 3404 4318 ,
3434 4266 3524 4307 nec
3551 4249 3659 4305 alias
3676 4244 3743 4299 ali-
3814 4232 3829 4265 Ἃ

2223 4347 2335 4406 ter;
2364 4340 2655 4395 secundum
2681 4356 2837 4411 quam
2867 4341 2995 4412 justi
3034 4354 3217 4399 essent
3242 4344 3521 4408 Abraham,
3550 4350 3597 4397 et
3619 4339 3737 4400 Isaac,

2222 4440 2276 4486 et
2302 4430 2498 4498 Jacob,
2530 4442 2583 4487 et
2608 4431 2818 4503 Moyses
2838 4475 2851 4495 ,
2882 4443 2937 4489 et
2964 4434 3161 4502 David,
3191 4445 3248 4491 et
3281 4436 3355 4491 illi
3393 4450 3566 4491 omnes
3596 4425 3740 4487 laudati

2220 4536 2314 4577 ore
2344 4522 2434 4576 Dei
2466 4540 2478 4574 :
2508 4521 2602 4578 sed
2631 4539 2723 4577 eos
2749 4523 2817 4576 ah
2846 4524 3105 4595 imperitis
3134 4526 3365 4596 judicari
3402 4527 3618 4596 iniquos,
3637 4516 3741 4591 judi-

2222 4614 2468 4669 cantibus
2496 4630 2563 4669 ex
2592 4613 2825 4669 humano
2852 4616 2968 4683 die,
2997 4629 3050 4672 et
3078 4617 3357 4673 universos
3382 4632 3545 4673 mores
3579 4605 3739 4668 humani
3818 4605 3825 4659 ἓ

2219 4706 2429 4776 generis
2466 4721 2529 4760 ex
2571 4716 2719 4776 parte
2758 4709 2922 4762 moris
2960 4710 3041 4764 sui
3082 4711 3450 4779 metientibus,
3480 4718 3684 4777 tanquam
3707 4699 3740 4753 si
3818 4699 3825 4771 ξ

2220 4799 2339 4867 quis
2351 4797 2559 4852 nescius
2573 4797 2624 4852 in
2640 4801 2983 4856 armamentis
3002 4802 3123 4872 quid
3139 4803 3226 4857 cui
3251 4803 3483 4858 membro
3496 4807 3738 4856 accommo-

2219 4888 2399 4944 datum
2425 4890 2515 4957 sit,
2546 4905 2701 4945 ocrea
2728 4892 2855 4947 velit
2874 4904 3031 4963 caput
3054 4896 3284 4967 contegi,
3313 4905 3367 4950 et
3382 4896 3521 4966 galea
3540 4886 3736 4947 calceari;
3822 4906 3825 4911 ‘

2221 4990 2274 5037 et
2297 4992 2587 5037 murmuret
2611 4983 2750 5053 quod
2780 5000 2885 5039 non
2915 4995 3037 5055 apte
3060 4988 3376 5042 conveniat:
3403 4995 3487 5040 aut
3510 4984 3555 5039 in
3580 4994 3663 5036 uno
3676 4976 3739 5032 die
3824 5002 3825 5009 η

2220 5072 2419 5127 indicto
2447 5089 2477 5127 a
2508 5074 2886 5144 pomeridianis
2920 5076 3068 5132 horis
3100 5078 3341 5148 justitio,
3373 5078 3620 5147 quisquam
3653 5078 3735 5124 sto-

2220 5166 2496 5220 machetur
2542 5181 2648 5220 non
2695 5166 2797 5221 sibi
2841 5168 3059 5225 concedi
3102 5168 3230 5239 quid
3274 5168 3454 5224 venale
3480 5171 3733 5237 proponere,
3822 5194 3823 5197 η

2220 5256 2341 5327 quia
2370 5271 2525 5311 mane
2548 5272 2859 5313 concessum
2884 5268 2967 5314 est
3008 5278 3021 5313 :
3062 5268 3152 5314 aut
3188 5261 3242 5314 in
3286 5276 3386 5314 una
3424 5258 3569 5313 domo
3601 5250 3735 5306 videat

2220 5345 2414 5416 aliquid
2446 5347 2656 5401 tractari
2687 5349 2931 5403 manibus
2968 5366 2999 5404 a
3027 5365 3289 5421 quoquam
3319 5364 3465 5405 servo
3484 5388 3498 5414 ,
3527 5341 3643 5417 quod
3671 5338 3731 5395 fa-

3827 3078 3829 3113 l

3828 3168 3829 3217 1

3828 3350 3829 3389 1

2250 5477 2701 5590 13:11am
2720 5486 2795 5532 Er.
2827 5482 2976 5546 Lugd.
3003 5491 3124 5535 ven.
3156 5490 3267 5534 ιον.
3305 5489 3471 5535 Sam.
3500 5477 3605 5529 nnh.
3630 5476 3727 5524 ω

2219 5542 2341 5592 Flor.
2364 5550 2414 5592 et
2433 5542 2574 5591 tload.
2602 5550 2655 5591 δι.
2897 5542 2920 5546 “

2282 5605 2304 5635 ³
2324 5614 2414 5654 rer
2434 5601 2586 5663 illum,
2604 5604 2743 5665 juxta
2764 5612 2841 5655 Er.
2862 5615 2916 5658 et
2931 5615 3048 5659 ven.
3070 5616 3124 5658 Μ.

2285 5666 2305 5697 ³
2321 5668 2394 5716 δίε
2412 5676 2514 5734 Μξεο
2534 5664 2667 5728 A1181.
2683 5667 2758 5734 [ζιζι
2771 5667 2817 5734 _si
2836 5676 2960 5734 recte
2976 5668 3026 5719 in
3036 5668 3266 5734 scripturi
3283 5686 3287 5695 ’
3304 5664 3723 5734 άίεεγεηησῇς-έὲιξι

2219 5726 2271 5853 ﬁt
2284 5726 2545 5837 Mrs:.:‘~‘lor.
2581 5726 2635 5779 et
2667 5726 2815 5780 editio
2852 5726 3349 5783 Florentina't‘erunt:
3370 5736 3423 5781 Et
3440 5734 3551 5779 recte
3578 5726 3721 5776 ἔπεσι·

2274 5803 2303 5838 u
2368 5825 2414 5837 ..
2448 5826 2460 5838 .

2283 5851 2306 5881 ’δ
2322 5858 2529 5909 Quatuor
2545 5861 2671 5917 Mss,
2692 5854 2959 5908 lectissima.

3827 4508 3829 4541 1

3827 4602 3829 4635 1

3826 4690 3829 4715 1
