3878 6270
197 297 276 360 ω
697 283 850 328 ~
975 273 1001 312 4'
1479 278 1683 338 unus
1719 277 2029 340 manus.

192 426 284 470 cete
317 421 413 464 non
451 405 655 462 sinatur
694 401 786 475 qui
824 400 1012 472 pocula
1050 398 1317 455 ministrat
1352 413 1366 452 :
1405 403 1497 450 aut
1520 394 1720 465 aliquid

189 513 282 578 Ρ⁰⁸⁸
303 497 542 572 ντπεερῑε
569 495 684 552 ﬁeri
703 535 720 559 .
749 493 893 565 quod
925 502 1050 548 ante
1076 495 1314 546 menSam
1339 485 1716 578 prohibeatur;

190 575 232 651 et
246 593 533 660 indignetur,
558 601 682 642 cum
707 585 779 640 sit
802 599 963 639 unum
992 579 1344 636 habitaculum
1371 587 1428 636 et
1446 592 1547 633 una
1569 575 1722 631 fami-

191 687 272 753 lia,
296 697 388 738 non
414 679 606 750 ubique
642 687 805 749 atque
830 675 1078 731 omnibus
1100 673 1239 728 idem
1268 671 1444 728 tribui.
1484 668 1574 726 Sic
1600 679 1723 725 sunt

272 774 347 846 qui
368 772 728 841 indignantur,
751 783 874 825 cum
898 766 1163 822 audierint
1183 765 1272 819 illo
1291 762 1486 818 saeculo
1508 762 1720 817 licuisse

188 872 306 944 iustis
323 864 512 934 aliquid
530 905 549 929 ,
578 861 722 930 quod
755 861 857 915 isto
881 873 986 913 non
1017 857 1137 912 licet
1166 855 1356 927 justis;
1388 863 1442 908 et
1465 853 1584 924 quia
1615 851 1720 906 illis

187 959 298 1016 aliud
322 954 561 1028 praecepit
585 953 748 1016 Deus,
777 953 893 1006 istis
915 947 1055 1004 aliud
1080 964 1178 1019 pro
1199 945 1577 1015 temporalibus
1598 959 1722 1000 cau-

187 1057 262 1116 sis.
277 1066 380 1108 cum
398 1048 570 1104 eidem
585 1045 804 1116 justitize
825 1043 1033 1113 utrique
1056 1040 1335 1096 servierint
1362 1056 1375 1092 :
1401 1053 1519 1094 cum
1543 1038 1593 1091 in
1616 1050 1721 1091 uno

189 1144 380 1209 homine,
405 1150 458 1197 et
485 1141 538 1194 in
561 1153 669 1194 uno
689 1138 797 1202 die,
824 1144 879 1192 et
901 1136 955 1190 in
977 1134 1097 1189 unis
1121 1133 1324 1187 aedibus
1348 1131 1563 1185 videant
1580 1127 1720 1182 aliud

190 1240 256 1296 alii
284 1235 506 1293 membro
542 1246 871 1302 congruere,
901 1239 952 1284 et
981 1227 1122 1283 aliud
1146 1225 1456 1297 jamdudum
1485 1222 1717 1289 licuisse,

189 1338 282 1403 post
299 1328 471 1384 horam
501 1341 606 1380 nou
632 1324 829 1390 licere;
867 1319 1117 1392 quiddam
1158 1318 1212 1372 in
1246 1317 1336 1371 illo
1369 1315 1562 1385 angulo
1598 1329 1720 1384 per-

185 1421 293 1478 mitti
310 1428 394 1476 ant
410 1417 582 1488 juberi
598 1458 620 1484 ,
649 1414 791 1486 quod
817 1415 870 1469 in
896 1412 1000 1468 isto
1020 1412 1160 1480 juste
1182 1417 1391 1463 vetetur
1415 1416 1468 1461 et
1491 1405 1723 1460 vindice-

188 1527 268 1572 tur.
289 1511 536 1584 Numquid
557 1509 762 1581 justitia
785 1508 930 1563 varia
958 1514 1043 1562 est
1060 1514 1115 1561 et
1133 1501 1433 1559 mutabilis?
1464 1499 1566 1556 Sed
1592 1509 1723 1554 tem-

186 1621 288 1679 pora
301 1605 478 1676 quibus
497 1601 765 1674 praesidet,
787 1615 893 1654 non
919 1597 1116 1668 pariter
1133 1603 1294 1659 eunt;
1325 1601 1562 1662 tempora
1579 1589 1721 1646 enim

184 1708 299 1755 sunt.
325 1696 568 1752 Homines
593 1701 773 1748 autem
797 1705 1022 1764 quorum
1048 1688 1154 1742 vita
1181 1700 1343 1756 super
1372 1693 1567 1738 terram
1595 1680 1718 1736 bre-

183 1792 249 1845 vis
267 1797 356 1854 est.
378 1789 496 1860 quia
522 1801 684 1842 sensu
715 1799 820 1839 non
843 1782 1022 1837 valent
1041 1793 1229 1836 causas
1248 1785 1532 1832 contexere
1556 1789 1723 1829 saecu-

185 1883 328 1938 lorum
348 1881 596 1951 priorum,
625 1876 956 1944 aliarumque
977 1873 1216 1944 gentium
1239 1884 1370 1940 quas
1389 1865 1595 1937 experti
1618 1879 1722 1919 non

184 1983 304 2038 sunt,
325 1986 433 2040 eum
463 1969 546 2023 bis
571 1981 704 2040 quas
734 1965 939 2037 experti
968 1972 1124 2028 sunt;
1157 1961 1210 2016 iu
1249 1974 1353 2015 uno
1386 1968 1561 2012 autem
1601 1971 1722 2011 cor-

186 2079 320 2135 pore,
343 2063 418 2118 vel
444 2061 529 2116 die
549 2101 567 2128 ,
607 2060 694 2114 vel
729 2057 924 2121 domo,
964 2055 1118 2110 facile
1143 2061 1364 2124 possunt
1389 2049 1569 2104 videre
1597 2047 1724 2119 quid

188 2158 258 2212 cui
280 2156 524 2220 membro,
551 2153 744 2224 quibus
770 2150 1078 2215 momentis,
1109 2147 1298 2218 quibus
1330 2143 1568 2215 partibus
1601 2157 1724 2213 per-

189 2247 365 2304 senisre
385 2253 634 2316 congruat
663 2263 676 2297 :
711 2245 766 2298 in
786 2241 892 2296 illis
914 2238 1271 2300 olfeuduntur,
1302 2237 1386 2290 his
1411 2236 1668 2291 serviunt.

248 2339 319 2394 li.
353 2337 467 2392 Haec
498 2349 597 2406 ego
626 2344 752 2390 tunc
775 2331 1098 2397 nesciebam,
1129 2338 1182 2384 et
1212 2342 1316 2382 non
1353 2326 1722 2390 advertebam;

189 2442 232 2488 et
245 2431 474 2488 feriebant
491 2428 721 2498 undique
737 2427 840 2481 ista
861 2424 1046 2480 oculos
1065 2436 1235 2489 meos,
1259 2430 1311 2475 et
1332 2435 1436 2474 non
1454 2417 1718 2473 videbam.

189 2523 243 2578 Et
260 2521 506 2578 cantabam
532 2519 789 2584 carmina,
820 2525 875 2572 et
899 2531 1004 2570 non
1035 2514 1162 2570 mihi
1197 2511 1389 2568 licebat
1413 2525 1611 2581 ponere
1637 2524 1727 2578 pe-

189 2614 290 2670 dem
309 2612 576 2686 quemlibet
599 2611 854 2674 ubilibet,
885 2607 982 2664 sed
1022 2607 1075 2660 iu
1103 2606 1206 2660 alio
1231 2613 1390 2675 atque
1418 2601 1525 2657 alio
1553 2610 1726 2657 metro

189 2707 317 2764 aliter
335 2721 479 2777 atque
498 2705 683 2769 aliter;
715 2712 770 2759 et
792 2703 845 2756 in
873 2716 977 2756 uno
1003 2699 1181 2770 aliquo
1207 2711 1390 2760 versu,
1422 2711 1528 2750 non
1549 2694 1725 2750 omni-

188 2799 273 2855 bus
293 2800 404 2856 locis
423 2797 662 2855 eumdem
693 2795 906 2866 pedem.
940 2795 1006 2849 Et
1041 2809 1130 2847 ars
1160 2792 1272 2863 ipsa
1307 2804 1411 2860 qua
1446 2791 1724 2855 canebam,

189 2905 282 2946 non
306 2891 505 2947 habebat
530 2888 673 2944 aliud
699 2887 850 2955 alibi,
881 2887 974 2942 sed
999 2885 1175 2940 omnia
1203 2883 1383 2938 simul.
1415 2881 1484 2936 Et
1514 2895 1620 2936 non
1649 2881 1729 2935 in-

192 2983 348 3038 tuebar
365 2983 606 3052 justitiam
636 2981 720 3036 cui
747 2979 1009 3035 servirent
1034 2976 1156 3031 boni
1187 2983 1240 3030 et
1267 2973 1435 3029 sancti
1461 2971 1725 3036 homines,

192 3073 322 3146 longe
336 3074 660 3131 excellentius
679 3081 839 3142 atque
859 3068 1137 3126 sublimius
1159 3067 1356 3122 habere
1375 3064 1530 3120 simul
1550 3063 1727 3120 omnia

193 3183 292 3238 quae
314 3169 538 3238 pmcepit
562 3168 617 3234 ¹,
647 3175 703 3222 et
735 3165 878 3220 nulla
917 3178 982 3219 ex
1015 3172 1162 3233 parte
1188 3160 1416 3225 variari,
1462 3167 1516 3214 et
1553 3168 1728 3213 tamen

193 3262 328 3316 variis
349 3261 653 3332 temporibus
672 3274 781 3315 non
802 3258 981 3313 omnia
1007 3255 1182 3320 simul,
1212 3253 1306 3310 sed
1329 3253 1537 3323 prepria
1557 3251 1729 3307 distri-

193 3352 408 3409 buentem
430 3369 488 3410 ac
512 3353 930 3423 praecipientem.
979 3349 1048 3403 Et
1073 3345 1525 3416 reprehendebam
1556 3357 1730 3399 caecus

197 3447 301 3515 pios
323 3457 498 3515 patres;
529 3462 634 3501 non
669 3445 842 3500 solum
869 3443 1006 3498 sicut
1031 3442 1175 3497 Deus
1205 3439 1419 3508 juberet
1456 3449 1614 3508 atque
1644 3437 1727 3491 in-

200 3538 394 3607 spiraret
425 3549 624 3594 utentes
669 3535 1056 3608 prtesentibus,
1109 3547 1293 3588 verum
1341 3545 1550 3600 quoque
1595 3529 1729 3584 sicut

194 3627 317 3684 Deus
336 3631 567 3687 revelaret
593 3629 769 3684 futura
799 3625 1231 3698 praenuntiantes.

737 3740 961 3798 CAPUT
999 3739 1132 3795 Vlll.

185 3831 348 3890 Contra
365 3835 659 3892 Manichaee:
686 3835 806 3889 dicit
834 3848 947 3904 quia
975 3830 1174 3902 ﬂagitia
1197 3843 1392 3897 semper
1413 3825 1726 3892 detestanda,

735 3939 848 3995 qua:
877 3924 1123 3995 facinora.

245 4041 320 4096 l5.
355 4039 606 4112 Numquid
632 4036 915 4110 aliquando
935 4045 1028 4090 aut
1050 4033 1242 4091 alicubi
1268 4033 1518 4102 injustam
1544 4041 1627 4086 est
1645 4031 1730 4086 di-

178 4131 322 4202 ligere
346 4135 498 4189 Deum
533 4150 600 4190 ex
627 4143 736 4188 toto
757 4130 938 4194 corde,
957 4140 1011 4184 et
1028 4145 1094 4184 ex
1116 4137 1222 4182 tota
1244 4127 1442 4194 anima,
1461 4138 1515 4181 et
1533 4140 1598 4180 ex
1621 4132 1729 4178 tota

181 4235 352 4293 mente,
371 4236 420 4281 et
437 4226 656 4296 diligere
671 4223 971 4294 proximum
994 4229 1240 4290 tanquam
1264 4217 1530 4288 seipsum?
1552 4217 1729 4285 Itaque

181 4308 348 4386 ﬂagitia
385 4334 497 4388 qua:
529 4327 654 4371 sunt
679 4324 860 4370 contra
893 4321 1134 4367 naturam
1154 4352 1169 4378 ,
1209 4309 1402 4378 ubique
1431 4322 1494 4362 ac
1517 4322 1729 4376 semper

181 4401 456 4464 detestanda
483 4418 638 4479 atque
668 4405 932 4478 punienda
961 4413 1106 4468 sunt,
1136 4401 1309 4472 qualia
1336 4399 1728 4456 Sodomitarum

181 4495 382 4562 fuerunt.
409 4505 532 4574 Qua:
556 4506 602 4560 si
623 4520 810 4559 omnes
832 4511 1016 4574 gentes
1044 4501 1306 4562 facerent,
1335 4496 1524 4552 eodem
1552 4494 1732 4550 crimi-

181 4593 253 4648 nis
283 4607 418 4652 reatu
455 4599 627 4653 divina
672 4598 790 4667 lege
834 4602 1168 4659 tenerentur,
1198 4606 1316 4662 quae
1353 4605 1459 4644 non
1503 4589 1579 4644 sic
1607 4588 1731 4643 fecit

181 4679 394 4747 homines
431 4699 484 4744 ut
517 4705 575 4744 se
607 4689 699 4744 illo
729 4695 1004 4743 uterentur
1041 4685 1218 4740 modo.
1261 4682 1498 4738 Violatur
1536 4681 1732 4751 quippe

181 4769 280 4844 ipsa
299 4781 509 4835 societas
533 4796 653 4851 qua:
677 4795 796 4834 cum
824 4779 932 4832 Deo
960 4776 1111 4831 nobis
1139 4789 1257 4829 esse
1285 4773 1462 4836 debet,
1493 4786 1612 4826 cum
1638 4785 1729 4825 ea-

182 4864 285 4923 dem
305 4882 496 4941 natura,
517 4873 668 4943 cujus
690 4872 780 4927 ille
799 4880 982 4927 auctor
1004 4879 1102 4936 est,
1132 4867 1364 4923 libidinis
1390 4864 1732 4936 perversitate

183 4964 418 5029 polluitur.
449 4967 578 5035 Quae
619 4976 798 5019 autem
844 4973 1025 5018 contra
1071 4973 1252 5015 mores
1296 4957 1569 5011 hominum
1609 4962 1734 5009 sunt

186 5048 383 5124 ﬂagitia,
413 5073 506 5127 pro
534 5072 744 5112 morum
771 5055 1075 5110 diversitate
1100 5051 1309 5106 vitanda
1344 5059 1498 5114 sunt;
1542 5056 1596 5102 ut
1637 5062 1731 5116 pa-

188 5153 308 5203 etum
332 5152 460 5207 inter
478 5169 535 5207 se
554 5151 785 5207 civitatis
806 5159 896 5204 aut
914 5149 1088 5220 gentis
1111 5144 1490 5202 consuetudine
1515 5142 1598 5198 vel
1616 5141 1733 5211 lege

188 5237 417 5299 ﬁrmatum
437 5288 450 5312 ,
482 5245 625 5300 nulla
664 5244 803 5298 civis
835 5253 928 5296 aut
950 5239 1216 5311 peregrini
1242 5228 1459 5292 libidine
1484 5233 1730 5290 violetur.

191 5330 352 5406 Turpis
376 5339 510 5394 enim
538 5338 714 5393 omnis
753 5351 876 5406 pars
914 5344 997 5390 est
1035 5350 1132 5388 suo
1175 5333 1423 5387 universo
1463 5345 1567 5384 non
1600 5342 1732 5382 cou-

193 5441 371 5498 gratus.
408 5433 538 5489 Cum
569 5442 751 5488 autem
779 5431 919 5485 Deus
956 5429 1150 5498 aliquid
1186 5435 1370 5481 contra
1404 5437 1608 5479 morem
1645 5429 1737 5477 aut

197 5532 369 5590 pactum
405 5525 760 5597 quorumlibet
782 5523 966 5593 jubet,
996 5520 1096 5575 etsi
1125 5533 1391 5586 nunquam
1429 5515 1504 5570 ibi
1541 5513 1734 5568 factum

247 5639 389 5701 ίΑμιύ
403 5646 510 5691 Lov.
528 5638 720 5689 additur
753 5644 888 5701 petis
905 5633 1025 5701 ;sed
1044 5646 1102 5683 ea
1135 5645 1231 5701 vox
1247 5632 1388 5682 abest
1401 5640 1432 5678 a
1445 5637 1548 5701 tum.
1569 5633 1623 5701 et
1637 5624 1740 5701 ple-

200 5687 610 5766 quia
623 5712 738 5766 quae
752 5698 831 5748 hic
846 5687 1064 5748 laudatur
1079 5695 1282 5751 Justitia,
1319 5706 1411 5742 non
1445 5697 1523 5740 est
1553 5687 1653 5739 alia
1675 5689 1739 5739 ab

203 5760 284 5822 list}
297 5771 383 5813 nec
394 5760 476 5828 qui
491 5760 739 5827 praecepit.

3302 288 3410 350 690

1829 404 1932 462 est,
1960 394 2256 451 faciendum
2281 405 2365 454 est
2393 414 2404 452 :
2435 408 2491 454 et
2514 400 2560 454 si
2586 401 2864 467 omissum,
2891 401 3324 472 instaurandum;
3355 412 3413 460 et

1827 487 1874 540 si
1904 486 2200 542 institutum
2227 504 2330 544 non
2354 498 2488 557 erat,
2515 491 2897 549 instituendum
2918 503 3019 550 est.
3046 494 3101 550 Si
3125 495 3269 550 enim
3287 481 3407 565 regi

1826 577 1950 633 licet
1977 577 2029 632 in
2056 579 2268 634 civitate
2294 581 2377 635 cui
2407 591 2612 651 regnat,
2638 583 2828 652 jubere
2849 584 3045 656 aliquid
3069 585 3209 655 quod
3237 600 3412 656 neque

1827 677 1952 725 ante
1980 670 2126 724 illum
2155 671 2466 742 quisquam,
2499 687 2600 727 nec
2639 672 2752 742 ipse
2792 689 3022 744 unquam
3060 673 3326 745 jusserat;
3355 684 3412 730 et

1827 775 1934 816 non
1963 773 2144 818 contra
2175 763 2482 819 societatem
2513 763 2740 819 civitatis
2766 765 2816 818 ei
2845 764 3272 836 obtemperatur,
3302 767 3411 821 imo

1827 862 2011 908 contra
2044 855 2351 911 societatem
2375 871 2478 911 non
2499 857 2897 927 obtemperatur
2914 860 3197 929 :generale
3215 859 3411 930 quippe

1828 953 2037 1015 pactum
2071 955 2153 1001 est
2191 947 2461 1003 societatis
2500 947 2746 1004 humanae
2776 947 2996 1005 obedire
3021 950 3234 1021 regibus
3257 952 3367 1006 suis
3393 971 3407 1007 :

1827 1046 2024 1106 quanto
2045 1038 2212 1110 magis
2230 1039 2338 1095 Deo
2356 1039 2618 1111 regnatori
2639 1040 2898 1096 universa:
2915 1049 3173 1098 creaturae
3194 1057 3322 1104 suae,
3342 1043 3412 1097 ad

1827 1143 1890 1182 ea
1915 1144 2030 1197 qute
2047 1128 2282 1199 jusserit,
2299 1131 2414 1186 sine
2427 1131 2752 1187 dubitatione
2774 1133 3110 1190 serviendum
3128 1135 3247 1191 est?
3265 1134 3412 1192 Sicut

1827 1220 1966 1275 enim
1985 1221 2036 1275 in
2056 1225 2401 1291 potestatibus
2420 1226 2688 1281 societatis
2709 1226 2974 1294 humanae,
2993 1230 3162 1298 major
3177 1238 3410 1299 potestas

1826 1313 2018 1368 minori
2039 1313 2106 1368 ad
2126 1315 2479 1372 obediendum
2502 1319 2859 1389 praeponitur;
2891 1319 2960 1374 ita
2984 1320 3121 1375 Deus
3141 1321 3408 1376 omnibus.

1898 1405 1988 1460 16.
2019 1406 2150 1462 Item
2174 1408 2226 1461 in
2253 1407 2593 1475 facinoribus,
2622 1409 2712 1465 ubi
2738 1409 2898 1466 libido
2923 1419 3006 1465 est
3025 1412 3271 1474 nocendi,
3300 1413 3413 1467 sive

1827 1521 1924 1576 per
1948 1501 2342 1569 contumeliam,
2371 1503 2484 1558 sive
2511 1519 2608 1574 per
2633 1503 2916 1574 injuriam;
2945 1513 2998 1559 et
3023 1513 3304 1575 utrumque
3330 1506 3415 1561 vel

1829 1597 2116 1653 ulciscendi
2142 1611 2331 1665 causa,
2371 1597 2509 1653 sicut
2547 1596 2760 1652 inimico
2799 1598 3076 1663 inimicus;
3116 1598 3199 1652 vel
3243 1597 3414 1670 adipi-

1829 1690 2014 1747 scendi
2038 1689 2261 1760 alicujus
2282 1698 2432 1746 extra
2452 1690 2739 1752 commodi.
2763 1689 2900 1745 sicut
2924 1689 3057 1744 latro
3083 1689 3304 1755 viatori;
3332 1690 3416 1746 vel

1828 1781 2060 1840 evitandi
2101 1784 2261 1850 mali,
2306 1784 2442 1838 sicut
2478 1783 2528 1838 ei
2571 1784 2660 1854 qui
2705 1783 2951 1848 timetur;
2991 1782 3074 1837 vel
3106 1781 3412 1849 invidendo,

1827 1879 1965 1934 sicut
1990 1876 2212 1932 feliciori
2239 1876 2516 1942 miserior;
2548 1885 2639 1931 aut
2667 1876 2720 1931 in
2750 1876 2930 1946 aliquo
2966 1884 3335 1946 prosperatus,
3363 1876 3415 1930 ei

1828 1986 1988 2040 quem
2014 1968 2114 2024 sibi
2140 1969 2338 2038 aequari
2365 1969 2516 2024 timet
2555 1978 2646 2024 aut
2685 1969 2941 2039 aequalem
2980 1969 3157 2036 dolet;
3189 1969 3271 2024 vel
3301 1968 3416 2023 sola

1832 2060 2104 2131 voluptate
2136 2059 2294 2114 alieni
2325 2059 2485 2125 mali,
2516 2059 2653 2114 sicut
2688 2067 3015 2129 spectatores
3041 2059 3410 2131 gladiatorum,

1829 2162 1920 2208 aut
1961 2151 2241 2218 irrisores,
2288 2159 2382 2207 aut
2422 2151 2664 2207 illusores
2706 2151 3107 2220 quorumlibet:
3141 2151 3253 2207 haec
3291 2160 3417 2208 sunt

1830 2246 2001 2316 capita
2033 2244 2325 2315 iniquitatis
2345 2285 2358 2309 ,
2387 2259 2508 2315 quae
2545 2242 2802 2314 pullulant
2841 2241 3168 2314 principandi
3210 2252 3264 2297 et
3289 2257 3414 2314 spe-

1831 2338 2006 2393 ctandi
2031 2346 2086 2394 et
2110 2335 2370 2392 sentiendi
2399 2334 2642 2400 libidine,
2675 2344 2766 2388 aut
2789 2350 2922 2400 una,
2955 2343 3045 2388 aut
3082 2333 3284 2387 duabus
3319 2347 3413 2387 ea-

1831 2445 1970 2496 rum,
1991 2426 2259 2482 autsimul
2283 2425 2564 2492 omnibus;
2593 2435 2647 2481 et
2668 2425 2860 2478 vivitur
2882 2424 3018 2478 male
3041 2423 3294 2478 adversus
3317 2422 3414 2477 tria

1831 2530 1886 2576 et
1916 2529 2117 2590 septem
2139 2560 2155 2584 ,
2194 2517 2503 2588 psalterium
2542 2515 2724 2572 decem
2762 2515 3080 2571 chordarum
3106 2514 3417 2585 dccalogum

1831 2623 1979 2669 tuum
1999 2654 2016 2680 ,
2048 2613 2187 2668 Deus
2211 2611 2468 2667 altissime
2496 2619 2550 2666 et
2577 2609 2897 2665 dulcissime.
2945 2607 3050 2664 Sed
3079 2624 3195 2679 qua:
3221 2607 3414 2678 flagitia

1832 2703 1887 2759 in
1914 2713 1965 2760 te
1989 2704 2076 2775 qui
2105 2718 2208 2758 non
2235 2700 2630 2772 corrumperis?
2657 2709 2749 2756 aut
2773 2717 2890 2772 qua:
2919 2701 3170 2755 adversus
3202 2709 3252 2754 te
3286 2699 3415 2754 faci-

1831 2812 1997 2864 nora,
2025 2796 2110 2851 cui
2137 2797 2316 2852 noceri
2347 2811 2454 2852 non
2488 2794 2697 2865 potest?
2732 2793 2839 2850 Sed
2873 2792 2975 2846 hoc
3012 2793 3250 2847 vindicas
3275 2792 3418 2862 quod

1832 2890 1888 2946 in
1916 2906 1973 2945 se
2001 2888 2246 2944 homines
2274 2895 2616 2958 perpetrant,
2643 2889 2765 2956 quia
2796 2884 2955 2939 etiam
2983 2898 3102 2938 cum
3129 2883 3182 2937 in
3213 2890 3264 2937 te
3292 2896 3417 2952 pec-

1833 2990 1988 3045 cant,
2028 2982 2186 3051 impie
2215 2978 2416 3035 faciunt
2451 2979 2506 3034 in
2535 2977 2738 3031 animas
2770 2991 2927 3042 suas,
2954 2984 3003 3031 et
3035 2975 3286 3029 mentitur
3330 2975 3412 3027 iu-

1833 3073 2027 3144 iquitas
2042 3072 2164 3136 sibi,
2178 3073 2290 3128 sive
2309 3069 2702 3139 corrumpendo
2721 3084 2784 3122 ac
2806 3067 3155 3138 pervertendo
3176 3077 3417 3120 naturam

1833 3180 1983 3220 suam
2012 3179 2170 3234 quam
2213 3173 2270 3218 tu
2312 3164 2481 3220 fecisti
2523 3171 2581 3217 et
2622 3160 2914 3225 ordinasti,
2949 3159 3036 3215 vel
3073 3158 3420 3214 immoderate

1834 3256 2031 3312 utendo
2049 3257 2319 3312 concessis
2341 3257 2521 3322 rebus,
2551 3254 2636 3308 vel
2663 3253 2715 3307 in
2744 3268 2848 3306 non
2874 3266 3124 3306 concessa
3147 3249 3420 3321 llagrando

1833 3348 1886 3403 in
1909 3363 2031 3404 eum
2052 3363 2205 3402 usum
2226 3348 2313 3416 qui
2334 3355 2418 3402 est
2435 3355 2622 3403 contra
2642 3353 2917 3409 naturam;
2945 3353 3034 3397 aut
3053 3343 3128 3397 rei
3153 3350 3419 3406 tenentur,

1833 3440 2014 3494 animo
2051 3448 2106 3495 et
2141 3439 2316 3495 verbis
2351 3439 2635 3494 szevieutes
2674 3433 2930 3490 adversus
2965 3443 3052 3502 te,
3087 3441 3142 3490 et
3168 3434 3422 3488 adversus

1833 3531 2105 3586 stimulum
2150 3531 2520 3596 calcitrautes;
2570 3538 2660 3584 aut
2703 3543 2825 3584 cum
2872 3525 3124 3596 disruptis
3169 3523 3423 3579 limitibus

1835 3622 2080 3678 humanae
2107 3623 2406 3687 societatis,
2437 3622 2682 3676 laetantur
2709 3618 2939 3677 audaces
2975 3617 3204 3692 privatis
3239 3615 3422 3672 conci-

1835 3713 2138 3769 liationibus
2157 3724 2247 3769 aut
2267 3714 2707 3783 diremptionibus
2726 3753 2742 3779 ,
2775 3721 2928 3782 prout
2947 3713 3177 3783 quidque
3197 3707 3420 3767 delectae

1835 3806 1970 3861 verit
1998 3816 2088 3860 aut
2112 3805 2414 3861 offenderit.
2450 3806 2514 3859 Et
2540 3821 2601 3860 ea
2629 3805 2761 3858 fiunt
2785 3819 2905 3859 cum
2933 3813 2986 3858 tu
3013 3803 3417 3874 dercliuqueris,

1835 3898 1955 3954 fons
1981 3899 2100 3953 vitae
2117 3940 2131 3963 ,
2168 3899 2255 3968 qui
2282 3913 2342 3953 es
2365 3913 2500 3951 unus
2526 3907 2578 3952 et
2606 3911 2764 3950 verus
2788 3904 2997 3950 creator
3023 3904 3077 3950 et
3101 3906 3278 3950 rector
3303 3895 3420 3949 uni-

1834 3992 2128 4055 versitatis;
2154 3999 2208 4046 et
2241 3989 2438 4060 privata
2466 3989 2711 4057 superbia
2737 3989 2972 4058 diligitur
3000 3988 3050 4041 in
3079 3996 3228 4057 parte
3256 4003 3419 4040 unum

1835 4084 2046 4140 falsum.
2077 4083 2258 4154 Itaque
2287 4085 2478 4153 pietate
2503 4084 2686 4137 humili
2717 4082 2918 4138 reditur
2947 4083 2996 4135 in
3028 4089 3078 4136 te
3101 4124 3114 4147 ,
3146 4089 3201 4136 et
3222 4095 3419 4152 purgas

1835 4191 1934 4231 nos
1977 4191 2008 4230 a
2047 4173 2428 4230 consuetudine
2470 4176 2642 4240 mala,
2688 4183 2741 4229 et
2780 4172 3040 4243 propitius
3087 4187 3146 4227 es
3192 4172 3419 4242 peccatis

1835 4268 2199 4324 confitentium
2220 4309 2235 4334 ,
2274 4277 2328 4322 et
2366 4266 2583 4321 exaudis
2618 4266 2844 4336 gemitus
2872 4264 3288 4333 compeditorum
3314 4305 3327 4326 ,
3367 4269 3421 4317 et

1837 4360 1998 4415 solvis
2026 4375 2058 4414 a
2086 4359 2313 4414 vinculis
2347 4374 2465 4428 qua:
2507 4357 2658 4411 nobis
2694 4356 2945 4421 fecimus,
2976 4355 3018 4408 si
3045 4354 3153 4424 jam
3186 4367 3289 4408 non
3315 4352 3421 4406 eri-

1835 4466 2021 4522 gamus
2064 4451 2322 4506 adversus
2371 4459 2421 4504 te
2459 4462 2657 4503 cornua
2701 4448 2844 4501 falsae
2873 4445 3160 4510 libertatis,
3199 4443 3418 4496 avaritia

1835 4545 1956 4614 plus
1994 4543 2256 4608 habendi,
2301 4551 2356 4597 et
2393 4541 2588 4595 damno
2631 4549 2798 4594 totum
2837 4535 3147 4601 amittendi;
3188 4532 3419 4604 amplius

1839 4634 2066 4690 amando
2093 4633 2363 4704 proprium
2390 4643 2654 4698 nostrum,
2684 4645 2840 4701 quam
2862 4638 2912 4684 te
2933 4627 3170 4682 omnium
3196 4626 3415 4681 bonum.

2440 4763 2665 4821 CAPUT
2703 4762 2796 4819 1X.

1909 4881 2191 4937 Discrimen
2227 4879 2361 4934 inter
2393 4888 2596 4950 peccata
2613 4917 2630 4942 ,
2673 4887 2719 4931 et
2747 4877 2874 4931 inter
2900 4875 2999 4931 Dei
3016 4875 3270 4947 judicium
3303 4883 3352 4930 et

2506 4969 2782 5023 hominum.

1911 5089 2001 5144 17.
2039 5086 2146 5143 Sed
2174 5087 2313 5140 inter
2336 5082 2530 5151 ﬂagitia
2557 5091 2610 5137 et
2636 5081 2867 5136 facinora
2892 5087 2947 5135 et
2971 5088 3078 5134 tam
3120 5080 3312 5134 multas
3341 5079 3424 5133 in-

1841 5184 2090 5254 iquitates
2108 5222 2124 5247 ,
2154 5187 2279 5235 sunt
2305 5186 2524 5249 peccata
2551 5174 2962 5245 proﬁcientium,
2981 5187 3102 5243 quae
3125 5187 3153 5225 a
3181 5172 3315 5225 bene
3335 5170 3423 5239 ju-

1841 5272 2139 5330 dicentibus
2163 5280 2220 5326 et
2247 5271 2613 5340 vituperantur
2639 5283 2708 5322 ex
2743 5266 2921 5336 regula
2965 5258 3332 5334 perfectionis,
3369 5268 3425 5314 et

1844 5365 2126 5422 laudantur
2145 5377 2239 5434 spe
2259 5361 2442 5431 frugis,
2470 5360 2610 5413 sicut
2627 5358 2790 5412 herba
2814 5355 3030 5425 segetis.
3055 5352 3121 5406 Et
3139 5359 3261 5404 sunt
3278 5364 3426 5417 qua:-

1845 5459 1967 5514 dam
1993 5457 2186 5512 similia
2210 5455 2293 5510 vel
2320 5453 2516 5525 flagitio
2539 5451 2620 5505 vel
2648 5448 2899 5509 facinori,
2929 5455 2982 5498 et
3017 5456 3120 5496 non
3151 5448 3275 5493 sunt
3299 5453 3425 5506 pec.

1846 5559 1998 5616 cata;
2028 5551 2150 5620 quia
2175 5561 2275 5601 nec
2303 5554 2356 5600 te
2374 5542 2647 5599 offendunt
2668 5541 2944 5594 Dominum
2969 5534 3131 5586 Deum
3156 5539 3422 5596 nostrum,

1846 5659 1946 5700 nec
1983 5619 2183 5698 sociale
2211 5639 2533 5695 consortium
2568 5653 2582 5688 :
2611 5648 2732 5688 cum
2769 5625 3113 5684 conciliantur
3149 5619 3322 5686 aliqua
3366 5620 3420 5676 in

1847 5749 2006 5792 usum
2040 5735 2164 5790 vitae
2187 5745 2417 5803 congrua
2445 5725 2702 5800 tempori,
2731 5729 2786 5777 et
2811 5719 3066 5774 incertum
3097 5719 3180 5767 est
3204 5723 3272 5764 an
3295 5708 3422 5765 libi-
