3880 6416
453 373 624 452 ,695
1178 421 1180 423 .
1367 377 1398 393 θ

519 511 680 551 sanus
705 498 872 566 factus
889 511 940 550 es
955 511 973 561 ,°
999 495 1114 567 jam
1135 496 1241 551 noli
1269 507 1492 566 peccare,
1520 508 1583 546 ne
1611 490 1734 561 quid
1767 486 1855 542 tibi
1887 479 2101 536 deterius

466 567 468 569 i
526 586 783 658 contingat
811 585 989 660 (Joan.
1019 602 1076 654 v,
1106 587 1226 657 14).
1257 587 1425 654 Quam
1449 595 1610 641 totam
1642 584 1715 640 illi
1736 583 2100 640 salubritatem

523 678 828 734 interﬁcere
853 687 1133 745 conantur,
1161 695 1282 735 cum
1329 679 1513 735 dicunt
1540 696 1553 732 :
1580 678 1657 733 De
1697 677 1834 734 caelo
1878 676 1970 732 tibi
2022 684 2104 731 est

526 772 850 828 inevitabilis
879 787 1038 828 causa
1067 771 1352 843 peccandi;
1394 781 1468 839 et,
1499 771 1680 827 Venus
1709 771 1812 828 hoc
1847 769 1990 834 fecit,
2013 779 2104 824 aut

529 862 811 933 Saturnus,
839 873 930 919 aut
953 862 1110 920 Mars.
1139 862 1371 930 Scilicet,
1398 876 1456 919 ut
1491 864 1651 920 homo
1690 863 1807 920 sine
1830 864 1984 934 culpa
2011 865 2099 931 sit,

527 972 654 1012 caro
673 965 726 1012 et
752 958 967 1027 sanguis
995 965 1049 1012 et
1065 956 1288 1026 superba
1315 957 1569 1028 putredo;
1595 956 1886 1026 culpandus
1914 958 1983 1011 sit
2005 971 2102 1012 au-

525 1059 636 1104 tem
662 1049 786 1104 coeli
812 1064 875 1104 ac
898 1048 1130 1104 siderum
1158 1058 1366 1105 creator
1389 1058 1442 1104 et
1466 1049 1756 1105 ordinator.
1787 1049 1855 1105 Et
1880 1049 1997 1122 quis
2022 1058 2105 1104 est

527 1143 638 1207 hic,
671 1142 772 1196 nisi
800 1143 940 1196 Deus
982 1149 1186 1209 noster,
1218 1141 1450 1196 suavitas
1489 1149 1544 1197 et
1566 1142 1714 1212 origo
1743 1141 1982 1211 justitiae,
2013 1141 2102 1211 qui

532 1231 716 1287 reddis
739 1233 1024 1303 unicuique
1067 1231 1356 1288 secundum
1386 1247 1546 1302 opera
1593 1232 1709 1302 ejus
1734 1231 1956 1306 (Matth.
1988 1247 2100 1300 xvr,
2153 1239 2156 1242 ’

524 1322 655 1396 27),
704 1333 758 1379 et
794 1340 888 1380 cor
934 1323 1219 1380 contritum
1272 1333 1327 1380 et
1374 1324 1706 1380 bumiliatum
1731 1339 1837 1380 non
1863 1325 2101 1394 spernis?

525 1414 545 1483 (
569 1412 715 1468 Psal.
743 1432 793 1481 L,
828 1414 941 1487 l9.)

601 1508 654 1559 5.
685 1506 816 1561 Erat
854 1521 921 1562 eo
967 1516 1203 1578 tempore
1251 1513 1334 1564 vir
1375 1524 1535 1581 sagax
1567 1507 1642 1582 (a)
1669 1551 1685 1578 ,
1714 1510 1936 1566 medicae
1974 1511 2102 1566 artis

538 1597 916 1668 peritissimus,
960 1607 1119 1672 atque
1159 1601 1213 1654 in
1240 1615 1303 1656 ea
1328 1601 1707 1668 nobilissimus,
1739 1603 1829 1673 qui
1854 1618 1950 1673 pro
1979 1617 2105 1657 con-

528 1689 644 1743 sule
671 1690 688 1720 ί
715 1705 873 1744 manu
896 1705 988 1745 sua
1017 1707 1266 1747 coronam
1295 1693 1436 1748 illam
1466 1695 1809 1765 agonisticam
1837 1696 2104 1766 imposue-

525 1789 612 1835 rat
638 1796 742 1836 non
784 1797 914 1836 sano
947 1784 1106 1853 capiti
1137 1800 1278 1852 meo,
1311 1785 1410 1841 sed
1454 1802 1560 1841 non
1591 1796 1648 1842 ut
1689 1787 1945 1842 medicus.
1976 1788 2104 1843 Nam

524 1871 667 1928 illius
695 1875 866 1930 morbi
894 1885 946 1930 tu
978 1887 1211 1946 sanator,
1234 1880 1324 1950 qui
1351 1880 1557 1936 resistis
1594 1883 1858 1954 superbis,
1892 1883 2106 1939 humili-

525 1962 627 2018 bus
670 1975 846 2021 autem
875 1967 971 2023 das
997 1969 1219 2038 gratiam
1245 1970 1300 2040 (Ι
1328 1968 1469 2025 Petr.
1517 1987 1570 2037 v,
1599 1971 1688 2045 5).
1717 1971 1984 2044 Numquid
2025 1983 2095 2030 ta-
2131 1990 2158 2060 ἑ

526 2070 652 2110 men
679 2057 836 2111 etiam
866 2073 960 2127 per
984 2059 1128 2114 illum
1172 2075 1356 2115 senem
1385 2061 1596 2118 defuisti
1640 2063 1792 2131 mihi,
1833 2074 1924 2120 aut
1947 2065 2095 2121 desti-

529 2145 641 2200 tiSti
667 2146 867 2202 mederi
892 2149 1084 2204 animae
1129 2152 1298 2205 meae?
1326 2151 1459 2219 Quia
1502 2153 1644 2208 enim
1673 2153 1843 2210 factus
1885 2157 1932 2211 ei
1962 2173 2104 2212 eram

527 2234 861 2307 familiarior,
886 2248 940 2294 et
959 2240 1073 2310 ejus
1103 2244 1439 2299 sermonibus
1466 2243 1655 2315 (erant
1681 2245 1823 2300 enim
1850 2247 1964 2302 sine
1989 2263 2083 2302 ver

527 2329 720 2384 borum
744 2332 886 2386 cultu
909 2333 1187 2391 vivacitate
1224 2337 1604 2393 sententiarum
1649 2339 1868 2408 jucundi
1898 2349 1953 2395 et
1991 2357 2110 2412 gra-

528 2420 656 2492 ves)
704 2424 947 2480 assiduus
987 2436 1038 2481 et
1074 2427 1211 2482 ﬁxus
1239 2429 1596 2496 inhterebam;
1642 2432 1731 2486 ubi
1759 2435 2008 2502 cognovit
2045 2450 2112 2492 ex

531 2511 800 2583 colloquio
822 2531 943 2570 meo
967 2517 1116 2572 libris
1131 2519 1579 2588 genethliacorum
1600 2513 1728 2578 esse'
1741 2539 1827 2578 me
1853 2524 2110 2593 deditum,

530 2602 760 2674 benigne
786 2620 851 2660 ac
891 2615 1111 2677 paterne
1137 2612 1342 2665 monuit
1370 2622 1428 2666 ut
1472 2627 1564 2667 eos
1608 2613 1913 2683 abjicerem,
1944 2633 2112 2688 neque

531 2709 716 2751 curam
742 2707 796 2753 et
809 2713 1025 2769 operam
1052 2703 1210 2759 rebus
1237 2705 1454 2760 utilibus
1475 2710 1846 2775 necessariam,
1865 2709 1938 2763 illi
1967 2712 2101 2764 vani-

536 2789 632 2842 tati
656 2788 850 2845 frustra
881 2792 1242 2862 impenderem
1265 2813 1278 2848 :
1301 2797 1480 2852 dicens
1508 2800 1577 2853 ita
1604 2816 1661 2855 se
1682 2801 1824 2855 illam
1843 2801 2112 2872 didicisse,

541 2889 601 2936 ut
629 2881 744 2953 ejus
771 2884 1150 2954 professionem
1176 2889 1360 2960 primis
1387 2891 1539 2947 annis
1565 2895 1744 2949 aetatis
1769 2910 1877 2949 sua:
1907 2895 2115 2951 deferre

531 2972 805 3043 voluisset,
851 2992 953 3047 qua
982 2979 1142 3034 vitam
1174 2982 1422 3054 degeret;
1463 2992 1517 3039 et
1545 2985 1590 3040 si
1633 2985 2005 3056 Hippocratem
2032 2989 2116 3044 in-

534 3065 850 3135 tellexisset,
907 3078 960 3124 et
1006 3071 1124 3126 illas
1170 3075 1350 3144 utique
1391 3075 1593 3132 litteras
1632 3081 1866 3148 potuisse
1921 3081 2118 3137 intelli-

533 3169 663 3224 gere
687 3159 708 3189 ¹
744 3175 759 3212 :
809 3168 864 3213 et
883 3169 1059 3217 tamen
1087 3179 1190 3217 non
1211 3166 1281 3219 ob
1300 3167 1456 3221 aliam
1482 3183 1695 3224 causam
1737 3188 1794 3226 se
1831 3184 2029 3242 postea,
2058 3176 2118 3229 il-

533 3243 604 3300 lis
627 3247 846 3315 relictis,
870 3251 1184 3307 medicinam
1205 3266 1524 3325 assecutum,
1548 3260 1647 3314 nisi
1674 3262 1814 3332 quod
1831 3279 1919 3318 eas
1943 3264 2115 3321 falsis-

535 3337 699 3392 simas
753 3345 1138 3412 comperisset,
1180 3355 1234 3400 et
1276 3348 1438 3403 nollet
1472 3351 1552 3405 vir
1593 3355 1768 3422 gravis
1794 3355 2116 3426 decipiendis

536 3425 845 3487 hominibus
869 3435 1068 3491 victum
1090 3454 1345 3508 quaarere.
1369 3441 1435 3494 At
1455 3454 1527 3511 tu,
1553 3444 1742 3514 inquit,
1765 3464 1863 3517 quo
1887 3425 2001 3503 tein
2025 3452 2106 3505 ho-

539 3521 761 3576 minibus
775 3535 1020 3583 sustentas
1033 3529 1074 3595 ³,
1103 3531 1402 3588 rhetoricam
1417 3544 1591 3601 tenes;
1618 3537 1748 3592 hanc
1767 3551 1935 3595 autem
1964 3543 2108 3613 falla-

539 3611 672 3665 ciam
701 3612 854 3670 libero
871 3621 1056 3683 studio,
1077 3639 1177 3676 non
1195 3626 1482 3681 necessitate
1500 3628 1573 3682 rei
1591 3629 1860 3698 familiaris
1875 3611 2080 3688 sectaris
2096 3653 2116 3702 ,°

555 3717 654 3772 quo
671 3708 832 3778 magis
851 3710 974 3765 mihi
1011 3722 1056 3767 te
1076 3725 1270 3784 oportet
1298 3717 1361 3772 de
1379 3718 1470 3772 illa
1501 3721 1722 3788 credere,
1754 3724 1842 3793 qui
1877 3742 1987 3778 eam
2016 3735 2119 3781 tam

541 3799 763 3868 perfecte
795 3801 983 3858 discere
1014 3807 1282 3872 elaboravi,
1307 3827 1458 3880 quam
1477 3828 1538 3865 ex
1562 3830 1619 3867 ea
1635 3815 1745 3869 sola
1762 3815 1925 3870 vivere
1960 3818 2114 3871 volui.

537 3887 582 3941 Δ
611 3904 717 3957 quo
741 3907 838 3962 ego
860 3908 979 3951 cum
1025 3900 1335 3968 qutcsissem
1357 3920 1476 3974 quae
1506 3920 1663 3960 causa
1690 3923 1816 3979 ergo
1845 3909 2040 3965 faceret
2063 3919 2119 3965 ut

540 3981 710 4037 multa
754 3982 878 4040 inde
905 4002 1030 4043 vera
1079 3996 1574 4063 pronuntiarentur;
1621 4000 1895 4067 respondit
1924 4001 2031 4066 ille,
2062 4011 2119 4056 ut

538 4075 732 4143 potuit,
764 4079 868 4133 vim
897 4084 1056 4137 sortis
1078 4083 1181 4141 hoc
1209 4087 1383 4144 facere
1413 4091 1465 4144 in
1495 4106 1673 4147 rerum
1700 4102 1886 4149 natura
1923 4112 2126 4167 usque-,

537 4183 752 4261 quaque
794 4171 1059 4230 dill‘usam.
1093 4179 1148 4234 Si
1188 4183 1326 4236 cnim
1358 4183 1426 4238 de
1456 4186 1658 4254 paginis
1683 4186 1706 4218 ’⁵
1753 4198 1923 4256 poetae
1951 4192 2118 4261 cujus-

539 4257 681 4350 piam
730 4262 886 4334 longe
922 4268 1066 4323 aliud
1109 4273 1358 4328 canentis
1400 4283 1558 4345 atque
1603 4278 1948 4350 intendentis,
1995 4257 2116 4338 cum

539 4349 679 4405 forte
707 4355 826 4424 quis
849 4359 1094 4427 consulit,
1119 4362 1431 4419 mirabiliter
1453 4381 1719 4424 consonus
1738 4349 1950 4440 negotio
1974 4389 2117 4444 saepe

537 4459 727 4501 versus
778 4450 972 4517 exiret;
1031 4453 1327 4509 mirandum
1377 4472 1483 4512 non
1511 4465 1639 4514 esse
1685 4461 1914 4531 dicebat,
1963 4466 2009 4520 si
2053 4482 2115 4522 ex

537 4538 716 4594 anima
743 4539 994 4612 humana,
1021 4547 1292 4616 superiore
1335 4549 1510 4621 aliquo
1543 4551 1817 4623 instinctu,
1846 4558 2118 4614 nesciente

548 4629 672 4701 quid
718 4638 767 4686 in
793 4652 850 4687 se
877 4637 1046 4700 ﬁeret,
1079 4654 1184 4694 non
1209 4650 1322 4696 arte
1358 4643 1452 4699 sed
1477 4655 1622 4702 sorte
1667 4658 1883 4704 sonaret
1918 4652 2115 4720 aliquid

535 4723 676 4790 quod
698 4723 1069 4800 interrogantis
1093 4733 1251 4788 rebus
1278 4734 1532 4807 factisque
1553 4741 1880 4797 concineret.

617 4815 669 4868 6.
703 4815 771 4869 Et
809 4819 908 4872 hoc
934 4821 1144 4888 quidem
1175 4825 1242 4877 ab
1271 4826 1360 4879 illo
1399 4829 1481 4882 vel
1511 4844 1606 4898 per
1634 4831 1782 4887 illum
1822 4840 2113 4902 procurasti

545 4903 701 4958 mihi.
732 4906 798 4960 Et
819 4909 943 4983 quid
972 4911 1084 4977 ipse
1125 4923 1303 4981 postea
1344 4931 1439 4986 per
1477 4934 1561 4974 me
1599 4920 1771 4990 ipsum
1797 4939 2107 4993 qurererem.

537 4995 599 5050 in
627 4998 885 5055 memoria
905 5015 1025 5056 mea
1045 5001 1342 5061 delineasti.
1367 5007 1514 5064 Tunc
1531 5020 1708 5066 autem
1735 5029 1835 5070 nec
1855 5016 1986 5086 ipse,
2017 5033 2116 5076 nec

599 5160 620 5191 ί
643 5167 737 5210 Pro
753 5162 970 5230 conante,
1000 5165 1136 5227 juxta
1154 5171 1226 5214 Er.
1261 5167 1403 5230 Lugd.
1426 5177 1542 5219 Ven.
1580 5171 1820 5222 Benedict.
1861 5177 2115 5226 Proemqu

535 5231 859 5288 emunitam,
886 5226 1024 5288 juxta
1043 5233 1151 5276 nov.
1188 5236 1241 5276 M.
1328 5226 1350 5230 ⁷
2115 5242 2125 5281 ξ

601 5275 1121 5357 'Siclegendum_cum
1142 5275 1246 5340 Mss.
1277 5292 1414 5357 angi.
1447 5317 1508 5327 —
1539 5293 1612 5357 sic
1641 5295 1787 5342 etiam
1804 5275 2121 5357 juxtaGMssf

534 5341 656 5415 flor.
695 5355 759 5395 tua
777 5341 820 5396 τί.
843 5363 948 5399 cum
979 5351 1010 5400 3
1040 5360 1163 5412 Mss,
1187 5361 1239 5402 et
1257 5341 1399 5402 noud.
1424 5367 1533 5403 cum
1567 5352 1599 5400 4
1630 5341 2115 5418 tif—[‘13th

534 5406 838 5457 melimerej
2119 5427 2128 5457 ,λ

532 5411 838 5474 intelligere.)
1152 5411 1155 5412 ⁷
1848 5411 1869 5418 “
2117 5453 2124 5484 γ

599 5470 902 5538 fSustentes,
929 5475 1068 5538 juxta
1091 5484 1200 5527 Lov.
1222 5483 1275 5526 et
1305 5475 1450 5524 ttond.
1501 5483 1558 5525 Μ.

597 5529 621 5561 ⁸
642 5543 689 5592 At
709 5540 768 5581 u-!
793 5529 897 5605 Αεῃῖ
915 5529 984 5586 ἐν.
1011 5547 1061 5588 et
1078 5546 1187 5588 ιον.
1206 5538 1268 5587 de
1289 5538 1512 5602 paganis,
1529 5538 1708 5600 quibus
1738 5553 1995 5605 perperam
2013 5544 2103 5593 suf‘

531 5589 781 5656 fugantur
805 5595 988 5663 aliquot
1004 5607 1107 5650 mss.

596 5673 894 5752 SaLScilicet,
907 5681 1205 5752 vindicianus
1221 5693 1283 5752 ea
1302 5682 1496 5752 nomine
1509 5683 1964 5752 posteadesignatus
1972 5689 2093 5741 lib.7

795 5741 856 5792 ab
876 5743 1138 5806 augustino
1157 5743 1377 5800 laudatus
1407 5743 1454 5796 in
1485 5735 1634 5816 E'pist.
1650 5747 1758 5817 138,
1775 5735 2093 5820 ﬂagitii}

1606 355 2115 423 CONFESSIONUM
2152 353 2211 412 S.
2253 358 2618 418 AUGUSTINI

3643 373 3724 432 696

2215 477 2556 533 cbarissimus
2603 494 2753 535 meus
2793 479 3075 536 Nebridius
3099 521 3113 546 ,
3160 481 3453 542 adolescens
3486 487 3620 544 valde
3642 490 3721 548 bo~

2209 583 2310 624 nus
2335 579 2390 624 et
2416 570 2570 625 valde
2611 579 2798 626 cautus
2822 573 2840 604 ¹
2865 612 2883 639 ,
2910 571 3140 628 irridens
3169 582 3330 628 totum
3358 575 3474 632 illud
3498 578 3724 641 divinatio-

2211 662 2294 717 nis
2321 675 2508 732 genus,
2542 663 2861 732 persuadere
2887 664 3018 718 mihi
3047 672 3334 734 potuerunt
3358 675 3414 723 ut
3439 669 3543 725 haec
3563 673 3723 744 abjice.

2208 769 2326 810 rem
2355 772 2369 808 ε
2398 754 2648 825 quoniam
2693 771 2782 812 me
2825 756 3055 830 amplius
3096 756 3331 827 ipsorum
3374 770 3616 819 auctorum
3638 782 3726 824 tuo-

2208 845 2369 902 vebat
2389 847 2676 902 auctoritas
2697 865 2714 913 ;
2739 856 2794 904 et
2827 849 3026 903 nullum
3056 859 3260 904 certum
3299 851 3446 921 quale
3466 857 3719 923 quaerebam

2209 938 2583 995 documentum
2597 939 2770 995 adhuc
2788 941 3115 1007 inveneram,
3129 957 3234 1011 quo
3248 942 3374 997 mihi
3390 943 3498 1000 sine
3519 947 3730 1018 ambigui-

2210 1036 2318 1084 tate
2337 1040 2650 1102 appareret,
2681 1047 2799 1104 quae
2825 1032 2893 1087 ab
2921 1033 3001 1088 eis
3023 1033 3280 1088 consultis
3306 1049 3426 1090 vera
3461 1034 3726 1109 dicerentur,

2208 1122 2348 1181 Sorte
2375 1125 2460 1180 vel
2504 1133 2668 1192 sorte,
2698 1141 2802 1181 non
2832 1136 2949 1182 arte
2995 1126 3354 1197 inspectorum
3379 1127 3592 1186 siderum
3610 1131 3708 1189 diei.

2791 1217 3020 1272 CAPUT
3059 1217 3146 1273 IV.

2222 1305 2448 1362 {fortuna
2485 1318 2534 1363 et
2568 1308 2871 1377 baptismum
2906 1309 3057 1364 amici
3093 1320 3288 1376 narrat,
3311 1328 3451 1382 quem
3481 1315 3614 1368 etiam
3653 1320 3731 1373 suis

2280 1400 2531 1455 erroribus
2559 1401 2865 1466 involverat;
2889 1418 3044 1470 eoque
3065 1412 3224 1458 morte
3258 1405 3466 1469 sublato,
3493 1407 3614 1463 dolet
3642 1426 3730 1480 gra-

2280 1492 2497 1548 vissime.
2528 1491 2779 1548 Hirabilis
2804 1493 3025 1565 e/jicacia
3054 1496 3353 1550 sacramenti
3371 1495 3614 1570 Baptismi.

2284 1583 2335 1636 7.
2377 1583 2433 1637 In
2464 1583 2568 1638 illis
2611 1585 2784 1650 annis,
2816 1599 2922 1654 quo
2946 1585 3178 1656 primum
3209 1594 3443 1657 tempore
3470 1588 3518 1642 in
3552 1594 3728 1647 munici-

2157 1707 2159 1710 ι
2211 1676 2301 1743 pio
2329 1689 2432 1744 quo
2461 1683 2613 1733 natus
2650 1690 2768 1729 sum
2803 1675 2995 1731 docere
3031 1691 3320 1747 coeperam,
3365 1694 3730 1750 comparavetam

2211 1765 2441 1819 amicum
2479 1765 2729 1820 societate
2759 1766 3054 1820 studiorum
3092 1767 3254 1822 nimis
3289 1768 3518 1834 charum,
3544 1784 3729 1826 cova

2212 1854 2344 1910 mibi
2368 1863 2422 1910 et
2448 1854 2828 1912 conﬂorentem
2859 1857 2991 1912 ﬂore
3015 1857 3405 1913 adolescentiae.
3436 1858 3615 1914 Mecum
3637 1877 3732 1932 puer

2214 1956 2472 2012 creverat,
2514 1958 2570 2002 et
2602 1950 2798 2018 pariter
2839 1948 2893 2002 in
2934 1947 3170 2003 scholam
3217 1949 3463 2016 ieramus,
3493 1953 3732 2022 pariterque

2216 2040 2530 2098 luseramus.
2568 2039 2672 2096 Sed
2711 2041 2948 2096 nondum
2989 2051 3105 2097 erat
3131 2043 3213 2097 sic
3251 2044 3469 2111 amicus,
3493 2059 3732 2115 quanquam

2217 2145 2286 2190 ne
2308 2139 2433 2187 tunc
2456 2131 2672 2202 quidem
2697 2132 2857 2187 sicuti
2886 2141 2969 2188 est
2992 2149 3116 2189 vera
3145 2135 3411 2202 amicitia;
3438 2136 3547 2206 quia
3569 2151 3660 2192 nou
3675 2147 3735 2193 est

2217 2239 2363 2290 vera,
2407 2225 2508 2280 nisi
2549 2240 2671 2280 cum
2713 2240 2833 2280 eam
2875 2235 2935 2280 tu
2974 2227 3274 2297 agglutinas
3318 2227 3452 2282 inter
3478 2228 3731 2282 inhaerentes

2217 2314 2331 2382 tibi,
2361 2316 2617 2372 cliaritate
2637 2317 2830 2373 diil'usa
2858 2319 2911 2372 in
2932 2319 3185 2374 cordibus
3207 2321 3403 2376 nostris
3426 2335 3514 2389 per
3537 2320 3731 2391 Spiritum

2218 2418 2458 2464 sanctum
2490 2410 2580 2480 qui
2613 2410 2768 2464 datus
2799 2417 2881 2465 est
2908 2410 3064 2465 nobis
3087 2409 3268 2482 (Rom.
3306 2428 3360 2477 v,
3389 2413 3462 2479 5).
3487 2411 3583 2468 Sed
3604 2423 3732 2468 tamen

2219 2501 2387 2557 dulcis
2402 2511 2516 2558 erat
2539 2503 2716 2567 nimis,
2743 2513 2923 2559 coacta
2939 2505 2961 2536 '
2990 2502 3200 2559 fervore
3221 2505 3461 2574 parilium
3478 2506 3728 2562 studiorum.

2218 2593 2351 2649 Nam
2380 2604 2432 2649 et
2457 2609 2486 2647 a
2513 2594 2618 2650 ﬁde
2652 2610 2799 2662 vera,
2831 2611 2988 2665 quam
3014 2611 3122 2650 non
3155 2598 3478 2666 germanitus
3509 2607 3555 2652 et
3579 2600 3731 2667 penitus

2220 2684 2530 2740 adolescens
2561 2686 2792 2749 tenebat,
2825 2684 3143 2741 deflexeram
3185 2702 3286 2758 ego
3311 2703 3432 2742 eum
3459 2688 3505 2742 in
3535 2689 3729 2757 supersti-

2221 2776 2383 2830 tiosas
2407 2775 2624 2831 fabellas
2649 2784 2702 2831 et
2737 2776 3084 2846 perniciosas,
3128 2789 3348 2849 propter
3369 2794 3493 2849 quas
3517 2779 3729 2849 plangebat

2221 2880 2310 2923 me
2334 2877 2522 2928 mater.
2540 2866 2744 2922 Mecum
2769 2867 2877 2937 jam
2908 2868 3123 2922 errabat
3141 2869 3197 2922 in
3225 2869 3404 2922 animo
3429 2869 3570 2922 homo
3589 2867 3673 2933 ille,
3694 2875 3729 2920 et

2223 2973 2330 3014 non
2356 2966 2561 3030 poterat
2580 2959 2754 3013 anima
2784 2973 2903 3014 mea
2929 2959 3044 3014 sine
3071 2960 3184 3014 illo.
3215 2960 3285 3015 Et
3307 2975 3431 3016 ecce
3451 2970 3500 3014 tu
3517 2959 3728 3014 imminens

2222 3051 2384 3105 dorso
2437 3050 2774 3120 fugitivorum
2816 3059 3062 3118 tuorum,
3105 3052 3250 3106 Deus
3291 3053 3536 3108 ultionum
3569 3060 3608 3106 et
3640 3048 3725 3103 fons

2221 3143 2705 3198 misericordiarum
2738 3143 2916 3209 simul,
2947 3144 3036 3214 qui
3062 3144 3365 3200 convertis'
3393 3158 3486 3199 nos
3511 3144 3567 3198 ad
3591 3153 3631 3196 te
3648 3142 3722 3195 mi-

2224 3235 2299 3290 ris
2325 3235 2526 3301 modis;
2566 3249 2692 3290 ecce
2716 3235 2981 3290 abstulisti
3014 3236 3287 3290 hominem
3310 3236 3376 3290 de
3410 3236 3502 3289 hac
3520 3235 3622 3299 vita,
3643 3246 3727 3286 cum

2224 3327 2310 3381 vix
2344 3328 2662 3396 explevisset
2693 3343 2889 3381 annum
2915 3327 2967 3381 in
3000 3328 3233 3382 amicitia
3274 3344 3412 3391 mea,
3443 3327 3603 3383 suavi"
3633 3325 3723 3380 mihi

2224 3433 2386 3488 super
2404 3434 2590 3473 omnes
2608 3419 2898 3473 suavitates
2929 3419 3070 3472 illius
3094 3419 3217 3473 vita:
3249 3434 3400 3475 mete.

2295 3509 2349 3564 8.
2388 3508 2517 3578 Quis
2542 3508 2726 3564 laudes
2748 3519 2864 3564 tuas
2888 3518 3166 3564 enumerat
3198 3524 3356 3572 unus,
3381 3509 3430 3563 in
3460 3523 3513 3564 se
3533 3523 3621 3562 uno
3641 3520 3730 3576 quas

2219 3598 2475 3672 expertus
2502 3603 2615 3657 est?
2641 3602 2775 3670 Quid
2807 3613 2929 3658 tunc
2952 3602 3143 3669 fecisti,
3189 3604 3331 3658 Deus
3360 3617 3515 3667 meus,
3545 3610 3591 3656 et
3619 3613 3730 3671 quam

2214 3667 2608 3764 'investigabilis
2633 3694 2854 3765 abyssus
2875 3694 3195 3763 judiciorum
3228 3694 3471 3750 tuorum?
3495 3693 3607 3748 Cum
3629 3691 3730 3746 enim

2224 3786 2603 3842 laboraret-ille
2630 3787 2880 3853 febribus,
2900 3787 3066 3855 jacuit
3087 3788 3179 3842 diu
3209 3789 3327 3844 sine
3349 3802 3498 3843 sensu
3524 3787 3567 3840 in
3589 3783 3731 3839 sudore

2220 3871 2389 3933 letali.
2420 3879 2484 3932 Et
2521 3893 2640 3932 cum
2667 3879 3064 3947 desperaretur,
3095 3879 3389 3949 baptizatus
3429 3889 3505 3934 est
3528 3877 3729 3935 nesciens.

2227 3983 2314 4023 me
2339 3983 2444 4023 non
2465 3979 2703 4034 curante,
2730 3979 2784 4025 et
2803 3981 3156 4039 praesumente
3178 3972 3228 4026 id
3252 3974 3474 4027 retinere
3497 3971 3642 4040 potius
3656 3963 3734 4018 ani-

2227 4076 2368 4115 mam
2394 4061 2509 4131 ejus
2528 4061 2664 4132 quod
2692 4076 2719 4115 a
2750 4077 2834 4116 me
2861 4073 3155 4133 acceperat,
3193 4079 3298 4119 non
3319 4065 3453 4134 quod
3481 4065 3528 4117 in
3549 4060 3731 4115 nescien-

2228 4154 2294 4206 tis
2332 4169 2553 4224 corpore
2582 4155 2756 4209 ﬁebat.
2785 4154 2966 4226 Longe
3001 4167 3175 4211 autem
3209 4157 3363 4211 aliter
3388 4165 3523 4220 erat;
3551 4166 3647 4208 nam
3676 4162 3733 4202 r8-

2226 4255 2435 4300 creatus
2472 4255 2553 4301 est
2591 4254 2644 4301 et
2684 4248 2861 4302 salvus
2903 4247 3091 4303 factus.
3143 4236 3434 4320 Statimque
3478 4257 3528 4302 ut
3563 4246 3732 4316 primum

2226 4351 2346 4392 cum
2375 4354 2440 4394 eo
2467 4339 2607 4409 loqui
2648 4341 2792 4409 potui
2821 4342 2988 4410 (potui
3023 4351 3199 4396 autem
3240 4359 3359 4398 mox
3392 4349 3444 4396 ut
3480 4339 3559 4395 ille
3589 4335 3730 4408 potuit,

2224 4429 2435 4500 quando
2463 4446 2568 4485 non
2599 4431 2953 4495 discedebam,
2977 4443 3030 4487 et
3055 4435 3214 4489 nimis
3247 4433 3584 4504 pendebamus
3599 4443 3652 4483 ex
3673 4426 3729 4478 in.

2225 4520 2439 4591 vicem),
2485 4523 2678 4576 tentavi
2713 4523 2849 4591 apud
2887 4525 3030 4578 illum
3065 4524 3310 4592 irridere,
3345 4534 3571 4594 tanquam
3605 4528 3647 4574 et
3670 4516 3730 4570 illa

2224 4611 2446 4666 irrisuro
2495 4628 2698 4668 mecum
2748 4614 3069 4683 Baptismum
3110 4631 3264 4685 quem
3308 4620 3564 4684 acceperat
3601 4615 3731 4664 mente

2223 4711 2382 4772 atque
2401 4719 2560 4759 sensu
2580 4706 2998 4768 absentissimus,
3023 4707 3114 4762 sed
3139 4717 3314 4763 tamen
3332 4708 3435 4777 jam
3451 4720 3504 4761 se
3522 4701 3731 4772 accepisse

2224 4795 2497 4850 didicerat.
2530 4798 2598 4850 At
2636 4797 2727 4852 ille
2755 4798 2824 4852 ita
2857 4813 2942 4853 me
2970 4798 3247 4852 exhorruit
3276 4811 3329 4852 ut
3369 4797 3628 4854 inimicum.
3657 4788 3727 4844 ad-

2225 4888 2533 4958 monuitque
2562 4889 2786 4943 mirabili
2817 4899 2869 4944 et
2892 4889 3166 4958 repentina
3199 4891 3445 4955 libertate,
3478 4895 3532 4941 ut
3563 4885 3600 4940 si
3627 4880 3725 4936 ami-

2224 4994 2318 5034 cus
2343 4993 2462 5034 esse
2491 4980 2702 5047 vellem,
2735 4982 2857 5036 talia
2885 4983 2983 5038 sibi
3010 4982 3193 5037 dicere
3221 4981 3521 5036 desinerem.
3550 4977 3642 5046 Ego
3661 4987 3729 5026 an-

2214 5077 2331 5123 tem
2367 5069 2694 5140 stupefactus
2720 5081 2879 5142 atque
2909 5075 3166 5139 turbatus,
3207 5072 3384 5126 distuli
3407 5083 3573 5125 omnes
3594 5073 3728 5121 motus

2216 5170 2393 5227 ‘meos,
2435 5171 2492 5216 ut
2517 5163 2912 5220 convalesceret
2943 5169 3110 5237 prius,
3149 5179 3392 5238 essetque
3420 5164 3612 5219 idoneus
3633 5153 3726 5208 viri-

2115 5261 2124 5318 ξ
2221 5251 2321 5308 bus
2350 5254 2667 5311 valetudinis
2710 5270 2830 5311 cum
2859 5273 2965 5328 quo
2988 5275 3144 5330 agere
3169 5274 3370 5330 possem
3407 5253 3532 5327 quod
3557 5249 3720 5306 vellem.

2288 5387 2304 5417 ⁸
2325 5392 2492 5449 Castus
2509 5422 2524 5446 ,
2541 5387 2680 5449 juxta
2697 5396 2827 5440 man.
2847 5405 2954 5441 cum
2971 5392 3003 5442 5
3017 5401 3121 5443 Mss.
3158 5400 3212 5442 Μ.

2233 5447 2238 5516 ς
2256 5507 2270 5516 _
2284 5449 2306 5477 ³
2323 5448 2396 5497 sic
2414 5445 2517 5499 Mss.
2540 5445 2706 5511 plures
2720 5487 2735 5510 ,
2757 5459 2808 5502 et
2824 5453 2998 5516 melius
3013 5464 3174 5505 nostra
3189 5453 3404 5516 opinione
3419 5451 3570 5516 dicit“?
3582 5445 3719 5516 ΜΨ

2223 5507 2274 5578 id
2294 5517 2373 5559 est
2389 5507 2732 5578 coagmentata
2748 5515 2972 5577 amicitia,
2996 5529 3140 5578 quam
3159 5507 3304 5577 cocta,
3338 5514 3444 5564 Ιίοει
3457 5512 3564 5578 him

2220 5575 2395 5638 Lovan.
2417 5569 2737 5638 ptjétulerint.
2757 5601 2819 5612 -—
2850 5569 2976 5627 man.
3000 5569 3111 5627 cum
3127 5581 3159 5628 ὅ
3177 5569 3300 5636 Μδε.ζ
3315 5582 3462 5627 coacto
3474 5569 3713 5638 [mori-Af;

2287 5633 2375 5707 ain
2395 5619 2768 5707 argutiis.
2806 5619 3582 5707 cetagat-"3.15;;
3611 5619 3716 5707 te”

2312 5695 2511 5766 t,__apud
2531 5703 2641 5747 Lov.
2681 5697 2855 5762 legere
2890 5709 2995 5751 est:
3022 5695 3172 5766 super
3202 5695 3358 5755 orantes
3386 5695 3598 5752 tim,
3624 5695 3711 5748 μην

2325 5763 2492 5808 mtas.
3086 5763 3095 5766 “
3285 5773 3293 5777 ·

2282 5817 2311 5853 ι
2327 5825 2400 5867 Er.
2420 5819 2564 5882 Ludg.
2584 5828 2704 5872 Ven.
2727 5828 2858 5885 μοι,
2880 5827 3026 5878 suavi.
