  <div class='ocr_page' id='page_1' title='image "/cluster/home/n/w/nwhite01/storage/ocr_20150623/32/uva.x000669813/358.png"; bbox 0 0 3880 6402; ppageno 0'>
   <div class='ocr_carea' id='block_1_1' title="bbox 181 387 902 444">
    <p class='ocr_par' dir='ltr' id='par_1_1' title="bbox 181 387 902 444">
     <span class='ocr_line' id='line_1_1' title="bbox 181 387 902 444; baseline 0 0"><span class='ocrx_word' id='word_1_1' title='bbox 181 387 263 444; x_wconf 70' lang='grc'><strong>697</strong></span> <span class='ocrx_word' id='word_1_2' title='bbox 839 387 844 389; x_wconf 66' lang='grc'><strong><em>’</em></strong></span> <span class='ocrx_word' id='word_1_3' title='bbox 887 427 902 444; x_wconf 90' lang='grc'><strong>.</strong></span> 
     </span>
    </p>
   </div>
   <div class='ocr_carea' id='block_1_2' title="bbox 166 473 1663 558">
    <p class='ocr_par' dir='ltr' id='par_1_2' title="bbox 166 473 1663 558">
     <span class='ocr_line' id='line_1_2' title="bbox 166 473 1663 558; baseline -0.019 -7"><span class='ocrx_word' id='word_1_4' title='bbox 166 497 249 557; x_wconf 78' lang='lat' dir='ltr'><strong>Sed</strong></span> <span class='ocrx_word' id='word_1_5' title='bbox 272 495 346 551; x_wconf 83' lang='lat' dir='ltr'><strong>ille</strong></span> <span class='ocrx_word' id='word_1_6' title='bbox 365 489 598 558; x_wconf 88' lang='lat' dir='ltr'><strong>abreptus</strong></span> <span class='ocrx_word' id='word_1_7' title='bbox 620 481 894 541; x_wconf 86' lang='lat' dir='ltr'><strong>dementiae</strong></span> <span class='ocrx_word' id='word_1_8' title='bbox 923 491 1076 546; x_wconf 64' lang='lat' dir='ltr'><strong>meae,</strong></span> <span class='ocrx_word' id='word_1_9' title='bbox 1103 484 1164 533; x_wconf 86' lang='lat' dir='ltr'><strong>ut</strong></span> <span class='ocrx_word' id='word_1_10' title='bbox 1185 473 1323 546; x_wconf 88' lang='lat' dir='ltr'><strong>apud</strong></span> <span class='ocrx_word' id='word_1_11' title='bbox 1351 479 1406 528; x_wconf 91' lang='lat' dir='ltr'><strong>te</strong></span> <span class='ocrx_word' id='word_1_12' title='bbox 1425 483 1663 527; x_wconf 47' lang='lat' dir='ltr'><strong>servare</strong></span> 
     </span>
    </p>
   </div>
   <div class='ocr_carea' id='block_1_3' title="bbox 166 563 1662 648">
    <p class='ocr_par' dir='ltr' id='par_1_3' title="bbox 166 563 1662 648">
     <span class='ocr_line' id='line_1_3' title="bbox 166 563 1662 648; baseline -0.019 -3"><span class='ocrx_word' id='word_1_13' title='bbox 166 604 236 648; x_wconf 82' lang='lat' dir='ltr'><strong>tur</strong></span> <span class='ocrx_word' id='word_1_14' title='bbox 256 578 566 643; x_wconf 77' lang='lat' dir='ltr'><strong>consolationi</strong></span> <span class='ocrx_word' id='word_1_15' title='bbox 595 591 743 642; x_wconf 66' lang='lat' dir='ltr'><strong>meae,</strong></span> <span class='ocrx_word' id='word_1_16' title='bbox 773 581 893 645; x_wconf 90' lang='lat' dir='ltr'><strong>post</strong></span> <span class='ocrx_word' id='word_1_17' title='bbox 917 584 1114 644; x_wconf 89' lang='lat' dir='ltr'><strong>paucos</strong></span> <span class='ocrx_word' id='word_1_18' title='bbox 1145 568 1280 635; x_wconf 89' lang='lat' dir='ltr'><strong>dies,</strong></span> <span class='ocrx_word' id='word_1_19' title='bbox 1306 581 1394 622; x_wconf 87' lang='lat' dir='ltr'><strong>me</strong></span> <span class='ocrx_word' id='word_1_20' title='bbox 1423 563 1662 629; x_wconf 86' lang='lat' dir='ltr'><strong>absente,</strong></span> 
     </span>
    </p>
   </div>
   <div class='ocr_carea' id='block_1_4' title="bbox 165 665 1033 753">
    <p class='ocr_par' dir='ltr' id='par_1_4' title="bbox 165 665 1033 753">
     <span class='ocr_line' id='line_1_4' title="bbox 165 665 1033 753; baseline -0.021 -19"><span class='ocrx_word' id='word_1_21' title='bbox 165 678 372 753; x_wconf 74' lang='lat' dir='ltr'><strong>repetitur</strong></span> <span class='ocrx_word' id='word_1_22' title='bbox 395 671 619 728; x_wconf 76' lang='lat' dir='ltr'><strong>febribus</strong></span> <span class='ocrx_word' id='word_1_23' title='bbox 647 677 699 724; x_wconf 87' lang='lat' dir='ltr'><strong>et</strong></span> <span class='ocrx_word' id='word_1_24' title='bbox 721 665 1033 735; x_wconf 70' lang='lat' dir='ltr'><strong>defungitur.</strong></span> 
     </span>
    </p>
   </div>
   <div class='ocr_carea' id='block_1_5' title="bbox 218 754 1668 838">
    <p class='ocr_par' dir='ltr' id='par_1_5' title="bbox 218 754 1668 838">
     <span class='ocr_line' id='line_1_5' title="bbox 218 754 1668 838; baseline -0.015 -15"><span class='ocrx_word' id='word_1_25' title='bbox 218 773 261 828; x_wconf 85' lang='lat'><strong>9.</strong></span> <span class='ocrx_word' id='word_1_26' title='bbox 291 769 392 838; x_wconf 86' lang='lat' dir='ltr'><strong>Quo</strong></span> <span class='ocrx_word' id='word_1_27' title='bbox 425 761 608 818; x_wconf 88' lang='lat' dir='ltr'><strong>dolore</strong></span> <span class='ocrx_word' id='word_1_28' title='bbox 643 754 1076 814; x_wconf 85' lang='lat' dir='ltr'><strong>contenebratum</strong></span> <span class='ocrx_word' id='word_1_29' title='bbox 1116 759 1200 808; x_wconf 89' lang='lat' dir='ltr'><strong>est</strong></span> <span class='ocrx_word' id='word_1_30' title='bbox 1230 764 1328 806; x_wconf 89' lang='lat' dir='ltr'><strong>cor</strong></span> <span class='ocrx_word' id='word_1_31' title='bbox 1366 762 1572 813; x_wconf 89' lang='lat' dir='ltr'><strong>meum;</strong></span> <span class='ocrx_word' id='word_1_32' title='bbox 1611 754 1668 801; x_wconf 86' lang='lat' dir='ltr'><strong>et</strong></span> 
     </span>
    </p>
   </div>
   <div class='ocr_carea' id='block_1_6' title="bbox 163 839 1666 939">
    <p class='ocr_par' dir='ltr' id='par_1_6' title="bbox 163 839 1666 939">
     <span class='ocr_line' id='line_1_6' title="bbox 163 839 1666 939; baseline -0.018 -20"><span class='ocrx_word' id='word_1_33' title='bbox 163 859 366 939; x_wconf 79' lang='lat' dir='ltr'><strong>quidquid</strong></span> <span class='ocrx_word' id='word_1_34' title='bbox 386 854 719 928; x_wconf 87' lang='lat' dir='ltr'><strong>aspiciebam,</strong></span> <span class='ocrx_word' id='word_1_35' title='bbox 752 863 897 906; x_wconf 91' lang='lat' dir='ltr'><strong>mors</strong></span> <span class='ocrx_word' id='word_1_36' title='bbox 923 855 1058 904; x_wconf 89' lang='lat' dir='ltr'><strong>erat.</strong></span> <span class='ocrx_word' id='word_1_37' title='bbox 1096 846 1163 901; x_wconf 90' lang='lat' dir='ltr'><strong>Et</strong></span> <span class='ocrx_word' id='word_1_38' title='bbox 1200 852 1314 898; x_wconf 90' lang='lat' dir='ltr'><strong>erat</strong></span> <span class='ocrx_word' id='word_1_39' title='bbox 1340 841 1469 896; x_wconf 86' lang='lat' dir='ltr'><strong>mihi</strong></span> <span class='ocrx_word' id='word_1_40' title='bbox 1500 839 1666 939; x_wconf 75' lang='lat' dir='ltr'><strong>patria</strong></span> 
     </span>
    </p>
   </div>
   <div class='ocr_carea' id='block_1_7' title="bbox 161 930 1668 1028">
    <p class='ocr_par' dir='ltr' id='par_1_7' title="bbox 161 930 1668 1028">
     <span class='ocr_line' id='line_1_7' title="bbox 161 930 1668 1028; baseline -0.021 -12"><span class='ocrx_word' id='word_1_41' title='bbox 161 930 439 1028; x_wconf 68' lang='lat' dir='ltr'><strong>supplicium,</strong></span> <span class='ocrx_word' id='word_1_42' title='bbox 455 957 508 1004; x_wconf 90' lang='lat' dir='ltr'><strong>et</strong></span> <span class='ocrx_word' id='word_1_43' title='bbox 528 955 742 1018; x_wconf 87' lang='lat' dir='ltr'><strong>paterna</strong></span> <span class='ocrx_word' id='word_1_44' title='bbox 755 943 943 998; x_wconf 89' lang='lat' dir='ltr'><strong>domus</strong></span> <span class='ocrx_word' id='word_1_45' title='bbox 960 940 1092 994; x_wconf 88' lang='lat' dir='ltr'><strong>mira</strong></span> <span class='ocrx_word' id='word_1_46' title='bbox 1117 937 1424 999; x_wconf 88' lang='lat' dir='ltr'><strong>infelicitas;</strong></span> <span class='ocrx_word' id='word_1_47' title='bbox 1446 930 1668 1028; x_wconf 71' lang='lat' dir='ltr'><strong>etquid-</strong></span> 
     </span>
    </p>
   </div>
   <div class='ocr_carea' id='block_1_8' title="bbox 160 1023 1666 1120">
    <p class='ocr_par' dir='ltr' id='par_1_8' title="bbox 160 1023 1666 1120">
     <span class='ocr_line' id='line_1_8' title="bbox 160 1023 1666 1120; baseline -0.017 -18"><span class='ocrx_word' id='word_1_48' title='bbox 160 1023 255 1120; x_wconf 79' lang='lat' dir='ltr'><strong>quid</strong></span> <span class='ocrx_word' id='word_1_49' title='bbox 276 1059 376 1100; x_wconf 87' lang='lat' dir='ltr'><strong>cum</strong></span> <span class='ocrx_word' id='word_1_50' title='bbox 398 1041 483 1097; x_wconf 90' lang='lat' dir='ltr'><strong>illo</strong></span> <span class='ocrx_word' id='word_1_51' title='bbox 504 1035 1034 1098; x_wconf 86' lang='lat' dir='ltr'><strong>communicaveram,</strong></span> <span class='ocrx_word' id='word_1_52' title='bbox 1061 1030 1177 1085; x_wconf 86' lang='lat' dir='ltr'><strong>sine</strong></span> <span class='ocrx_word' id='word_1_53' title='bbox 1192 1028 1280 1082; x_wconf 90' lang='lat' dir='ltr'><strong>illo</strong></span> <span class='ocrx_word' id='word_1_54' title='bbox 1305 1027 1356 1080; x_wconf 92' lang='lat' dir='ltr'><strong>in</strong></span> <span class='ocrx_word' id='word_1_55' title='bbox 1377 1023 1666 1080; x_wconf 84' lang='lat' dir='ltr'><strong>cruciatum</strong></span> 
     </span>
    </p>
   </div>
   <div class='ocr_carea' id='block_1_9' title="bbox 160 1112 1665 1196">
    <p class='ocr_par' dir='ltr' id='par_1_9' title="bbox 160 1112 1665 1196">
     <span class='ocr_line' id='line_1_9' title="bbox 160 1112 1665 1196; baseline -0.02 0"><span class='ocrx_word' id='word_1_56' title='bbox 160 1112 386 1196; x_wconf 73' lang='lat' dir='ltr'><strong>immanem</strong></span> <span class='ocrx_word' id='word_1_57' title='bbox 427 1137 676 1186; x_wconf 79' lang='lat' dir='ltr'><strong>verterat.</strong></span> <span class='ocrx_word' id='word_1_58' title='bbox 720 1123 1049 1196; x_wconf 77' lang='lat' dir='ltr'><strong>Expetebant</strong></span> <span class='ocrx_word' id='word_1_59' title='bbox 1090 1134 1210 1177; x_wconf 91' lang='lat' dir='ltr'><strong>eum</strong></span> <span class='ocrx_word' id='word_1_60' title='bbox 1250 1115 1484 1186; x_wconf 89' lang='lat' dir='ltr'><strong>undique</strong></span> <span class='ocrx_word' id='word_1_61' title='bbox 1527 1112 1665 1168; x_wconf 93' lang='lat' dir='ltr'><strong>oculi</strong></span> 
     </span>
    </p>
   </div>
   <div class='ocr_carea' id='block_1_10' title="bbox 158 1208 1664 1294">
    <p class='ocr_par' dir='ltr' id='par_1_10' title="bbox 158 1208 1664 1294">
     <span class='ocr_line' id='line_1_10' title="bbox 158 1208 1664 1294; baseline -0.017 -9"><span class='ocrx_word' id='word_1_62' title='bbox 158 1232 251 1294; x_wconf 87' lang='lat' dir='ltr'><strong>mei,</strong></span> <span class='ocrx_word' id='word_1_63' title='bbox 274 1239 318 1283; x_wconf 89' lang='lat' dir='ltr'><strong>et</strong></span> <span class='ocrx_word' id='word_1_64' title='bbox 339 1241 434 1280; x_wconf 87' lang='lat' dir='ltr'><strong>non</strong></span> <span class='ocrx_word' id='word_1_65' title='bbox 457 1222 682 1279; x_wconf 80' lang='lat' dir='ltr'><strong>dabatur</strong></span> <span class='ocrx_word' id='word_1_66' title='bbox 709 1218 837 1273; x_wconf 87' lang='lat' dir='ltr'><strong>mihi</strong></span> <span class='ocrx_word' id='word_1_67' title='bbox 853 1233 868 1282; x_wconf 91' lang='lat'><strong>;</strong></span> <span class='ocrx_word' id='word_1_68' title='bbox 887 1224 942 1272; x_wconf 91' lang='lat' dir='ltr'><strong>et</strong></span> <span class='ocrx_word' id='word_1_69' title='bbox 959 1215 1174 1270; x_wconf 90' lang='lat' dir='ltr'><strong>oderam</strong></span> <span class='ocrx_word' id='word_1_70' title='bbox 1194 1211 1391 1276; x_wconf 85' lang='lat' dir='ltr'><strong>omnia,</strong></span> <span class='ocrx_word' id='word_1_71' title='bbox 1413 1208 1534 1280; x_wconf 85' lang='lat' dir='ltr'><strong>quia</strong></span> <span class='ocrx_word' id='word_1_72' title='bbox 1560 1221 1664 1262; x_wconf 92' lang='lat' dir='ltr'><strong>non</strong></span> 
     </span>
    </p>
   </div>
   <div class='ocr_carea' id='block_1_11' title="bbox 159 1300 1666 1379">
    <p class='ocr_par' dir='ltr' id='par_1_11' title="bbox 159 1300 1666 1379">
     <span class='ocr_line' id='line_1_11' title="bbox 159 1300 1666 1379; baseline -0.015 -2"><span class='ocrx_word' id='word_1_73' title='bbox 159 1323 361 1378; x_wconf 83' lang='lat' dir='ltr'><strong>haberent</strong></span> <span class='ocrx_word' id='word_1_74' title='bbox 391 1329 530 1378; x_wconf 87' lang='lat' dir='ltr'><strong>eum,</strong></span> <span class='ocrx_word' id='word_1_75' title='bbox 571 1325 672 1367; x_wconf 90' lang='lat' dir='ltr'><strong>nec</strong></span> <span class='ocrx_word' id='word_1_76' title='bbox 709 1309 840 1364; x_wconf 89' lang='lat' dir='ltr'><strong>mihi</strong></span> <span class='ocrx_word' id='word_1_77' title='bbox 861 1308 969 1376; x_wconf 89' lang='lat' dir='ltr'><strong>jam</strong></span> <span class='ocrx_word' id='word_1_78' title='bbox 1003 1305 1183 1379; x_wconf 82' lang='lat' dir='ltr'><strong>dicere</strong></span> <span class='ocrx_word' id='word_1_79' title='bbox 1218 1310 1499 1374; x_wconf 84' lang='lat' dir='ltr'><strong>poterant:</strong></span> <span class='ocrx_word' id='word_1_80' title='bbox 1529 1300 1666 1355; x_wconf 84' lang='lat' dir='ltr'><strong>Ecce</strong></span> 
     </span>
    </p>
   </div>
   <div class='ocr_carea' id='block_1_12' title="bbox 157 1392 1665 1477">
    <p class='ocr_par' dir='ltr' id='par_1_12' title="bbox 157 1392 1665 1477">
     <span class='ocr_line' id='line_1_12' title="bbox 157 1392 1665 1477; baseline -0.012 -11"><span class='ocrx_word' id='word_1_81' title='bbox 157 1414 304 1477; x_wconf 80' lang='lat' dir='ltr'><strong>veniet,</strong></span> <span class='ocrx_word' id='word_1_82' title='bbox 326 1409 452 1463; x_wconf 84' lang='lat' dir='ltr'><strong>sicut</strong></span> <span class='ocrx_word' id='word_1_83' title='bbox 468 1420 586 1461; x_wconf 90' lang='lat' dir='ltr'><strong>cum</strong></span> <span class='ocrx_word' id='word_1_84' title='bbox 611 1406 833 1468; x_wconf 82' lang='lat' dir='ltr'><strong>viveret,</strong></span> <span class='ocrx_word' id='word_1_85' title='bbox 861 1397 1074 1470; x_wconf 88' lang='lat' dir='ltr'><strong>quando</strong></span> <span class='ocrx_word' id='word_1_86' title='bbox 1098 1397 1288 1452; x_wconf 80' lang='lat' dir='ltr'><strong>absens</strong></span> <span class='ocrx_word' id='word_1_87' title='bbox 1314 1404 1447 1449; x_wconf 88' lang='lat' dir='ltr'><strong>erat.</strong></span> <span class='ocrx_word' id='word_1_88' title='bbox 1473 1392 1665 1448; x_wconf 85' lang='lat' dir='ltr'><strong>Factus</strong></span> 
     </span>
    </p>
   </div>
   <div class='ocr_carea' id='block_1_13' title="bbox 155 1483 1667 1572">
    <p class='ocr_par' dir='ltr' id='par_1_13' title="bbox 155 1483 1667 1572">
     <span class='ocr_line' id='line_1_13' title="bbox 155 1483 1667 1572; baseline -0.016 -13"><span class='ocrx_word' id='word_1_89' title='bbox 155 1519 264 1562; x_wconf 80' lang='lat' dir='ltr'><strong>eram</strong></span> <span class='ocrx_word' id='word_1_90' title='bbox 288 1502 387 1572; x_wconf 85' lang='lat' dir='ltr'><strong>ipse</strong></span> <span class='ocrx_word' id='word_1_91' title='bbox 408 1497 535 1553; x_wconf 87' lang='lat' dir='ltr'><strong>mihi</strong></span> <span class='ocrx_word' id='word_1_92' title='bbox 563 1509 751 1566; x_wconf 89' lang='lat' dir='ltr'><strong>magna</strong></span> <span class='ocrx_word' id='word_1_93' title='bbox 780 1491 1017 1563; x_wconf 72' lang='lat' dir='ltr'><strong>quaestio,</strong></span> <span class='ocrx_word' id='word_1_94' title='bbox 1046 1498 1102 1545; x_wconf 89' lang='lat' dir='ltr'><strong>et</strong></span> <span class='ocrx_word' id='word_1_95' title='bbox 1134 1485 1519 1556; x_wconf 78' lang='lat' dir='ltr'><strong>interrogabam</strong></span> <span class='ocrx_word' id='word_1_96' title='bbox 1553 1483 1667 1537; x_wconf 80' lang='lat' dir='ltr'><strong>ani-</strong></span> 
     </span>
    </p>
   </div>
   <div class='ocr_carea' id='block_1_14' title="bbox 157 1576 1666 1659">
    <p class='ocr_par' dir='ltr' id='par_1_14' title="bbox 157 1576 1666 1659">
     <span class='ocr_line' id='line_1_14' title="bbox 157 1576 1666 1659; baseline -0.015 -7"><span class='ocrx_word' id='word_1_97' title='bbox 157 1610 256 1651; x_wconf 79' lang='lat' dir='ltr'><strong>mam</strong></span> <span class='ocrx_word' id='word_1_98' title='bbox 281 1606 436 1647; x_wconf 89' lang='lat' dir='ltr'><strong>meam</strong></span> <span class='ocrx_word' id='word_1_99' title='bbox 458 1603 623 1659; x_wconf 89' lang='lat' dir='ltr'><strong>quare</strong></span> <span class='ocrx_word' id='word_1_100' title='bbox 661 1586 826 1641; x_wconf 89' lang='lat' dir='ltr'><strong>tristis</strong></span> <span class='ocrx_word' id='word_1_101' title='bbox 865 1590 1025 1648; x_wconf 83' lang='lat' dir='ltr'><strong>esset,</strong></span> <span class='ocrx_word' id='word_1_102' title='bbox 1051 1588 1107 1636; x_wconf 87' lang='lat' dir='ltr'><strong>et</strong></span> <span class='ocrx_word' id='word_1_103' title='bbox 1133 1594 1298 1650; x_wconf 89' lang='lat' dir='ltr'><strong>quare</strong></span> <span class='ocrx_word' id='word_1_104' title='bbox 1331 1576 1666 1634; x_wconf 86' lang='lat' dir='ltr'><strong>conturbaret</strong></span> 
     </span>
    </p>
   </div>
   <div class='ocr_carea' id='block_1_15' title="bbox 153 1669 1662 1746">
    <p class='ocr_par' dir='ltr' id='par_1_15' title="bbox 153 1669 1662 1746">
     <span class='ocr_line' id='line_1_15' title="bbox 153 1669 1662 1746; baseline -0.011 -5"><span class='ocrx_word' id='word_1_105' title='bbox 153 1701 214 1741; x_wconf 85' lang='lat' dir='ltr'><strong>me</strong></span> <span class='ocrx_word' id='word_1_106' title='bbox 226 1682 382 1746; x_wconf 82' lang='lat' dir='ltr'><strong>valde;</strong></span> <span class='ocrx_word' id='word_1_107' title='bbox 400 1689 451 1736; x_wconf 92' lang='lat' dir='ltr'><strong>et</strong></span> <span class='ocrx_word' id='word_1_108' title='bbox 471 1679 604 1734; x_wconf 86' lang='lat' dir='ltr'><strong>nihil</strong></span> <span class='ocrx_word' id='word_1_109' title='bbox 623 1685 842 1733; x_wconf 80' lang='lat' dir='ltr'><strong>noverat</strong></span> <span class='ocrx_word' id='word_1_110' title='bbox 855 1674 1175 1745; x_wconf 89' lang='lat' dir='ltr'><strong>respondere</strong></span> <span class='ocrx_word' id='word_1_111' title='bbox 1191 1670 1340 1727; x_wconf 90' lang='lat' dir='ltr'><strong>mihi.</strong></span> <span class='ocrx_word' id='word_1_112' title='bbox 1368 1670 1435 1725; x_wconf 85' lang='lat' dir='ltr'><strong>Et</strong></span> <span class='ocrx_word' id='word_1_113' title='bbox 1453 1670 1498 1726; x_wconf 89' lang='lat' dir='ltr'><strong>si</strong></span> <span class='ocrx_word' id='word_1_114' title='bbox 1518 1669 1662 1725; x_wconf 92' lang='lat' dir='ltr'><strong>dice-</strong></span> 
     </span>
    </p>
   </div>
   <div class='ocr_carea' id='block_1_16' title="bbox 152 1762 1667 1846">
    <p class='ocr_par' dir='ltr' id='par_1_16' title="bbox 152 1762 1667 1846">
     <span class='ocr_line' id='line_1_16' title="bbox 152 1762 1667 1846; baseline -0.011 -14"><span class='ocrx_word' id='word_1_115' title='bbox 152 1780 254 1840; x_wconf 79' lang='lat' dir='ltr'><strong>bam,</strong></span> <span class='ocrx_word' id='word_1_116' title='bbox 275 1775 422 1846; x_wconf 87' lang='lat' dir='ltr'><strong>Spera</strong></span> <span class='ocrx_word' id='word_1_117' title='bbox 450 1775 505 1828; x_wconf 91' lang='lat' dir='ltr'><strong>in</strong></span> <span class='ocrx_word' id='word_1_118' title='bbox 525 1773 696 1827; x_wconf 89' lang='lat' dir='ltr'><strong>Deum</strong></span> <span class='ocrx_word' id='word_1_119' title='bbox 723 1767 892 1840; x_wconf 80' lang='lat' dir='ltr'><strong>(Psal.</strong></span> <span class='ocrx_word' id='word_1_120' title='bbox 916 1782 1024 1832; x_wconf 80' lang='lat' dir='ltr'><strong>xu,</strong></span> <span class='ocrx_word' id='word_1_121' title='bbox 1053 1764 1143 1836; x_wconf 89' lang='lat'><strong>6);</strong></span> <span class='ocrx_word' id='word_1_122' title='bbox 1170 1767 1311 1834; x_wconf 88' lang='lat' dir='ltr'><strong>juste</strong></span> <span class='ocrx_word' id='word_1_123' title='bbox 1337 1777 1440 1817; x_wconf 92' lang='lat' dir='ltr'><strong>non</strong></span> <span class='ocrx_word' id='word_1_124' title='bbox 1461 1762 1667 1818; x_wconf 89' lang='lat' dir='ltr'><strong>obtem—</strong></span> 
     </span>
    </p>
   </div>
   <div class='ocr_carea' id='block_1_17' title="bbox 150 1851 1663 1940">
    <p class='ocr_par' dir='ltr' id='par_1_17' title="bbox 150 1851 1663 1940">
     <span class='ocr_line' id='line_1_17' title="bbox 150 1851 1663 1940; baseline -0.011 -16"><span class='ocrx_word' id='word_1_125' title='bbox 150 1868 319 1940; x_wconf 84' lang='lat' dir='ltr'><strong>perabat</strong></span> <span class='ocrx_word' id='word_1_126' title='bbox 341 1885 352 1920; x_wconf 90' lang='lat'><strong>:</strong></span> <span class='ocrx_word' id='word_1_127' title='bbox 373 1866 491 1936; x_wconf 87' lang='lat' dir='ltr'><strong>quia</strong></span> <span class='ocrx_word' id='word_1_128' title='bbox 522 1863 700 1918; x_wconf 89' lang='lat' dir='ltr'><strong>verior</strong></span> <span class='ocrx_word' id='word_1_129' title='bbox 729 1869 842 1916; x_wconf 85' lang='lat' dir='ltr'><strong>erat</strong></span> <span class='ocrx_word' id='word_1_130' title='bbox 869 1868 924 1916; x_wconf 88' lang='lat' dir='ltr'><strong>et</strong></span> <span class='ocrx_word' id='word_1_131' title='bbox 948 1857 1135 1913; x_wconf 88' lang='lat' dir='ltr'><strong>melior</strong></span> <span class='ocrx_word' id='word_1_132' title='bbox 1162 1856 1322 1910; x_wconf 89' lang='lat' dir='ltr'><strong>homo</strong></span> <span class='ocrx_word' id='word_1_133' title='bbox 1348 1868 1505 1925; x_wconf 89' lang='lat' dir='ltr'><strong>quem</strong></span> <span class='ocrx_word' id='word_1_134' title='bbox 1532 1851 1663 1908; x_wconf 90' lang='lat' dir='ltr'><strong>cha-</strong></span> 
     </span>
    </p>
   </div>
   <div class='ocr_carea' id='block_1_18' title="bbox 150 1946 1666 2025">
    <p class='ocr_par' dir='ltr' id='par_1_18' title="bbox 150 1946 1666 2025">
     <span class='ocr_line' id='line_1_18' title="bbox 150 1946 1666 2025; baseline -0.011 -9"><span class='ocrx_word' id='word_1_135' title='bbox 150 1960 360 2016; x_wconf 87' lang='lat' dir='ltr'><strong>rissimum</strong></span> <span class='ocrx_word' id='word_1_136' title='bbox 385 1958 658 2020; x_wconf 90' lang='lat' dir='ltr'><strong>amiserat,</strong></span> <span class='ocrx_word' id='word_1_137' title='bbox 686 1969 844 2025; x_wconf 92' lang='lat' dir='ltr'><strong>quam</strong></span> <span class='ocrx_word' id='word_1_138' title='bbox 872 1951 1183 2023; x_wconf 86' lang='lat' dir='ltr'><strong>phantasma</strong></span> <span class='ocrx_word' id='word_1_139' title='bbox 1214 1949 1264 2003; x_wconf 92' lang='lat' dir='ltr'><strong>in</strong></span> <span class='ocrx_word' id='word_1_140' title='bbox 1290 1946 1430 2018; x_wconf 90' lang='lat' dir='ltr'><strong>quod</strong></span> <span class='ocrx_word' id='word_1_141' title='bbox 1450 1960 1666 2016; x_wconf 88' lang='lat' dir='ltr'><strong>sperare</strong></span> 
     </span>
    </p>
   </div>
   <div class='ocr_carea' id='block_1_19' title="bbox 148 2042 1665 2125">
    <p class='ocr_par' dir='ltr' id='par_1_19' title="bbox 148 2042 1665 2125">
     <span class='ocr_line' id='line_1_19' title="bbox 148 2042 1665 2125; baseline -0.012 -15"><span class='ocrx_word' id='word_1_142' title='bbox 148 2054 384 2125; x_wconf 78' lang='lat' dir='ltr'><strong>iubebatur.</strong></span> <span class='ocrx_word' id='word_1_143' title='bbox 411 2050 567 2107; x_wconf 90' lang='lat' dir='ltr'><strong>Solus</strong></span> <span class='ocrx_word' id='word_1_144' title='bbox 594 2049 754 2104; x_wconf 83' lang='lat' dir='ltr'><strong>ﬂetus</strong></span> <span class='ocrx_word' id='word_1_145' title='bbox 774 2054 889 2102; x_wconf 90' lang='lat' dir='ltr'><strong>erat</strong></span> <span class='ocrx_word' id='word_1_146' title='bbox 907 2045 1076 2101; x_wconf 90' lang='lat' dir='ltr'><strong>dulcis</strong></span> <span class='ocrx_word' id='word_1_147' title='bbox 1101 2042 1230 2099; x_wconf 89' lang='lat' dir='ltr'><strong>mihi</strong></span> <span class='ocrx_word' id='word_1_148' title='bbox 1258 2049 1312 2098; x_wconf 90' lang='lat' dir='ltr'><strong>et</strong></span> <span class='ocrx_word' id='word_1_149' title='bbox 1335 2045 1665 2097; x_wconf 87' lang='lat' dir='ltr'><strong>successerat</strong></span> 
     </span>
    </p>
   </div>
   <div class='ocr_carea' id='block_1_20' title="bbox 149 2135 1053 2199">
    <p class='ocr_par' dir='ltr' id='par_1_20' title="bbox 149 2135 1053 2199">
     <span class='ocr_line' id='line_1_20' title="bbox 149 2135 1053 2199; baseline -0.012 1"><span class='ocrx_word' id='word_1_150' title='bbox 149 2144 274 2199; x_wconf 76' lang='lat' dir='ltr'><strong>amico</strong></span> <span class='ocrx_word' id='word_1_151' title='bbox 295 2157 404 2198; x_wconf 89' lang='lat' dir='ltr'><strong>meo</strong></span> <span class='ocrx_word' id='word_1_152' title='bbox 425 2142 478 2196; x_wconf 89' lang='lat' dir='ltr'><strong>in</strong></span> <span class='ocrx_word' id='word_1_153' title='bbox 503 2139 717 2195; x_wconf 90' lang='lat' dir='ltr'><strong>deliciis</strong></span> <span class='ocrx_word' id='word_1_154' title='bbox 739 2137 899 2191; x_wconf 87' lang='lat' dir='ltr'><strong>animi</strong></span> <span class='ocrx_word' id='word_1_155' title='bbox 927 2135 1053 2190; x_wconf 91' lang='lat' dir='ltr'><strong>mei.</strong></span> 
     </span>
    </p>
   </div>
   <div class='ocr_carea' id='block_1_21' title="bbox 674 2227 1001 2287">
    <p class='ocr_par' dir='ltr' id='par_1_21' title="bbox 674 2227 1001 2287">
     <span class='ocr_line' id='line_1_21' title="bbox 674 2227 1001 2287; baseline -0.018 0"><span class='ocrx_word' id='word_1_156' title='bbox 674 2229 898 2287; x_wconf 85' lang='lat' dir='ltr'><strong>CAPUT</strong></span> <span class='ocrx_word' id='word_1_157' title='bbox 935 2227 1001 2283; x_wconf 82' lang='lat' dir='ltr'><strong>V.</strong></span> 
     </span>
    </p>
   </div>
   <div class='ocr_carea' id='block_1_22' title="bbox 519 2319 1220 2394">
    <p class='ocr_par' dir='ltr' id='par_1_22' title="bbox 519 2319 1220 2394">
     <span class='ocr_line' id='line_1_22' title="bbox 519 2319 1220 2394; baseline -0.014 -13"><span class='ocrx_word' id='word_1_158' title='bbox 519 2325 625 2381; x_wconf 86' lang='lat' dir='ltr'><strong>Cur</strong></span> <span class='ocrx_word' id='word_1_159' title='bbox 656 2326 804 2394; x_wconf 78' lang='lat' dir='ltr'><strong>ﬂetus</strong></span> <span class='ocrx_word' id='word_1_160' title='bbox 825 2322 986 2376; x_wconf 80' lang='lat' dir='ltr'><strong>dulcis</strong></span> <span class='ocrx_word' id='word_1_161' title='bbox 1011 2319 1220 2374; x_wconf 74' lang='lat' dir='ltr'><strong>miseris.</strong></span> 
     </span>
    </p>
   </div>
   <div class='ocr_carea' id='block_1_23' title="bbox 195 2409 1665 2484">
    <p class='ocr_par' dir='ltr' id='par_1_23' title="bbox 195 2409 1665 2484">
     <span class='ocr_line' id='line_1_23' title="bbox 195 2409 1665 2484; baseline -0.011 -10"><span class='ocrx_word' id='word_1_162' title='bbox 195 2422 262 2474; x_wconf 85' lang='lat' dir='ltr'><strong>l0.</strong></span> <span class='ocrx_word' id='word_1_163' title='bbox 299 2419 359 2474; x_wconf 86' lang='lat' dir='ltr'><strong>Et</strong></span> <span class='ocrx_word' id='word_1_164' title='bbox 381 2432 536 2484; x_wconf 90' lang='lat' dir='ltr'><strong>nunc,</strong></span> <span class='ocrx_word' id='word_1_165' title='bbox 565 2416 818 2478; x_wconf 89' lang='lat' dir='ltr'><strong>Domine,</strong></span> <span class='ocrx_word' id='word_1_166' title='bbox 837 2413 946 2484; x_wconf 85' lang='lat' dir='ltr'><strong>jam</strong></span> <span class='ocrx_word' id='word_1_167' title='bbox 970 2411 1053 2467; x_wconf 89' lang='lat' dir='ltr'><strong>illa</strong></span> <span class='ocrx_word' id='word_1_168' title='bbox 1084 2409 1425 2473; x_wconf 86' lang='lat' dir='ltr'><strong>transierunt,</strong></span> <span class='ocrx_word' id='word_1_169' title='bbox 1457 2415 1512 2462; x_wconf 88' lang='lat' dir='ltr'><strong>et</strong></span> <span class='ocrx_word' id='word_1_170' title='bbox 1530 2414 1665 2460; x_wconf 87' lang='lat' dir='ltr'><strong>tem-</strong></span> 
     </span>
    </p>
   </div>
   <div class='ocr_carea' id='block_1_24' title="bbox 145 2497 1668 2582">
    <p class='ocr_par' dir='ltr' id='par_1_24' title="bbox 145 2497 1668 2582">
     <span class='ocr_line' id='line_1_24' title="bbox 145 2497 1668 2582; baseline -0.01 -14"><span class='ocrx_word' id='word_1_171' title='bbox 145 2527 237 2582; x_wconf 83' lang='lat' dir='ltr'><strong>pore</strong></span> <span class='ocrx_word' id='word_1_172' title='bbox 255 2513 447 2567; x_wconf 88' lang='lat' dir='ltr'><strong>lenitum</strong></span> <span class='ocrx_word' id='word_1_173' title='bbox 477 2517 560 2564; x_wconf 89' lang='lat' dir='ltr'><strong>est</strong></span> <span class='ocrx_word' id='word_1_174' title='bbox 583 2507 782 2563; x_wconf 87' lang='lat' dir='ltr'><strong>vulnus</strong></span> <span class='ocrx_word' id='word_1_175' title='bbox 816 2520 1011 2560; x_wconf 91' lang='lat' dir='ltr'><strong>meum.</strong></span> <span class='ocrx_word' id='word_1_176' title='bbox 1046 2503 1336 2558; x_wconf 89' lang='lat' dir='ltr'><strong>Possumne</strong></span> <span class='ocrx_word' id='word_1_177' title='bbox 1362 2499 1545 2554; x_wconf 89' lang='lat' dir='ltr'><strong>audire</strong></span> <span class='ocrx_word' id='word_1_178' title='bbox 1572 2497 1668 2553; x_wconf 88' lang='lat' dir='ltr'><strong>abs</strong></span> 
     </span>
    </p>
   </div>
   <div class='ocr_carea' id='block_1_25' title="bbox 145 2589 1667 2671">
    <p class='ocr_par' dir='ltr' id='par_1_25' title="bbox 145 2589 1667 2671">
     <span class='ocr_line' id='line_1_25' title="bbox 145 2589 1667 2671; baseline -0.008 -16"><span class='ocrx_word' id='word_1_179' title='bbox 145 2613 181 2656; x_wconf 76' lang='lat' dir='ltr'><strong>te</strong></span> <span class='ocrx_word' id='word_1_180' title='bbox 201 2602 268 2671; x_wconf 86' lang='lat' dir='ltr'><strong>qui</strong></span> <span class='ocrx_word' id='word_1_181' title='bbox 293 2601 473 2655; x_wconf 83' lang='lat' dir='ltr'><strong>veritas</strong></span> <span class='ocrx_word' id='word_1_182' title='bbox 503 2615 584 2664; x_wconf 86' lang='lat' dir='ltr'><strong>es,</strong></span> <span class='ocrx_word' id='word_1_183' title='bbox 625 2606 684 2652; x_wconf 84' lang='lat' dir='ltr'><strong>et</strong></span> <span class='ocrx_word' id='word_1_184' title='bbox 707 2596 992 2651; x_wconf 84' lang='lat' dir='ltr'><strong>admovere</strong></span> <span class='ocrx_word' id='word_1_185' title='bbox 1023 2609 1204 2648; x_wconf 88' lang='lat' dir='ltr'><strong>aurem</strong></span> <span class='ocrx_word' id='word_1_186' title='bbox 1234 2591 1409 2646; x_wconf 90' lang='lat' dir='ltr'><strong>cordis</strong></span> <span class='ocrx_word' id='word_1_187' title='bbox 1447 2591 1552 2645; x_wconf 91' lang='lat' dir='ltr'><strong>mei</strong></span> <span class='ocrx_word' id='word_1_188' title='bbox 1587 2589 1667 2644; x_wconf 90' lang='lat' dir='ltr'><strong>ori</strong></span> 
     </span>
    </p>
   </div>
   <div class='ocr_carea' id='block_1_26' title="bbox 144 2683 1666 2758">
    <p class='ocr_par' dir='ltr' id='par_1_26' title="bbox 144 2683 1666 2758">
     <span class='ocr_line' id='line_1_26' title="bbox 144 2683 1666 2758; baseline -0.007 -12"><span class='ocrx_word' id='word_1_189' title='bbox 144 2705 226 2758; x_wconf 79' lang='lat' dir='ltr'><strong>tuo,</strong></span> <span class='ocrx_word' id='word_1_190' title='bbox 248 2701 296 2746; x_wconf 91' lang='lat' dir='ltr'><strong>ut</strong></span> <span class='ocrx_word' id='word_1_191' title='bbox 311 2691 444 2746; x_wconf 87' lang='lat' dir='ltr'><strong>dicas</strong></span> <span class='ocrx_word' id='word_1_192' title='bbox 467 2689 597 2745; x_wconf 89' lang='lat' dir='ltr'><strong>mihi</strong></span> <span class='ocrx_word' id='word_1_193' title='bbox 625 2705 724 2744; x_wconf 89' lang='lat' dir='ltr'><strong>cur</strong></span> <span class='ocrx_word' id='word_1_194' title='bbox 747 2687 900 2742; x_wconf 83' lang='lat' dir='ltr'><strong>ﬂetus</strong></span> <span class='ocrx_word' id='word_1_195' title='bbox 925 2685 1096 2740; x_wconf 89' lang='lat' dir='ltr'><strong>dulcis</strong></span> <span class='ocrx_word' id='word_1_196' title='bbox 1118 2686 1187 2739; x_wconf 88' lang='lat' dir='ltr'><strong>sit</strong></span> <span class='ocrx_word' id='word_1_197' title='bbox 1213 2683 1453 2739; x_wconf 86' lang='lat' dir='ltr'><strong>miseris?</strong></span> <span class='ocrx_word' id='word_1_198' title='bbox 1475 2684 1555 2737; x_wconf 85' lang='lat' dir='ltr'><strong>An</strong></span> <span class='ocrx_word' id='word_1_199' title='bbox 1589 2693 1666 2748; x_wconf 91' lang='grc' dir='ltr'>ιιι,</span> 
     </span>
    </p>
   </div>
   <div class='ocr_carea' id='block_1_27' title="bbox 143 2773 1667 2854">
    <p class='ocr_par' dir='ltr' id='par_1_27' title="bbox 143 2773 1667 2854">
     <span class='ocr_line' id='line_1_27' title="bbox 143 2773 1667 2854; baseline -0.008 -16"><span class='ocrx_word' id='word_1_200' title='bbox 143 2783 330 2851; x_wconf 77' lang='lat' dir='ltr'><strong>quamvis</strong></span> <span class='ocrx_word' id='word_1_201' title='bbox 353 2783 540 2854; x_wconf 90' lang='lat' dir='ltr'><strong>ubique</strong></span> <span class='ocrx_word' id='word_1_202' title='bbox 579 2779 752 2843; x_wconf 88' lang='lat' dir='ltr'><strong>adsis,</strong></span> <span class='ocrx_word' id='word_1_203' title='bbox 793 2779 948 2848; x_wconf 91' lang='lat' dir='ltr'><strong>longe</strong></span> <span class='ocrx_word' id='word_1_204' title='bbox 977 2775 1216 2847; x_wconf 88' lang='lat' dir='ltr'><strong>abjecisti</strong></span> <span class='ocrx_word' id='word_1_205' title='bbox 1253 2791 1282 2829; x_wconf 89' lang='lat' dir='ltr'><strong>a</strong></span> <span class='ocrx_word' id='word_1_206' title='bbox 1313 2784 1365 2829; x_wconf 91' lang='lat' dir='ltr'><strong>te</strong></span> <span class='ocrx_word' id='word_1_207' title='bbox 1401 2773 1667 2828; x_wconf 88' lang='lat' dir='ltr'><strong>miseriam</strong></span> 
     </span>
    </p>
   </div>
   <div class='ocr_carea' id='block_1_28' title="bbox 143 2865 1669 2934">
    <p class='ocr_par' dir='ltr' id='par_1_28' title="bbox 143 2865 1669 2934">
     <span class='ocr_line' id='line_1_28' title="bbox 143 2865 1669 2934; baseline -0.008 -6"><span class='ocrx_word' id='word_1_208' title='bbox 143 2873 354 2928; x_wconf 77' lang='lat' dir='ltr'><strong>nostram?</strong></span> <span class='ocrx_word' id='word_1_209' title='bbox 378 2872 440 2928; x_wconf 84' lang='lat' dir='ltr'><strong>Et</strong></span> <span class='ocrx_word' id='word_1_210' title='bbox 458 2881 514 2926; x_wconf 91' lang='lat' dir='ltr'><strong>tu</strong></span> <span class='ocrx_word' id='word_1_211' title='bbox 540 2872 594 2925; x_wconf 92' lang='lat' dir='ltr'><strong>in</strong></span> <span class='ocrx_word' id='word_1_212' title='bbox 626 2880 679 2925; x_wconf 91' lang='lat' dir='ltr'><strong>te</strong></span> <span class='ocrx_word' id='word_1_213' title='bbox 696 2882 913 2933; x_wconf 89' lang='lat' dir='ltr'><strong>manes;</strong></span> <span class='ocrx_word' id='word_1_214' title='bbox 943 2882 1040 2934; x_wconf 65' lang='lat' dir='ltr'><strong>nos</strong></span> <span class='ocrx_word' id='word_1_215' title='bbox 1057 2875 1230 2921; x_wconf 89' lang='lat' dir='ltr'><strong>autem</strong></span> <span class='ocrx_word' id='word_1_216' title='bbox 1259 2865 1312 2918; x_wconf 93' lang='lat' dir='ltr'><strong>in</strong></span> <span class='ocrx_word' id='word_1_217' title='bbox 1339 2865 1669 2934; x_wconf 85' lang='lat' dir='ltr'><strong>experimen-</strong></span> 
     </span>
    </p>
   </div>
   <div class='ocr_carea' id='block_1_29' title="bbox 143 2956 1665 3025">
    <p class='ocr_par' dir='ltr' id='par_1_29' title="bbox 143 2956 1665 3025">
     <span class='ocr_line' id='line_1_29' title="bbox 143 2956 1665 3025; baseline -0.005 -9"><span class='ocrx_word' id='word_1_218' title='bbox 143 2965 190 3018; x_wconf 85' lang='lat' dir='ltr'><strong>tis</strong></span> <span class='ocrx_word' id='word_1_219' title='bbox 209 2964 446 3018; x_wconf 78' lang='lat' dir='ltr'><strong>volvimur.</strong></span> <span class='ocrx_word' id='word_1_220' title='bbox 473 2963 542 3018; x_wconf 82' lang='lat' dir='ltr'><strong>Et</strong></span> <span class='ocrx_word' id='word_1_221' title='bbox 568 2973 754 3015; x_wconf 87' lang='lat' dir='ltr'><strong>tamen</strong></span> <span class='ocrx_word' id='word_1_222' title='bbox 781 2961 879 3014; x_wconf 88' lang='lat' dir='ltr'><strong>nisi</strong></span> <span class='ocrx_word' id='word_1_223' title='bbox 909 2959 974 3012; x_wconf 90' lang='lat' dir='ltr'><strong>ad</strong></span> <span class='ocrx_word' id='word_1_224' title='bbox 999 2972 1155 3013; x_wconf 87' lang='lat' dir='ltr'><strong>aures</strong></span> <span class='ocrx_word' id='word_1_225' title='bbox 1182 2967 1298 3011; x_wconf 90' lang='lat' dir='ltr'><strong>tuas</strong></span> <span class='ocrx_word' id='word_1_226' title='bbox 1317 2956 1665 3025; x_wconf 89' lang='lat' dir='ltr'><strong>plorarcmus,</strong></span> 
     </span>
    </p>
   </div>
   <div class='ocr_carea' id='block_1_30' title="bbox 144 3046 1670 3124">
    <p class='ocr_par' dir='ltr' id='par_1_30' title="bbox 144 3046 1670 3124">
     <span class='ocr_line' id='line_1_30' title="bbox 144 3046 1670 3124; baseline -0.007 -14"><span class='ocrx_word' id='word_1_227' title='bbox 144 3057 236 3111; x_wconf 69' lang='lat' dir='ltr'><strong>nihil</strong></span> <span class='ocrx_word' id='word_1_228' title='bbox 260 3056 430 3112; x_wconf 88' lang='lat' dir='ltr'><strong>residui</strong></span> <span class='ocrx_word' id='word_1_229' title='bbox 455 3056 522 3111; x_wconf 90' lang='lat' dir='ltr'><strong>de</strong></span> <span class='ocrx_word' id='word_1_230' title='bbox 559 3069 667 3124; x_wconf 88' lang='lat' dir='ltr'><strong>spe</strong></span> <span class='ocrx_word' id='word_1_231' title='bbox 701 3062 882 3107; x_wconf 89' lang='lat' dir='ltr'><strong>nostra</strong></span> <span class='ocrx_word' id='word_1_232' title='bbox 920 3051 1088 3105; x_wconf 86' lang='lat' dir='ltr'><strong>fieret.</strong></span> <span class='ocrx_word' id='word_1_233' title='bbox 1117 3047 1272 3106; x_wconf 90' lang='lat' dir='ltr'><strong>Unde</strong></span> <span class='ocrx_word' id='word_1_234' title='bbox 1308 3047 1464 3117; x_wconf 86' lang='lat' dir='ltr'><strong>igitur</strong></span> <span class='ocrx_word' id='word_1_235' title='bbox 1493 3046 1670 3100; x_wconf 86' lang='lat' dir='ltr'><strong>suavis</strong></span> 
     </span>
    </p>
   </div>
   <div class='ocr_carea' id='block_1_31' title="bbox 144 3137 1667 3212">
    <p class='ocr_par' dir='ltr' id='par_1_31' title="bbox 144 3137 1667 3212">
     <span class='ocr_line' id='line_1_31' title="bbox 144 3137 1667 3212; baseline -0.005 -13"><span class='ocrx_word' id='word_1_236' title='bbox 144 3149 294 3204; x_wconf 74' lang='lat' dir='ltr'><strong>fructus</strong></span> <span class='ocrx_word' id='word_1_237' title='bbox 313 3148 372 3203; x_wconf 92' lang='lat' dir='ltr'><strong>de</strong></span> <span class='ocrx_word' id='word_1_238' title='bbox 395 3145 756 3203; x_wconf 82' lang='lat' dir='ltr'><strong>amaritudine</strong></span> <span class='ocrx_word' id='word_1_239' title='bbox 779 3145 900 3198; x_wconf 85' lang='lat' dir='ltr'><strong>vitae</strong></span> <span class='ocrx_word' id='word_1_240' title='bbox 921 3142 1173 3212; x_wconf 86' lang='lat' dir='ltr'><strong>carpitur,</strong></span> <span class='ocrx_word' id='word_1_241' title='bbox 1202 3155 1414 3210; x_wconf 81' lang='lat' dir='ltr'><strong>gemere</strong></span> <span class='ocrx_word' id='word_1_242' title='bbox 1437 3147 1491 3192; x_wconf 85' lang='lat' dir='ltr'><strong>et</strong></span> <span class='ocrx_word' id='word_1_243' title='bbox 1519 3137 1667 3206; x_wconf 89' lang='lat' dir='ltr'><strong>llere,</strong></span> 
     </span>
    </p>
   </div>
   <div class='ocr_carea' id='block_1_32' title="bbox 143 3228 1669 3309">
    <p class='ocr_par' dir='ltr' id='par_1_32' title="bbox 143 3228 1669 3309">
     <span class='ocr_line' id='line_1_32' title="bbox 143 3228 1669 3309; baseline -0.007 -15"><span class='ocrx_word' id='word_1_244' title='bbox 143 3248 179 3294; x_wconf 79' lang='lat' dir='ltr'><strong>ct</strong></span> <span class='ocrx_word' id='word_1_245' title='bbox 199 3241 427 3309; x_wconf 87' lang='lat' dir='ltr'><strong>suspirare</strong></span> <span class='ocrx_word' id='word_1_246' title='bbox 452 3248 504 3294; x_wconf 91' lang='lat' dir='ltr'><strong>et</strong></span> <span class='ocrx_word' id='word_1_247' title='bbox 523 3234 832 3305; x_wconf 85' lang='lat' dir='ltr'><strong>conqueri?</strong></span> <span class='ocrx_word' id='word_1_248' title='bbox 859 3235 940 3288; x_wconf 84' lang='lat' dir='ltr'><strong>An</strong></span> <span class='ocrx_word' id='word_1_249' title='bbox 963 3233 1062 3288; x_wconf 90' lang='lat' dir='ltr'><strong>hoc</strong></span> <span class='ocrx_word' id='word_1_250' title='bbox 1087 3232 1156 3286; x_wconf 92' lang='lat' dir='ltr'><strong>ibi</strong></span> <span class='ocrx_word' id='word_1_251' title='bbox 1176 3232 1192 3262; x_wconf 74' lang='grc' dir='ltr'>ί</span> <span class='ocrx_word' id='word_1_252' title='bbox 1220 3231 1373 3285; x_wconf 90' lang='lat' dir='ltr'><strong>dulce</strong></span> <span class='ocrx_word' id='word_1_253' title='bbox 1399 3238 1498 3296; x_wconf 84' lang='lat' dir='ltr'><strong>est,</strong></span> <span class='ocrx_word' id='word_1_254' title='bbox 1530 3228 1669 3300; x_wconf 90' lang='lat' dir='ltr'><strong>quod</strong></span> 
     </span>
    </p>
   </div>
   <div class='ocr_carea' id='block_1_33' title="bbox 143 3323 1672 3399">
    <p class='ocr_par' dir='ltr' id='par_1_33' title="bbox 143 3323 1672 3399">
     <span class='ocr_line' id='line_1_33' title="bbox 143 3323 1672 3399; baseline -0.007 -14"><span class='ocrx_word' id='word_1_255' title='bbox 143 3346 363 3399; x_wconf 72' lang='lat' dir='ltr'><strong>speramus</strong></span> <span class='ocrx_word' id='word_1_256' title='bbox 386 3329 652 3386; x_wconf 77' lang='lat' dir='ltr'><strong>exaudire</strong></span> <span class='ocrx_word' id='word_1_257' title='bbox 680 3328 771 3383; x_wconf 84' lang='lat' dir='ltr'><strong>te?</strong></span> <span class='ocrx_word' id='word_1_258' title='bbox 802 3327 966 3382; x_wconf 82' lang='lat' dir='ltr'><strong>Recte</strong></span> <span class='ocrx_word' id='word_1_259' title='bbox 1001 3323 1139 3380; x_wconf 88' lang='lat' dir='ltr'><strong>istud</strong></span> <span class='ocrx_word' id='word_1_260' title='bbox 1170 3323 1226 3378; x_wconf 90' lang='lat' dir='ltr'><strong>in</strong></span> <span class='ocrx_word' id='word_1_261' title='bbox 1258 3323 1522 3393; x_wconf 89' lang='lat' dir='ltr'><strong>precibus,</strong></span> <span class='ocrx_word' id='word_1_262' title='bbox 1550 3323 1672 3392; x_wconf 89' lang='lat' dir='ltr'><strong>quia</strong></span> 
     </span>
    </p>
   </div>
   <div class='ocr_carea' id='block_1_34' title="bbox 143 3415 1673 3492">
    <p class='ocr_par' dir='ltr' id='par_1_34' title="bbox 143 3415 1673 3492">
     <span class='ocr_line' id='line_1_34' title="bbox 143 3415 1673 3492; baseline -0.004 -18"><span class='ocrx_word' id='word_1_263' title='bbox 143 3421 401 3478; x_wconf 81' lang='lat' dir='ltr'><strong>desiderium</strong></span> <span class='ocrx_word' id='word_1_264' title='bbox 443 3419 799 3492; x_wconf 87' lang='lat' dir='ltr'><strong>perveniendi</strong></span> <span class='ocrx_word' id='word_1_265' title='bbox 843 3418 1061 3473; x_wconf 88' lang='lat' dir='ltr'><strong>habent.</strong></span> <span class='ocrx_word' id='word_1_266' title='bbox 1097 3416 1361 3486; x_wconf 90' lang='lat' dir='ltr'><strong>Numquid</strong></span> <span class='ocrx_word' id='word_1_267' title='bbox 1404 3416 1454 3469; x_wconf 91' lang='lat' dir='ltr'><strong>in</strong></span> <span class='ocrx_word' id='word_1_268' title='bbox 1491 3415 1673 3469; x_wconf 85' lang='lat' dir='ltr'><strong>dolore</strong></span> 
     </span>
    </p>
   </div>
   <div class='ocr_carea' id='block_1_35' title="bbox 145 3507 1673 3581">
    <p class='ocr_par' dir='ltr' id='par_1_35' title="bbox 145 3507 1673 3581">
     <span class='ocr_line' id='line_1_35' title="bbox 145 3507 1673 3581; baseline -0.002 -18"><span class='ocrx_word' id='word_1_269' title='bbox 145 3513 312 3567; x_wconf 63' lang='lat' dir='ltr'><strong>amissa</strong></span> <span class='ocrx_word' id='word_1_270' title='bbox 333 3514 397 3569; x_wconf 91' lang='lat' dir='ltr'><strong>rei</strong></span> <span class='ocrx_word' id='word_1_271' title='bbox 422 3524 473 3570; x_wconf 91' lang='lat' dir='ltr'><strong>et</strong></span> <span class='ocrx_word' id='word_1_272' title='bbox 498 3514 657 3568; x_wconf 85' lang='lat' dir='ltr'><strong>luctu</strong></span> <span class='ocrx_word' id='word_1_273' title='bbox 684 3526 788 3581; x_wconf 90' lang='lat' dir='ltr'><strong>quo</strong></span> <span class='ocrx_word' id='word_1_274' title='bbox 811 3519 937 3565; x_wconf 90' lang='lat' dir='ltr'><strong>tunc</strong></span> <span class='ocrx_word' id='word_1_275' title='bbox 970 3508 1286 3579; x_wconf 89' lang='lat' dir='ltr'><strong>operiebar?</strong></span> <span class='ocrx_word' id='word_1_276' title='bbox 1326 3507 1505 3577; x_wconf 86' lang='lat' dir='ltr'><strong>Neque</strong></span> <span class='ocrx_word' id='word_1_277' title='bbox 1530 3508 1673 3561; x_wconf 90' lang='lat' dir='ltr'><strong>enim</strong></span> 
     </span>
    </p>
   </div>
   <div class='ocr_carea' id='block_1_36' title="bbox 149 3599 1671 3672">
    <p class='ocr_par' dir='ltr' id='par_1_36' title="bbox 149 3599 1671 3672">
     <span class='ocr_line' id='line_1_36' title="bbox 149 3599 1671 3672; baseline -0.005 -13"><span class='ocrx_word' id='word_1_278' title='bbox 149 3608 369 3672; x_wconf 80' lang='lat' dir='ltr'><strong>sperabam</strong></span> <span class='ocrx_word' id='word_1_279' title='bbox 384 3607 710 3662; x_wconf 85' lang='lat' dir='ltr'><strong>reviviscere</strong></span> <span class='ocrx_word' id='word_1_280' title='bbox 728 3603 873 3658; x_wconf 89' lang='lat' dir='ltr'><strong>illum</strong></span> <span class='ocrx_word' id='word_1_281' title='bbox 885 3644 900 3669; x_wconf 94' lang='lat'><strong>,</strong></span> <span class='ocrx_word' id='word_1_282' title='bbox 917 3611 1006 3656; x_wconf 84' lang='lat' dir='ltr'><strong>aut</strong></span> <span class='ocrx_word' id='word_1_283' title='bbox 1026 3600 1127 3656; x_wconf 89' lang='lat' dir='ltr'><strong>hoc</strong></span> <span class='ocrx_word' id='word_1_284' title='bbox 1146 3600 1386 3670; x_wconf 88' lang='lat' dir='ltr'><strong>petebam</strong></span> <span class='ocrx_word' id='word_1_285' title='bbox 1403 3599 1671 3669; x_wconf 84' lang='lat' dir='ltr'><strong>lacrymis,</strong></span> 
     </span>
    </p>
   </div>
   <div class='ocr_carea' id='block_1_37' title="bbox 145 3693 1676 3757">
    <p class='ocr_par' dir='ltr' id='par_1_37' title="bbox 145 3693 1676 3757">
     <span class='ocr_line' id='line_1_37' title="bbox 145 3693 1676 3757; baseline -0.003 -9"><span class='ocrx_word' id='word_1_286' title='bbox 145 3696 220 3750; x_wconf 83' lang='lat' dir='ltr'><strong>sed</strong></span> <span class='ocrx_word' id='word_1_287' title='bbox 252 3707 417 3753; x_wconf 86' lang='lat' dir='ltr'><strong>tantum</strong></span> <span class='ocrx_word' id='word_1_288' title='bbox 444 3697 703 3754; x_wconf 86' lang='lat' dir='ltr'><strong>dolebam</strong></span> <span class='ocrx_word' id='word_1_289' title='bbox 733 3705 786 3750; x_wconf 89' lang='lat' dir='ltr'><strong>et</strong></span> <span class='ocrx_word' id='word_1_290' title='bbox 823 3694 1034 3749; x_wconf 85' lang='lat' dir='ltr'><strong>ﬂebam.</strong></span> <span class='ocrx_word' id='word_1_291' title='bbox 1075 3693 1235 3748; x_wconf 86' lang='lat' dir='ltr'><strong>Miser</strong></span> <span class='ocrx_word' id='word_1_292' title='bbox 1257 3693 1397 3746; x_wconf 91' lang='lat' dir='ltr'><strong>enim</strong></span> <span class='ocrx_word' id='word_1_293' title='bbox 1427 3706 1594 3757; x_wconf 90' lang='lat' dir='ltr'><strong>eram,</strong></span> <span class='ocrx_word' id='word_1_294' title='bbox 1623 3699 1676 3745; x_wconf 90' lang='lat' dir='ltr'><strong>et</strong></span> 
     </span>
    </p>
   </div>
   <div class='ocr_carea' id='block_1_38' title="bbox 141 3784 1672 3859">
    <p class='ocr_par' dir='ltr' id='par_1_38' title="bbox 141 3784 1672 3859">
     <span class='ocr_line' id='line_1_38' title="bbox 141 3784 1672 3859; baseline -0.001 -19"><span class='ocrx_word' id='word_1_295' title='bbox 141 3787 368 3843; x_wconf 83' lang='lat' dir='ltr'><strong>amiseram</strong></span> <span class='ocrx_word' id='word_1_296' title='bbox 386 3789 645 3859; x_wconf 89' lang='lat' dir='ltr'><strong>gaudium</strong></span> <span class='ocrx_word' id='word_1_297' title='bbox 669 3802 866 3842; x_wconf 91' lang='lat' dir='ltr'><strong>meum.</strong></span> <span class='ocrx_word' id='word_1_298' title='bbox 897 3788 976 3840; x_wconf 86' lang='lat' dir='ltr'><strong>An</strong></span> <span class='ocrx_word' id='word_1_299' title='bbox 999 3795 1052 3841; x_wconf 90' lang='lat' dir='ltr'><strong>et</strong></span> <span class='ocrx_word' id='word_1_300' title='bbox 1075 3784 1230 3840; x_wconf 87' lang='lat' dir='ltr'><strong>fletus</strong></span> <span class='ocrx_word' id='word_1_301' title='bbox 1257 3798 1344 3838; x_wconf 88' lang='lat' dir='ltr'><strong>res</strong></span> <span class='ocrx_word' id='word_1_302' title='bbox 1367 3799 1542 3838; x_wconf 90' lang='lat' dir='ltr'><strong>amara</strong></span> <span class='ocrx_word' id='word_1_303' title='bbox 1570 3793 1672 3852; x_wconf 87' lang='lat' dir='ltr'><strong>est,</strong></span> 
     </span>
    </p>
   </div>
   <div class='ocr_carea' id='block_1_39' title="bbox 141 3875 1675 3948">
    <p class='ocr_par' dir='ltr' id='par_1_39' title="bbox 141 3875 1675 3948">
     <span class='ocr_line' id='line_1_39' title="bbox 141 3875 1675 3948; baseline 0 -18"><span class='ocrx_word' id='word_1_304' title='bbox 141 3886 179 3930; x_wconf 82' lang='lat' dir='ltr'><strong>et</strong></span> <span class='ocrx_word' id='word_1_305' title='bbox 196 3894 281 3947; x_wconf 64' lang='lat' dir='ltr'><strong>prae</strong></span> <span class='ocrx_word' id='word_1_306' title='bbox 305 3879 502 3935; x_wconf 83' lang='lat' dir='ltr'><strong>fastidio</strong></span> <span class='ocrx_word' id='word_1_307' title='bbox 528 3893 718 3935; x_wconf 86' lang='lat' dir='ltr'><strong>rerum</strong></span> <span class='ocrx_word' id='word_1_308' title='bbox 746 3877 938 3948; x_wconf 88' lang='lat' dir='ltr'><strong>quibus</strong></span> <span class='ocrx_word' id='word_1_309' title='bbox 963 3877 1108 3946; x_wconf 89' lang='lat' dir='ltr'><strong>prius</strong></span> <span class='ocrx_word' id='word_1_310' title='bbox 1128 3875 1448 3940; x_wconf 85' lang='lat' dir='ltr'><strong>fruebamur,</strong></span> <span class='ocrx_word' id='word_1_311' title='bbox 1474 3883 1527 3931; x_wconf 88' lang='lat' dir='ltr'><strong>et</strong></span> <span class='ocrx_word' id='word_1_312' title='bbox 1553 3885 1675 3930; x_wconf 91' lang='lat' dir='ltr'><strong>tunc</strong></span> 
     </span>
    </p>
   </div>
   <div class='ocr_carea' id='block_1_40' title="bbox 141 3966 1114 4032">
    <p class='ocr_par' dir='ltr' id='par_1_40' title="bbox 141 3966 1114 4032">
     <span class='ocr_line' id='line_1_40' title="bbox 141 3966 1114 4032; baseline -0.001 -12"><span class='ocrx_word' id='word_1_313' title='bbox 141 3968 236 4024; x_wconf 86' lang='lat' dir='ltr'><strong>dum</strong></span> <span class='ocrx_word' id='word_1_314' title='bbox 258 3971 316 4026; x_wconf 89' lang='lat' dir='ltr'><strong>ab</strong></span> <span class='ocrx_word' id='word_1_315' title='bbox 341 3974 413 4027; x_wconf 87' lang='lat' dir='ltr'><strong>eis</strong></span> <span class='ocrx_word' id='word_1_316' title='bbox 437 3972 818 4032; x_wconf 87' lang='lat' dir='ltr'><strong>abhorrcmus,</strong></span> <span class='ocrx_word' id='word_1_317' title='bbox 849 3966 1114 4022; x_wconf 87' lang='lat' dir='ltr'><strong>delectat?</strong></span> 
     </span>
    </p>
   </div>
   <div class='ocr_carea' id='block_1_41' title="bbox 677 4057 1028 4117">
    <p class='ocr_par' dir='ltr' id='par_1_41' title="bbox 677 4057 1028 4117">
     <span class='ocr_line' id='line_1_41' title="bbox 677 4057 1028 4117; baseline -0.011 -1"><span class='ocrx_word' id='word_1_318' title='bbox 677 4058 902 4117; x_wconf 85' lang='lat' dir='ltr'><strong>CAPUT</strong></span> <span class='ocrx_word' id='word_1_319' title='bbox 941 4057 1028 4114; x_wconf 87' lang='lat' dir='ltr'><strong>Vl.</strong></span> 
     </span>
    </p>
   </div>
   <div class='ocr_carea' id='block_1_42' title="bbox 439 4147 1318 4219">
    <p class='ocr_par' dir='ltr' id='par_1_42' title="bbox 439 4147 1318 4219">
     <span class='ocr_line' id='line_1_42' title="bbox 439 4147 1318 4219; baseline -0.007 -11"><span class='ocrx_word' id='word_1_320' title='bbox 439 4155 680 4219; x_wconf 78' lang='lat' dir='ltr'><strong>Quantus</strong></span> <span class='ocrx_word' id='word_1_321' title='bbox 707 4167 770 4206; x_wconf 76' lang='lat' dir='ltr'><strong>ex</strong></span> <span class='ocrx_word' id='word_1_322' title='bbox 795 4151 944 4203; x_wconf 89' lang='lat' dir='ltr'><strong>amici</strong></span> <span class='ocrx_word' id='word_1_323' title='bbox 971 4159 1128 4202; x_wconf 85' lang='lat' dir='ltr'><strong>morte</strong></span> <span class='ocrx_word' id='word_1_324' title='bbox 1155 4147 1318 4202; x_wconf 82' lang='lat' dir='ltr'><strong>dolor.</strong></span> 
     </span>
    </p>
   </div>
   <div class='ocr_carea' id='block_1_43' title="bbox 192 4240 1677 4312">
    <p class='ocr_par' dir='ltr' id='par_1_43' title="bbox 192 4240 1677 4312">
     <span class='ocr_line' id='line_1_43' title="bbox 192 4240 1677 4312; baseline -0.001 -13"><span class='ocrx_word' id='word_1_325' title='bbox 192 4247 262 4300; x_wconf 86' lang='lat' dir='ltr'><strong>ll.</strong></span> <span class='ocrx_word' id='word_1_326' title='bbox 280 4246 406 4312; x_wconf 84' lang='lat' dir='ltr'><strong>Quid</strong></span> <span class='ocrx_word' id='word_1_327' title='bbox 431 4256 613 4302; x_wconf 90' lang='lat' dir='ltr'><strong>autem</strong></span> <span class='ocrx_word' id='word_1_328' title='bbox 637 4244 735 4300; x_wconf 78' lang='lat' dir='ltr'><strong>ista</strong></span> <span class='ocrx_word' id='word_1_329' title='bbox 760 4241 983 4312; x_wconf 82' lang='lat' dir='ltr'><strong>loquor?</strong></span> <span class='ocrx_word' id='word_1_330' title='bbox 1004 4240 1121 4296; x_wconf 86' lang='lat' dir='ltr'><strong>Non</strong></span> <span class='ocrx_word' id='word_1_331' title='bbox 1140 4242 1282 4296; x_wconf 89' lang='lat' dir='ltr'><strong>enim</strong></span> <span class='ocrx_word' id='word_1_332' title='bbox 1315 4249 1520 4310; x_wconf 89' lang='lat' dir='ltr'><strong>tempus</strong></span> <span class='ocrx_word' id='word_1_333' title='bbox 1545 4258 1677 4312; x_wconf 79' lang='lat' dir='ltr'><strong>que-</strong></span> 
     </span>
    </p>
   </div>
   <div class='ocr_carea' id='block_1_44' title="bbox 140 4334 1682 4406">
    <p class='ocr_par' dir='ltr' id='par_1_44' title="bbox 140 4334 1682 4406">
     <span class='ocr_line' id='line_1_44' title="bbox 140 4334 1682 4406; baseline 0 -16"><span class='ocrx_word' id='word_1_334' title='bbox 140 4337 257 4392; x_wconf 83' lang='lat' dir='ltr'><strong>rendi</strong></span> <span class='ocrx_word' id='word_1_335' title='bbox 277 4354 405 4394; x_wconf 90' lang='lat' dir='ltr'><strong>nunc</strong></span> <span class='ocrx_word' id='word_1_336' title='bbox 428 4348 531 4406; x_wconf 87' lang='lat' dir='ltr'><strong>est,</strong></span> <span class='ocrx_word' id='word_1_337' title='bbox 557 4337 658 4393; x_wconf 86' lang='lat' dir='ltr'><strong>sed</strong></span> <span class='ocrx_word' id='word_1_338' title='bbox 679 4335 965 4391; x_wconf 82' lang='lat' dir='ltr'><strong>confitendi</strong></span> <span class='ocrx_word' id='word_1_339' title='bbox 997 4334 1108 4390; x_wconf 86' lang='lat' dir='ltr'><strong>tibi.</strong></span> <span class='ocrx_word' id='word_1_340' title='bbox 1137 4334 1476 4400; x_wconf 84' lang='lat' dir='ltr'><strong>Misereram,</strong></span> <span class='ocrx_word' id='word_1_341' title='bbox 1501 4345 1555 4391; x_wconf 91' lang='lat' dir='ltr'><strong>et</strong></span> <span class='ocrx_word' id='word_1_342' title='bbox 1580 4337 1682 4390; x_wconf 91' lang='lat' dir='ltr'><strong>mi-</strong></span> 
     </span>
    </p>
   </div>
   <div class='ocr_carea' id='block_1_45' title="bbox 141 4426 1680 4487">
    <p class='ocr_par' dir='ltr' id='par_1_45' title="bbox 141 4426 1680 4487">
     <span class='ocr_line' id='line_1_45' title="bbox 141 4426 1680 4487; baseline 0 -4"><span class='ocrx_word' id='word_1_343' title='bbox 141 4444 207 4484; x_wconf 82' lang='lat' dir='ltr'><strong>ser</strong></span> <span class='ocrx_word' id='word_1_344' title='bbox 227 4440 300 4487; x_wconf 89' lang='lat' dir='ltr'><strong>est</strong></span> <span class='ocrx_word' id='word_1_345' title='bbox 323 4432 490 4487; x_wconf 88' lang='lat' dir='ltr'><strong>omnis</strong></span> <span class='ocrx_word' id='word_1_346' title='bbox 510 4431 731 4485; x_wconf 89' lang='lat' dir='ltr'><strong>animus</strong></span> <span class='ocrx_word' id='word_1_347' title='bbox 770 4428 979 4482; x_wconf 90' lang='lat' dir='ltr'><strong>vinctus</strong></span> <span class='ocrx_word' id='word_1_348' title='bbox 1005 4426 1234 4482; x_wconf 90' lang='lat' dir='ltr'><strong>amicitia</strong></span> <span class='ocrx_word' id='word_1_349' title='bbox 1264 4441 1440 4480; x_wconf 90' lang='lat' dir='ltr'><strong>rerum</strong></span> <span class='ocrx_word' id='word_1_350' title='bbox 1483 4437 1680 4483; x_wconf 85' lang='lat' dir='ltr'><strong>morta-</strong></span> 
     </span>
    </p>
   </div>
   <div class='ocr_carea' id='block_1_46' title="bbox 142 4520 1682 4587">
    <p class='ocr_par' dir='ltr' id='par_1_46' title="bbox 142 4520 1682 4587">
     <span class='ocr_line' id='line_1_46' title="bbox 142 4520 1682 4587; baseline 0.001 -13"><span class='ocrx_word' id='word_1_351' title='bbox 142 4521 267 4587; x_wconf 78' lang='lat' dir='ltr'><strong>lium;</strong></span> <span class='ocrx_word' id='word_1_352' title='bbox 311 4533 364 4578; x_wconf 93' lang='lat' dir='ltr'><strong>et</strong></span> <span class='ocrx_word' id='word_1_353' title='bbox 403 4523 703 4580; x_wconf 73' lang='lat' dir='ltr'><strong>dilaniatur</strong></span> <span class='ocrx_word' id='word_1_354' title='bbox 726 4535 843 4575; x_wconf 92' lang='lat' dir='ltr'><strong>cum</strong></span> <span class='ocrx_word' id='word_1_355' title='bbox 888 4534 979 4574; x_wconf 90' lang='lat' dir='ltr'><strong>eas</strong></span> <span class='ocrx_word' id='word_1_356' title='bbox 1015 4520 1228 4585; x_wconf 80' lang='lat' dir='ltr'><strong>amittit,</strong></span> <span class='ocrx_word' id='word_1_357' title='bbox 1274 4529 1328 4574; x_wconf 89' lang='lat' dir='ltr'><strong>et</strong></span> <span class='ocrx_word' id='word_1_358' title='bbox 1372 4528 1497 4575; x_wconf 91' lang='lat' dir='ltr'><strong>tunc</strong></span> <span class='ocrx_word' id='word_1_359' title='bbox 1521 4523 1682 4576; x_wconf 90' lang='lat' dir='ltr'><strong>sentit</strong></span> 
     </span>
    </p>
   </div>
   <div class='ocr_carea' id='block_1_47' title="bbox 144 4611 1682 4684">
    <p class='ocr_par' dir='ltr' id='par_1_47' title="bbox 144 4611 1682 4684">
     <span class='ocr_line' id='line_1_47' title="bbox 144 4611 1682 4684; baseline 0.001 -17"><span class='ocrx_word' id='word_1_360' title='bbox 144 4611 366 4668; x_wconf 85' lang='lat' dir='ltr'><strong>miseriam</strong></span> <span class='ocrx_word' id='word_1_361' title='bbox 409 4629 511 4684; x_wconf 90' lang='lat' dir='ltr'><strong>qua</strong></span> <span class='ocrx_word' id='word_1_362' title='bbox 542 4611 714 4667; x_wconf 89' lang='lat' dir='ltr'><strong>miser</strong></span> <span class='ocrx_word' id='word_1_363' title='bbox 734 4619 817 4666; x_wconf 90' lang='lat' dir='ltr'><strong>est</strong></span> <span class='ocrx_word' id='word_1_364' title='bbox 840 4618 894 4666; x_wconf 89' lang='lat' dir='ltr'><strong>et</strong></span> <span class='ocrx_word' id='word_1_365' title='bbox 916 4619 1197 4680; x_wconf 86' lang='lat' dir='ltr'><strong>antequam</strong></span> <span class='ocrx_word' id='word_1_366' title='bbox 1224 4611 1430 4665; x_wconf 86' lang='lat' dir='ltr'><strong>amittat</strong></span> <span class='ocrx_word' id='word_1_367' title='bbox 1453 4627 1564 4667; x_wconf 90' lang='lat' dir='ltr'><strong>eas.</strong></span> <span class='ocrx_word' id='word_1_368' title='bbox 1593 4611 1682 4668; x_wconf 92' lang='lat' dir='ltr'><strong>Sic</strong></span> 
     </span>
    </p>
   </div>
   <div class='ocr_carea' id='block_1_48' title="bbox 144 4700 1684 4772">
    <p class='ocr_par' dir='ltr' id='par_1_48' title="bbox 144 4700 1684 4772">
     <span class='ocr_line' id='line_1_48' title="bbox 144 4700 1684 4772; baseline 0 -14"><span class='ocrx_word' id='word_1_369' title='bbox 144 4715 373 4769; x_wconf 59' lang='lat' dir='ltr'><strong>egoeram</strong></span> <span class='ocrx_word' id='word_1_370' title='bbox 427 4703 522 4759; x_wconf 91' lang='lat' dir='ltr'><strong>illo</strong></span> <span class='ocrx_word' id='word_1_371' title='bbox 574 4711 840 4772; x_wconf 89' lang='lat' dir='ltr'><strong>tempore,</strong></span> <span class='ocrx_word' id='word_1_372' title='bbox 891 4710 944 4755; x_wconf 90' lang='lat' dir='ltr'><strong>et</strong></span> <span class='ocrx_word' id='word_1_373' title='bbox 993 4700 1181 4755; x_wconf 89' lang='lat' dir='ltr'><strong>flebam</strong></span> <span class='ocrx_word' id='word_1_374' title='bbox 1227 4701 1580 4768; x_wconf 90' lang='lat' dir='ltr'><strong>amarissime,</strong></span> <span class='ocrx_word' id='word_1_375' title='bbox 1628 4715 1684 4758; x_wconf 85' lang='lat' dir='ltr'><strong>et</strong></span> 
     </span>
    </p>
   </div>
   <div class='ocr_carea' id='block_1_49' title="bbox 145 4791 1681 4863">
    <p class='ocr_par' dir='ltr' id='par_1_49' title="bbox 145 4791 1681 4863">
     <span class='ocr_line' id='line_1_49' title="bbox 145 4791 1681 4863; baseline 0 -15"><span class='ocrx_word' id='word_1_376' title='bbox 145 4794 496 4863; x_wconf 84' lang='lat' dir='ltr'><strong>requiescebam</strong></span> <span class='ocrx_word' id='word_1_377' title='bbox 519 4795 575 4849; x_wconf 92' lang='lat' dir='ltr'><strong>in</strong></span> <span class='ocrx_word' id='word_1_378' title='bbox 601 4791 976 4848; x_wconf 90' lang='lat' dir='ltr'><strong>amaritudine.</strong></span> <span class='ocrx_word' id='word_1_379' title='bbox 1013 4791 1089 4846; x_wconf 89' lang='lat' dir='ltr'><strong>lta</strong></span> <span class='ocrx_word' id='word_1_380' title='bbox 1127 4793 1290 4847; x_wconf 90' lang='lat' dir='ltr'><strong>miser</strong></span> <span class='ocrx_word' id='word_1_381' title='bbox 1316 4808 1484 4859; x_wconf 89' lang='lat' dir='ltr'><strong>eram,</strong></span> <span class='ocrx_word' id='word_1_382' title='bbox 1505 4802 1561 4848; x_wconf 94' lang='lat' dir='ltr'><strong>et</strong></span> <span class='ocrx_word' id='word_1_383' title='bbox 1585 4794 1681 4848; x_wconf 83' lang='lat' dir='ltr'><strong>lia-</strong></span> 
     </span>
    </p>
   </div>
   <div class='ocr_carea' id='block_1_50' title="bbox 144 4883 1682 4955">
    <p class='ocr_par' dir='ltr' id='par_1_50' title="bbox 144 4883 1682 4955">
     <span class='ocr_line' id='line_1_50' title="bbox 144 4883 1682 4955; baseline 0.001 -13"><span class='ocrx_word' id='word_1_384' title='bbox 144 4883 300 4942; x_wconf 82' lang='lat' dir='ltr'><strong>bcbam</strong></span> <span class='ocrx_word' id='word_1_385' title='bbox 323 4888 622 4945; x_wconf 86' lang='lat' dir='ltr'><strong>chariorem</strong></span> <span class='ocrx_word' id='word_1_386' title='bbox 645 4887 740 4942; x_wconf 92' lang='lat' dir='ltr'><strong>illo</strong></span> <span class='ocrx_word' id='word_1_387' title='bbox 769 4887 940 4941; x_wconf 90' lang='lat' dir='ltr'><strong>amico</strong></span> <span class='ocrx_word' id='word_1_388' title='bbox 965 4900 1088 4940; x_wconf 89' lang='lat' dir='ltr'><strong>meo</strong></span> <span class='ocrx_word' id='word_1_389' title='bbox 1114 4886 1274 4940; x_wconf 90' lang='lat' dir='ltr'><strong>vitam</strong></span> <span class='ocrx_word' id='word_1_390' title='bbox 1323 4887 1491 4955; x_wconf 88' lang='lat' dir='ltr'><strong>ipsam</strong></span> <span class='ocrx_word' id='word_1_391' title='bbox 1521 4888 1682 4943; x_wconf 84' lang='lat' dir='ltr'><strong>mise-</strong></span> 
     </span>
    </p>
   </div>
   <div class='ocr_carea' id='block_1_51' title="bbox 147 4976 1683 5051">
    <p class='ocr_par' dir='ltr' id='par_1_51' title="bbox 147 4976 1683 5051">
     <span class='ocr_line' id='line_1_51' title="bbox 147 4976 1683 5051; baseline 0.002 -19"><span class='ocrx_word' id='word_1_392' title='bbox 147 4991 253 5032; x_wconf 81' lang='lat' dir='ltr'><strong>ram.</strong></span> <span class='ocrx_word' id='word_1_393' title='bbox 270 4978 394 5037; x_wconf 88' lang='lat' dir='ltr'><strong>Nam</strong></span> <span class='ocrx_word' id='word_1_394' title='bbox 412 4979 660 5051; x_wconf 88' lang='lat' dir='ltr'><strong>quamvis</strong></span> <span class='ocrx_word' id='word_1_395' title='bbox 684 4993 800 5034; x_wconf 90' lang='lat' dir='ltr'><strong>eam</strong></span> <span class='ocrx_word' id='word_1_396' title='bbox 828 4985 1033 5031; x_wconf 87' lang='lat' dir='ltr'><strong>mutare</strong></span> <span class='ocrx_word' id='word_1_397' title='bbox 1047 4976 1260 5040; x_wconf 88' lang='lat' dir='ltr'><strong>vellem,</strong></span> <span class='ocrx_word' id='word_1_398' title='bbox 1283 4977 1478 5032; x_wconf 91' lang='lat' dir='ltr'><strong>nollem</strong></span> <span class='ocrx_word' id='word_1_399' title='bbox 1507 4987 1683 5035; x_wconf 86' lang='lat' dir='ltr'><strong>tamen</strong></span> 
     </span>
    </p>
   </div>
   <div class='ocr_carea' id='block_1_52' title="bbox 147 5067 1684 5141">
    <p class='ocr_par' dir='ltr' id='par_1_52' title="bbox 147 5067 1684 5141">
     <span class='ocr_line' id='line_1_52' title="bbox 147 5067 1684 5141; baseline 0.005 -23"><span class='ocrx_word' id='word_1_400' title='bbox 147 5067 349 5127; x_wconf 82' lang='lat' dir='ltr'><strong>amittere</strong></span> <span class='ocrx_word' id='word_1_401' title='bbox 383 5071 554 5141; x_wconf 85' lang='lat' dir='ltr'><strong>magis</strong></span> <span class='ocrx_word' id='word_1_402' title='bbox 581 5083 741 5141; x_wconf 88' lang='lat' dir='ltr'><strong>quam</strong></span> <span class='ocrx_word' id='word_1_403' title='bbox 771 5068 940 5122; x_wconf 91' lang='lat' dir='ltr'><strong>illum.</strong></span> <span class='ocrx_word' id='word_1_404' title='bbox 971 5069 1039 5123; x_wconf 86' lang='lat' dir='ltr'><strong>Et</strong></span> <span class='ocrx_word' id='word_1_405' title='bbox 1060 5067 1242 5122; x_wconf 89' lang='lat' dir='ltr'><strong>nescio</strong></span> <span class='ocrx_word' id='word_1_406' title='bbox 1279 5083 1345 5122; x_wconf 90' lang='lat' dir='ltr'><strong>an</strong></span> <span class='ocrx_word' id='word_1_407' title='bbox 1381 5069 1574 5125; x_wconf 90' lang='lat' dir='ltr'><strong>vellem</strong></span> <span class='ocrx_word' id='word_1_408' title='bbox 1599 5071 1684 5125; x_wconf 90' lang='lat' dir='ltr'><strong>vel</strong></span> 
     </span>
    </p>
   </div>
   <div class='ocr_carea' id='block_1_53' title="bbox 150 5158 1684 5230">
    <p class='ocr_par' dir='ltr' id='par_1_53' title="bbox 150 5158 1684 5230">
     <span class='ocr_line' id='line_1_53' title="bbox 150 5158 1684 5230; baseline 0.001 -14"><span class='ocrx_word' id='word_1_409' title='bbox 150 5171 226 5225; x_wconf 76' lang='lat' dir='ltr'><strong>pro</strong></span> <span class='ocrx_word' id='word_1_410' title='bbox 247 5159 346 5227; x_wconf 87' lang='lat' dir='ltr'><strong>illo,</strong></span> <span class='ocrx_word' id='word_1_411' title='bbox 394 5163 533 5216; x_wconf 88' lang='lat' dir='ltr'><strong>sicut</strong></span> <span class='ocrx_word' id='word_1_412' title='bbox 566 5160 636 5216; x_wconf 89' lang='lat' dir='ltr'><strong>de</strong></span> <span class='ocrx_word' id='word_1_413' title='bbox 663 5159 849 5216; x_wconf 86' lang='lat' dir='ltr'><strong>Oreste</strong></span> <span class='ocrx_word' id='word_1_414' title='bbox 881 5169 938 5214; x_wconf 90' lang='lat' dir='ltr'><strong>et</strong></span> <span class='ocrx_word' id='word_1_415' title='bbox 982 5158 1177 5230; x_wconf 87' lang='lat' dir='ltr'><strong>Pylade</strong></span> <span class='ocrx_word' id='word_1_416' title='bbox 1207 5158 1452 5228; x_wconf 86' lang='lat' dir='ltr'><strong>traditur,</strong></span> <span class='ocrx_word' id='word_1_417' title='bbox 1492 5161 1536 5216; x_wconf 92' lang='lat' dir='ltr'><strong>si</strong></span> <span class='ocrx_word' id='word_1_418' title='bbox 1577 5177 1684 5218; x_wconf 91' lang='lat' dir='ltr'><strong>non</strong></span> 
     </span>
    </p>
   </div>
   <div class='ocr_carea' id='block_1_54' title="bbox 153 5241 1686 5322">
    <p class='ocr_par' dir='ltr' id='par_1_54' title="bbox 153 5241 1686 5322">
     <span class='ocr_line' id='line_1_54' title="bbox 153 5241 1686 5322; baseline 0.003 -18"><span class='ocrx_word' id='word_1_419' title='bbox 153 5248 352 5319; x_wconf 70' lang='lat' dir='ltr'><strong>ﬁngitur,</strong></span> <span class='ocrx_word' id='word_1_420' title='bbox 377 5252 466 5322; x_wconf 88' lang='lat' dir='ltr'><strong>qui</strong></span> <span class='ocrx_word' id='word_1_421' title='bbox 496 5251 699 5306; x_wconf 87' lang='lat' dir='ltr'><strong>vellent</strong></span> <span class='ocrx_word' id='word_1_422' title='bbox 720 5265 820 5321; x_wconf 90' lang='lat' dir='ltr'><strong>pro</strong></span> <span class='ocrx_word' id='word_1_423' title='bbox 839 5249 1066 5305; x_wconf 89' lang='lat' dir='ltr'><strong>invicem</strong></span> <span class='ocrx_word' id='word_1_424' title='bbox 1097 5251 1173 5302; x_wconf 76' lang='lat' dir='ltr'><strong>vel</strong></span> <span class='ocrx_word' id='word_1_425' title='bbox 1203 5265 1225 5300; x_wconf 84' lang='lat' dir='ltr'><strong>s</strong></span> <span class='ocrx_word' id='word_1_426' title='bbox 1249 5251 1358 5306; x_wconf 92' lang='lat' dir='ltr'><strong>mul</strong></span> <span class='ocrx_word' id='word_1_427' title='bbox 1377 5241 1534 5320; x_wconf 83' lang='lat' dir='ltr'><strong>mori,</strong></span> <span class='ocrx_word' id='word_1_428' title='bbox 1563 5253 1686 5322; x_wconf 89' lang='lat' dir='ltr'><strong>quia</strong></span> 
     </span>
    </p>
   </div>
   <div class='ocr_carea' id='block_1_55' title="bbox 153 5340 1687 5411">
    <p class='ocr_par' dir='ltr' id='par_1_55' title="bbox 153 5340 1687 5411">
     <span class='ocr_line' id='line_1_55' title="bbox 153 5340 1687 5411; baseline 0.005 -18"><span class='ocrx_word' id='word_1_429' title='bbox 153 5345 292 5396; x_wconf 83' lang='lat' dir='ltr'><strong>morte</strong></span> <span class='ocrx_word' id='word_1_430' title='bbox 325 5341 472 5411; x_wconf 85' lang='lat' dir='ltr'><strong>pejus</strong></span> <span class='ocrx_word' id='word_1_431' title='bbox 515 5343 593 5397; x_wconf 89' lang='lat' dir='ltr'><strong>eis</strong></span> <span class='ocrx_word' id='word_1_432' title='bbox 632 5350 748 5396; x_wconf 88' lang='lat' dir='ltr'><strong>erat</strong></span> <span class='ocrx_word' id='word_1_433' title='bbox 787 5355 893 5396; x_wconf 90' lang='lat' dir='ltr'><strong>non</strong></span> <span class='ocrx_word' id='word_1_434' title='bbox 940 5340 1100 5395; x_wconf 88' lang='lat' dir='ltr'><strong>simul</strong></span> <span class='ocrx_word' id='word_1_435' title='bbox 1141 5341 1336 5398; x_wconf 87' lang='lat' dir='ltr'><strong>vivere.</strong></span> <span class='ocrx_word' id='word_1_436' title='bbox 1384 5341 1490 5397; x_wconf 88' lang='lat' dir='ltr'><strong>Sed</strong></span> <span class='ocrx_word' id='word_1_437' title='bbox 1519 5344 1572 5397; x_wconf 90' lang='lat' dir='ltr'><strong>in</strong></span> <span class='ocrx_word' id='word_1_438' title='bbox 1602 5359 1687 5400; x_wconf 90' lang='lat' dir='ltr'><strong>me</strong></span> 
     </span>
    </p>
   </div>
   <div class='ocr_carea' id='block_1_56' title="bbox 154 5431 1684 5504">
    <p class='ocr_par' dir='ltr' id='par_1_56' title="bbox 154 5431 1684 5504">
     <span class='ocr_line' id='line_1_56' title="bbox 154 5431 1684 5504; baseline 0.005 -19"><span class='ocrx_word' id='word_1_439' title='bbox 154 5431 304 5486; x_wconf 65' lang='lat' dir='ltr'><strong>nmio</strong></span> <span class='ocrx_word' id='word_1_440' title='bbox 327 5433 443 5504; x_wconf 85' lang='lat' dir='ltr'><strong>quis</strong></span> <span class='ocrx_word' id='word_1_441' title='bbox 468 5433 688 5488; x_wconf 72' lang='lat' dir='ltr'><strong>allectus</strong></span> <span class='ocrx_word' id='word_1_442' title='bbox 713 5433 870 5488; x_wconf 90' lang='lat' dir='ltr'><strong>nimis</strong></span> <span class='ocrx_word' id='word_1_443' title='bbox 894 5432 1017 5489; x_wconf 90' lang='lat' dir='ltr'><strong>huic</strong></span> <span class='ocrx_word' id='word_1_444' title='bbox 1039 5435 1338 5490; x_wconf 89' lang='lat' dir='ltr'><strong>contrarius</strong></span> <span class='ocrx_word' id='word_1_445' title='bbox 1365 5443 1514 5490; x_wconf 91' lang='lat' dir='ltr'><strong>ortus</strong></span> <span class='ocrx_word' id='word_1_446' title='bbox 1539 5447 1684 5503; x_wconf 86' lang='lat' dir='ltr'><strong>erat;</strong></span> 
     </span>
    </p>
   </div>
   <div class='ocr_carea' id='block_1_57' title="bbox 155 5524 1689 5599">
    <p class='ocr_par' dir='ltr' id='par_1_57' title="bbox 155 5524 1689 5599">
     <span class='ocr_line' id='line_1_57' title="bbox 155 5524 1689 5599; baseline 0.005 -22"><span class='ocrx_word' id='word_1_447' title='bbox 155 5525 202 5575; x_wconf 68' lang='lat' dir='ltr'><strong>et</strong></span> <span class='ocrx_word' id='word_1_448' title='bbox 233 5524 429 5580; x_wconf 57' lang='lat' dir='ltr'><strong>mdium</strong></span> <span class='ocrx_word' id='word_1_449' title='bbox 462 5527 668 5582; x_wconf 90' lang='lat' dir='ltr'><strong>vivendi</strong></span> <span class='ocrx_word' id='word_1_450' title='bbox 697 5535 815 5582; x_wconf 87' lang='lat' dir='ltr'><strong>erat</strong></span> <span class='ocrx_word' id='word_1_451' title='bbox 851 5528 906 5582; x_wconf 90' lang='lat' dir='ltr'><strong>in</strong></span> <span class='ocrx_word' id='word_1_452' title='bbox 939 5543 1027 5582; x_wconf 88' lang='lat' dir='ltr'><strong>me</strong></span> <span class='ocrx_word' id='word_1_453' title='bbox 1051 5529 1446 5599; x_wconf 89' lang='lat' dir='ltr'><strong>gravissimum,</strong></span> <span class='ocrx_word' id='word_1_454' title='bbox 1493 5539 1546 5584; x_wconf 89' lang='lat' dir='ltr'><strong>et</strong></span> <span class='ocrx_word' id='word_1_455' title='bbox 1571 5547 1689 5587; x_wconf 85' lang='lat' dir='ltr'><strong>mo-</strong></span> 
     </span>
    </p>
   </div>
   <div class='ocr_carea' id='block_1_58' title="bbox 157 5611 1692 5690">
    <p class='ocr_par' dir='ltr' id='par_1_58' title="bbox 157 5611 1692 5690">
     <span class='ocr_line' id='line_1_58' title="bbox 157 5611 1692 5690; baseline 0.006 -20"><span class='ocrx_word' id='word_1_456' title='bbox 157 5611 509 5672; x_wconf 75' lang='lat' dir='ltr'><strong>riendimetus.</strong></span> <span class='ocrx_word' id='word_1_457' title='bbox 553 5617 727 5675; x_wconf 90' lang='lat' dir='ltr'><strong>Credo</strong></span> <span class='ocrx_word' id='word_1_458' title='bbox 767 5634 873 5689; x_wconf 89' lang='lat' dir='ltr'><strong>quo</strong></span> <span class='ocrx_word' id='word_1_459' title='bbox 914 5619 1082 5690; x_wconf 84' lang='lat' dir='ltr'><strong>magis</strong></span> <span class='ocrx_word' id='word_1_460' title='bbox 1127 5620 1277 5675; x_wconf 90' lang='lat' dir='ltr'><strong>illum</strong></span> <span class='ocrx_word' id='word_1_461' title='bbox 1318 5622 1581 5687; x_wconf 84' lang='lat' dir='ltr'><strong>amabam,</strong></span> <span class='ocrx_word' id='word_1_462' title='bbox 1625 5639 1692 5680; x_wconf 91' lang='lat' dir='ltr'><strong>eo</strong></span> 
     </span>
    </p>
   </div>
   <div class='ocr_carea' id='block_1_59' title="bbox 161 5705 1693 5784">
    <p class='ocr_par' dir='ltr' id='par_1_59' title="bbox 161 5705 1693 5784">
     <span class='ocr_line' id='line_1_59' title="bbox 161 5705 1693 5784; baseline 0.005 -21"><span class='ocrx_word' id='word_1_463' title='bbox 161 5705 558 5778; x_wconf 51' lang='lat' dir='ltr'><strong>minutorum,</strong></span> <span class='ocrx_word' id='word_1_464' title='bbox 586 5725 708 5781; x_wconf 65' lang='lat' dir='ltr'><strong>qua</strong></span> <span class='ocrx_word' id='word_1_465' title='bbox 745 5709 876 5765; x_wconf 87' lang='lat' dir='ltr'><strong>mihi</strong></span> <span class='ocrx_word' id='word_1_466' title='bbox 923 5725 1044 5766; x_wconf 90' lang='lat' dir='ltr'><strong>eum</strong></span> <span class='ocrx_word' id='word_1_467' title='bbox 1087 5711 1393 5777; x_wconf 85' lang='lat' dir='ltr'><strong>abstulerat,</strong></span> <span class='ocrx_word' id='word_1_468' title='bbox 1445 5719 1693 5784; x_wconf 89' lang='lat' dir='ltr'><strong>tanquam</strong></span> 
     </span>
    </p>
   </div>
   <div class='ocr_carea' id='block_1_60' title="bbox 216 5813 966 5874">
    <p class='ocr_par' dir='ltr' id='par_1_60' title="bbox 216 5813 966 5874">
     <span class='ocr_line' id='line_1_60' title="bbox 216 5813 966 5874; baseline 0.007 -8"><span class='ocrx_word' id='word_1_469' title='bbox 216 5813 232 5846; x_wconf 78' lang='grc'>⁸</span> <span class='ocrx_word' id='word_1_470' title='bbox 253 5819 433 5868; x_wconf 69' lang='lat' dir='ltr'><strong>mar.</strong></span> <span class='ocrx_word' id='word_1_471' title='bbox 454 5819 966 5874; x_wconf 70' lang='lat' dir='ltr'><strong>etLov.:Anhoctibi.</strong></span> 
     </span>
    </p>
   </div>
   <div class='ocr_carea' id='block_1_61' title="bbox 1443 347 2028 420">
    <p class='ocr_par' dir='ltr' id='par_1_61' title="bbox 1443 347 2028 420">
     <span class='ocr_line' id='line_1_61' title="bbox 1443 347 2028 420; baseline -0.003 -12"><span class='ocrx_word' id='word_1_472' title='bbox 1443 349 1646 408; x_wconf 76' lang='lat' dir='ltr'><strong>LIBER</strong></span> <span class='ocrx_word' id='word_1_473' title='bbox 1681 347 2028 420; x_wconf 78' lang='lat' dir='ltr'><strong>QUARTUS.</strong></span> 
     </span>
    </p>
   </div>
   <div class='ocr_carea' id='block_1_62' title="bbox 1769 463 3344 530">
    <p class='ocr_par' dir='ltr' id='par_1_62' title="bbox 1769 463 3344 530">
     <span class='ocr_line' id='line_1_62' title="bbox 1769 463 3344 530; baseline -0.001 -8"><span class='ocrx_word' id='word_1_474' title='bbox 1769 465 2152 524; x_wconf 84' lang='lat' dir='ltr'><strong>atrocissimam</strong></span> <span class='ocrx_word' id='word_1_475' title='bbox 2201 467 2468 524; x_wconf 86' lang='lat' dir='ltr'><strong>intmlcam</strong></span> <span class='ocrx_word' id='word_1_476' title='bbox 2514 465 2732 522; x_wconf 83' lang='lat' dir='ltr'><strong>oderam</strong></span> <span class='ocrx_word' id='word_1_477' title='bbox 2756 465 2813 522; x_wconf 81' lang='lat' dir='ltr'><strong>et</strong></span> <span class='ocrx_word' id='word_1_478' title='bbox 2833 463 3080 522; x_wconf 73' lang='lat' dir='ltr'><strong>timebam</strong></span> <span class='ocrx_word' id='word_1_479' title='bbox 3103 506 3120 530; x_wconf 90' lang='lat'><strong>.</strong></span> <span class='ocrx_word' id='word_1_480' title='bbox 3145 471 3201 522; x_wconf 70' lang='lat' dir='ltr'><strong>st</strong></span> <span class='ocrx_word' id='word_1_481' title='bbox 3223 478 3344 521; x_wconf 86' lang='lat' dir='ltr'><strong>eam</strong></span> 
     </span>
    </p>
   </div>
   <div class='ocr_carea' id='block_1_63' title="bbox 1768 555 3343 631">
    <p class='ocr_par' dir='ltr' id='par_1_63' title="bbox 1768 555 3343 631">
     <span class='ocr_line' id='line_1_63' title="bbox 1768 555 3343 631; baseline -0.003 -15"><span class='ocrx_word' id='word_1_482' title='bbox 1768 569 1991 630; x_wconf 88' lang='lat' dir='ltr'><strong>repente</strong></span> <span class='ocrx_word' id='word_1_483' title='bbox 2029 569 2462 631; x_wconf 88' lang='lat' dir='ltr'><strong>consumpturam</strong></span> <span class='ocrx_word' id='word_1_484' title='bbox 2520 573 2706 615; x_wconf 89' lang='lat' dir='ltr'><strong>omnes</strong></span> <span class='ocrx_word' id='word_1_485' title='bbox 2760 556 3002 614; x_wconf 84' lang='lat' dir='ltr'><strong>homines</strong></span> <span class='ocrx_word' id='word_1_486' title='bbox 3045 555 3292 629; x_wconf 88' lang='lat' dir='ltr'><strong>putabam</strong></span> <span class='ocrx_word' id='word_1_487' title='bbox 3323 598 3343 625; x_wconf 85' lang='lat'><strong>,</strong></span> 
     </span>
    </p>
   </div>
   <div class='ocr_carea' id='block_1_64' title="bbox 1769 645 3346 725">
    <p class='ocr_par' dir='ltr' id='par_1_64' title="bbox 1769 645 3346 725">
     <span class='ocr_line' id='line_1_64' title="bbox 1769 645 3346 725; baseline -0.003 -16"><span class='ocrx_word' id='word_1_488' title='bbox 1769 653 1892 725; x_wconf 88' lang='lat' dir='ltr'><strong>quia</strong></span> <span class='ocrx_word' id='word_1_489' title='bbox 1920 653 2066 708; x_wconf 93' lang='lat' dir='ltr'><strong>illum</strong></span> <span class='ocrx_word' id='word_1_490' title='bbox 2095 653 2283 724; x_wconf 90' lang='lat' dir='ltr'><strong>potuit.</strong></span> <span class='ocrx_word' id='word_1_491' title='bbox 2327 650 2416 708; x_wconf 86' lang='lat' dir='ltr'><strong>Sic</strong></span> <span class='ocrx_word' id='word_1_492' title='bbox 2444 665 2594 707; x_wconf 86' lang='lat' dir='ltr'><strong>eram</strong></span> <span class='ocrx_word' id='word_1_493' title='bbox 2633 649 2871 716; x_wconf 90' lang='lat' dir='ltr'><strong>omnino,</strong></span> <span class='ocrx_word' id='word_1_494' title='bbox 2916 648 3154 706; x_wconf 86' lang='lat' dir='ltr'><strong>memini.</strong></span> <span class='ocrx_word' id='word_1_495' title='bbox 3204 645 3346 704; x_wconf 80' lang='lat' dir='ltr'><strong>Ecce</strong></span> 
     </span>
    </p>
   </div>
   <div class='ocr_carea' id='block_1_65' title="bbox 1768 739 3342 812">
    <p class='ocr_par' dir='ltr' id='par_1_65' title="bbox 1768 739 3342 812">
     <span class='ocr_line' id='line_1_65' title="bbox 1768 739 3342 812; baseline -0.003 -12"><span class='ocrx_word' id='word_1_496' title='bbox 1768 759 1862 801; x_wconf 92' lang='lat' dir='ltr'><strong>cor</strong></span> <span class='ocrx_word' id='word_1_497' title='bbox 1889 760 2085 810; x_wconf 89' lang='lat' dir='ltr'><strong>meum,</strong></span> <span class='ocrx_word' id='word_1_498' title='bbox 2117 745 2257 800; x_wconf 90' lang='lat' dir='ltr'><strong>Deus</strong></span> <span class='ocrx_word' id='word_1_499' title='bbox 2278 758 2432 800; x_wconf 89' lang='lat' dir='ltr'><strong>meus</strong></span> <span class='ocrx_word' id='word_1_500' title='bbox 2459 759 2474 797; x_wconf 93' lang='lat'><strong>:</strong></span> <span class='ocrx_word' id='word_1_501' title='bbox 2505 757 2632 798; x_wconf 89' lang='lat' dir='ltr'><strong>ecce</strong></span> <span class='ocrx_word' id='word_1_502' title='bbox 2652 742 2794 797; x_wconf 87' lang='lat' dir='ltr'><strong>intus</strong></span> <span class='ocrx_word' id='word_1_503' title='bbox 2820 739 2942 799; x_wconf 87' lang='lat' dir='ltr'><strong>vide</strong></span> <span class='ocrx_word' id='word_1_504' title='bbox 2960 742 3080 812; x_wconf 92' lang='lat' dir='ltr'><strong>quia</strong></span> <span class='ocrx_word' id='word_1_505' title='bbox 3102 739 3342 810; x_wconf 87' lang='lat' dir='ltr'><strong>memini,</strong></span> 
     </span>
    </p>
   </div>
   <div class='ocr_carea' id='block_1_66' title="bbox 1769 831 3341 907">
    <p class='ocr_par' dir='ltr' id='par_1_66' title="bbox 1769 831 3341 907">
     <span class='ocr_line' id='line_1_66' title="bbox 1769 831 3341 907; baseline -0.003 -16"><span class='ocrx_word' id='word_1_506' title='bbox 1769 851 1892 907; x_wconf 86' lang='lat' dir='ltr'><strong>spes</strong></span> <span class='ocrx_word' id='word_1_507' title='bbox 1918 852 2056 901; x_wconf 89' lang='lat' dir='ltr'><strong>mea,</strong></span> <span class='ocrx_word' id='word_1_508' title='bbox 2085 837 2174 907; x_wconf 89' lang='lat' dir='ltr'><strong>qui</strong></span> <span class='ocrx_word' id='word_1_509' title='bbox 2211 851 2296 890; x_wconf 91' lang='lat' dir='ltr'><strong>me</strong></span> <span class='ocrx_word' id='word_1_510' title='bbox 2328 833 2555 890; x_wconf 88' lang='lat' dir='ltr'><strong>mundas</strong></span> <span class='ocrx_word' id='word_1_511' title='bbox 2596 848 2628 888; x_wconf 90' lang='lat' dir='ltr'><strong>a</strong></span> <span class='ocrx_word' id='word_1_512' title='bbox 2673 833 2854 888; x_wconf 88' lang='lat' dir='ltr'><strong>talium</strong></span> <span class='ocrx_word' id='word_1_513' title='bbox 2879 831 3214 888; x_wconf 79' lang='lat' dir='ltr'><strong>all‘ectionum</strong></span> <span class='ocrx_word' id='word_1_514' title='bbox 3239 831 3341 887; x_wconf 87' lang='lat' dir='ltr'><strong>im-</strong></span> 
     </span>
    </p>
   </div>
   <div class='ocr_carea' id='block_1_67' title="bbox 1768 921 3344 998">
    <p class='ocr_par' dir='ltr' id='par_1_67' title="bbox 1768 921 3344 998">
     <span class='ocr_line' id='line_1_67' title="bbox 1768 921 3344 998; baseline -0.003 -16"><span class='ocrx_word' id='word_1_515' title='bbox 1768 926 2044 994; x_wconf 88' lang='lat' dir='ltr'><strong>munditia,</strong></span> <span class='ocrx_word' id='word_1_516' title='bbox 2076 927 2308 998; x_wconf 81' lang='lat' dir='ltr'><strong>dirigens</strong></span> <span class='ocrx_word' id='word_1_517' title='bbox 2335 925 2518 981; x_wconf 88' lang='lat' dir='ltr'><strong>oculos</strong></span> <span class='ocrx_word' id='word_1_518' title='bbox 2553 938 2702 979; x_wconf 90' lang='lat' dir='ltr'><strong>meos</strong></span> <span class='ocrx_word' id='word_1_519' title='bbox 2723 922 2791 978; x_wconf 90' lang='lat' dir='ltr'><strong>ad</strong></span> <span class='ocrx_word' id='word_1_520' title='bbox 2825 931 2900 988; x_wconf 92' lang='lat' dir='ltr'><strong>te,</strong></span> <span class='ocrx_word' id='word_1_521' title='bbox 2928 931 2983 978; x_wconf 91' lang='lat' dir='ltr'><strong>et</strong></span> <span class='ocrx_word' id='word_1_522' title='bbox 3017 922 3249 978; x_wconf 75' lang='lat' dir='ltr'><strong>avellens</strong></span> <span class='ocrx_word' id='word_1_523' title='bbox 3275 921 3344 978; x_wconf 89' lang='lat' dir='ltr'><strong>de</strong></span> 
     </span>
    </p>
   </div>
   <div class='ocr_carea' id='block_1_68' title="bbox 1769 1011 3342 1088">
    <p class='ocr_par' dir='ltr' id='par_1_68' title="bbox 1769 1011 3342 1088">
     <span class='ocr_line' id='line_1_68' title="bbox 1769 1011 3342 1088; baseline -0.004 -15"><span class='ocrx_word' id='word_1_524' title='bbox 1769 1017 1956 1088; x_wconf 88' lang='lat' dir='ltr'><strong>laqueo</strong></span> <span class='ocrx_word' id='word_1_525' title='bbox 1996 1017 2160 1087; x_wconf 88' lang='lat' dir='ltr'><strong>pedes</strong></span> <span class='ocrx_word' id='word_1_526' title='bbox 2205 1030 2353 1071; x_wconf 90' lang='lat' dir='ltr'><strong>meos</strong></span> <span class='ocrx_word' id='word_1_527' title='bbox 2383 1013 2404 1088; x_wconf 94' lang='lat'>(</span> <span class='ocrx_word' id='word_1_528' title='bbox 2421 1014 2565 1070; x_wconf 78' lang='lat' dir='ltr'><strong>Psal.</strong></span> <span class='ocrx_word' id='word_1_529' title='bbox 2595 1029 2748 1080; x_wconf 70' lang='lat' dir='ltr'><strong>xxxv,</strong></span> <span class='ocrx_word' id='word_1_530' title='bbox 2780 1011 2907 1087; x_wconf 81' lang='lat' dir='ltr'><strong>l5).</strong></span> <span class='ocrx_word' id='word_1_531' title='bbox 2947 1011 3174 1068; x_wconf 78' lang='lat' dir='ltr'><strong>Mirabar</strong></span> <span class='ocrx_word' id='word_1_532' title='bbox 3199 1012 3342 1068; x_wconf 90' lang='lat' dir='ltr'><strong>enim</strong></span> 
     </span>
    </p>
   </div>
   <div class='ocr_carea' id='block_1_69' title="bbox 1769 1102 3343 1176">
    <p class='ocr_par' dir='ltr' id='par_1_69' title="bbox 1769 1102 3343 1176">
     <span class='ocr_line' id='line_1_69' title="bbox 1769 1102 3343 1176; baseline -0.003 -13"><span class='ocrx_word' id='word_1_533' title='bbox 1769 1117 1991 1163; x_wconf 70' lang='lat' dir='ltr'><strong>cmteros</strong></span> <span class='ocrx_word' id='word_1_534' title='bbox 2015 1107 2266 1162; x_wconf 88' lang='lat' dir='ltr'><strong>mortales</strong></span> <span class='ocrx_word' id='word_1_535' title='bbox 2305 1107 2509 1173; x_wconf 90' lang='lat' dir='ltr'><strong>vivere,</strong></span> <span class='ocrx_word' id='word_1_536' title='bbox 2536 1104 2658 1176; x_wconf 90' lang='lat' dir='ltr'><strong>quia</strong></span> <span class='ocrx_word' id='word_1_537' title='bbox 2697 1104 2806 1171; x_wconf 90' lang='lat' dir='ltr'><strong>ille,</strong></span> <span class='ocrx_word' id='word_1_538' title='bbox 2849 1117 3010 1174; x_wconf 90' lang='lat' dir='ltr'><strong>quem</strong></span> <span class='ocrx_word' id='word_1_539' title='bbox 3045 1102 3198 1173; x_wconf 84' lang='lat' dir='ltr'><strong>quasi</strong></span> <span class='ocrx_word' id='word_1_540' title='bbox 3236 1116 3343 1159; x_wconf 89' lang='lat' dir='ltr'><strong>non</strong></span> 
     </span>
    </p>
   </div>
   <div class='ocr_carea' id='block_1_70' title="bbox 1768 1193 3339 1265">
    <p class='ocr_par' dir='ltr' id='par_1_70' title="bbox 1768 1193 3339 1265">
     <span class='ocr_line' id='line_1_70' title="bbox 1768 1193 3339 1265; baseline -0.004 -12"><span class='ocrx_word' id='word_1_541' title='bbox 1768 1199 2082 1253; x_wconf 88' lang='lat' dir='ltr'><strong>moriturum</strong></span> <span class='ocrx_word' id='word_1_542' title='bbox 2125 1197 2434 1262; x_wconf 81' lang='lat' dir='ltr'><strong>dilexeram,</strong></span> <span class='ocrx_word' id='word_1_543' title='bbox 2463 1207 2705 1252; x_wconf 91' lang='lat' dir='ltr'><strong>mortuus</strong></span> <span class='ocrx_word' id='word_1_544' title='bbox 2729 1205 2882 1259; x_wconf 89' lang='lat' dir='ltr'><strong>erat;</strong></span> <span class='ocrx_word' id='word_1_545' title='bbox 2926 1202 2982 1250; x_wconf 92' lang='lat' dir='ltr'><strong>et</strong></span> <span class='ocrx_word' id='word_1_546' title='bbox 3031 1209 3116 1249; x_wconf 90' lang='lat' dir='ltr'><strong>me</strong></span> <span class='ocrx_word' id='word_1_547' title='bbox 3153 1193 3339 1265; x_wconf 83' lang='lat' dir='ltr'><strong>magis,</strong></span> 
     </span>
    </p>
   </div>
   <div class='ocr_carea' id='block_1_71' title="bbox 1769 1282 3345 1360">
    <p class='ocr_par' dir='ltr' id='par_1_71' title="bbox 1769 1282 3345 1360">
     <span class='ocr_line' id='line_1_71' title="bbox 1769 1282 3345 1360; baseline -0.003 -16"><span class='ocrx_word' id='word_1_548' title='bbox 1769 1290 1889 1360; x_wconf 90' lang='lat' dir='ltr'><strong>quia</strong></span> <span class='ocrx_word' id='word_1_549' title='bbox 1914 1289 1989 1344; x_wconf 91' lang='lat' dir='ltr'><strong>illi</strong></span> <span class='ocrx_word' id='word_1_550' title='bbox 2018 1288 2153 1344; x_wconf 90' lang='lat' dir='ltr'><strong>alter</strong></span> <span class='ocrx_word' id='word_1_551' title='bbox 2181 1303 2347 1353; x_wconf 86' lang='lat' dir='ltr'><strong>eram,</strong></span> <span class='ocrx_word' id='word_1_552' title='bbox 2377 1287 2555 1342; x_wconf 89' lang='lat' dir='ltr'><strong>vivere</strong></span> <span class='ocrx_word' id='word_1_553' title='bbox 2575 1285 2668 1341; x_wconf 90' lang='lat' dir='ltr'><strong>illo</strong></span> <span class='ocrx_word' id='word_1_554' title='bbox 2691 1293 2904 1341; x_wconf 87' lang='lat' dir='ltr'><strong>mortuo</strong></span> <span class='ocrx_word' id='word_1_555' title='bbox 2929 1284 3179 1339; x_wconf 85' lang='lat' dir='ltr'><strong>mirabar.</strong></span> <span class='ocrx_word' id='word_1_556' title='bbox 3200 1282 3345 1340; x_wconf 87' lang='lat' dir='ltr'><strong>Bene</strong></span> 
     </span>
    </p>
   </div>
   <div class='ocr_carea' id='block_1_72' title="bbox 1770 1377 3346 1453">
    <p class='ocr_par' dir='ltr' id='par_1_72' title="bbox 1770 1377 3346 1453">
     <span class='ocr_line' id='line_1_72' title="bbox 1770 1377 3346 1453; baseline -0.003 -16"><span class='ocrx_word' id='word_1_557' title='bbox 1770 1381 1981 1453; x_wconf 87' lang='lat' dir='ltr'><strong>quidam</strong></span> <span class='ocrx_word' id='word_1_558' title='bbox 2010 1381 2145 1436; x_wconf 83' lang='lat' dir='ltr'><strong>dixit</strong></span> <span class='ocrx_word' id='word_1_559' title='bbox 2199 1381 2268 1437; x_wconf 86' lang='lat' dir='ltr'><strong>de</strong></span> <span class='ocrx_word' id='word_1_560' title='bbox 2292 1381 2461 1436; x_wconf 88' lang='lat' dir='ltr'><strong>amico</strong></span> <span class='ocrx_word' id='word_1_561' title='bbox 2486 1395 2583 1435; x_wconf 89' lang='lat' dir='ltr'><strong>suo</strong></span> <span class='ocrx_word' id='word_1_562' title='bbox 2614 1397 2628 1432; x_wconf 90' lang='lat'><strong>:</strong></span> <span class='ocrx_word' id='word_1_563' title='bbox 2675 1377 2958 1432; x_wconf 83' lang='lat' dir='ltr'><strong>Dimidium</strong></span> <span class='ocrx_word' id='word_1_564' title='bbox 2993 1377 3175 1432; x_wconf 77' lang='lat' dir='ltr'><strong>anim</strong></span> <span class='ocrx_word' id='word_1_565' title='bbox 3222 1392 3346 1433; x_wconf 73' lang='lat' dir='ltr'><strong>mete</strong></span> 
     </span>
    </p>
   </div>
   <div class='ocr_carea' id='block_1_73' title="bbox 1772 1467 3347 1545">
    <p class='ocr_par' dir='ltr' id='par_1_73' title="bbox 1772 1467 3347 1545">
     <span class='ocr_line' id='line_1_73' title="bbox 1772 1467 3347 1545; baseline -0.004 -18"><span class='ocrx_word' id='word_1_566' title='bbox 1772 1473 1990 1545; x_wconf 80' lang='lat' dir='ltr'><strong>(Horat.</strong></span> <span class='ocrx_word' id='word_1_567' title='bbox 2024 1471 2222 1539; x_wconf 85' lang='lat' dir='ltr'><strong>Carm.,</strong></span> <span class='ocrx_word' id='word_1_568' title='bbox 2261 1472 2349 1527; x_wconf 82' lang='lat' dir='ltr'><strong>lib.</strong></span> <span class='ocrx_word' id='word_1_569' title='bbox 2392 1474 2445 1540; x_wconf 83' lang='lat' dir='ltr'><strong>l,</strong></span> <span class='ocrx_word' id='word_1_570' title='bbox 2484 1471 2579 1527; x_wconf 81' lang='lat' dir='ltr'><strong>ode</strong></span> <span class='ocrx_word' id='word_1_571' title='bbox 2618 1469 2716 1543; x_wconf 78' lang='lat'><strong>5).</strong></span> <span class='ocrx_word' id='word_1_572' title='bbox 2754 1470 2883 1525; x_wconf 81' lang='lat' dir='ltr'><strong>Nam</strong></span> <span class='ocrx_word' id='word_1_573' title='bbox 2911 1484 3013 1540; x_wconf 86' lang='lat' dir='ltr'><strong>ego</strong></span> <span class='ocrx_word' id='word_1_574' title='bbox 3049 1467 3192 1524; x_wconf 89' lang='lat' dir='ltr'><strong>sensi</strong></span> <span class='ocrx_word' id='word_1_575' title='bbox 3233 1468 3347 1522; x_wconf 86' lang='lat' dir='ltr'><strong>ani-</strong></span> 
     </span>
    </p>
   </div>
   <div class='ocr_carea' id='block_1_74' title="bbox 1767 1557 3347 1621">
    <p class='ocr_par' dir='ltr' id='par_1_74' title="bbox 1767 1557 3347 1621">
     <span class='ocr_line' id='line_1_74' title="bbox 1767 1557 3347 1621; baseline -0.005 0"><span class='ocrx_word' id='word_1_576' title='bbox 1767 1582 1909 1621; x_wconf 90' lang='lat' dir='ltr'><strong>mam</strong></span> <span class='ocrx_word' id='word_1_577' title='bbox 1938 1582 2111 1621; x_wconf 88' lang='lat' dir='ltr'><strong>meam</strong></span> <span class='ocrx_word' id='word_1_578' title='bbox 2136 1573 2190 1620; x_wconf 90' lang='lat' dir='ltr'><strong>et</strong></span> <span class='ocrx_word' id='word_1_579' title='bbox 2216 1567 2446 1620; x_wconf 90' lang='lat' dir='ltr'><strong>animam</strong></span> <span class='ocrx_word' id='word_1_580' title='bbox 2476 1563 2615 1619; x_wconf 91' lang='lat' dir='ltr'><strong>illius</strong></span> <span class='ocrx_word' id='word_1_581' title='bbox 2657 1577 2816 1617; x_wconf 92' lang='lat' dir='ltr'><strong>unam</strong></span> <span class='ocrx_word' id='word_1_582' title='bbox 2847 1560 3010 1616; x_wconf 87' lang='lat' dir='ltr'><strong>fuisse</strong></span> <span class='ocrx_word' id='word_1_583' title='bbox 3034 1559 3265 1615; x_wconf 89' lang='lat' dir='ltr'><strong>animam</strong></span> <span class='ocrx_word' id='word_1_584' title='bbox 3291 1557 3347 1614; x_wconf 89' lang='lat' dir='ltr'><strong>in</strong></span> 
     </span>
    </p>
   </div>
   <div class='ocr_carea' id='block_1_75' title="bbox 1768 1649 3344 1729">
    <p class='ocr_par' dir='ltr' id='par_1_75' title="bbox 1768 1649 3344 1729">
     <span class='ocr_line' id='line_1_75' title="bbox 1768 1649 3344 1729; baseline -0.006 -16"><span class='ocrx_word' id='word_1_585' title='bbox 1768 1658 1974 1714; x_wconf 93' lang='lat' dir='ltr'><strong>duobus</strong></span> <span class='ocrx_word' id='word_1_586' title='bbox 2015 1657 2356 1729; x_wconf 88' lang='lat' dir='ltr'><strong>corporibus;</strong></span> <span class='ocrx_word' id='word_1_587' title='bbox 2386 1667 2443 1713; x_wconf 90' lang='lat' dir='ltr'><strong>et</strong></span> <span class='ocrx_word' id='word_1_588' title='bbox 2481 1656 2601 1712; x_wconf 90' lang='lat' dir='ltr'><strong>ideo</strong></span> <span class='ocrx_word' id='word_1_589' title='bbox 2643 1655 2774 1710; x_wconf 86' lang='lat' dir='ltr'><strong>mihi</strong></span> <span class='ocrx_word' id='word_1_590' title='bbox 2814 1652 3023 1708; x_wconf 89' lang='lat' dir='ltr'><strong>horrori</strong></span> <span class='ocrx_word' id='word_1_591' title='bbox 3062 1658 3178 1706; x_wconf 87' lang='lat' dir='ltr'><strong>erat</strong></span> <span class='ocrx_word' id='word_1_592' title='bbox 3215 1649 3344 1715; x_wconf 86' lang='lat' dir='ltr'><strong>vita,</strong></span> 
     </span>
    </p>
   </div>
   <div class='ocr_carea' id='block_1_76' title="bbox 1768 1741 3346 1822">
    <p class='ocr_par' dir='ltr' id='par_1_76' title="bbox 1768 1741 3346 1822">
     <span class='ocr_line' id='line_1_76' title="bbox 1768 1741 3346 1822; baseline -0.006 -16"><span class='ocrx_word' id='word_1_593' title='bbox 1768 1752 1888 1822; x_wconf 90' lang='lat' dir='ltr'><strong>quia</strong></span> <span class='ocrx_word' id='word_1_594' title='bbox 1931 1752 2175 1808; x_wconf 90' lang='lat' dir='ltr'><strong>nolebam</strong></span> <span class='ocrx_word' id='word_1_595' title='bbox 2217 1750 2466 1806; x_wconf 87' lang='lat' dir='ltr'><strong>dimidius</strong></span> <span class='ocrx_word' id='word_1_596' title='bbox 2521 1750 2718 1813; x_wconf 90' lang='lat' dir='ltr'><strong>vivere,</strong></span> <span class='ocrx_word' id='word_1_597' title='bbox 2762 1755 2818 1802; x_wconf 92' lang='lat' dir='ltr'><strong>et</strong></span> <span class='ocrx_word' id='word_1_598' title='bbox 2864 1745 2985 1801; x_wconf 91' lang='lat' dir='ltr'><strong>ideo</strong></span> <span class='ocrx_word' id='word_1_599' title='bbox 3025 1746 3163 1800; x_wconf 84' lang='lat' dir='ltr'><strong>forte</strong></span> <span class='ocrx_word' id='word_1_600' title='bbox 3207 1741 3346 1797; x_wconf 89' lang='lat' dir='ltr'><strong>mori</strong></span> 
     </span>
    </p>
   </div>
   <div class='ocr_carea' id='block_1_77' title="bbox 1765 1832 3345 1910">
    <p class='ocr_par' dir='ltr' id='par_1_77' title="bbox 1765 1832 3345 1910">
     <span class='ocr_line' id='line_1_77' title="bbox 1765 1832 3345 1910; baseline -0.006 -13"><span class='ocrx_word' id='word_1_601' title='bbox 1765 1844 2090 1910; x_wconf 91' lang='lat' dir='ltr'><strong>metuebam,</strong></span> <span class='ocrx_word' id='word_1_602' title='bbox 2140 1858 2210 1898; x_wconf 89' lang='lat' dir='ltr'><strong>ne</strong></span> <span class='ocrx_word' id='word_1_603' title='bbox 2252 1849 2393 1897; x_wconf 91' lang='lat' dir='ltr'><strong>totus</strong></span> <span class='ocrx_word' id='word_1_604' title='bbox 2436 1840 2526 1896; x_wconf 89' lang='lat' dir='ltr'><strong>ille</strong></span> <span class='ocrx_word' id='word_1_605' title='bbox 2577 1846 2878 1894; x_wconf 90' lang='lat' dir='ltr'><strong>moreretur</strong></span> <span class='ocrx_word' id='word_1_606' title='bbox 2917 1850 3074 1908; x_wconf 87' lang='lat' dir='ltr'><strong>quem</strong></span> <span class='ocrx_word' id='word_1_607' title='bbox 3123 1832 3345 1890; x_wconf 89' lang='lat' dir='ltr'><strong>multum</strong></span> 
     </span>
    </p>
   </div>
   <div class='ocr_carea' id='block_1_78' title="bbox 1767 1931 2732 2007">
    <p class='ocr_par' dir='ltr' id='par_1_78' title="bbox 1767 1931 2732 2007">
     <span class='ocr_line' id='line_1_78' title="bbox 1767 1931 2732 2007; baseline -0.005 -16"><span class='ocrx_word' id='word_1_608' title='bbox 1767 1951 2069 1993; x_wconf 88' lang='lat' dir='ltr'><strong>amaveram</strong></span> <span class='ocrx_word' id='word_1_609' title='bbox 2101 1933 2344 2007; x_wconf 81' lang='lat' dir='ltr'><strong>(Retract.</strong></span> <span class='ocrx_word' id='word_1_610' title='bbox 2374 1934 2462 1988; x_wconf 86' lang='lat' dir='ltr'><strong>lib.</strong></span> <span class='ocrx_word' id='word_1_611' title='bbox 2487 1932 2543 1996; x_wconf 73' lang='lat'><strong>2,</strong></span> <span class='ocrx_word' id='word_1_612' title='bbox 2573 1949 2620 1988; x_wconf 86' lang='lat' dir='ltr'><strong>c.</strong></span> <span class='ocrx_word' id='word_1_613' title='bbox 2652 1931 2732 2004; x_wconf 87' lang='lat'><strong>6).</strong></span> 
     </span>
    </p>
   </div>
   <div class='ocr_carea' id='block_1_79' title="bbox 2352 2021 2727 2079">
    <p class='ocr_par' dir='ltr' id='par_1_79' title="bbox 2352 2021 2727 2079">
     <span class='ocr_line' id='line_1_79' title="bbox 2352 2021 2727 2079; baseline -0.013 0"><span class='ocrx_word' id='word_1_614' title='bbox 2352 2023 2576 2079; x_wconf 83' lang='lat' dir='ltr'><strong>CAPUT</strong></span> <span class='ocrx_word' id='word_1_615' title='bbox 2614 2021 2727 2076; x_wconf 80' lang='lat' dir='ltr'><strong>VII.</strong></span> 
     </span>
    </p>
   </div>
   <div class='ocr_carea' id='block_1_80' title="bbox 2082 2112 3157 2191">
    <p class='ocr_par' dir='ltr' id='par_1_80' title="bbox 2082 2112 3157 2191">
     <span class='ocr_line' id='line_1_80' title="bbox 2082 2112 3157 2191; baseline -0.007 -20"><span class='ocrx_word' id='word_1_616' title='bbox 2082 2115 2412 2188; x_wconf 78' lang='lat' dir='ltr'><strong>Impatientia</strong></span> <span class='ocrx_word' id='word_1_617' title='bbox 2439 2114 2626 2168; x_wconf 68' lang='lat' dir='ltr'><strong>doloris</strong></span> <span class='ocrx_word' id='word_1_618' title='bbox 2653 2121 2811 2166; x_wconf 83' lang='lat' dir='ltr'><strong>mutat</strong></span> <span class='ocrx_word' id='word_1_619' title='bbox 2839 2112 3022 2166; x_wconf 81' lang='lat' dir='ltr'><strong>locum.</strong></span> <span class='ocrx_word' id='word_1_620' title='bbox 3147 2183 3157 2191; x_wconf 20' lang='grc' dir='ltr'><strong>κ</strong></span> 
     </span>
    </p>
   </div>
   <div class='ocr_carea' id='block_1_81' title="bbox 1839 2200 3344 2272">
    <p class='ocr_par' dir='ltr' id='par_1_81' title="bbox 1839 2200 3344 2272">
     <span class='ocr_line' id='line_1_81' title="bbox 1839 2200 3344 2272; baseline -0.005 -7"><span class='ocrx_word' id='word_1_621' title='bbox 1839 2210 1926 2266; x_wconf 74' lang='grc'><strong>12.</strong></span> <span class='ocrx_word' id='word_1_622' title='bbox 1957 2209 2003 2265; x_wconf 91' lang='lat'><strong>0</strong></span> <span class='ocrx_word' id='word_1_623' title='bbox 2024 2209 2344 2265; x_wconf 90' lang='lat' dir='ltr'><strong>dementiam</strong></span> <span class='ocrx_word' id='word_1_624' title='bbox 2382 2205 2704 2261; x_wconf 90' lang='lat' dir='ltr'><strong>nescientem</strong></span> <span class='ocrx_word' id='word_1_625' title='bbox 2730 2203 2950 2272; x_wconf 86' lang='lat' dir='ltr'><strong>diligere</strong></span> <span class='ocrx_word' id='word_1_626' title='bbox 2972 2202 3218 2257; x_wconf 87' lang='lat' dir='ltr'><strong>homines</strong></span> <span class='ocrx_word' id='word_1_627' title='bbox 3244 2200 3344 2257; x_wconf 82' lang='lat' dir='ltr'><strong>hu-</strong></span> 
     </span>
    </p>
   </div>
   <div class='ocr_carea' id='block_1_82' title="bbox 1767 2291 3346 2356">
    <p class='ocr_par' dir='ltr' id='par_1_82' title="bbox 1767 2291 3346 2356">
     <span class='ocr_line' id='line_1_82' title="bbox 1767 2291 3346 2356; baseline -0.005 0"><span class='ocrx_word' id='word_1_628' title='bbox 1767 2301 2031 2356; x_wconf 85' lang='lat' dir='ltr'><strong>maniter!</strong></span> <span class='ocrx_word' id='word_1_629' title='bbox 2082 2315 2115 2355; x_wconf 92' lang='grc' dir='ltr'><strong>ο</strong></span> <span class='ocrx_word' id='word_1_630' title='bbox 2159 2299 2376 2354; x_wconf 91' lang='lat' dir='ltr'><strong>stultum</strong></span> <span class='ocrx_word' id='word_1_631' title='bbox 2419 2296 2691 2353; x_wconf 90' lang='lat' dir='ltr'><strong>hominem</strong></span> <span class='ocrx_word' id='word_1_632' title='bbox 2733 2291 3080 2349; x_wconf 88' lang='lat' dir='ltr'><strong>immoderate</strong></span> <span class='ocrx_word' id='word_1_633' title='bbox 3115 2291 3346 2348; x_wconf 83' lang='lat' dir='ltr'><strong>humana</strong></span> 
     </span>
    </p>
   </div>
   <div class='ocr_carea' id='block_1_83' title="bbox 1767 2382 3342 2464">
    <p class='ocr_par' dir='ltr' id='par_1_83' title="bbox 1767 2382 3342 2464">
     <span class='ocr_line' id='line_1_83' title="bbox 1767 2382 3342 2464; baseline -0.005 -18"><span class='ocrx_word' id='word_1_634' title='bbox 1767 2392 2082 2464; x_wconf 89' lang='lat' dir='ltr'><strong>patientem,</strong></span> <span class='ocrx_word' id='word_1_635' title='bbox 2129 2389 2270 2460; x_wconf 91' lang='lat' dir='ltr'><strong>quod</strong></span> <span class='ocrx_word' id='word_1_636' title='bbox 2307 2404 2406 2460; x_wconf 82' lang='lat' dir='ltr'><strong>ego</strong></span> <span class='ocrx_word' id='word_1_637' title='bbox 2445 2398 2573 2444; x_wconf 89' lang='lat' dir='ltr'><strong>tunc</strong></span> <span class='ocrx_word' id='word_1_638' title='bbox 2602 2386 2786 2442; x_wconf 85' lang='lat' dir='ltr'><strong>eram!</strong></span> <span class='ocrx_word' id='word_1_639' title='bbox 2825 2383 3006 2455; x_wconf 82' lang='lat' dir='ltr'><strong>Itaque</strong></span> <span class='ocrx_word' id='word_1_640' title='bbox 3029 2382 3342 2452; x_wconf 87' lang='lat' dir='ltr'><strong>aestuabam,</strong></span> 
     </span>
    </p>
   </div>
   <div class='ocr_carea' id='block_1_84' title="bbox 1769 2475 3349 2557">
    <p class='ocr_par' dir='ltr' id='par_1_84' title="bbox 1769 2475 3349 2557">
     <span class='ocr_line' id='line_1_84' title="bbox 1769 2475 3349 2557; baseline -0.006 -18"><span class='ocrx_word' id='word_1_641' title='bbox 1769 2485 2120 2557; x_wconf 87' lang='lat' dir='ltr'><strong>suspirabam,</strong></span> <span class='ocrx_word' id='word_1_642' title='bbox 2141 2482 2356 2548; x_wconf 83' lang='lat' dir='ltr'><strong>ﬂebam,</strong></span> <span class='ocrx_word' id='word_1_643' title='bbox 2383 2479 2661 2544; x_wconf 89' lang='lat' dir='ltr'><strong>turbabar;</strong></span> <span class='ocrx_word' id='word_1_644' title='bbox 2711 2492 2810 2533; x_wconf 90' lang='lat' dir='ltr'><strong>nec</strong></span> <span class='ocrx_word' id='word_1_645' title='bbox 2849 2475 3061 2547; x_wconf 89' lang='lat' dir='ltr'><strong>requies</strong></span> <span class='ocrx_word' id='word_1_646' title='bbox 3086 2483 3222 2544; x_wconf 90' lang='lat' dir='ltr'><strong>erat,</strong></span> <span class='ocrx_word' id='word_1_647' title='bbox 3247 2488 3349 2531; x_wconf 88' lang='lat' dir='ltr'><strong>nec</strong></span> 
     </span>
    </p>
   </div>
   <div class='ocr_carea' id='block_1_85' title="bbox 1770 2569 3345 2631">
    <p class='ocr_par' dir='ltr' id='par_1_85' title="bbox 1770 2569 3345 2631">
     <span class='ocr_line' id='line_1_85' title="bbox 1770 2569 3345 2631; baseline -0.005 0"><span class='ocrx_word' id='word_1_648' title='bbox 1770 2576 2067 2631; x_wconf 79' lang='lat' dir='ltr'><strong>consilium.</strong></span> <span class='ocrx_word' id='word_1_649' title='bbox 2100 2573 2381 2629; x_wconf 89' lang='lat' dir='ltr'><strong>Portabam</strong></span> <span class='ocrx_word' id='word_1_650' title='bbox 2409 2572 2551 2628; x_wconf 89' lang='lat' dir='ltr'><strong>enim</strong></span> <span class='ocrx_word' id='word_1_651' title='bbox 2594 2571 2920 2626; x_wconf 90' lang='lat' dir='ltr'><strong>conscissam</strong></span> <span class='ocrx_word' id='word_1_652' title='bbox 2946 2569 2964 2601; x_wconf 85' lang='grc'>¹</span> <span class='ocrx_word' id='word_1_653' title='bbox 2991 2577 3046 2623; x_wconf 89' lang='grc' dir='ltr'><strong>ει</strong></span> <span class='ocrx_word' id='word_1_654' title='bbox 3072 2575 3345 2624; x_wconf 83' lang='lat' dir='ltr'><strong>cruentam</strong></span> 
     </span>
    </p>
   </div>
   <div class='ocr_carea' id='block_1_86' title="bbox 1770 2657 3348 2735">
    <p class='ocr_par' dir='ltr' id='par_1_86' title="bbox 1770 2657 3348 2735">
     <span class='ocr_line' id='line_1_86' title="bbox 1770 2657 3348 2735; baseline -0.004 -15"><span class='ocrx_word' id='word_1_655' title='bbox 1770 2667 2001 2721; x_wconf 90' lang='lat' dir='ltr'><strong>animam</strong></span> <span class='ocrx_word' id='word_1_656' title='bbox 2052 2680 2246 2729; x_wconf 89' lang='lat' dir='ltr'><strong>meam,</strong></span> <span class='ocrx_word' id='word_1_657' title='bbox 2291 2662 2651 2735; x_wconf 86' lang='lat' dir='ltr'><strong>impatientem</strong></span> <span class='ocrx_word' id='word_1_658' title='bbox 2693 2676 2723 2715; x_wconf 93' lang='lat' dir='ltr'><strong>a</strong></span> <span class='ocrx_word' id='word_1_659' title='bbox 2767 2675 2853 2716; x_wconf 88' lang='lat' dir='ltr'><strong>me</strong></span> <span class='ocrx_word' id='word_1_660' title='bbox 2883 2659 3114 2730; x_wconf 84' lang='lat' dir='ltr'><strong>portari;</strong></span> <span class='ocrx_word' id='word_1_661' title='bbox 3158 2667 3213 2715; x_wconf 90' lang='lat' dir='ltr'><strong>et</strong></span> <span class='ocrx_word' id='word_1_662' title='bbox 3256 2657 3348 2714; x_wconf 91' lang='lat' dir='ltr'><strong>ubi</strong></span> 
     </span>
    </p>
   </div>
   <div class='ocr_carea' id='block_1_87' title="bbox 1770 2751 3346 2829">
    <p class='ocr_par' dir='ltr' id='par_1_87' title="bbox 1770 2751 3346 2829">
     <span class='ocr_line' id='line_1_87' title="bbox 1770 2751 3346 2829; baseline -0.006 -15"><span class='ocrx_word' id='word_1_663' title='bbox 1770 2775 1886 2814; x_wconf 90' lang='lat' dir='ltr'><strong>eam</strong></span> <span class='ocrx_word' id='word_1_664' title='bbox 1915 2772 2165 2829; x_wconf 91' lang='lat' dir='ltr'><strong>ponerem</strong></span> <span class='ocrx_word' id='word_1_665' title='bbox 2200 2772 2306 2811; x_wconf 92' lang='lat' dir='ltr'><strong>non</strong></span> <span class='ocrx_word' id='word_1_666' title='bbox 2351 2754 2704 2810; x_wconf 89' lang='lat' dir='ltr'><strong>inveniebam.</strong></span> <span class='ocrx_word' id='word_1_667' title='bbox 2742 2751 2858 2808; x_wconf 88' lang='lat' dir='ltr'><strong>Non</strong></span> <span class='ocrx_word' id='word_1_668' title='bbox 2889 2752 2941 2807; x_wconf 92' lang='lat' dir='ltr'><strong>in</strong></span> <span class='ocrx_word' id='word_1_669' title='bbox 2985 2751 3211 2808; x_wconf 85' lang='lat' dir='ltr'><strong>amcenis</strong></span> <span class='ocrx_word' id='word_1_670' title='bbox 3249 2766 3346 2806; x_wconf 85' lang='lat' dir='ltr'><strong>ne-</strong></span> 
     </span>
    </p>
   </div>
   <div class='ocr_carea' id='block_1_88' title="bbox 1770 2842 3349 2916">
    <p class='ocr_par' dir='ltr' id='par_1_88' title="bbox 1770 2842 3349 2916">
     <span class='ocr_line' id='line_1_88' title="bbox 1770 2842 3349 2916; baseline -0.005 -11"><span class='ocrx_word' id='word_1_671' title='bbox 1770 2850 2040 2913; x_wconf 90' lang='lat' dir='ltr'><strong>moribus;</strong></span> <span class='ocrx_word' id='word_1_672' title='bbox 2067 2864 2171 2903; x_wconf 90' lang='lat' dir='ltr'><strong>non</strong></span> <span class='ocrx_word' id='word_1_673' title='bbox 2201 2848 2254 2902; x_wconf 90' lang='lat' dir='ltr'><strong>in</strong></span> <span class='ocrx_word' id='word_1_674' title='bbox 2287 2846 2428 2902; x_wconf 90' lang='lat' dir='ltr'><strong>ludis</strong></span> <span class='ocrx_word' id='word_1_675' title='bbox 2456 2855 2613 2916; x_wconf 90' lang='lat' dir='ltr'><strong>atque</strong></span> <span class='ocrx_word' id='word_1_676' title='bbox 2645 2844 2920 2909; x_wconf 89' lang='lat' dir='ltr'><strong>cantibus;</strong></span> <span class='ocrx_word' id='word_1_677' title='bbox 2952 2857 3050 2898; x_wconf 90' lang='lat' dir='ltr'><strong>nec</strong></span> <span class='ocrx_word' id='word_1_678' title='bbox 3093 2842 3148 2896; x_wconf 92' lang='lat' dir='ltr'><strong>in</strong></span> <span class='ocrx_word' id='word_1_679' title='bbox 3189 2855 3349 2897; x_wconf 88' lang='lat' dir='ltr'><strong>suave</strong></span> 
     </span>
    </p>
   </div>
   <div class='ocr_carea' id='block_1_89' title="bbox 1771 2933 3350 3005">
    <p class='ocr_par' dir='ltr' id='par_1_89' title="bbox 1771 2933 3350 3005">
     <span class='ocr_line' id='line_1_89' title="bbox 1771 2933 3350 3005; baseline -0.006 -8"><span class='ocrx_word' id='word_1_680' title='bbox 1771 2941 2035 2997; x_wconf 90' lang='lat' dir='ltr'><strong>olentibus</strong></span> <span class='ocrx_word' id='word_1_681' title='bbox 2067 2940 2230 3005; x_wconf 91' lang='lat' dir='ltr'><strong>locis;</strong></span> <span class='ocrx_word' id='word_1_682' title='bbox 2261 2953 2359 2994; x_wconf 89' lang='lat' dir='ltr'><strong>nec</strong></span> <span class='ocrx_word' id='word_1_683' title='bbox 2385 2939 2437 2991; x_wconf 94' lang='lat' dir='ltr'><strong>in</strong></span> <span class='ocrx_word' id='word_1_684' title='bbox 2467 2935 2725 2992; x_wconf 88' lang='lat' dir='ltr'><strong>conviviis</strong></span> <span class='ocrx_word' id='word_1_685' title='bbox 2755 2934 3052 3005; x_wconf 89' lang='lat' dir='ltr'><strong>apparatis;</strong></span> <span class='ocrx_word' id='word_1_686' title='bbox 3086 2948 3257 3004; x_wconf 90' lang='lat' dir='ltr'><strong>neque</strong></span> <span class='ocrx_word' id='word_1_687' title='bbox 3295 2933 3350 2987; x_wconf 89' lang='lat' dir='ltr'><strong>in</strong></span> 
     </span>
    </p>
   </div>
   <div class='ocr_carea' id='block_1_90' title="bbox 1772 3024 3350 3101">
    <p class='ocr_par' dir='ltr' id='par_1_90' title="bbox 1772 3024 3350 3101">
     <span class='ocr_line' id='line_1_90' title="bbox 1772 3024 3350 3101; baseline -0.006 -14"><span class='ocrx_word' id='word_1_688' title='bbox 1772 3032 2039 3101; x_wconf 90' lang='lat' dir='ltr'><strong>voluptate</strong></span> <span class='ocrx_word' id='word_1_689' title='bbox 2062 3030 2250 3085; x_wconf 89' lang='lat' dir='ltr'><strong>cubilis</strong></span> <span class='ocrx_word' id='word_1_690' title='bbox 2269 3036 2323 3084; x_wconf 91' lang='lat' dir='ltr'><strong>et</strong></span> <span class='ocrx_word' id='word_1_691' title='bbox 2351 3028 2508 3093; x_wconf 92' lang='lat' dir='ltr'><strong>lecti;</strong></span> <span class='ocrx_word' id='word_1_692' title='bbox 2542 3042 2646 3082; x_wconf 90' lang='lat' dir='ltr'><strong>non</strong></span> <span class='ocrx_word' id='word_1_693' title='bbox 2670 3025 2896 3096; x_wconf 90' lang='lat' dir='ltr'><strong>denique</strong></span> <span class='ocrx_word' id='word_1_694' title='bbox 2923 3025 2976 3080; x_wconf 93' lang='lat' dir='ltr'><strong>in</strong></span> <span class='ocrx_word' id='word_1_695' title='bbox 3014 3024 3165 3080; x_wconf 89' lang='lat' dir='ltr'><strong>libris</strong></span> <span class='ocrx_word' id='word_1_696' title='bbox 3193 3032 3350 3094; x_wconf 90' lang='lat' dir='ltr'><strong>atque</strong></span> 
     </span>
    </p>
   </div>
   <div class='ocr_carea' id='block_1_91' title="bbox 1773 3114 3350 3190">
    <p class='ocr_par' dir='ltr' id='par_1_91' title="bbox 1773 3114 3350 3190">
     <span class='ocr_line' id='line_1_91' title="bbox 1773 3114 3350 3190; baseline -0.005 -12"><span class='ocrx_word' id='word_1_697' title='bbox 1773 3122 2097 3178; x_wconf 86' lang='lat' dir='ltr'><strong>carminibus</strong></span> <span class='ocrx_word' id='word_1_698' title='bbox 2125 3119 2514 3190; x_wconf 89' lang='lat' dir='ltr'><strong>acquiescebat.</strong></span> <span class='ocrx_word' id='word_1_699' title='bbox 2566 3117 2862 3172; x_wconf 83' lang='lat' dir='ltr'><strong>Horrebam</strong></span> <span class='ocrx_word' id='word_1_700' title='bbox 2908 3116 3104 3184; x_wconf 89' lang='lat' dir='ltr'><strong>omnia,</strong></span> <span class='ocrx_word' id='word_1_701' title='bbox 3145 3123 3201 3170; x_wconf 88' lang='lat' dir='ltr'><strong>et</strong></span> <span class='ocrx_word' id='word_1_702' title='bbox 3237 3114 3350 3185; x_wconf 87' lang='lat' dir='ltr'><strong>ipsa</strong></span> 
     </span>
    </p>
   </div>
   <div class='ocr_carea' id='block_1_92' title="bbox 1773 3207 3349 3284">
    <p class='ocr_par' dir='ltr' id='par_1_92' title="bbox 1773 3207 3349 3284">
     <span class='ocr_line' id='line_1_92' title="bbox 1773 3207 3349 3284; baseline -0.004 -13"><span class='ocrx_word' id='word_1_703' title='bbox 1773 3216 1894 3280; x_wconf 84' lang='lat' dir='ltr'><strong>lux;</strong></span> <span class='ocrx_word' id='word_1_704' title='bbox 1923 3223 1978 3270; x_wconf 89' lang='lat' dir='ltr'><strong>et</strong></span> <span class='ocrx_word' id='word_1_705' title='bbox 2002 3213 2254 3284; x_wconf 88' lang='lat' dir='ltr'><strong>quidquid</strong></span> <span class='ocrx_word' id='word_1_706' title='bbox 2282 3227 2386 3267; x_wconf 92' lang='lat' dir='ltr'><strong>non</strong></span> <span class='ocrx_word' id='word_1_707' title='bbox 2406 3219 2521 3266; x_wconf 88' lang='lat' dir='ltr'><strong>erat</strong></span> <span class='ocrx_word' id='word_1_708' title='bbox 2558 3211 2700 3282; x_wconf 91' lang='lat' dir='ltr'><strong>quod</strong></span> <span class='ocrx_word' id='word_1_709' title='bbox 2744 3211 2834 3266; x_wconf 91' lang='lat' dir='ltr'><strong>ille</strong></span> <span class='ocrx_word' id='word_1_710' title='bbox 2873 3219 3009 3276; x_wconf 89' lang='lat' dir='ltr'><strong>erat,</strong></span> <span class='ocrx_word' id='word_1_711' title='bbox 3052 3207 3349 3280; x_wconf 78' lang='lat' dir='ltr'><strong>improbum</strong></span> 
     </span>
    </p>
   </div>
   <div class='ocr_carea' id='block_1_93' title="bbox 1774 3299 3351 3373">
    <p class='ocr_par' dir='ltr' id='par_1_93' title="bbox 1774 3299 3351 3373">
     <span class='ocr_line' id='line_1_93' title="bbox 1774 3299 3351 3373; baseline -0.003 -12"><span class='ocrx_word' id='word_1_712' title='bbox 1774 3314 1829 3361; x_wconf 89' lang='lat' dir='ltr'><strong>et</strong></span> <span class='ocrx_word' id='word_1_713' title='bbox 1856 3305 2096 3360; x_wconf 92' lang='lat' dir='ltr'><strong>odiosum</strong></span> <span class='ocrx_word' id='word_1_714' title='bbox 2145 3311 2278 3369; x_wconf 88' lang='lat' dir='ltr'><strong>erat,</strong></span> <span class='ocrx_word' id='word_1_715' title='bbox 2313 3310 2504 3372; x_wconf 78' lang='lat' dir='ltr'><strong>praeter</strong></span> <span class='ocrx_word' id='word_1_716' title='bbox 2547 3301 2800 3372; x_wconf 90' lang='lat' dir='ltr'><strong>gemitum</strong></span> <span class='ocrx_word' id='word_1_717' title='bbox 2830 3309 2884 3355; x_wconf 89' lang='lat' dir='ltr'><strong>et</strong></span> <span class='ocrx_word' id='word_1_718' title='bbox 2910 3299 3191 3373; x_wconf 88' lang='lat' dir='ltr'><strong>lacrymas.</strong></span> <span class='ocrx_word' id='word_1_719' title='bbox 3219 3299 3351 3356; x_wconf 86' lang='lat' dir='ltr'><strong>Nam</strong></span> 
     </span>
    </p>
   </div>
   <div class='ocr_carea' id='block_1_94' title="bbox 1776 3390 3356 3465">
    <p class='ocr_par' dir='ltr' id='par_1_94' title="bbox 1776 3390 3356 3465">
     <span class='ocr_line' id='line_1_94' title="bbox 1776 3390 3356 3465; baseline -0.004 -14"><span class='ocrx_word' id='word_1_720' title='bbox 1776 3398 1828 3451; x_wconf 92' lang='lat' dir='ltr'><strong>in</strong></span> <span class='ocrx_word' id='word_1_721' title='bbox 1850 3397 1928 3452; x_wconf 91' lang='lat' dir='ltr'><strong>eis</strong></span> <span class='ocrx_word' id='word_1_722' title='bbox 1967 3396 2093 3450; x_wconf 91' lang='lat' dir='ltr'><strong>solis</strong></span> <span class='ocrx_word' id='word_1_723' title='bbox 2136 3393 2453 3465; x_wconf 85' lang='lat' dir='ltr'><strong>aliquantula</strong></span> <span class='ocrx_word' id='word_1_724' title='bbox 2491 3392 2720 3463; x_wconf 90' lang='lat' dir='ltr'><strong>requies.</strong></span> <span class='ocrx_word' id='word_1_725' title='bbox 2762 3390 2864 3448; x_wconf 90' lang='lat' dir='ltr'><strong>Ubi</strong></span> <span class='ocrx_word' id='word_1_726' title='bbox 2893 3403 3069 3446; x_wconf 90' lang='lat' dir='ltr'><strong>autem</strong></span> <span class='ocrx_word' id='word_1_727' title='bbox 3101 3391 3226 3446; x_wconf 89' lang='lat' dir='ltr'><strong>inde</strong></span> <span class='ocrx_word' id='word_1_728' title='bbox 3263 3407 3356 3445; x_wconf 89' lang='lat' dir='ltr'><strong>au-</strong></span> 
     </span>
    </p>
   </div>
   <div class='ocr_carea' id='block_1_95' title="bbox 1777 3482 3355 3554">
    <p class='ocr_par' dir='ltr' id='par_1_95' title="bbox 1777 3482 3355 3554">
     <span class='ocr_line' id='line_1_95' title="bbox 1777 3482 3355 3554; baseline -0.001 -14"><span class='ocrx_word' id='word_1_729' title='bbox 1777 3487 2044 3542; x_wconf 86' lang='lat' dir='ltr'><strong>ferebatur</strong></span> <span class='ocrx_word' id='word_1_730' title='bbox 2073 3484 2247 3540; x_wconf 90' lang='lat' dir='ltr'><strong>anima</strong></span> <span class='ocrx_word' id='word_1_731' title='bbox 2276 3498 2418 3551; x_wconf 90' lang='lat' dir='ltr'><strong>mea,</strong></span> <span class='ocrx_word' id='word_1_732' title='bbox 2457 3483 2714 3538; x_wconf 91' lang='lat' dir='ltr'><strong>onerabat</strong></span> <span class='ocrx_word' id='word_1_733' title='bbox 2758 3498 2843 3537; x_wconf 91' lang='lat' dir='ltr'><strong>me</strong></span> <span class='ocrx_word' id='word_1_734' title='bbox 2889 3482 3107 3554; x_wconf 83' lang='lat' dir='ltr'><strong>grandis</strong></span> <span class='ocrx_word' id='word_1_735' title='bbox 3149 3482 3355 3538; x_wconf 85' lang='lat' dir='ltr'><strong>sarcina</strong></span> 
     </span>
    </p>
   </div>
   <div class='ocr_carea' id='block_1_96' title="bbox 1777 3571 3354 3640">
    <p class='ocr_par' dir='ltr' id='par_1_96' title="bbox 1777 3571 3354 3640">
     <span class='ocr_line' id='line_1_96' title="bbox 1777 3571 3354 3640; baseline -0.001 -10"><span class='ocrx_word' id='word_1_736' title='bbox 1777 3576 2022 3630; x_wconf 71' lang='lat' dir='ltr'><strong>miserim.</strong></span> <span class='ocrx_word' id='word_1_737' title='bbox 2053 3574 2135 3630; x_wconf 86' lang='lat' dir='ltr'><strong>Ad</strong></span> <span class='ocrx_word' id='word_1_738' title='bbox 2177 3581 2231 3628; x_wconf 92' lang='lat' dir='ltr'><strong>te</strong></span> <span class='ocrx_word' id='word_1_739' title='bbox 2272 3576 2316 3640; x_wconf 88' lang='grc'><strong>¹¹,</strong></span> <span class='ocrx_word' id='word_1_740' title='bbox 2363 3575 2607 3640; x_wconf 90' lang='lat' dir='ltr'><strong>Domine,</strong></span> <span class='ocrx_word' id='word_1_741' title='bbox 2637 3572 2857 3627; x_wconf 88' lang='lat' dir='ltr'><strong>levanda</strong></span> <span class='ocrx_word' id='word_1_742' title='bbox 2883 3581 3072 3628; x_wconf 89' lang='lat' dir='ltr'><strong>eratet</strong></span> <span class='ocrx_word' id='word_1_743' title='bbox 3098 3571 3354 3640; x_wconf 90' lang='lat' dir='ltr'><strong>curanda,</strong></span> 
     </span>
    </p>
   </div>
   <div class='ocr_carea' id='block_1_97' title="bbox 1778 3663 3360 3734">
    <p class='ocr_par' dir='ltr' id='par_1_97' title="bbox 1778 3663 3360 3734">
     <span class='ocr_line' id='line_1_97' title="bbox 1778 3663 3360 3734; baseline -0.003 -12"><span class='ocrx_word' id='word_1_744' title='bbox 1778 3667 2039 3731; x_wconf 87' lang='lat' dir='ltr'><strong>sciebam;</strong></span> <span class='ocrx_word' id='word_1_745' title='bbox 2079 3665 2174 3720; x_wconf 89' lang='lat' dir='ltr'><strong>sed</strong></span> <span class='ocrx_word' id='word_1_746' title='bbox 2203 3679 2300 3720; x_wconf 89' lang='lat' dir='ltr'><strong>nec</strong></span> <span class='ocrx_word' id='word_1_747' title='bbox 2342 3665 2606 3727; x_wconf 88' lang='lat' dir='ltr'><strong>volebam.</strong></span> <span class='ocrx_word' id='word_1_748' title='bbox 2651 3678 2750 3719; x_wconf 91' lang='lat' dir='ltr'><strong>nec</strong></span> <span class='ocrx_word' id='word_1_749' title='bbox 2776 3663 3035 3727; x_wconf 88' lang='lat' dir='ltr'><strong>valebam,</strong></span> <span class='ocrx_word' id='word_1_750' title='bbox 3084 3677 3150 3717; x_wconf 91' lang='lat' dir='ltr'><strong>eo</strong></span> <span class='ocrx_word' id='word_1_751' title='bbox 3188 3663 3360 3734; x_wconf 89' lang='lat' dir='ltr'><strong>magis</strong></span> 
     </span>
    </p>
   </div>
   <div class='ocr_carea' id='block_1_98' title="bbox 1779 3754 3357 3830">
    <p class='ocr_par' dir='ltr' id='par_1_98' title="bbox 1779 3754 3357 3830">
     <span class='ocr_line' id='line_1_98' title="bbox 1779 3754 3357 3830; baseline -0.001 -19"><span class='ocrx_word' id='word_1_752' title='bbox 1779 3759 1898 3830; x_wconf 88' lang='lat' dir='ltr'><strong>quia</strong></span> <span class='ocrx_word' id='word_1_753' title='bbox 1927 3773 2031 3812; x_wconf 91' lang='lat' dir='ltr'><strong>non</strong></span> <span class='ocrx_word' id='word_1_754' title='bbox 2058 3755 2187 3810; x_wconf 90' lang='lat' dir='ltr'><strong>mihi</strong></span> <span class='ocrx_word' id='word_1_755' title='bbox 2214 3771 2334 3811; x_wconf 90' lang='lat' dir='ltr'><strong>eras</strong></span> <span class='ocrx_word' id='word_1_756' title='bbox 2363 3754 2563 3826; x_wconf 86' lang='lat' dir='ltr'><strong>aliquid</strong></span> <span class='ocrx_word' id='word_1_757' title='bbox 2590 3755 2820 3810; x_wconf 90' lang='lat' dir='ltr'><strong>solidum</strong></span> <span class='ocrx_word' id='word_1_758' title='bbox 2856 3764 2910 3810; x_wconf 86' lang='lat' dir='ltr'><strong>et</strong></span> <span class='ocrx_word' id='word_1_759' title='bbox 2952 3755 3184 3820; x_wconf 86' lang='lat' dir='ltr'><strong>firmum,</strong></span> <span class='ocrx_word' id='word_1_760' title='bbox 3234 3770 3357 3810; x_wconf 91' lang='lat' dir='ltr'><strong>cum</strong></span> 
     </span>
    </p>
   </div>
   <div class='ocr_carea' id='block_1_99' title="bbox 1782 3844 3356 3918">
    <p class='ocr_par' dir='ltr' id='par_1_99' title="bbox 1782 3844 3356 3918">
     <span class='ocr_line' id='line_1_99' title="bbox 1782 3844 3356 3918; baseline -0.002 -15"><span class='ocrx_word' id='word_1_761' title='bbox 1782 3849 1848 3904; x_wconf 87' lang='lat' dir='ltr'><strong>de</strong></span> <span class='ocrx_word' id='word_1_762' title='bbox 1872 3859 1923 3903; x_wconf 91' lang='lat' dir='ltr'><strong>te</strong></span> <span class='ocrx_word' id='word_1_763' title='bbox 1951 3847 2268 3918; x_wconf 83' lang='lat' dir='ltr'><strong>cogitabam.</strong></span> <span class='ocrx_word' id='word_1_764' title='bbox 2295 3845 2410 3900; x_wconf 82' lang='lat' dir='ltr'><strong>Non</strong></span> <span class='ocrx_word' id='word_1_765' title='bbox 2436 3847 2577 3900; x_wconf 91' lang='lat' dir='ltr'><strong>enim</strong></span> <span class='ocrx_word' id='word_1_766' title='bbox 2605 3854 2661 3899; x_wconf 91' lang='lat' dir='ltr'><strong>tu</strong></span> <span class='ocrx_word' id='word_1_767' title='bbox 2686 3860 2825 3912; x_wconf 88' lang='lat' dir='ltr'><strong>eras,</strong></span> <span class='ocrx_word' id='word_1_768' title='bbox 2854 3845 2946 3900; x_wconf 89' lang='lat' dir='ltr'><strong>sed</strong></span> <span class='ocrx_word' id='word_1_769' title='bbox 2978 3861 3168 3900; x_wconf 87' lang='lat' dir='ltr'><strong>vanum</strong></span> <span class='ocrx_word' id='word_1_770' title='bbox 3185 3844 3356 3915; x_wconf 83' lang='lat' dir='ltr'><strong>phan-</strong></span> 
     </span>
    </p>
   </div>
   <div class='ocr_carea' id='block_1_100' title="bbox 1782 3936 3356 4002">
    <p class='ocr_par' dir='ltr' id='par_1_100' title="bbox 1782 3936 3356 4002">
     <span class='ocr_line' id='line_1_100' title="bbox 1782 3936 3356 4002; baseline -0.002 -8"><span class='ocrx_word' id='word_1_771' title='bbox 1782 3948 1969 4002; x_wconf 86' lang='lat' dir='ltr'><strong>tasma,</strong></span> <span class='ocrx_word' id='word_1_772' title='bbox 1992 3946 2046 3993; x_wconf 89' lang='lat' dir='ltr'><strong>et</strong></span> <span class='ocrx_word' id='word_1_773' title='bbox 2060 3953 2210 3992; x_wconf 88' lang='lat' dir='ltr'><strong>error</strong></span> <span class='ocrx_word' id='word_1_774' title='bbox 2235 3952 2386 3991; x_wconf 90' lang='lat' dir='ltr'><strong>meus</strong></span> <span class='ocrx_word' id='word_1_775' title='bbox 2405 3945 2523 3992; x_wconf 90' lang='lat' dir='ltr'><strong>erat</strong></span> <span class='ocrx_word' id='word_1_776' title='bbox 2548 3937 2690 3991; x_wconf 89' lang='lat' dir='ltr'><strong>Deus</strong></span> <span class='ocrx_word' id='word_1_777' title='bbox 2716 3951 2886 3990; x_wconf 91' lang='lat' dir='ltr'><strong>meus.</strong></span> <span class='ocrx_word' id='word_1_778' title='bbox 2910 3936 2966 3990; x_wconf 90' lang='lat' dir='ltr'><strong>Si</strong></span> <span class='ocrx_word' id='word_1_779' title='bbox 2987 3937 3218 3991; x_wconf 85' lang='lat' dir='ltr'><strong>conabar</strong></span> <span class='ocrx_word' id='word_1_780' title='bbox 3237 3953 3356 3992; x_wconf 85' lang='lat' dir='ltr'><strong>eam</strong></span> 
     </span>
    </p>
   </div>
   <div class='ocr_carea' id='block_1_101' title="bbox 1781 4025 3360 4098">
    <p class='ocr_par' dir='ltr' id='par_1_101' title="bbox 1781 4025 3360 4098">
     <span class='ocr_line' id='line_1_101' title="bbox 1781 4025 3360 4098; baseline 0 -15"><span class='ocrx_word' id='word_1_781' title='bbox 1781 4029 1853 4083; x_wconf 88' lang='lat' dir='ltr'><strong>ibi</strong></span> <span class='ocrx_word' id='word_1_782' title='bbox 1898 4043 2092 4098; x_wconf 89' lang='lat' dir='ltr'><strong>ponere</strong></span> <span class='ocrx_word' id='word_1_783' title='bbox 2121 4036 2178 4081; x_wconf 87' lang='lat' dir='ltr'><strong>ut</strong></span> <span class='ocrx_word' id='word_1_784' title='bbox 2223 4027 2597 4097; x_wconf 87' lang='lat' dir='ltr'><strong>requiesceret,</strong></span> <span class='ocrx_word' id='word_1_785' title='bbox 2640 4042 2736 4096; x_wconf 88' lang='lat' dir='ltr'><strong>per</strong></span> <span class='ocrx_word' id='word_1_786' title='bbox 2778 4026 2934 4081; x_wconf 89' lang='lat' dir='ltr'><strong>inane</strong></span> <span class='ocrx_word' id='word_1_787' title='bbox 2975 4025 3270 4093; x_wconf 89' lang='lat' dir='ltr'><strong>labebatur,</strong></span> <span class='ocrx_word' id='word_1_788' title='bbox 3303 4037 3360 4083; x_wconf 79' lang='lat' dir='ltr'><strong>et</strong></span> 
     </span>
    </p>
   </div>
   <div class='ocr_carea' id='block_1_102' title="bbox 1781 4117 3359 4188">
    <p class='ocr_par' dir='ltr' id='par_1_102' title="bbox 1781 4117 3359 4188">
     <span class='ocr_line' id='line_1_102' title="bbox 1781 4117 3359 4188; baseline 0 -14"><span class='ocrx_word' id='word_1_789' title='bbox 1781 4122 1970 4176; x_wconf 90' lang='lat' dir='ltr'><strong>iterum</strong></span> <span class='ocrx_word' id='word_1_790' title='bbox 2013 4121 2198 4174; x_wconf 88' lang='lat' dir='ltr'><strong>ruebat</strong></span> <span class='ocrx_word' id='word_1_791' title='bbox 2214 4133 2372 4187; x_wconf 91' lang='lat' dir='ltr'><strong>super</strong></span> <span class='ocrx_word' id='word_1_792' title='bbox 2389 4134 2473 4174; x_wconf 91' lang='lat' dir='ltr'><strong>me</strong></span> <span class='ocrx_word' id='word_1_793' title='bbox 2498 4137 2512 4183; x_wconf 92' lang='lat'><strong>;</strong></span> <span class='ocrx_word' id='word_1_794' title='bbox 2539 4129 2593 4172; x_wconf 91' lang='lat' dir='ltr'><strong>et</strong></span> <span class='ocrx_word' id='word_1_795' title='bbox 2619 4133 2718 4188; x_wconf 88' lang='lat' dir='ltr'><strong>ego</strong></span> <span class='ocrx_word' id='word_1_796' title='bbox 2739 4117 2866 4172; x_wconf 91' lang='lat' dir='ltr'><strong>mihi</strong></span> <span class='ocrx_word' id='word_1_797' title='bbox 2892 4133 3249 4172; x_wconf 84' lang='lat' dir='ltr'><strong>remanseram</strong></span> <span class='ocrx_word' id='word_1_798' title='bbox 3280 4119 3359 4174; x_wconf 82' lang='lat' dir='ltr'><strong>in-</strong></span> 
     </span>
    </p>
   </div>
   <div class='ocr_carea' id='block_1_103' title="bbox 1782 4207 3354 4276">
    <p class='ocr_par' dir='ltr' id='par_1_103' title="bbox 1782 4207 3354 4276">
     <span class='ocr_line' id='line_1_103' title="bbox 1782 4207 3354 4276; baseline 0 -13"><span class='ocrx_word' id='word_1_799' title='bbox 1782 4210 1906 4264; x_wconf 82' lang='lat' dir='ltr'><strong>felix</strong></span> <span class='ocrx_word' id='word_1_800' title='bbox 1931 4211 2095 4273; x_wconf 90' lang='lat' dir='ltr'><strong>locus,</strong></span> <span class='ocrx_word' id='word_1_801' title='bbox 2129 4208 2216 4262; x_wconf 91' lang='lat' dir='ltr'><strong>ubi</strong></span> <span class='ocrx_word' id='word_1_802' title='bbox 2264 4221 2362 4262; x_wconf 89' lang='lat' dir='ltr'><strong>nec</strong></span> <span class='ocrx_word' id='word_1_803' title='bbox 2389 4222 2507 4262; x_wconf 91' lang='lat' dir='ltr'><strong>esse</strong></span> <span class='ocrx_word' id='word_1_804' title='bbox 2545 4222 2777 4276; x_wconf 85' lang='lat' dir='ltr'><strong>possem,</strong></span> <span class='ocrx_word' id='word_1_805' title='bbox 2801 4221 2900 4262; x_wconf 92' lang='lat' dir='ltr'><strong>nec</strong></span> <span class='ocrx_word' id='word_1_806' title='bbox 2928 4207 3047 4262; x_wconf 85' lang='lat' dir='ltr'><strong>inde</strong></span> <span class='ocrx_word' id='word_1_807' title='bbox 3086 4208 3354 4264; x_wconf 85' lang='lat' dir='ltr'><strong>recedere.</strong></span> 
     </span>
    </p>
   </div>
   <div class='ocr_carea' id='block_1_104' title="bbox 1782 4298 3360 4370">
    <p class='ocr_par' dir='ltr' id='par_1_104' title="bbox 1782 4298 3360 4370">
     <span class='ocr_line' id='line_1_104' title="bbox 1782 4298 3360 4370; baseline 0.001 -15"><span class='ocrx_word' id='word_1_808' title='bbox 1782 4303 1898 4369; x_wconf 85' lang='lat' dir='ltr'><strong>Quo</strong></span> <span class='ocrx_word' id='word_1_809' title='bbox 1922 4301 2063 4355; x_wconf 90' lang='lat' dir='ltr'><strong>enim</strong></span> <span class='ocrx_word' id='word_1_810' title='bbox 2091 4314 2184 4354; x_wconf 88' lang='lat' dir='ltr'><strong>cor</strong></span> <span class='ocrx_word' id='word_1_811' title='bbox 2209 4313 2384 4354; x_wconf 91' lang='lat' dir='ltr'><strong>meum</strong></span> <span class='ocrx_word' id='word_1_812' title='bbox 2415 4299 2616 4370; x_wconf 86' lang='lat' dir='ltr'><strong>fugeret</strong></span> <span class='ocrx_word' id='word_1_813' title='bbox 2635 4315 2664 4353; x_wconf 92' lang='lat' dir='ltr'><strong>a</strong></span> <span class='ocrx_word' id='word_1_814' title='bbox 2695 4298 2857 4354; x_wconf 89' lang='lat' dir='ltr'><strong>corde</strong></span> <span class='ocrx_word' id='word_1_815' title='bbox 2883 4300 3045 4354; x_wconf 90' lang='lat' dir='ltr'><strong>meo?</strong></span> <span class='ocrx_word' id='word_1_816' title='bbox 3083 4315 3189 4370; x_wconf 88' lang='lat' dir='ltr'><strong>quo</strong></span> <span class='ocrx_word' id='word_1_817' title='bbox 3217 4315 3245 4352; x_wconf 89' lang='lat' dir='ltr'><strong>a</strong></span> <span class='ocrx_word' id='word_1_818' title='bbox 3273 4316 3360 4356; x_wconf 90' lang='lat' dir='ltr'><strong>me</strong></span> 
     </span>
    </p>
   </div>
   <div class='ocr_carea' id='block_1_105' title="bbox 1784 4391 3360 4465">
    <p class='ocr_par' dir='ltr' id='par_1_105' title="bbox 1784 4391 3360 4465">
     <span class='ocr_line' id='line_1_105' title="bbox 1784 4391 3360 4465; baseline 0 -17"><span class='ocrx_word' id='word_1_819' title='bbox 1784 4394 1900 4464; x_wconf 89' lang='lat' dir='ltr'><strong>ipso</strong></span> <span class='ocrx_word' id='word_1_820' title='bbox 1924 4392 2191 4464; x_wconf 85' lang='lat' dir='ltr'><strong>fugerem?</strong></span> <span class='ocrx_word' id='word_1_821' title='bbox 2233 4407 2338 4462; x_wconf 90' lang='lat' dir='ltr'><strong>quo</strong></span> <span class='ocrx_word' id='word_1_822' title='bbox 2385 4407 2471 4447; x_wconf 90' lang='lat' dir='ltr'><strong>me</strong></span> <span class='ocrx_word' id='word_1_823' title='bbox 2502 4407 2604 4446; x_wconf 91' lang='lat' dir='ltr'><strong>non</strong></span> <span class='ocrx_word' id='word_1_824' title='bbox 2633 4391 2914 4463; x_wconf 90' lang='lat' dir='ltr'><strong>sequerer?</strong></span> <span class='ocrx_word' id='word_1_825' title='bbox 2943 4392 3009 4446; x_wconf 89' lang='lat' dir='ltr'><strong>Et</strong></span> <span class='ocrx_word' id='word_1_826' title='bbox 3050 4402 3223 4448; x_wconf 89' lang='lat' dir='ltr'><strong>tamen</strong></span> <span class='ocrx_word' id='word_1_827' title='bbox 3252 4392 3360 4465; x_wconf 89' lang='lat' dir='ltr'><strong>fugi</strong></span> 
     </span>
    </p>
   </div>
   <div class='ocr_carea' id='block_1_106' title="bbox 1784 4485 3358 4556">
    <p class='ocr_par' dir='ltr' id='par_1_106' title="bbox 1784 4485 3358 4556">
     <span class='ocr_line' id='line_1_106' title="bbox 1784 4485 3358 4556; baseline 0.003 -16"><span class='ocrx_word' id='word_1_828' title='bbox 1784 4487 1851 4540; x_wconf 89' lang='lat' dir='ltr'><strong>dc</strong></span> <span class='ocrx_word' id='word_1_829' title='bbox 1877 4487 2062 4555; x_wconf 84' lang='lat' dir='ltr'><strong>patria.</strong></span> <span class='ocrx_word' id='word_1_830' title='bbox 2091 4485 2261 4540; x_wconf 86' lang='lat' dir='ltr'><strong>Minus</strong></span> <span class='ocrx_word' id='word_1_831' title='bbox 2289 4485 2431 4540; x_wconf 91' lang='lat' dir='ltr'><strong>enim</strong></span> <span class='ocrx_word' id='word_1_832' title='bbox 2475 4501 2594 4541; x_wconf 90' lang='lat' dir='ltr'><strong>cum</strong></span> <span class='ocrx_word' id='word_1_833' title='bbox 2625 4487 2929 4556; x_wconf 62' lang='lat' dir='ltr'><strong>quaerebant</strong></span> <span class='ocrx_word' id='word_1_834' title='bbox 2954 4488 3090 4542; x_wconf 89' lang='lat' dir='ltr'><strong>oculi</strong></span> <span class='ocrx_word' id='word_1_835' title='bbox 3119 4488 3241 4556; x_wconf 89' lang='lat' dir='ltr'><strong>mei,</strong></span> <span class='ocrx_word' id='word_1_836' title='bbox 3273 4488 3358 4544; x_wconf 87' lang='lat' dir='ltr'><strong>ubi</strong></span> 
     </span>
    </p>
   </div>
   <div class='ocr_carea' id='block_1_107' title="bbox 1785 4577 3361 4652">
    <p class='ocr_par' dir='ltr' id='par_1_107' title="bbox 1785 4577 3361 4652">
     <span class='ocr_line' id='line_1_107' title="bbox 1785 4577 3361 4652; baseline 0.003 -19"><span class='ocrx_word' id='word_1_837' title='bbox 1785 4579 1967 4633; x_wconf 90' lang='lat' dir='ltr'><strong>videre</strong></span> <span class='ocrx_word' id='word_1_838' title='bbox 1994 4594 2097 4632; x_wconf 90' lang='lat' dir='ltr'><strong>non</strong></span> <span class='ocrx_word' id='word_1_839' title='bbox 2125 4577 2397 4644; x_wconf 89' lang='lat' dir='ltr'><strong>solebant;</strong></span> <span class='ocrx_word' id='word_1_840' title='bbox 2428 4585 2586 4648; x_wconf 89' lang='lat' dir='ltr'><strong>atque</strong></span> <span class='ocrx_word' id='word_1_841' title='bbox 2607 4594 2636 4633; x_wconf 92' lang='lat' dir='ltr'><strong>a</strong></span> <span class='ocrx_word' id='word_1_842' title='bbox 2657 4577 2996 4649; x_wconf 87' lang='lat' dir='ltr'><strong>Thagastensi</strong></span> <span class='ocrx_word' id='word_1_843' title='bbox 3023 4579 3220 4652; x_wconf 90' lang='lat' dir='ltr'><strong>oppido</strong></span> <span class='ocrx_word' id='word_1_844' title='bbox 3239 4583 3361 4637; x_wconf 83' lang='lat' dir='ltr'><strong>veni</strong></span> 
     </span>
    </p>
   </div>
   <div class='ocr_carea' id='block_1_108' title="bbox 1787 4667 2176 4736">
    <p class='ocr_par' dir='ltr' id='par_1_108' title="bbox 1787 4667 2176 4736">
     <span class='ocr_line' id='line_1_108' title="bbox 1787 4667 2176 4736; baseline -0.01 -12"><span class='ocrx_word' id='word_1_845' title='bbox 1787 4667 2176 4736; x_wconf 82' lang='lat' dir='ltr'><strong>Carthaginem.</strong></span> 
     </span>
    </p>
   </div>
   <div class='ocr_carea' id='block_1_109' title="bbox 2363 4736 2764 4794">
    <p class='ocr_par' dir='ltr' id='par_1_109' title="bbox 2363 4736 2764 4794">
     <span class='ocr_line' id='line_1_109' title="bbox 2363 4736 2764 4794; baseline 0.002 -2"><span class='ocrx_word' id='word_1_846' title='bbox 2363 4736 2590 4794; x_wconf 84' lang='lat' dir='ltr'><strong>CAPUT</strong></span> <span class='ocrx_word' id='word_1_847' title='bbox 2628 4737 2764 4794; x_wconf 77' lang='lat' dir='ltr'>VIII.</span> 
     </span>
    </p>
   </div>
   <div class='ocr_carea' id='block_1_110' title="bbox 1884 4828 3268 4900">
    <p class='ocr_par' dir='ltr' id='par_1_110' title="bbox 1884 4828 3268 4900">
     <span class='ocr_line' id='line_1_110' title="bbox 1884 4828 3268 4900; baseline 0.004 -16"><span class='ocrx_word' id='word_1_848' title='bbox 1884 4828 2103 4900; x_wconf 81' lang='lat' dir='ltr'><strong>Tempus</strong></span> <span class='ocrx_word' id='word_1_849' title='bbox 2130 4837 2177 4882; x_wconf 86' lang='lat' dir='ltr'><strong>et</strong></span> <span class='ocrx_word' id='word_1_850' title='bbox 2205 4829 2484 4883; x_wconf 82' lang='lat' dir='ltr'><strong>amicorum</strong></span> <span class='ocrx_word' id='word_1_851' title='bbox 2517 4829 2770 4899; x_wconf 84' lang='lat' dir='ltr'><strong>colloquia</strong></span> <span class='ocrx_word' id='word_1_852' title='bbox 2799 4829 2962 4884; x_wconf 82' lang='lat' dir='ltr'><strong>dolori</strong></span> <span class='ocrx_word' id='word_1_853' title='bbox 2988 4833 3268 4889; x_wconf 83' lang='lat' dir='ltr'><strong>medentur.</strong></span> 
     </span>
    </p>
   </div>
   <div class='ocr_carea' id='block_1_111' title="bbox 1860 4921 3372 5000">
    <p class='ocr_par' dir='ltr' id='par_1_111' title="bbox 1860 4921 3372 5000">
     <span class='ocr_line' id='line_1_111' title="bbox 1860 4921 3372 5000; baseline 0.005 -24"><span class='ocrx_word' id='word_1_854' title='bbox 1860 4922 1946 4976; x_wconf 72' lang='lat' dir='ltr'><strong>t5.</strong></span> <span class='ocrx_word' id='word_1_855' title='bbox 1977 4921 2092 4976; x_wconf 85' lang='lat' dir='ltr'><strong>Non</strong></span> <span class='ocrx_word' id='word_1_856' title='bbox 2117 4931 2306 4976; x_wconf 88' lang='lat' dir='ltr'><strong>vacant</strong></span> <span class='ocrx_word' id='word_1_857' title='bbox 2352 4930 2612 4992; x_wconf 89' lang='lat' dir='ltr'><strong>tempora,</strong></span> <span class='ocrx_word' id='word_1_858' title='bbox 2644 4937 2744 4979; x_wconf 90' lang='lat' dir='ltr'><strong>nec</strong></span> <span class='ocrx_word' id='word_1_859' title='bbox 2757 4923 2929 4980; x_wconf 88' lang='lat' dir='ltr'><strong>otiose</strong></span> <span class='ocrx_word' id='word_1_860' title='bbox 2967 4925 3254 4983; x_wconf 85' lang='lat' dir='ltr'><strong>volvuntur</strong></span> <span class='ocrx_word' id='word_1_861' title='bbox 3273 4942 3372 5000; x_wconf 87' lang='lat' dir='ltr'><strong>per</strong></span> 
     </span>
    </p>
   </div>
   <div class='ocr_carea' id='block_1_112' title="bbox 1789 5013 3375 5091">
    <p class='ocr_par' dir='ltr' id='par_1_112' title="bbox 1789 5013 3375 5091">
     <span class='ocr_line' id='line_1_112' title="bbox 1789 5013 3375 5091; baseline 0.006 -23"><span class='ocrx_word' id='word_1_862' title='bbox 1789 5028 1980 5069; x_wconf 88' lang='lat' dir='ltr'><strong>sensus</strong></span> <span class='ocrx_word' id='word_1_863' title='bbox 2006 5023 2246 5079; x_wconf 89' lang='lat' dir='ltr'><strong>nostros;</strong></span> <span class='ocrx_word' id='word_1_864' title='bbox 2287 5013 2485 5070; x_wconf 84' lang='lat' dir='ltr'><strong>faciunt</strong></span> <span class='ocrx_word' id='word_1_865' title='bbox 2529 5017 2579 5071; x_wconf 91' lang='lat' dir='ltr'><strong>in</strong></span> <span class='ocrx_word' id='word_1_866' title='bbox 2631 5018 2811 5072; x_wconf 91' lang='lat' dir='ltr'><strong>animo</strong></span> <span class='ocrx_word' id='word_1_867' title='bbox 2844 5018 2977 5073; x_wconf 86' lang='lat' dir='ltr'><strong>mira</strong></span> <span class='ocrx_word' id='word_1_868' title='bbox 3010 5033 3193 5091; x_wconf 83' lang='lat' dir='ltr'><strong>opera.</strong></span> <span class='ocrx_word' id='word_1_869' title='bbox 3235 5021 3375 5078; x_wconf 85' lang='lat' dir='ltr'><strong>Ecce</strong></span> 
     </span>
    </p>
   </div>
   <div class='ocr_carea' id='block_1_113' title="bbox 1792 5106 3374 5178">
    <p class='ocr_par' dir='ltr' id='par_1_113' title="bbox 1792 5106 3374 5178">
     <span class='ocr_line' id='line_1_113' title="bbox 1792 5106 3374 5178; baseline 0.004 -17"><span class='ocrx_word' id='word_1_870' title='bbox 1792 5106 2074 5162; x_wconf 88' lang='lat' dir='ltr'><strong>veniebant</strong></span> <span class='ocrx_word' id='word_1_871' title='bbox 2093 5115 2147 5161; x_wconf 90' lang='lat' dir='ltr'><strong>et</strong></span> <span class='ocrx_word' id='word_1_872' title='bbox 2182 5106 2523 5177; x_wconf 71' lang='lat' dir='ltr'><strong>przeteribant</strong></span> <span class='ocrx_word' id='word_1_873' title='bbox 2547 5107 2614 5164; x_wconf 91' lang='lat' dir='ltr'><strong>de</strong></span> <span class='ocrx_word' id='word_1_874' title='bbox 2649 5108 2737 5164; x_wconf 90' lang='lat' dir='ltr'><strong>die</strong></span> <span class='ocrx_word' id='word_1_875' title='bbox 2765 5111 2817 5164; x_wconf 91' lang='lat' dir='ltr'><strong>in</strong></span> <span class='ocrx_word' id='word_1_876' title='bbox 2847 5108 3010 5178; x_wconf 92' lang='lat' dir='ltr'><strong>diem,</strong></span> <span class='ocrx_word' id='word_1_877' title='bbox 3033 5121 3089 5167; x_wconf 88' lang='lat' dir='ltr'><strong>et</strong></span> <span class='ocrx_word' id='word_1_878' title='bbox 3115 5113 3374 5168; x_wconf 89' lang='lat' dir='ltr'><strong>veniendo</strong></span> 
     </span>
    </p>
   </div>
   <div class='ocr_carea' id='block_1_114' title="bbox 1791 5197 3376 5271">
    <p class='ocr_par' dir='ltr' id='par_1_114' title="bbox 1791 5197 3376 5271">
     <span class='ocr_line' id='line_1_114' title="bbox 1791 5197 3376 5271; baseline 0.003 -18"><span class='ocrx_word' id='word_1_879' title='bbox 1791 5206 1846 5254; x_wconf 90' lang='lat' dir='ltr'><strong>et</strong></span> <span class='ocrx_word' id='word_1_880' title='bbox 1868 5197 2239 5268; x_wconf 83' lang='lat' dir='ltr'><strong>praetereundo</strong></span> <span class='ocrx_word' id='word_1_881' title='bbox 2274 5199 2578 5254; x_wconf 89' lang='lat' dir='ltr'><strong>inserebant</strong></span> <span class='ocrx_word' id='word_1_882' title='bbox 2605 5199 2736 5254; x_wconf 91' lang='lat' dir='ltr'><strong>mihi</strong></span> <span class='ocrx_word' id='word_1_883' title='bbox 2778 5201 2985 5271; x_wconf 84' lang='lat' dir='ltr'><strong>species</strong></span> <span class='ocrx_word' id='word_1_884' title='bbox 3011 5202 3144 5259; x_wconf 89' lang='lat' dir='ltr'><strong>alias</strong></span> <span class='ocrx_word' id='word_1_885' title='bbox 3166 5211 3219 5259; x_wconf 91' lang='lat' dir='ltr'><strong>et</strong></span> <span class='ocrx_word' id='word_1_886' title='bbox 3245 5203 3376 5257; x_wconf 87' lang='lat' dir='ltr'><strong>alias</strong></span> 
     </span>
    </p>
   </div>
   <div class='ocr_carea' id='block_1_115' title="bbox 1794 5290 3375 5363">
    <p class='ocr_par' dir='ltr' id='par_1_115' title="bbox 1794 5290 3375 5363">
     <span class='ocr_line' id='line_1_115' title="bbox 1794 5290 3375 5363; baseline 0.001 -17"><span class='ocrx_word' id='word_1_887' title='bbox 1794 5291 2096 5356; x_wconf 87' lang='lat' dir='ltr'><strong>memorias,</strong></span> <span class='ocrx_word' id='word_1_888' title='bbox 2124 5299 2180 5346; x_wconf 90' lang='lat' dir='ltr'><strong>et</strong></span> <span class='ocrx_word' id='word_1_889' title='bbox 2221 5290 2471 5361; x_wconf 87' lang='lat' dir='ltr'><strong>paulatim</strong></span> <span class='ocrx_word' id='word_1_890' title='bbox 2505 5291 2871 5346; x_wconf 84' lang='lat' dir='ltr'><strong>resarciebaut</strong></span> <span class='ocrx_word' id='word_1_891' title='bbox 2907 5308 2996 5348; x_wconf 91' lang='lat' dir='ltr'><strong>me</strong></span> <span class='ocrx_word' id='word_1_892' title='bbox 3023 5293 3258 5363; x_wconf 86' lang='lat' dir='ltr'><strong>pristinis</strong></span> <span class='ocrx_word' id='word_1_893' title='bbox 3283 5308 3375 5363; x_wconf 88' lang='lat' dir='ltr'><strong>ge-</strong></span> 
     </span>
    </p>
   </div>
   <div class='ocr_carea' id='block_1_116' title="bbox 1795 5380 3405 5451">
    <p class='ocr_par' dir='ltr' id='par_1_116' title="bbox 1795 5380 3405 5451">
     <span class='ocr_line' id='line_1_116' title="bbox 1795 5380 3405 5451; baseline 0.002 -14"><span class='ocrx_word' id='word_1_894' title='bbox 1795 5383 2009 5438; x_wconf 88' lang='lat' dir='ltr'><strong>neribus</strong></span> <span class='ocrx_word' id='word_1_895' title='bbox 2051 5380 2485 5448; x_wconf 88' lang='lat' dir='ltr'><strong>delectationum,</strong></span> <span class='ocrx_word' id='word_1_896' title='bbox 2539 5382 2731 5451; x_wconf 88' lang='lat' dir='ltr'><strong>quibus</strong></span> <span class='ocrx_word' id='word_1_897' title='bbox 2767 5382 2991 5438; x_wconf 86' lang='lat' dir='ltr'><strong>cedebat</strong></span> <span class='ocrx_word' id='word_1_898' title='bbox 3027 5383 3180 5438; x_wconf 86' lang='lat' dir='ltr'><strong>dolor</strong></span> <span class='ocrx_word' id='word_1_899' title='bbox 3223 5396 3405 5440; x_wconf 78' lang='lat' dir='ltr'><strong>meus-</strong></span> 
     </span>
    </p>
   </div>
   <div class='ocr_carea' id='block_1_117' title="bbox 1796 5472 3378 5543">
    <p class='ocr_par' dir='ltr' id='par_1_117' title="bbox 1796 5472 3378 5543">
     <span class='ocr_line' id='line_1_117' title="bbox 1796 5472 3378 5543; baseline 0 -16"><span class='ocrx_word' id='word_1_900' title='bbox 1796 5475 1915 5540; x_wconf 87' lang='lat' dir='ltr'><strong>ille;</strong></span> <span class='ocrx_word' id='word_1_901' title='bbox 1943 5472 2036 5529; x_wconf 87' lang='lat' dir='ltr'><strong>sed</strong></span> <span class='ocrx_word' id='word_1_902' title='bbox 2061 5472 2416 5528; x_wconf 89' lang='lat' dir='ltr'><strong>succedebant</strong></span> <span class='ocrx_word' id='word_1_903' title='bbox 2445 5487 2550 5527; x_wconf 89' lang='lat' dir='ltr'><strong>non</strong></span> <span class='ocrx_word' id='word_1_904' title='bbox 2576 5473 2789 5543; x_wconf 92' lang='lat' dir='ltr'><strong>quidem</strong></span> <span class='ocrx_word' id='word_1_905' title='bbox 2826 5473 3039 5528; x_wconf 88' lang='lat' dir='ltr'><strong>dolores</strong></span> <span class='ocrx_word' id='word_1_906' title='bbox 3060 5473 3170 5535; x_wconf 90' lang='lat' dir='ltr'><strong>alii,</strong></span> <span class='ocrx_word' id='word_1_907' title='bbox 3200 5485 3378 5527; x_wconf 64' lang='lat' dir='ltr'><strong>causae</strong></span> 
     </span>
    </p>
   </div>
   <div class='ocr_carea' id='block_1_118' title="bbox 1799 5559 3377 5621">
    <p class='ocr_par' dir='ltr' id='par_1_118' title="bbox 1799 5559 3377 5621">
     <span class='ocr_line' id='line_1_118' title="bbox 1799 5559 3377 5621; baseline -0.001 -1"><span class='ocrx_word' id='word_1_908' title='bbox 1799 5575 1974 5620; x_wconf 89' lang='lat' dir='ltr'><strong>tamen</strong></span> <span class='ocrx_word' id='word_1_909' title='bbox 2040 5563 2264 5620; x_wconf 89' lang='lat' dir='ltr'><strong>aliorum</strong></span> <span class='ocrx_word' id='word_1_910' title='bbox 2309 5564 2574 5621; x_wconf 88' lang='lat' dir='ltr'><strong>dolorum.</strong></span> <span class='ocrx_word' id='word_1_911' title='bbox 2629 5564 2762 5620; x_wconf 85' lang='lat' dir='ltr'><strong>Nam</strong></span> <span class='ocrx_word' id='word_1_912' title='bbox 2807 5563 2947 5618; x_wconf 89' lang='lat' dir='ltr'><strong>unde</strong></span> <span class='ocrx_word' id='word_1_913' title='bbox 2992 5576 3079 5616; x_wconf 91' lang='lat' dir='ltr'><strong>me</strong></span> <span class='ocrx_word' id='word_1_914' title='bbox 3126 5559 3377 5619; x_wconf 81' lang='lat' dir='ltr'><strong>facillime</strong></span> 
     </span>
    </p>
   </div>
   <div class='ocr_carea' id='block_1_119' title="bbox 1801 5648 3376 5725">
    <p class='ocr_par' dir='ltr' id='par_1_119' title="bbox 1801 5648 3376 5725">
     <span class='ocr_line' id='line_1_119' title="bbox 1801 5648 3376 5725; baseline -0.003 -13"><span class='ocrx_word' id='word_1_915' title='bbox 1801 5665 1854 5712; x_wconf 90' lang='lat' dir='ltr'><strong>et</strong></span> <span class='ocrx_word' id='word_1_916' title='bbox 1903 5657 1954 5711; x_wconf 94' lang='lat' dir='ltr'><strong>in</strong></span> <span class='ocrx_word' id='word_1_917' title='bbox 2005 5656 2191 5712; x_wconf 89' lang='lat' dir='ltr'><strong>intima</strong></span> <span class='ocrx_word' id='word_1_918' title='bbox 2231 5655 2384 5713; x_wconf 89' lang='lat' dir='ltr'><strong>dolor</strong></span> <span class='ocrx_word' id='word_1_919' title='bbox 2423 5655 2514 5712; x_wconf 89' lang='lat' dir='ltr'><strong>ille</strong></span> <span class='ocrx_word' id='word_1_920' title='bbox 2557 5660 2953 5725; x_wconf 87' lang='lat' dir='ltr'><strong>penetraverat,</strong></span> <span class='ocrx_word' id='word_1_921' title='bbox 2991 5649 3092 5705; x_wconf 84' lang='lat' dir='ltr'><strong>nisi</strong></span> <span class='ocrx_word' id='word_1_922' title='bbox 3135 5648 3258 5718; x_wconf 88' lang='lat' dir='ltr'><strong>quia</strong></span> <span class='ocrx_word' id='word_1_923' title='bbox 3289 5650 3376 5708; x_wconf 88' lang='lat' dir='ltr'><strong>fu-</strong></span> 
     </span>
    </p>
   </div>
   <div class='ocr_carea' id='block_1_120' title="bbox 1841 5767 3097 5829">
    <p class='ocr_par' dir='ltr' id='par_1_120' title="bbox 1841 5767 3097 5829">
     <span class='ocr_line' id='line_1_120' title="bbox 1841 5767 3097 5829; baseline -0.004 -12"><span class='ocrx_word' id='word_1_924' title='bbox 1841 5767 2323 5829; x_wconf 59' lang='lat' dir='ltr'><strong>‘5Mss.,concisam.</strong></span> <span class='ocrx_word' id='word_1_925' title='bbox 2886 5828 2889 5829; x_wconf 16' lang='grc' dir='ltr'><em>ν</em></span> <span class='ocrx_word' id='word_1_926' title='bbox 2993 5819 3006 5829; x_wconf 48' lang='grc'><strong>,</strong></span> <span class='ocrx_word' id='word_1_927' title='bbox 3088 5820 3097 5826; x_wconf 91' lang='lat'>_</span> 
     </span>
    </p>
   </div>
   <div class='ocr_carea' id='block_1_121' title="bbox 1847 5819 3388 5892">
    <p class='ocr_par' dir='ltr' id='par_1_121' title="bbox 1847 5819 3388 5892">
     <span class='ocr_line' id='line_1_121' title="bbox 1847 5819 3388 5892; baseline 0.001 -15"><span class='ocrx_word' id='word_1_928' title='bbox 1847 5831 1868 5862; x_wconf 75' lang='grc'><strong><em>’</em></strong></span> <span class='ocrx_word' id='word_1_929' title='bbox 1880 5835 1949 5878; x_wconf 79' lang='lat' dir='ltr'><strong>tta</strong></span> <span class='ocrx_word' id='word_1_930' title='bbox 1965 5819 2138 5892; x_wconf 69' lang='lat' dir='ltr'><strong>magno</strong></span> <span class='ocrx_word' id='word_1_931' title='bbox 2147 5841 2386 5880; x_wconf 70' lang='lat' dir='ltr'><strong>coasensu</strong></span> <span class='ocrx_word' id='word_1_932' title='bbox 2394 5835 2524 5888; x_wconf 53' lang='lat' dir='ltr'><strong>atas;</strong></span> <span class='ocrx_word' id='word_1_933' title='bbox 2536 5833 2586 5877; x_wconf 88' lang='lat' dir='ltr'><strong>at</strong></span> <span class='ocrx_word' id='word_1_934' title='bbox 2594 5826 2704 5878; x_wconf 70' lang='grc' dir='ltr'><strong>ΕΜ.</strong></span> <span class='ocrx_word' id='word_1_935' title='bbox 2718 5824 2924 5876; x_wconf 81' lang='lat' dir='ltr'><strong>habent:</strong></span> <span class='ocrx_word' id='word_1_936' title='bbox 2939 5819 3142 5875; x_wconf 66' lang='lat' dir='ltr'><strong>Miseria</strong></span> <span class='ocrx_word' id='word_1_937' title='bbox 3151 5827 3388 5884; x_wconf 69' lang='lat' dir='ltr'><strong>amate.</strong></span> 
     </span>
    </p>
   </div>
  </div>
