3878 6270
579 305 688 367 ⁸1οῑ

579 426 628 484 si
651 432 826 481 autem
853 418 1203 493 improbaret,
1227 415 1554 476 sanciaretur
1575 425 1669 469 cor
1700 423 1894 465 vanum
1923 415 1977 462 et
2004 407 2160 461 inane

578 516 862 574 soliditatis
887 523 1008 570 tum.
1034 513 1099 568 Et
1122 523 1300 568 tamen
1328 509 1605 581 pulchrum
1632 503 1761 560 illud
1781 511 1938 573 atque
1957 507 2156 569 aptum,

584 608 726 665 unde
751 608 818 663 ad
844 622 964 664 eum
1001 605 1350 677 scripseram,
1388 602 1611 657 libenter
1645 597 1824 652 animo
1849 591 2156 658 versabam,

579 699 651 754 ob
692 713 755 754 os
790 695 1249 769 contemplationis
1283 707 1419 750 mea:
1439 692 1458 724 ⁸
1479 733 1496 760 ,
1535 698 1590 746 et
1625 687 1772 744 nullo
1806 683 2161 742 collaudatore

583 791 838 851 mirabar.

1183 875 1414 936 CAPUT
1451 874 1567 932 XV.

585 975 733 1044 Quod
755 973 1101 1048 corporalibus
1124 970 1423 1044 imaginibus
1449 965 1850 1032 contenebralus,
1879 979 1979 1018 non
2000 961 2162 1034 potuit

1121 1081 1299 1138 capere
1319 1062 1623 1136 spiritualia.

651 1163 739 1219 24.
765 1160 870 1218 Sed
900 1169 1059 1217 tanta:
1085 1159 1163 1215 rei
1187 1157 1458 1214 cardinem
1487 1154 1539 1210 in
1560 1163 1674 1210 arte
1701 1161 1788 1208 tua
1823 1149 2054 1230 nondum
2088 1148 2163 1202 vi-
2191 1223 2201 1231 .

579 1255 771 1312 debam
791 1296 807 1322 ,
836 1254 1216 1325 Omnipotens,
1244 1252 1334 1324 qui
1373 1251 1498 1306 facis
1532 1249 1790 1306 mirabilia
1814 1245 1961 1302 solus
1987 1243 2158 1317 (Psal.

580 1362 738 1417 uxr,
760 1345 861 1421 18)
883 1366 896 1402 :
919 1356 973 1404 et
992 1348 1103 1404 ibat
1120 1347 1326 1402 animus
1346 1358 1494 1401 mens
1513 1359 1608 1415 per
1629 1342 1826 1399 formas
1847 1353 2158 1411 corporeas;

582 1451 639 1496 et
662 1440 964 1511 pulchrum,
989 1440 1130 1512 quod
1164 1454 1259 1510 per
1283 1438 1552 1508 seipsnm;
1582 1445 1761 1506 aptum
1787 1441 1986 1500 autem,
2021 1431 2162 1503 quod

583 1530 654 1587 ad
677 1531 876 1603 aliquid
904 1531 1360 1588 accommodatum
1387 1527 1622 1595 deceret,
1647 1526 1962 1583 definiebam
1984 1535 2038 1581 et
2056 1525 2163 1580 dis-

584 1623 908 1696 tinguebam,
935 1632 992 1680 et
1013 1622 1272 1694 exetnplis
1293 1620 1564 1691 corporeis
1590 1618 1912 1675 astrnebam.
1944 1616 2011 1672 Et
2037 1631 2164 1672 con-

583 1715 718 1772 verti
743 1731 830 1771 me
852 1713 920 1771 ad
944 1715 1104 1770 animi
1132 1723 1412 1780 naturam;
1442 1721 1497 1769 et
1527 1726 1635 1767 non
1671 1726 1758 1767 me
1792 1709 1998 1766 sinebat
2034 1708 2163 1765 falsa

581 1806 764 1877 opinio
790 1821 947 1877 quam
975 1807 1045 1862 de
1081 1805 1442 1878 spiritualibus
1484 1803 1742 1860 habebam
1763 1844 1778 1868 ,
1819 1818 2001 1858 verum
2044 1817 2163 1856 cer-

584 1913 734 1955 nere.
777 1899 845 1954 Et
885 1898 1118 1956 irruebat
1159 1897 1212 1953 in
1257 1897 1442 1953 oculos
1481 1896 1594 1967 ipsa
1635 1895 1714 1950 vis
1751 1896 1894 1960 veri,
1927 1902 1982 1950 et
2015 1909 2166 1950 aver-

587 1989 765 2046 tebam
786 1990 1126 2061 palpitantem
1145 1997 1380 2046 mentem
1399 1989 1470 2044 ab
1493 1989 1806 2059 incorporea
1828 2003 1886 2042 re
1908 1987 1972 2041 ad
2002 1987 2167 2042 liuea-

588 2089 789 2147 menta,
815 2089 871 2136 et
895 2079 1123 2147 colores,
1150 2087 1206 2135 et
1228 2088 1491 2135 tumentes
1518 2076 1922 2149 magnitudines.
1957 2076 2025 2130 Et
2045 2076 2167 2146 quia

587 2184 696 2226 non
735 2180 973 2242 poteram
1009 2185 1074 2228 ea
1114 2170 1296 2226 videre
1332 2171 1383 2226 in
1422 2169 1635 2236 animo,
1675 2168 1919 2238 putabam
1950 2181 2036 2221 me
2063 2180 2168 2221 non

588 2275 748 2334 posse
769 2261 948 2318 videre
972 2261 1207 2318 animum
1228 2276 1426 2317 meum.
1455 2261 1658 2315 Etcum
1691 2259 1742 2312 in
1769 2258 1960 2312 virtute
1984 2272 2168 2328 pacem

588 2367 848 2419 amarem,
877 2353 931 2409 in
956 2351 1243 2408 vitiositate
1269 2359 1444 2406 autem
1474 2349 1704 2405 odissem
1732 2348 2084 2413 discordiam;
2117 2347 2170 2403 in

587 2443 676 2499 illa
699 2443 952 2500 unitatem
972 2484 987 2508 ,
1017 2441 1069 2497 in
1110 2443 1210 2496 ista
1249 2441 1531 2511 quamdam
1557 2439 1869 2495 divisionem
1900 2438 2167 2494 notabam.

589 2529 759 2604 Inque
779 2531 868 2587 illa
887 2533 1088 2587 unitate
1110 2546 1262 2587 mens
1281 2531 1555 2587 rationalis
1575 2540 1628 2586 et
1648 2538 1831 2585 natura
1855 2529 2093 2584 veritatis
2111 2544 2173 2584 ac

593 2622 791 2679 summi
813 2621 937 2679 boni
959 2622 1086 2680 mibi
1108 2637 1229 2679 esse
1249 2622 1524 2678 videbatur
1547 2640 1561 2676 :
1584 2622 1638 2676 in
1659 2623 1758 2677 ista
1777 2636 1901 2677 vero
1917 2621 2174 2677 divisione

592 2713 914 2770 irrationalis
943 2713 1066 2769 vita:
1085 2715 1130 2781 ',
1159 2713 1338 2769 nescio
1363 2728 1520 2784 quam
1554 2712 1899 2768 substantiam
1927 2721 1982 2768 et
2017 2721 2173 2768 natu-

589 2821 704 2862 ram
725 2807 917 2864 summi
943 2807 1087 2873 mali,
1109 2822 1228 2879 quae
1249 2822 1354 2862 nou
1380 2806 1552 2862 solum
1579 2815 1722 2862 esset
1745 2804 2057 2872 substantia,
2080 2805 2176 2860 sed

591 2899 810 2956 omnino
845 2899 951 2956 vita
989 2909 1164 2967 esset,
1201 2907 1256 2955 et
1281 2908 1457 2955 tamen
1493 2899 1590 2954 abs
1623 2907 1674 2954 te
1703 2915 1806 2954 non
1832 2907 2010 2962 esset,
2037 2898 2178 2952 Dens

593 3004 778 3056 mens,
808 3004 874 3045 ex
897 3004 1004 3061 quo
1026 2998 1151 3045 sunt
1185 2991 1393 3056 omnia,
1421 2989 1583 3045 miser
1606 2990 1879 3061 opinabar.
1910 2989 1977 3044 Et
2001 2997 2178 3044 tamen

593 3081 738 3136 illam
771 3081 1052 3137 monadem
1090 3082 1452 3152 appellabam,
1489 3091 1737 3152 tanquam
1775 3081 1890 3136 sine
1915 3080 2022 3135 ullo
2050 3097 2179 3137 sexu

597 3181 831 3228 mentem
852 3173 908 3236 ³;
935 3172 1073 3228 hanc
1097 3188 1227 3230 vero
1254 3172 1481 3245 dyadem
1501 3216 1516 3239 ,
1554 3173 1688 3227 iram
1727 3173 1780 3227 in
1822 3172 2176 3241 facinoribus,

599 3261 872 3316 libidinem
916 3263 969 3318 in
1018 3262 1266 3335 ﬂagitiis,
1308 3263 1554 3320 nesciens
1593 3263 1719 3334 quid
1761 3264 2026 3334 loquerer.
2064 3264 2181 3320 Non

599 3355 742 3408 enim
770 3367 1023 3408 noveram
1062 3368 1234 3425 neque
1261 3353 1550 3409 didiceram
1571 3394 1587 3420 ,
1617 3369 1716 3410 uec
1741 3353 1903 3408 ullam
1941 3354 2183 3409 substan-

601 3445 727 3500 tiam
751 3443 950 3500 malum
979 3459 1130 3513 esse,
1166 3461 1265 3502 nec
1291 3447 1458 3518 ipsam
1486 3453 1717 3502 mentem
1758 3455 1996 3502 nostram
2034 3462 2180 3502 sum-

601 3553 745 3595 mum
774 3549 933 3611 atque
961 3540 1393 3598 incommutabile
1423 3540 1641 3597 bonum.

671 3631 762 3690 25.
794 3631 944 3690 Sicut
975 3633 1119 3690 enim
1159 3632 1390 3689 facinora
1444 3642 1586 3702 sunt,
1627 3634 1672 3689 si
1714 3634 1936 3690 vitiosus
1971 3645 2053 3690 est
2097 3635 2185 3690 ille

602 3717 763 3773 animi
793 3727 987 3784 motus,
1019 3719 1072 3773 in
1098 3734 1205 3790 quo
1229 3729 1311 3775 est
1336 3720 1585 3789 impetus,
1613 3728 1668 3774 et
1685 3734 1745 3775 se
1766 3719 1930 3790 jactat
1957 3722 2186 3778 insolen-

605 3819 686 3866 ter
709 3823 773 3866 ac
791 3810 1028 3878 turbide;
1055 3819 1110 3866 et
1140 3811 1358 3883 flagitia,
1386 3812 1431 3865 si
1463 3821 1546 3867 est
1579 3811 1924 3867 immoderata
1951 3812 2039 3867 illa
2068 3813 2182 3866 ani-

604 3917 706 3958 ma:
734 3900 965 3971 affectio,
997 3919 1100 3974 qua
1125 3907 1368 3959 carnales
1399 3904 1709 3959 hauriuntur
1735 3905 2033 3976 voluptates
2064 3924 2076 3959 :
2115 3906 2187 3961 ita

602 4009 815 4052 errores
839 4003 894 4050 et
933 3994 1081 4050 falsa:
1104 3995 1385 4065 opiniones
1421 3994 1580 4049 vitam
1618 3996 1996 4062 contaminant,
2027 3996 2070 4050 si
2098 4011 2186 4050 ra-

603 4087 813 4143 tionalis
834 4102 984 4144 mens
1013 4088 1128 4158 ipsa
1155 4087 1342 4142 vitiosa
1369 4095 1482 4154 est;
1513 4087 1683 4157 qualis
1707 4087 1758 4140 in
1790 4103 1874 4143 me
1901 4096 2028 4142 tunc
2051 4097 2184 4156 erat,

604 4179 879 4236 nesciente
919 4178 1024 4234 alio
1063 4177 1267 4234 lumine
1309 4178 1450 4233 illam
1493 4178 1856 4233 illustrandum
1888 4193 2007 4234 esse
2038 4189 2092 4234 ut
2122 4180 2191 4234 sit

607 4271 874 4343 particeps
895 4270 1156 4334 veritatis,
1182 4271 1303 4340 quia
1332 4285 1439 4324 non
1466 4277 1548 4325 est
1577 4269 1690 4341 ipsa
1721 4279 1906 4324 natura
1929 4269 2186 4326 veritatis.

606 4363 867 4432 Quoniam
909 4371 964 4418 tn
1003 4361 1330 4418 illuminabis
1372 4362 1641 4417 lucernam
1681 4377 1890 4428 meam,
1933 4363 2187 4430 Domine;

609 4457 751 4514 Dens
785 4471 960 4525 meus,
1008 4455 1329 4512 illuminabis
1369 4455 1616 4512 tenebras
1650 4470 1797 4511 meas
1835 4455 2005 4528 (Psal.
2051 4473 2189 4523 xvn,

609 4546 739 4618 29):
762 4557 815 4604 et
853 4547 923 4603 de
965 4545 1295 4618 plenitudine
1322 4555 1408 4602 tua
1435 4560 1532 4602 nos
1557 4561 1743 4602 omnes
1769 4550 2090 4618 accepimus.
2119 4547 2192 4602 Es

608 4639 750 4693 enim
767 4646 825 4694 tu
847 4638 1024 4694 lumen
1043 4654 1226 4694 verum
1243 4637 1383 4710 quod
1405 4637 1665 4693 illuminat
1687 4653 1898 4692 omnem
1921 4637 2192 4694 hominem

613 4731 912 4788 venientem
943 4731 997 4787 in
1024 4731 1164 4788 hunc
1189 4731 1446 4788 mundum
1472 4730 1650 4806 (Joan.
1681 4747 1720 4796 ι,
1754 4731 1840 4797 16,
1872 4729 1964 4804 9);
1991 4731 2111 4801 quia
2140 4731 2194 4785 in

612 4831 666 4879 te
690 4837 796 4879 non
825 4832 909 4880 est
928 4825 1319 4893 transmutatio,
1338 4839 1439 4880 nec
1454 4824 1708 4880 momenti
1729 4823 2060 4879 obumbratio
2078 4821 2196 4896 (Ja-

609 4916 719 4973 cobi
746 4933 787 4986 ι,
807 4915 921 4990 17).

681 5007 774 5064 26.
801 5007 907 5066 Sed
931 5022 1031 5079 ego
1055 5008 1286 5064 conabar
1310 5007 1376 5063 ad
1404 5016 1476 5076 te,
1506 5017 1561 5062 et
1588 5007 1884 5078 repellebar
1911 5007 2006 5062 abs
2037 5017 2107 5073 te,
2137 5018 2197 5062 ut

611 5116 857 5174 saperem
877 5111 1125 5169 mortem,
1149 5102 1401 5172 quoniam
1431 5099 1674 5170 superbis
1698 5101 1920 5156 resistis.
1949 5100 2083 5168 Quid
2103 5117 2198 5155 au-

612 5204 720 5254 tem
745 5195 1047 5269 superbius,
1075 5209 1234 5266 quam
1264 5203 1321 5250 nt
1339 5209 1633 5251 assererem
1656 5194 1788 5249 mira
1817 5194 2079 5250 dementia
2110 5208 2197 5249 me

675 5336 692 5368 ⁸
713 5341 824 5384 Arn.
843 5345 954 5384 cum
969 5331 1186 5382 editione
1203 5331 1368 5382 ωσι-αὶ
1389 5342 1469 5380 an.
1489 5331 1611 5382 1&0
1626 5332 1696 5381 sic
1711 5329 1864 5380 habet
1883 5329 2074 5379 :.mimo
2090 5343 2196 5380 rer-

609 5394 777 5448 ubam
789 5402 836 5447 et
851 5392 1209 5458 ostettwlionan
1223 5391 1631 5458 contemplationis
1646 5403 1786 5443 1W.
1822 5401 1926 5442 MSS.
1963 5405 2050 5442 sex
2075 5405 2087 5441 :
2107 5401 2200 5443 Μο-

611 5458 697 5510 dos
712 5455 963 5522 contempt.
1411 5455 1421 5458 ⁷
1638 5515 1649 5526 .
1866 5514 1876 5524 .
1986 5513 1999 5524 .
2129 5515 2138 5525 .

676 5524 697 5554 a
717 5531 820 5572 ωε,
841 5519 977 5582 mg].
997 5531 1108 5582 cum
1135 5519 1320 5582 nostris
1346 5517 1534 5582 habent
1552 5529 1566 5565 :
1857 5513 2202 5582 inamabilis

613 5583 740 5639 nite.
760 5585 870 5634 sive
1241 5581 1378 5644 Apud
1408 5587 1542 5639 ων..
1558 5574 1841 5638 rationalis;
1860 5577 2110 5640 mendose,
2146 5586 2204 5632 nt

615 5652 768 5757 patet:
794 5714 902 5776 uas.
917 5707 1136 5771 qtrinqne
1162 5719 1258 5776 non
1281 5702 1545 5776 deterioris
1567 5708 1697 5750 notae
1719 5699 1945 5764 habetur,
1972 5701 2074 5756 sine
2103 5701 2204 5754 ullo

615 5764 1252 5844 mmtein;pio,sine
1270 5764 1366 5816 ullo
1382 5777 1520 5816 sexu.

1730 280 2238 379 CONFESSIONUM
2273 280 2332 338 S.
2371 277 2733 341 AUGUSTINI
3243 278 3246 281 ’
3273 274 3278 277 ’
3673 288 3748 352 ibi

2262 400 2315 457 id
2339 417 2459 458 esse
2495 401 2804 458 naturaliter
2829 399 2970 474 quod
2999 408 3053 456 tn
3076 399 3172 458 es?
3196 399 3327 458 Cum
3348 400 3478 460 enim
3501 419 3587 474 ego
3615 422 3747 468 worn
3842 403 3843 474 ἰ

2263 494 2553 561 mutabilis,
2583 503 2638 549 et
2670 509 2735 548 eo
2773 493 2902 548 mihi
2943 491 3276 548 manifestum
3315 503 3465 562 esset,
3505 496 3626 568 quod
3661 500 3750 559 ideo

2263 587 2445 656 utique
2467 585 2679 656 sapiens
2707 599 2829 641 esse
2855 584 3156 655 cupiebam,
3190 593 3249 639 ut
3272 599 3336 640 ex
3361 583 3596 644 deteriore
3612 591 3754 650 melior

2264 677 2483 744 ﬁerem;
2507 676 2769 733 malebam
2794 686 2969 732 tamen
3012 676 3172 731 etiam
3207 685 3259 732 te
3285 676 3476 747 opinari
3497 681 3753 753 mutabilem,

2263 786 2421 843 quam
2452 787 2537 827 me
2561 785 2665 828 non
2695 771 2795 825 hoc
2815 785 2935 826 esse
2960 768 3104 840 quod
3135 779 3187 824 tn
3215 784 3295 825 es.
3318 769 3486 840 itaque
3507 772 3754 846 repellebat,

2265 870 2319 918 et
2345 862 2631 918 resistebas
2651 869 2887 917 ventosae
2906 861 3098 917 cervici
3129 875 3292 915 meae:
3315 868 3367 915 et
3389 859 3670 932 imaginabar
3680 864 3755 921 [Ob

2265 967 2382 1009 mas
2405 967 2709 1024 corporeus,
2737 962 2793 1008 et
2811 966 2937 1008 caro
2963 966 3177 1006 carnem
3201 949 3523 1018 accusabam,
3541 954 3758 1022 etspiritus

2266 1045 2545 1100 ambulans
2560 1044 2796 1100 nondum
2817 1043 3124 1100 revertebar
3146 1041 3210 1097 ad
3240 1051 3292 1097 te
3313 1039 3476 1110 (Psal.
3498 1045 3755 1118 uxvu,39);

2266 1144 2322 1192 et
2343 1135 2662 1191 ambulando
2689 1133 3025 1191 ambulabam
3054 1133 3107 1188 in
3134 1148 3197 1188 ea
3225 1148 3347 1203 qum
3373 1146 3472 1187 non
3490 1140 3615 1199 sunt,
3637 1150 3758 1206 neque

2265 1228 2319 1284 in
2342 1236 2414 1294 te,
2438 1244 2611 1299 neque
2627 1229 2678 1283 in
2701 1243 2807 1296 me,
2828 1241 3004 1298 neque
3022 1227 3340 1299 incorpore;
3358 1240 3516 1297 neque
3535 1225 3642 1281 mihi
3656 1243 3759 1285 crea-

2267 1320 2460 1376 bantur
2481 1337 2513 1377 a
2536 1321 2760 1376 veritate
2790 1329 2901 1386 tua,
2929 1319 3024 1375 sed
3049 1335 3079 1375 a
3109 1335 3228 1375 mea
3257 1319 3480 1376 vanitate
3505 1321 3758 1392 ﬁngebantur

2267 1427 2334 1469 ex
2357 1428 2614 1484 corpore:
2639 1421 2692 1467 et
2712 1412 2952 1468 dicebam
2985 1412 3217 1484 parvulis
3234 1411 3470 1468 ﬁdelibus
3489 1413 3595 1481 tuis,
3616 1414 3759 1472 civibus

2267 1506 2421 1569 meis,
2465 1522 2494 1559 a
2540 1506 2732 1576 quibus
2779 1505 3026 1560 nesciens
3066 1503 3408 1570 exsulabam;
3453 1504 3657 1561 dicebam
3689 1508 3759 1564 illis

2267 1597 2510 1669 garrulus
2537 1607 2593 1653 et
2626 1599 2855 1669 ineptus,
2882 1595 2989 1652 Cur
3015 1612 3142 1669 ergo
3166 1605 3313 1653 errat
3340 1597 3507 1652 anima
3529 1613 3658 1668 quam
3677 1598 3760 1656 fecit

2268 1689 2450 1744 Deus?
2475 1689 2542 1744 Et
2568 1689 2695 1758 mihi
2723 1689 2968 1745 nolebam
2997 1689 3122 1754 dici,
3148 1688 3260 1745 Cur
3283 1703 3408 1761 ergo
3429 1699 3558 1745 errat
3573 1690 3759 1747 Deuslilt

2269 1781 2652 1838 contendebant
2684 1782 2850 1854 magis
2886 1780 3372 1837 incommutabilem
3413 1788 3543 1835 tuam
3581 1781 3760 1837 substan-

2271 1877 2398 1932 tiam
2433 1886 2672 1933 coactam
2715 1892 2917 1945 errare,
2945 1891 3102 1948 quam
3127 1890 3305 1930 meam
3331 1873 3610 1930 mutabilem
3632 1886 3759 1945 sponte
3829 1865 3836 1868 ’

2271 1970 2532 2037 deviasse,
2555 1979 2612 2026 et
2637 1985 2790 2041 paena
2813 1984 2993 2025 errare
3014 1967 3362 2024 confitebar‘.

2339 2060 2430 2115 27.
2456 2061 2523 2116 Et
2549 2077 2695 2116 eram
2724 2069 2880 2118 mtate
2902 2075 3161 2115 annorum
3190 2060 3415 2115 fortasse
3431 2058 3593 2129 viginti
3614 2074 3682 2113 sex
3703 2073 3759 2114 aut

2273 2163 2499 2226 septem,
2528 2169 2649 2210 cum
2680 2155 2770 2210 illa
2792 2155 3059 2210 volumina
3087 2152 3302 2224 scripsi,
3340 2151 3547 2207 volvens
3574 2149 3681 2222 apud
3707 2167 3760 2206 me

2274 2221 2566 2318 corporalia
2595 2248 2860 2319 figmenta,
2889 2221 3252 2316 obstrepentia
3276 2243 3450 2300 cordis
3471 2243 3564 2300 mei
3587 2221 3757 2306 auribus;
3837 2247 3843 2320 ,ξ

2274 2355 2405 2411 quas
2430 2339 2788 2407 intendebam,
2813 2339 2982 2396 dulcis
3005 2339 3226 2404 veritas,
3268 2337 3325 2392 in
3361 2336 3630 2391 interiorem
3652 2335 3762 2390 melo-
3841 2335 3843 2346 ‘

2275 2433 2417 2488 diam
2446 2441 2614 2498 tuam,
2642 2430 2880 2504 cogitans
2913 2431 2981 2486 de
3017 2429 3248 2502 pulchro
3273 2436 3329 2484 et
3351 2435 3490 2498 apto,
3507 2435 3555 2482 et
3573 2437 3682 2482 stare
3699 2440 3761 2480 ιιι·
3842 2498 3843 2502 η

2277 2525 2430 2596 piens
2463 2533 2517 2580 et
2554 2523 2742 2579 audire
2771 2532 2850 2584 te.
2878 2531 2932 2578 et
2959 2521 3152 2594 gaudio
3180 2519 3416 2592 gaudere
3436 2527 3622 2589 propter
3641 2529 3761 2572 vocem
3833 2505 3843 2576 .1

2278 2618 2460 2689 sponsi
2487 2615 2663 2690 (Joan.
2693 2632 2771 2681 ιιι,
2796 2614 2914 2689 29),
2954 2624 3009 2670 et
3041 2630 3147 2669 non
3199 2611 3587 2684 poteram:qnia
3619 2608 3760 2664 melius
3833 2631 3836 2644 -

2279 2711 2475 2766 erroris
2500 2710 2603 2766 mei
2632 2708 2878 2779 rapiehar
2908 2706 3074 2774 foras,
3105 2714 3159 2762 et
3190 2703 3426 2777 pondere
3443 2701 3660 2772 superbia
3679 2714 3760 2753 mea

2280 2802 2333 2856 in
2364 2801 2469 2856 ima
2495 2800 2824 2856 decidebam.
2851 2797 2971 2854 Non
2999 2799 3142 2854 enim
3173 2796 3344 2852 dabas
3370 2792 3554 2850 auditui
3575 2804 3760 2860 meopr-
3842 2792 3843 2812 ³

2281 2894 2426 2949 dium
2455 2901 2512 2949 et
2537 2893 2795 2959 laetitiam,
2825 2901 2916 2946 aut
2939 2890 3283 2947 exsultabant
3306 2901 3426 2944 ossa
3453 2900 3574 2954 mea,
3593 2880 3762 2955 qualin-
3829 2883 3843 2968 ξ¹

2283 2987 2481 3042 miliata
2507 3002 2610 3042 non
2631 2995 2782 3043 erant
2804 2984 2971 3060 (Psal.
3000 3001 3051 3047 ι..
3080 2982 3193 3058 10).

2876 3077 3100 3134 CAPUT
3136 3076 3283 3132 XVI.

2285 3171 2573 3245 Calegorias
2607 3169 2893 3226 Aristotelis
2926 3180 2973 3225 et
3011 3169 3300 3225 liberalium
3325 3168 3501 3223 artium
3522 3166 3641 3221 librat
3660 3177 3766 3234 perte

2939 3263 3210 3318 intellexit.

2357 3357 2446 3412 28.
2475 3357 2542 3411 Et
2567 3355 2694 3427 quid
2725 3355 2856 3410 mihi
2891 3356 3142 3426 proderat
3165 3354 3312 3427 quod
3337 3367 3500 3411 annos
3516 3361 3639 3409 natus
3658 3347 3766 3404 ferme

3829 3399 3838 3422 ι

2287 3408 3493 3519 vigintiiis;_i£"&{a£{.{iﬁéss‘issaan
3518 3408 3766 3499 ίιτίςιοιεια

2289 3539 2552 3610 quaedam,
2583 3555 2716 3609 quas
2751 3539 3019 3609 appellant
3056 3537 3246 3595 decem
3283 3533 3593 3608 Categorias;
3622 3541 3767 3602 quantm

2289 3539 2552 3610 quaedam,
2583 3555 2716 3609 quas
2751 3539 3019 3609 appellant
3056 3537 3246 3595 decem
3283 3533 3593 3608 Categorias;
3622 3541 3767 3602 quantm

2291 3631 2526 3696 nomine,
2549 3647 2668 3686 cum
2686 3645 2778 3686 eas
2798 3629 2983 3686 rhetor
3003 3629 3439 3700 Carthaginensis
3457 3626 3665 3697 magister
3678 3633 3770 3674 ιιιειε

2291 3726 2476 3781 buccis
2513 3723 2676 3797 typho
2714 3724 3054 3794 crepantibus
3091 3728 3543 3785 commemoraret,
3569 3727 3614 3772 et
3632 3712 3696 3768 alii
3718 3707 3772 3780 qui

2292 3816 2434 3871 docti
2461 3814 2814 3881 habebantur,
2845 3824 3092 3885 tanquam
3121 3814 3174 3867 in
3202 3813 3387 3869 nescio
3407 3810 3523 3882 quid
3542 3809 3773 3877 magnumet
3841 3833 3843 3868 |

2293 3906 2530 3962 divinum
2575 3920 2862 3976 suspensus
2890 3904 3197 3969 inhiabam;
3230 3905 3332 3976 legi
3358 3918 3446 3959 eas
3471 3891 3772 3956 solusetintel-
3833 3901 3843 3980 Α

2295 3998 2434 4054 lexi?
2462 3998 2603 4066 Quas
2627 3963 2747 4053 cum
2777 3996 3122 4051 contulissem
3162 3963 3312 4050 cum.
3327 3993 3405 4050 eis
3428 3991 3511 4063 qui
3542 4004 3592 4044 se
3610 3983 3774 4041 dicebam

2293 4094 2381 4147 vix
2405 4105 2518 4156 eas,
2549 4090 2815 4160 magistris
2844 4087 3240 4150 eruditissimis,
3268 4099 3374 4140 non
3401 4079 3684 4154 loquentibus
3703 4083 3774 4125 tan-
3829 4051 3844 4164 μ

2297 4198 2430 4253 tum,
2453 4184 2546 4240 sed
2569 4184 2731 4238 multa
2757 4183 2810 4237 in
2836 4181 3051 4252 pulvere
3066 4178 3486 4251 depingcntibus,
3510 4167 3771 4228 intellexisse:

2296 4277 2427 4333 nihil
2471 4275 2593 4331 inde
2624 4273 2764 4328 aliud
2790 4271 2919 4327 mihi
2949 4272 3124 4327 dicere
3148 4277 3448 4341 potuerunt,
3475 4279 3612 4337 quam
3633 4268 3774 4330 exoso-

2297 4371 2381 4425 lns
2409 4369 2546 4439 apud
2569 4369 2826 4436 meipsum
2854 4367 3035 4436 legens
3062 4378 3434 4434 cognoveram,
3459 4370 3508 4416 et
3530 4358 3637 4414 satis
3657 4356 3775 4422 aperte

2298 4463 2427 4518 mihi
2477 4461 2792 4517 videbantur
2826 4460 3104 4530 loquentes
3143 4457 3212 4513 de
3258 4454 3568 4517 substantiis,
3587 4445 3702 4505 sicuti
3727 4453 3776 4497 est

2300 4556 2490 4622 homo;
2517 4565 2571 4610 et
2597 4571 2716 4625 qua:
2759 4553 2814 4608 in
2859 4553 2961 4608 illis
2992 4561 3190 4618 essent,
3223 4551 3378 4606 sicuti
3404 4557 3480 4604 est
3504 4548 3639 4617 figura
3661 4538 3774 4594 homi-

2299 4651 2416 4715 nis;
2443 4649 2613 4720 qualis
2641 4648 2709 4701 sit
2733 4655 2786 4701 et
2810 4654 3010 4702 statura
3031 4686 3045 4710 ,
3069 4652 3197 4714 quot
3239 4642 3427 4713 pedum
3471 4640 3561 4703 sit;
3582 4642 3774 4720 et

2302 4742 2396 4808 tio,
2425 4717 2576 4811 cujus
2593 4739 2753 4794 frater
2771 4738 2868 4803 sit;
2895 4746 2987 4792 aut
3001 4735 3088 4791 ubi
3113 4736 3182 4790 sit
3199 4735 3522 4792 constitutus;
3543 4735 3618 4783 aut
3633 4717 3775 4794 quando

2301 4840 2489 4897 natus;
2522 4842 2612 4885 aut
2640 4838 2760 4893 stet,
2780 4838 2872 4883 aut
2897 4828 3108 4891 sedeat;
3140 4835 3228 4881 aut
3249 4826 3501 4880 calceatus
3523 4817 3596 4873 vel
3613 4819 3776 4869 armatus

2301 4926 2400 4991 sit;
2429 4933 2521 4978 aut
2558 4921 2752 4992 aliquid
2794 4921 2977 4986 faciat;
3008 4927 3098 4973 aut
3144 4917 3368 4988 patiatur
3401 4909 3774 4982 aliquid:etqne-

2302 5031 2527 5086 cumque
2555 5016 2607 5070 in
2638 5013 2718 5068 his
2740 5027 2930 5068 novem
2955 5010 3255 5082 generibus,
3273 5019 3487 5078 quorum
3504 4993 3775 5086 exemplis?

2303 5113 2374 5167 tia
2401 5083 2640 5182 quaedam
2676 5109 2848 5179 posui,
2879 5107 2963 5162 vel
3002 5107 3054 5160 in
3098 5105 3212 5175 ipso
3251 5099 3538 5159 substantiae
3558 5101 3708 5164 genere
3725 5083 3773 5136 in;

2302 5203 2649 5260 numerabilia
2679 5201 3036 5274 reperiuntur.

2375 5296 2465 5350 29.
2493 5295 2630 5364 Quid
2656 5272 2757 5348 hoc
2785 5293 2912 5347 mihi
2943 5290 3207 5363 proderat,
3225 5285 3427 5360 quando
3439 5292 3491 5340 et
3504 5272 3772 5370 obeam?!"

2305 5390 2465 5445 etiam
2499 5399 2570 5455 te,
2601 5387 2741 5442 Deus
2767 5399 2939 5450 meus,
2968 5382 3275 5438 mirabiliter
3300 5375 3567 5446 simplicem
3583 5371 3771 5435 atque”

2305 5479 2770 5546 commutabilem,
2829 5477 2932 5532 illis
2981 5475 3166 5531 decem
3219 5465 3603 5560 praedicamentts

2308 5576 2560 5648 quidquid
2605 5583 2749 5632 esset
2772 5573 2988 5628 omnino
3011 5565 3454 5640 comprehensum,
3482 5559 3548 5614 sic
3563 5547 3769 5614 intell'tere

2373 5769 2386 5798 ι
2410 5762 2540 5823 add,
2559 5774 2676 5823 pene
2695 5773 2864 5813 errare
2877 5755 3153 5822 conﬁtebar,
3173 5753 3412 5808 manifesto
3424 5750 3551 5813 lapsu
