3880 6424
127 420 216 480 705

119 548 328 599 eorum,
353 530 500 604 quasi
526 539 583 585 et
616 537 669 584 tu
708 526 978 599 subjectus
1003 540 1150 584 esses
1174 525 1520 598 magnitudini
1549 536 1651 583 tuae

117 639 191 686 aut
214 621 592 698 pulchritudini,
623 629 680 676 ut
709 620 798 677 illa
827 630 1005 678 essent
1032 620 1085 676 in
1114 628 1166 676 te
1191 620 1341 691 quasi
1381 620 1432 675 in
1468 620 1649 690 subje-

118 733 205 789 cto,
230 719 351 773 sicut
376 716 428 769 in
459 729 718 785 corpore;
747 728 869 770 cum
903 721 988 768 tua
1017 711 1322 783 magnitudo
1342 719 1397 768 et
1425 720 1510 767 tua
1532 712 1650 781 pul-

116 809 316 870 ebritndo
333 818 386 864 tu
410 808 527 878 ipse
551 806 658 862 sis:
679 820 874 875 corpus
888 814 1066 861 autem
1094 821 1198 860 non
1223 819 1289 862 eo
1311 805 1381 860 sit
1403 819 1652 876 magnum

115 904 422 977 etpnlcltrum
444 915 554 972 quo
581 915 776 972 corpus
790 908 902 967 est;
925 899 1049 970 quia
1074 899 1174 955 etsi
1201 898 1375 954 minus
1402 914 1652 969 magnum

114 1009 158 1058 et
188 1000 342 1057 minus
383 995 665 1066 pulchrum
694 1003 864 1062 esset,
900 995 1244 1052 nihilominus
1269 1002 1649 1068 corpusesset.

116 1090 298 1147 Falsitas
312 1087 450 1144 enim
479 1096 597 1143 erat
618 1103 776 1158 quam
797 1086 864 1142 de
883 1095 935 1142 te
957 1087 1276 1158 cogitabam,
1304 1103 1408 1144 non
1427 1087 1649 1155 veritas;

115 1192 156 1239 et
177 1182 394 1250 ﬁgmenta
419 1179 653 1234 miseria:
679 1194 833 1245 mem,
865 1194 970 1234 non
1006 1179 1338 1236 ﬁrmamenta
1370 1181 1653 1236 beatitudi-

116 1275 180 1329 nis
201 1283 306 1327 tuae.
329 1270 578 1326 iusseras
601 1271 768 1338 enim,
803 1281 857 1326 et
891 1270 963 1326 ita
1007 1271 1168 1326 ﬁebat
1203 1271 1256 1328 in
1297 1288 1399 1337 me,
1434 1281 1492 1328 ut
1515 1284 1654 1329 terra

117 1368 257 1438 spinas
276 1374 328 1421 et
351 1365 594 1420 tribulos
608 1373 818 1435 pareret
848 1363 996 1431 mihi,
1023 1373 1079 1420 et
1112 1380 1235 1420 cum
1265 1365 1446 1422 labore
1471 1382 1656 1437 perve-

116 1459 246 1513 nirem
267 1457 329 1512 ad
355 1471 547 1528 panem
571 1473 749 1512 meum
772 1455 923 1528 (Gen.
951 1473 1032 1524 tn,
1062 1457 1150 1522 18,
1184 1457 1291 1528 19).

165 1547 236 1604 50.
256 1546 451 1617 thuid
467 1546 604 1602 mihi
627 1547 881 1620 proderat
904 1547 1044 1619 quod
1067 1564 1253 1604 omnes
1273 1548 1436 1605 libros
1461 1551 1655 1606 artium

116 1657 212 1713 quas
233 1640 467 1696 liberales
490 1649 709 1704 vocant,
741 1651 866 1697 tunc
891 1642 1249 1713 nequissimus
1275 1642 1532 1698 malarum
1561 1659 1656 1699 cu-

115 1735 338 1806 piditatum
365 1749 556 1790 servus
583 1750 686 1806 per
711 1735 973 1806 meipsum
1003 1735 1106 1808 legi
1132 1745 1184 1792 et
1212 1736 1470 1802 intellexi,
1497 1753 1660 1808 quos-

114 1840 292 1896 cumque
330 1825 504 1897 legere
541 1827 728 1897 potui?
754 1828 821 1882 Et
845 1827 1140 1899 gaudebam
1167 1829 1220 1883 in
1249 1829 1348 1897 eis,
1375 1837 1430 1884 et
1455 1829 1660 1885 nescie-

117 1918 207 1974 bam
230 1917 362 1973 unde
389 1926 535 1975 esset
573 1919 833 1990 quidquid
861 1920 933 1976 ibi
963 1936 1148 1977 verum
1175 1930 1230 1976 et
1257 1930 1462 1976 certum
1492 1931 1655 1978 esset.

117 2010 291 2064 Dorsum
318 2009 457 2065 enim
486 2009 758 2067 habebam
797 2011 864 2067 ad
911 2011 1110 2078 lumen,
1137 2022 1191 2068 et
1215 2013 1282 2068 ad
1301 2029 1362 2067 ea
1390 2029 1509 2084 qua:
1536 2013 1659 2068 illu-

117 2099 352 2166 minantur,
380 2098 577 2157 faciem
606 2118 621 2154 :
656 2101 798 2158 unde
827 2104 938 2175 ipsa
972 2103 1136 2159 facies
1161 2119 1299 2171 mea,
1333 2120 1435 2175 qua
1466 2105 1662 2160 illumi-

117 2203 205 2246 nat:
234 2192 528 2260 cernebam,
561 2209 675 2248 non
708 2193 1124 2250 illnntinabatur.
1153 2195 1417 2265 Quidquid
1450 2195 1518 2252 de
1545 2204 1663 2253 arte

116 2284 314 2354 loquendi
358 2293 411 2340 et
455 2285 790 2350 disserendi,
838 2286 1089 2358 quidquid
1133 2286 1201 2342 de
1243 2286 1663 2342 dimensionibus

117 2373 365 2446 ﬁgurarum,
402 2385 457 2432 et
499 2376 572 2432 de
619 2377 838 2432 musicis
862 2386 915 2433 et
939 2377 1006 2435 de
1033 2379 1289 2445 numeris,
1321 2378 1438 2434 sine
1472 2393 1664 2450 magna

115 2465 393 2535 difﬁcultate,
422 2468 576 2524 nullo
601 2468 880 2524 hominum
909 2469 1148 2525 tradente
1174 2469 1433 2537 intellexi,
1457 2471 1564 2526 scis
1585 2479 1658 2538 tu,

116 2559 289 2616 Domine
315 2562 451 2616 Deus
480 2577 677 2629 meus;
708 2561 829 2632 quia
870 2569 926 2618 et
963 2561 1208 2617 celeritas
1235 2562 1582 2635 intelligendi,
1610 2571 1666 2620 et

115 2652 377 2725 dispiciendi
404 2669 640 2710 acumen
660 2655 702 2722 ί,
731 2654 930 2710 donum
971 2662 1114 2710 tuum
1158 2664 1270 2711 est:
1295 2655 1388 2710 sed
1415 2671 1518 2710 non
1541 2655 1667 2713 inde

115 2748 419 2803 sacriﬁmbam
449 2748 564 2804 tibi.
599 2745 787 2818 Itaque
833 2747 962 2803 milii
1007 2763 1113 2804 non
1157 2749 1225 2804 ad
1265 2765 1442 2811 usum.
1475 2749 1569 2805 sed
1598 2749 1667 2806 ad

116 2840 351 2911 perniciem
369 2840 542 2910 magis
566 2839 806 2907 valebat,
824 2840 947 2911 quia
974 2849 1082 2896 tam
1101 2841 1295 2896 bonam
1317 2850 1521 2912 partem
1542 2842 1668 2898 sub-

117 2933 284 2989 stantia:
320 2949 448 2988 meae
487 2932 670 3003 sategi
699 2931 898 2988 habere
925 2933 977 2987 in
1005 2940 1268 3002 potestate
1288 2951 1300 2987 :
1320 2943 1374 2989 et
1399 2933 1668 2989 fortitudi-

118 3041 208 3082 nent
223 3041 376 3081 meam
397 3042 502 3081 non
524 3026 601 3081 ad
622 3035 674 3081 te
689 3025 1052 3080 custodiebam
1078 3025 1249 3100 (Psal.
1275 3043 1422 3091 LVIII,
1445 3027 1556 3099 40);
1574 3028 1668 3084 sed

119 3118 326 3188 profectus
340 3134 454 3176 sum
463 3118 568 3175 abs
582 3129 638 3173 te
649 3118 701 3173 in
719 3119 1052 3189 longinquam
1064 3120 1354 3190 regionem,
1368 3129 1550 3177 uteam
1564 3120 1671 3176 dis-

119 3211 298 3280 siparem
321 3212 373 3268 in
397 3210 717 3266 meretrices
740 3209 1090 3279 cupiditates'
1115 3209 1262 3284 (Luc.
1292 3227 1363 3266 xv
1381 3253 1396 3280 ,
1432 3212 1498 3266 12
1517 3254 1532 3279 ,
1565 3213 1632 3268 15
1651 3254 1667 3282 ,

167 3350 236 3420 {tn
252 3348 614 3420 antiquioribus
631 3347 941 3420 editionibns,
961 3346 1200 3420 discendi.
1217 3355 1327 3400 Lov.
1347 3356 1402 3400 et
1423 3357 1557 3411 Am,
1575 3349 1674 3404 dia-

121 3408 294 3470 ριιιιιιιιιὶ.
311 3408 438 3461 Δι“ὶιι
471 3418 587 3460 Mss.
609 3408 847 3472 pluribus,
867 3408 1156 3475 dispiciendt'
1179 3424 1397 3474 acttmen,
1417 3425 1528 3476 quas
1541 3408 1674 3477 'ger-

124 3471 376 3523 manalectio
391 3473 493 3522 visa
511 3478 616 3521 est.

171 3534 404 3584 ἰαιαιιιι
420 3533 783 3597 antiquioribus
814 3533 1134 3595 editionibus,
1150 3533 1452 3587 meretriciae
1484 3533 1675 3601 cupidi-

1417 405 1623 469 ΠΒΕῆ
1657 401 1974 484 QUINTUS.

2273 383 2286 413 ὃ

3227 415 3338 483 706

1754 527 1868 601 '50).
1884 528 2017 585 Nam
2027 530 2153 601 quid
2172 531 2303 587 mihi
2322 530 2718 603 proderatbona
2736 549 2845 600 res.
2857 549 2964 594 non
2979 539 3148 596 utenti
3164 537 3339 596 bene?

1753 620 1870 678 Non
1892 621 2034 678 enim
2069 623 2365 680 sentiebam
2403 625 2522 681 illas
2556 634 2700 684 artes
2725 627 2885 684 etiam
2911 627 2982 684 ab
3000 627 3255 686 studiosis
3281 638 3340 686 et

1755 715 2044 786 ingeniosis
2083 715 2395 774 difﬁcillime
2437 718 2678 791 intelligi,
2706 719 2806 774 nisi
2841 735 2963 776 cum
3004 721 3084 778 eis
3118 721 3337 779 easdem

1756 808 1988 863 conabar
2030 822 2337 880 exponere;
2381 819 2437 866 et
2477 818 2593 868 erat
2640 810 2731 866 ille
2769 812 3246 871 excellentissimus
3282 813 3338 871 in

1756 903 1855 969 eis,
1889 902 1978 973 qui
2007 917 2094 959 me
2115 913 2469 974 exponentem
2498 919 2604 962 non
2627 903 2827 960 tardius
2851 916 3181 976 sequeretur.

1829 994 1916 1050 51.
1944 993 2050 1051 Sed
2090 994 2218 1065 quid
2256 995 2386 1050 mihi
2427 995 2531 1053 hoc
2568 996 2837 1068 proderat,
2867 999 3067 1067 pntanti
3093 997 3234 1070 quod
3261 1008 3336 1066 tu,

1757 1087 1982 1145 Domine
2006 1089 2146 1146 Deus
2165 1089 2378 1156 veritas,
2398 1105 2593 1162 corpus
2619 1105 2768 1148 esses
2799 1089 3030 1146 lucidum
3047 1102 3099 1147 et
3119 1091 3346 1148 immen-

1756 1195 1897 1249 sum,
1927 1191 1983 1238 et
2005 1197 2107 1254 ego
2135 1181 2357 1238 frustum
2382 1184 2450 1239 de
2480 1183 2570 1238 illo
2597 1184 2858 1254 corpore?
2883 1182 3054 1241 Nimia
3083 1186 3346 1256 perversi-

1757 1276 1867 1330 tas!
1899 1275 1993 1331 sed
2034 1275 2115 1333 sic
2151 1291 2319 1331 erant.
2347 1275 2457 1332 Nec
2482 1276 2761 1344 erubesco,
2793 1277 2933 1332 Deus
2968 1293 3140 1342 meus,
3181 1277 3345 1347 conﬁ-

1760 1368 1858 1422 teri
1885 1367 1978 1423 tibi
2008 1369 2060 1424 in
2095 1385 2184 1426 me
2217 1369 2609 1426 misericordias
2641 1378 2775 1434 tuas,
2797 1379 2852 1426 et
2878 1370 3124 1428 invocare
3152 1379 3224 1437 te,
3252 1373 3345 1443 qui

1759 1474 1868 1514 non
1883 1459 2067 1516 erubui
2087 1468 2212 1516 tunc
2227 1461 2461 1530 profiteri
2483 1461 2786 1517 hominibus
2799 1460 3156 1532 blasphemias
3175 1477 3343 1531 meas,

1760 1559 1816 1606 et
1848 1551 2044 1609 latrare
2073 1553 2354 1609 adversum
2384 1562 2452 1608 te.
2481 1553 2617 1620 Quid
2641 1569 2769 1624 ergo
2795 1551 2925 1608 mihi
2952 1562 3075 1607 tunc
3094 1553 3349 1625 proderat

1761 1641 2028 1714 ingenium
2055 1661 2152 1716 per
2175 1644 2295 1700 illas
2319 1644 2588 1700 doctrinas
2611 1644 2767 1716 agile,
2786 1652 2842 1699 et
2861 1643 3008 1701 nullo
3029 1643 3352 1700 adminiculo

1763 1732 1978 1789 humani
2020 1735 2309 1806 magisterii
2350 1743 2427 1790 tot
2452 1733 2791 1790 nodosissimi
2821 1733 2940 1791 libri
2967 1734 3201 1800 enodati,
3227 1749 3351 1791 cum

1762 1822 2071 1881 deformiter
2093 1837 2147 1881 et
2172 1826 2425 1897 sacrilega
2441 1825 2766 1896 turpitudine
2790 1825 2842 1880 in
2867 1825 3107 1882 doctrina
3137 1825 3348 1896 pietatis

1763 1917 2036 1972 errarem?
2065 1918 2169 1972 Aut
2192 1916 2320 1988 quid
2360 1925 2563 1972 tantum
2590 1916 2776 1972 obcrat
2801 1915 3034 1987 parvulis
3060 1916 3164 1973 tuis
3192 1917 3351 1988 longe

1765 2006 1964 2063 tardius
1992 2006 2262 2078 ingenium
2283 2049 2298 2073 ,
2326 2023 2448 2063 cum
2473 2023 2502 2062 a
2531 2017 2583 2064 te
2611 2008 2767 2079 longe
2793 2023 2899 2063 non
2929 2007 3261 2073 recederent,
3291 2015 3352 2064 ut

1764 2099 1819 2155 in
1845 2099 1969 2154 nido
1999 2100 2252 2156 Ecclesia:
2288 2109 2393 2155 tuae
2423 2099 2522 2155 tuti
2563 2101 2972 2171 plumescerent,
3000 2111 3055 2156 et
3079 2101 3193 2158 alas
3220 2103 3350 2158 cha-

1765 2193 1938 2248 ritatis
1961 2193 2215 2249 alimento
2235 2209 2378 2248 sana:
2401 2192 2521 2248 ﬁdei
2549 2193 2849 2250 nutrirent?
2872 2194 2919 2250 0
2945 2195 3188 2261 Domine,
3209 2196 3350 2252 Deus

1764 2295 1967 2351 noster,
1999 2287 2051 2341 in
2075 2286 2372 2342 velamento
2401 2286 2604 2342 alarum
2631 2295 2837 2342 tuarum
2867 2302 3146 2358 speremus
3178 2285 3350 2360 (Psat.

1768 2393 1895 2445 tht,
1921 2377 2000 2451 8);
2029 2385 2085 2434 et
2112 2387 2329 2450 protege
2362 2394 2479 2446 nos,
2503 2386 2557 2434 et
2594 2387 2742 2450 porta
2782 2393 2900 2434 nos.
2932 2378 3010 2435 Tu
3035 2379 3271 2450 portabis
3300 2389 3355 2436 et

1768 2470 2035 2540 parvulos,
2062 2479 2115 2525 et
2135 2485 2302 2540 usque
2322 2469 2388 2525 ad
2404 2485 2564 2526 canos
2583 2480 2636 2525 tu
2662 2469 2898 2540 portabis
2926 2467 3073 2544 (Isai.
3092 2486 3241 2535 xun,
3267 2470 3348 2542 4):

1768 2561 2017 2632 quoniam
2049 2562 2272 2617 ﬁrmitas
2299 2571 2480 2618 nostra
2510 2562 2721 2634 quando
2746 2571 2799 2617 tu
2824 2577 2902 2626 es,
2931 2570 3058 2618 tunc
3079 2571 3162 2619 est
3191 2561 3354 2619 ﬁrmi-

1771 2661 1887 2720 tas;
1919 2668 2039 2709 cum
2075 2663 2253 2711 autem
2280 2664 2461 2710 nostra
2488 2663 2590 2720 est,
2613 2653 2890 2710 inﬁrmitas
2915 2661 3015 2710 est.
3045 2653 3186 2709 Vivit
3217 2653 3356 2724 apud

1771 2755 1822 2800 te
1847 2760 2058 2816 semper
2076 2746 2272 2802 bonum
2291 2755 2529 2803 nostrum
2549 2764 2564 2811 ;
2590 2755 2646 2802 et
2663 2747 2784 2818 quia
2812 2747 2934 2802 inde
2958 2745 3132 2802 aversi
3147 2761 3354 2813 sumus,

1770 2840 2004 2910 perversi
2016 2856 2223 2897 sumus.
2244 2839 2733 2910 Reverlamurjam,
2758 2838 3004 2908 Domine,
3017 2847 3076 2894 ut
3094 2854 3200 2895 non
3217 2853 3359 2895 ever-

1771 2942 1978 3001 tamur;
2010 2934 2132 3006 quia
2167 2934 2295 2989 vivit
2334 2931 2476 3002 apud
2518 2939 2568 2987 te
2606 2931 2722 2987 sine
2756 2931 2864 2986 ullo
2906 2929 3115 2987 defectu
3157 2930 3356 2987 bonum

1771 3038 2035 3093 nostrum,
2060 3025 2201 3099 quod
2241 3034 2298 3080 tu
2334 3025 2447 3096 ipse
2487 3038 2579 3079 es:
2604 3031 2658 3080 et
2696 3037 2802 3078 non
2842 3020 3212 3078 timemus'ne
3249 3036 3358 3076 non

1773 3121 1842 3177 sit
1862 3136 1967 3189 quo
1991 3119 2292 3185 redeamus,
2315 3117 2435 3188 quia
2466 3131 2563 3171 nos
2589 3113 2712 3171 inde
2738 3113 2972 3180 ruimus;
3000 3111 3154 3170 nobis
3179 3120 3357 3168 autem

1774 3212 2083 3269 absentibus
2115 3227 2221 3266 non
2247 3209 2354 3264 ruit
2381 3209 2573 3266 domus
2602 3216 2781 3263 nostra
2809 3205 3076 3262 {eternitas
3100 3213 3212 3260 tua.

1773 3354 1910 3415 tates.
1943 3353 2001 3399 At
2017 3355 2122 3415 Mss.
2139 3359 2251 3396 cum
2275 3352 2416 3415 ,Δὶ-οη
2431 3339 2705 3415 matrices
2727 3353 2744 3391 :
2928 3337 3209 3415 vocabulum
3221 3351 3362 3415 genr-

1775 3399 1907 3475 pavit
1922 3410 2217 3475 fAugustinus
2246 3408 2310 3457 ab
2343 3399 2412 3456 eo
2439 3405 2560 3475 loco_
2576 3399 2913 3475 Evangelii,ad
2929 3414 3093 3475 quem
3110 3399 3292 3475 a_ll_udit.

1839 3476 1856 3506 ί
1883 3465 2181 3530 ῖὶηιέὺὺηιιδ,
2197 3471 2338 3533 juxta
2351 3477 2525 3519 Somm.
2545 3472 2653 3516 Lov.
2687 3465 2797 3515 Krn.
2834 3465 2975 3514 ntart.’
2997 3465 3152 3514 cum7
3171 3471 3275 3512 Mss.
3311 3467 3365 3514 et
3443 3528 3446 3531 _

1777 3535 1922 3585 nond.
1943 3547 2052 3585 cum
2071 3534 2131 3583 15
2147 3541 2251 3584 Mss.
2315 3537 2373 3580 Μ.

145 3653 2612 3680 W

1079 3781 1564 3887 LIBER
1647 3772 2397 3906 QUINTUS.

164 3976 319 4019 mum
347 3971 504 4022 etatis
533 3981 648 4020 sua;
682 3966 889 4017 exhibet
922 3963 1214 4027 vigesimum
1244 3975 1446 4027 nonum,
1479 3975 1577 4027 quo
1607 3961 1813 4027 scilicet,
1847 3967 2096 4027 comperta
2126 3959 2270 4010 fausti
2303 3956 2545 4027 btanicbei
2579 3955 2840 4027 imperitia,
2875 3952 3171 4027 protmitum
3198 3952 3245 4027 in
3259 3948 3360 4027 illa

535 4015 777 4094 fab—iecit;
810 4015 909 4094 quo
948 4015 1094 4094 etiam
1112 4031 1284 4094 poma,
1317 4025 1417 4094 ubi
1433 4015 1550 4094 tunc
1579 4015 1871 4094 rhetoricam
1912 4015 2243 4094 proﬁtebatur,
2278 4021 2456 4071 missus
2473 4015 2916 4094 ‘Medioltitttlttttﬁ
2938 4015 3359 4094 eamdemnfftsgt

120 4087 307 4153 docuit,
339 4094 482 4157 cepit
529 4087 703 4143 audito
748 4087 782 4138 it

121 4161 303 4204 canere.

1024 4073 1340 4148 resipiscere,
1376 4093 1428 4137 et
1443 4073 1543 4136 Vde,
1947 4084 2213 4136 abdicando
2230 4073 2438 4134 'necnon
2456 4082 2522 4133 de
2543 4079 2815 4144 repetendo
2845 4077 3244 4130 catechumenatu
3273 4073 3360 4123 de-

1441 4193 2006 4313 ...ψε-

589 4401 815 4461 CAPUT
853 4399 1135 4458 PRIMUM.

327 4495 525 4552 Excitat
563 4505 774 4550 mentem
801 4492 870 4548 ad
896 4491 1056 4546 Deum
1082 4491 1414 4546 laudandum.

177 4585 219 4640 1.
262 4587 446 4658 Accipe
508 4585 828 4642 sacrificium
877 4580 1270 4637 confessionum
1319 4594 1556 4636 mearum
1599 4578 1668 4636 de

126 4689 254 4732 manu
283 4675 470 4750 linguze
508 4691 665 4741 mete,
707 4688 866 4744 quam
919 4670 1162 4727 formasti
1199 4679 1254 4725 et
1291 4668 1566 4735 excitasti,
1607 4677 1668 4724 ut

127 4767 396 4824 conﬁteatur
437 4766 644 4824 nomini
689 4774 808 4830 tuo;
833 4773 888 4820 et
925 4778 1053 4818 sana
1081 4761 1258 4817 omnia
1288 4775 1407 4815 ossa
1435 4774 1552 4815 mea
1571 4801 1585 4826 ,
1613 4767 1670 4815 et

127 4856 308 4915 dicant:
334 4861 572 4926 Domine,
592 4860 712 4931 quis
732 4857 919 4913 similis
947 4855 1073 4912 tibi?
1106 4853 1278 4928 (Psal.
1301 4868 1479 4910 XXXIV
1498 4897 1514 4921 ,
1549 4852 1663 4925 11).)

128 4947 275 5022 Neque
293 4953 432 5011 enim
455 4952 614 5010 docet
646 4959 698 5007 te
722 4949 848 5022 quid
878 4949 932 5004 in
957 4964 1016 5005 se
1042 4957 1229 5018 agatur
1254 4947 1342 5018 qui
1372 4946 1463 5002 tibi
1494 4943 1665 5001 conﬁ-

132 5049 272 5110 tetur;
297 5045 411 5116 quia
438 5045 649 5101 oculqu
705 5051 852 5098 tuum
883 5056 988 5095 non
1017 5037 1251 5095 excludit
1273 5053 1366 5092 cor
1389 5037 1664 5104 clausum,

131 5146 212 5190 nec
237 5151 438 5194 manum
467 5146 610 5194 tuam
638 5134 846 5206 repellit
873 5131 1065 5188 duritia
1094 5129 1368 5186 hominum
1398 5147 1412 5184 :
1442 5128 1537 5184 sed
1563 5127 1669 5184 sol-

134 5223 347 5296 ‘iselm,
368 5245 488 5286 cum
517 5229 664 5285 voles
683 5270 699 5296 ,
740 5235 832 5282 aut
857 5225 1117 5280 miserans
1154 5230 1250 5278 aut
1276 5222 1586 5285 vindicans;
1615 5229 1670 5276 et

135 5328 220 5370 non
243 5328 319 5375 est
341 5320 427 5391 qui
465 5335 525 5376 se
558 5317 847 5375 abscondat
871 5332 902 5372 a
928 5317 1104 5371 calore
1134 5323 1244 5370 tuo.
1276 5313 1382 5370 Sed
1412 5321 1464 5369 te
1490 5312 1670 5368 laudet

137 5405 280 5464 mima
301 5425 414 5467 mea
430 5453 446 5478 ,
475 5419 535 5468 ut
557 5418 700 5466 amet
725 5418 805 5476 te;
835 5417 889 5465 et
905 5407 1220 5464 conﬁteatur
1249 5405 1344 5462 tibi
1371 5403 1669 5459 miseratio-

140 5509 218 5552 ιω
249 5505 384 5570 tuas,
422 5510 485 5558 ut
530 5501 706 5558 laudet
731 5510 801 5557 te.
830 5499 946 5556 Non
970 5506 1144 5555 cessat
1179 5510 1283 5553 nec
1311 5503 1451 5551 tacet
1487 5493 1670 5550 laudes

143 5589 246 5644 tuas
257 5592 488 5649 universa
511 5603 751 5650 creatura
788 5601 909 5659 tua;
937 5606 1036 5647 nec
1056 5589 1276 5660 spiritus
1299 5586 1476 5643 omnis
1499 5585 1673 5642 homi-

147 5675 214 5734 ιδ
234 5691 394 5750 perun
411 5682 721 5742 coniersum
749 5683 816 5740 ad
843 5693 925 5750 te,
950 5697 1051 5738 nec
1073 5680 1320 5736 animalia
1355 5693 1454 5734 nec
1476 5692 1670 5748 corpo-

150 5767 258 5828 nliu
274 5787 362 5844 per
382 5791 442 5833 os
464 5773 904 5836 considerantium
951 5788 1050 5839 ea;
1099 5781 1158 5828 ut
1202 5777 1454 5840 exsurgat
1480 5768 1536 5823 in
1562 5777 1613 5824 te
1638 5785 1670 5824 a

153 5856 418 5932 latitudine
437 5869 607 5930 anima
628 5876 808 5928 nostra
826 5909 843 5937 ,
872 5867 1106 5927 innitens
1131 5864 1212 5923 eis
1237 5877 1360 5935 quae
1386 5859 1596 5931 fecisti,
1619 5869 1672 5918 et

1772 4399 2037 4455 transiens
2066 4397 2132 4452 ad
2171 4404 2224 4453 te
2249 4395 2336 4468 qui
2362 4393 2536 4452 fecisti
2576 4394 2690 4450 haec
2714 4389 3026 4449 mirabiliter
3054 4405 3067 4444 :
3092 4398 3147 4446 et
3172 4388 3242 4445 ibi
3268 4405 3356 4447 re-

1776 4488 1940 4546 fectio
1968 4496 2023 4544 et
2049 4502 2174 4544 vera
2198 4485 2469 4542 fortitudo.

2398 4576 2626 4635 CAPUT
2662 4576 2725 4632 11.

1774 4673 1870 4731 Dei
1890 4673 2204 4746 praesentiam
2229 4671 2424 4741 iniquos
2443 4685 2543 4724 non
2568 4667 2826 4740 e/fugere:
2848 4667 3014 4738 itaque
3039 4665 3108 4721 ad
3134 4680 3248 4720 eum
3270 4665 3359 4722 de-
3383 4717 3386 4720 .

2376 4765 2486 4819 bere
2511 4761 2748 4818 converti.

1847 4859 1902 4913 2.
1943 4857 2082 4913 Eant
2123 4865 2178 4913 et
2224 4854 2429 4926 fugiant
2467 4869 2497 4909 a
2533 4862 2586 4909 te
2615 4852 2830 4925 inquieti
2860 4859 2913 4908 et
2940 4849 3106 4924 iniqui
3141 4869 3158 4906 :
3205 4859 3260 4907 et
3298 4859 3356 4908 tu

1773 4950 1925 5007 vides
1950 4965 2044 5007 eos
2061 4992 2076 5016 ,
2103 4959 2158 5006 et
2179 4949 2459 5021 distinguis
2479 4947 2733 5015 umbras;
2762 4955 2818 5005 et
2841 4961 2966 5004 ecce
2989 4946 3208 5018 pulchra
3236 4954 3362 5003 sunt

1775 5058 1896 5098 cum
1923 5041 2000 5099 eis
2023 5041 2200 5097 omnia
2227 5082 2242 5108 ,
2270 5049 2324 5096 et
2349 5040 2448 5111 ipsi
2478 5048 2658 5110 turpes
2698 5047 2842 5095 sunt.
2889 5037 2955 5094 Et
2993 5037 3120 5109 quid
3165 5052 3361 5094 nocue-

1773 5143 1899 5191 runt
1927 5133 2058 5190 tibi?
2084 5142 2175 5189 aut
2215 5134 2269 5189 in
2298 5148 2404 5204 quo
2450 5131 2730 5203 imperium
2776 5141 2926 5187 tuum
2968 5128 3360 5186 dehonestave-

1773 5234 1916 5291 runt,
1943 5241 1974 5280 a
1998 5224 2149 5281 caelis
2175 5239 2344 5295 usque
2366 5223 2421 5278 in
2449 5221 2736 5278 novissima
2758 5221 2959 5294 justum
2985 5229 3040 5276 et
3059 5221 3320 5292 integrum
3336 5219 3362 5272 τ

1775 5319 1891 5387 Quo
1933 5318 2076 5374 cnim
2121 5317 2399 5390 fugerunt,
2444 5330 2566 5371 cum
2610 5313 2854 5386 fugerent
2879 5328 2907 5368 a
2947 5312 3081 5369 facie
3111 5311 3237 5368 tua?
3264 5317 3356 5364 aut

1778 5411 1867 5467 ubi
1895 5419 1948 5466 tu
1979 5426 2084 5466 nou
2128 5409 2335 5465 invenis
2362 5407 2491 5464 eos?
2534 5406 2642 5464 Sed
2686 5405 2955 5478 fugerunt,
2986 5411 3046 5460 ut
3074 5417 3177 5457 non
3209 5399 3355 5456 vide-

1777 5511 1901 5559 rent
1926 5510 1980 5560 te
1999 5502 2264 5558 videntem
2292 5515 2371 5564 se,
2396 5509 2554 5572 atque
2573 5499 2821 5554 exczecati
2848 5498 2900 5552 in
2923 5505 2975 5551 te
2996 5493 3354 5556 offenderent;

1777 5597 1899 5668 quia
1924 5611 2030 5652 non
2056 5594 2262 5651 deseris
2286 5593 2483 5664 aliquid
2508 5605 2693 5648 eorum
2722 5604 2841 5661 quae
2865 5584 3031 5642 fecisti
3061 5600 3076 5638 :
3106 5582 3162 5636 iu
3197 5589 3251 5637 te
3270 5580 3356 5635 of-

1777 5688 2054 5745 fenderent
2081 5688 2280 5759 iniusti,
2312 5697 2366 5743 et
2387 5686 2531 5757 juste
2557 5691 2872 5740 vexarentur
2897 5678 2950 5743 ις
2981 5675 3356 5731 subtrahentes

1779 5787 3362 5929 an
