3880 6382
602 368 702 435 τη

602 487 993 549 sermocinandi
1018 484 1361 549 exercitatio;
1394 480 1515 537 inde
1543 478 1851 550 suppetebat
1881 474 2170 544 eloquium,

603 582 745 655 quod
772 581 928 636 fiebat
948 577 1218 648 acceptius
1245 573 1515 644 magisque
1540 568 1896 626 seductorium
1927 565 2173 619 modera-

602 675 748 732 mine
773 671 992 743 ingenii,
1021 678 1075 724 et
1098 667 1328 740 quodam
1358 666 1541 735 lepore
1570 660 1813 717 naturali.
1842 661 1987 713 ltane
2011 666 2092 712 est
2119 664 2175 709 ut

602 766 804 833 recolo,
826 763 1049 819 Domine
1073 762 1213 817 Deus
1229 773 1398 820 meus,
1423 756 1621 812 arbiter
1640 751 1977 810 conscientia:
2004 746 2173 804 meae?

602 860 794 916 Coram
825 867 877 915 te
902 873 996 913 cor
1027 870 1205 912 meum
1231 862 1286 909 et
1309 850 1607 909 recordatio
1633 863 1749 903 mea
1769 889 1785 914 ,
1814 847 1904 917 qui
1936 859 2023 899 me
2050 852 2173 896 tunc

599 953 795 1025 agebas
823 951 1003 1007 abdito
1030 958 1237 1005 secreto
1261 944 1608 1018 providentia:
1638 951 1762 1004 ture,
1788 946 1842 993 et
1866 936 2173 991 inhonestos

603 1058 813 1101 errores
839 1057 988 1099 meos
1002 1041 1112 1112 jam
1136 1036 1483 1097 convertebas
1510 1045 1635 1091 ante
1659 1031 1846 1088 faciem
1877 1044 2048 1084 meam
2069 1069 2081 1093 ,
2116 1034 2172 1081 ut

599 1138 832 1195 viderem
858 1144 913 1193 et
935 1135 1188 1191 odissem.

1232 1200 1458 1258 CAPUT
1496 1198 1606 1254 VII.

932 1299 1193 1355 Alienatur
1219 1313 1251 1350 a
1270 1303 1402 1351 secta
1424 1290 1843 1348 Mauichworum.

672 1393 761 1448 12.
800 1390 931 1446 Nam
974 1397 1316 1459 posteaquam
1356 1384 1447 1439 ille
1488 1382 1616 1437 mihi
1664 1376 1942 1449 imperitus
1989 1388 2171 1430 earum

605 1486 797 1540 artium
817 1524 833 1551 ,
882 1480 1074 1553 quibus
1099 1494 1221 1536 eum
1252 1476 1512 1533 excellere
1538 1482 1843 1545 putaveram
1865 1512 1880 1536 ,
1923 1468 2050 1524 satis
2074 1482 2170 1535 ap-

600 1574 801 1646 paruit,
833 1572 1115 1642 desperare
1154 1569 1290 1640 coepi
1333 1581 1489 1638 posse
1527 1581 1646 1621 eum
1675 1562 1803 1619 mihi
1832 1560 1919 1616 illa
1942 1573 2059 1629 qua:
2085 1571 2170 1610 me

602 1665 888 1722 movebant
922 1663 1131 1733 aperire
1155 1670 1313 1731 atque
1342 1658 1666 1720 dissolvere;
1704 1666 1926 1725 quorum
1957 1647 2169 1719 quidem

600 1755 817 1827 ignarus
843 1761 1025 1824 posset
1050 1751 1327 1808 veritatem
1362 1756 1546 1805 tenere
1579 1744 1790 1816 pietatis
1810 1785 1825 1809 ,
1870 1740 1962 1795 sed
1989 1739 2033 1793 si
2059 1752 2172 1791 ma-

596 1847 835 1904 nichteus
871 1860 978 1902 non
1014 1852 1174 1900 esset.
1220 1842 1365 1898 Libri
1408 1841 1604 1913 quippe
1644 1852 1827 1894 eorum
1871 1834 2008 1906 pleni
2051 1839 2174 1886 sunt

598 1938 917 2011 longissimis
947 1937 1137 1992 fabulis
1159 1977 1175 2001 ,
1204 1935 1274 1991 de
1300 1934 1439 1990 coelo
1464 1940 1519 1987 et
1546 1931 1804 1988 sideribus
1824 1970 1840 1994 ,
1885 1934 1940 1982 et
1980 1925 2091 1981 sole
2120 1932 2173 1979 et

596 2032 721 2087 luna
745 2050 757 2086 :
782 2046 899 2102 qure
924 2029 1052 2085 mihi
1082 2043 1203 2084 eum
1225 2068 1241 2094 ,
1268 2025 1407 2097 quod
1428 2024 1607 2093 utique
1633 2020 1906 2092 cupiebam
1925 2060 1938 2081 ,
1966 2016 2173 2072 collatis

598 2138 941 2181 numerorum
994 2121 1327 2185 rationibus,
1391 2132 1522 2186 quas
1569 2114 1695 2170 alibi
1749 2127 1847 2182 ego
1899 2110 2129 2180 legeram
2154 2148 2169 2172 ,

598 2227 774 2273 utrum
810 2215 982 2287 potius
1018 2214 1089 2269 ita
1117 2218 1301 2268 essent
1334 2217 1393 2264 ut
1427 2206 1701 2263 Manichaei
1743 2202 1894 2259 libris
1931 2199 2172 2255 contine-

594 2311 816 2377 bantur,
845 2324 912 2364 an
952 2314 1098 2363 certe
1136 2306 1223 2361 vel
1266 2318 1362 2375 par
1397 2302 1558 2357 etiam
1598 2297 1722 2354 inde
1758 2297 1894 2351 ratio
1913 2292 2173 2349 reddere-

594 2411 678 2459 tur
700 2442 718 2470 ,
758 2399 1022 2457 subtiliter
1055 2397 1322 2468 explicare
1365 2409 1523 2464 posse
1554 2390 1666 2461 jam
1719 2403 1822 2443 non
1857 2384 2171 2441 arbitrabar.

595 2493 727 2562 Quae
766 2500 942 2546 tamen
970 2489 1060 2545 ubi
1090 2484 1474 2543 consideranda
1500 2493 1555 2539 et
1579 2477 1909 2537 discutienda
1943 2475 2167 2547 protuli,

596 2582 839 2639 modeste
880 2596 1010 2635 sane
1048 2579 1138 2635 ille
1179 2592 1280 2633 nec
1316 2590 1476 2631 ausus
1502 2581 1585 2629 est
1607 2571 1785 2627 subire
1814 2569 1981 2640 ipsam
2011 2565 2176 2627 sarci-

598 2691 742 2732 nam.
771 2673 1002 2731 Noverat
1022 2672 1167 2728 enim
1191 2686 1251 2726 se
1275 2668 1380 2724 ista
1402 2682 1507 2723 non
1527 2679 1704 2727 nosse,
1734 2678 1836 2719 nec
1854 2676 1975 2716 eum
1990 2658 2177 2731 puduit

597 2763 859 2822 confiteri.
892 2762 1011 2819 Non
1048 2768 1163 2817 erat
1186 2760 1255 2816 de
1280 2758 1471 2814 talibus
1496 2755 1680 2828 quales
1706 2754 1903 2809 multos
1927 2752 2175 2821 loquaces

598 2872 788 2930 passus
808 2871 955 2911 eram
975 2896 989 2921 ,
1017 2861 1274 2910 conantes
1293 2867 1356 2908 ea
1381 2865 1469 2907 me
1489 2850 1683 2905 docere
1698 2890 1714 2915 ,
1747 2854 1801 2903 et
1823 2846 2063 2901 dicentes
2090 2842 2174 2898 ni-

598 2949 696 3006 hil.
726 2949 831 3005 iste
856 2962 986 3004 vero
1004 2961 1099 3002 cor
1120 2945 1369 3009 habebat,
1398 2943 1497 2999 etsi
1518 2956 1627 2996 non
1646 2948 1850 2995 rectum
1873 2937 1941 2993 ad
1969 2945 2018 2991 te
2039 2977 2055 3002 ,
2077 2950 2176 2990 nec

596 3053 774 3098 tamen
800 3038 959 3095 nimis
979 3040 1249 3095 incautum
1278 3034 1346 3091 ad
1375 3034 1628 3104 seipsum.
1654 3029 1773 3085 Non
1801 3039 2177 3098 usquequaque

596 3132 876 3203 imperitus
911 3137 1027 3185 erat
1067 3126 1347 3197 imperitiae
1389 3139 1533 3188 suae,
1584 3130 1638 3176 et
1680 3120 1850 3175 noluit
1889 3133 1949 3173 se
1977 3126 2176 3172 temere

599 3219 919 3292 disputando
944 3219 996 3273 in
1024 3233 1086 3275 ea
1115 3213 1374 3272 coarctari
1396 3255 1410 3278 ,
1436 3211 1582 3268 unde
1601 3225 1701 3265 nec
1725 3209 1899 3265 exitus
1924 3207 1973 3262 ei
2003 3206 2139 3260 ullus
2156 3247 2171 3273 ,

597 3326 702 3368 nec
740 3309 910 3365 facilis
948 3315 1093 3364 esset
1132 3305 1376 3361 reditus:
1408 3302 1567 3357 etiam
1610 3299 1733 3353 hinc
1780 3296 1911 3352 mihi
1952 3295 2176 3364 amplius

597 3398 818 3472 placuit.
859 3398 1141 3454 Pulchrior
1176 3405 1260 3452 est
1303 3394 1445 3451 enim
1485 3390 1833 3461 temperantia
1878 3386 2178 3445 confitentis

600 3492 802 3561 animi,
845 3506 1006 3563 quam
1048 3488 1139 3543 illa
1174 3502 1295 3559 quae
1331 3499 1490 3540 nosse
1520 3482 1798 3552 cupiebam
1827 3498 1842 3535 :
1867 3488 1924 3537 et
1955 3495 2077 3535 eum
2121 3477 2176 3533 iu

606 3582 855 3640 omnibus
899 3576 1285 3637 difficilioribus
1316 3585 1372 3634 et
1407 3574 1771 3631 subtilioribus
1797 3571 2177 3645 qumstionibus

600 3674 761 3730 talem
790 3671 1143 3729 inveniebam.

676 3766 766 3823 l3.
807 3763 1056 3821 Retracto
1098 3763 1277 3833 itaque
1326 3759 1501 3817 studio
1542 3759 1681 3831 quod
1707 3757 2077 3815 ‘intenderam
2122 3757 2174 3811 in

604 3855 882 3914 Manichtei
922 3855 1158 3923 litteras,
1214 3853 1484 3925 magisque
1526 3851 1817 3922 desperans
1858 3849 1926 3905 de
1969 3848 2176 3903 czeteris

605 3966 790 4007 eorum
828 3948 1166 4015 doctoribus,
1207 3945 1420 4018 quando
1445 3944 1499 4000 in
1526 3944 1704 3999 multis
1731 3957 1852 4014 qua:
1874 3956 1962 3997 me
1990 3954 2173 3995 move-

596 4041 760 4110 bant,
798 4040 870 4096 ita
913 4039 1002 4095 ille
1038 4036 1343 4093 nominatus
1378 4035 1654 4107 apparuit;
1681 4033 1960 4104 crepicum
1990 4047 2055 4086 eo
2080 4044 2177 4101 pro

596 4135 776 4193 studio
801 4134 919 4207 ejus
942 4148 1101 4205 agere
1126 4133 1312 4199 vitam,
1340 4145 1447 4201 quo
1472 4130 1586 4200 ipse
1613 4128 1867 4199 flagrabat
1891 4127 1944 4181 in
1970 4140 2063 4182 eas
2091 4124 2179 4178 lit-

596 4236 741 4286 teras
765 4269 783 4297 ,
822 4241 954 4299 quas
983 4234 1109 4282 tunc
1137 4224 1247 4296 jam
1275 4224 1459 4279 rhetor
1485 4222 1786 4292 Carthagini
1814 4221 2178 4275 adolescentes

599 4319 857 4377 docebam
878 4335 897 4387 ;
922 4326 981 4374 et
1006 4316 1183 4389 legere
1202 4331 1324 4371 cum
1345 4329 1431 4380 eo,
1455 4313 1568 4370 sive
1588 4328 1709 4384 qua:
1736 4312 1824 4367 ille
1845 4312 2023 4366 audita
2046 4310 2178 4365 desi-

601 4410 848 4477 deraret,
875 4408 988 4465 sive
1011 4422 1131 4479 quas
1158 4406 1272 4478 ipse
1298 4404 1387 4460 tali
1414 4402 1623 4475 ingenio
1650 4410 1773 4474 apta
1796 4401 2173 4457 existimarem.

600 4501 868 4559 Caeterum
907 4507 1129 4555 conatus
1154 4495 1330 4552 omnis
1354 4509 1539 4561 meus,
1580 4507 1684 4564 quo
1723 4491 1979 4562 proﬁcere
2006 4492 2058 4546 in
2087 4491 2175 4545 illa

602 4603 747 4653 secta
776 4600 1063 4650 statueram
1082 4633 1098 4659 ,
1130 4591 1221 4648 illo
1250 4589 1465 4646 homine
1490 4587 1703 4660 cognito
1721 4600 1938 4657 prorsus
1962 4583 2178 4640 interci-

498 4714 514 4751 ε
600 4684 720 4740 dit:
746 4700 855 4740 non
886 4692 944 4738 ut
974 4682 1044 4738 ab
1070 4681 1150 4738 eis
1183 4681 1401 4737 omnino
1436 4694 1734 4751 separarer,
1765 4676 1858 4733 sed
1886 4677 2039 4747 quasi
2066 4692 2177 4731 me-

598 4778 706 4833 lius
734 4775 1026 4848 quidquam
1062 4789 1171 4829 non
1210 4772 1520 4839 inveniens,
1566 4786 1632 4827 eo
1673 4785 1779 4842 quo
1815 4768 1925 4840 jam
1965 4782 2176 4840 quoquo

599 4868 760 4925 modo
785 4868 1076 4936 irrueram,
1105 4875 1386 4923 contentus
1422 4866 1631 4921 interim
1656 4879 1776 4922 esse
1801 4864 2136 4920 decreveram
2155 4904 2171 4930 ,

597 4959 702 5016 nisi
734 4958 934 5031 aliquid
968 4957 1106 5015 forte
1129 4958 1272 5031 quod
1301 4959 1469 5030 magis
1496 4958 1796 5030 eligendum
1825 4967 1967 5015 esset
1994 4958 2172 5014 eluce-

598 5058 701 5107 ret.
732 5050 811 5106 ita
836 5049 926 5106 ille
946 5048 1171 5106 Faustus
1189 5092 1205 5118 ,
1236 5048 1327 5122 qui
1354 5049 1534 5105 multis
1562 5050 1781 5120 laqueus
1807 5049 1995 5104 mortis
2014 5048 2177 5104 exsti-

598 5145 699 5213 tit,
748 5158 927 5200 meum
966 5157 1074 5215 quo
1103 5151 1290 5215 captus
1314 5157 1459 5198 eram
1502 5141 1742 5199 relaxare
1764 5140 1876 5212 jam
1902 5150 2173 5212 coeperat,

597 5252 701 5295 nec
727 5237 915 5295 volens
932 5252 1036 5295 nec
1059 5237 1253 5295 sciens.
1287 5237 1473 5294 Manus
1496 5236 1639 5293 enim
1668 5244 1793 5303 tuae,
1820 5235 1961 5291 Deus
1988 5248 2171 5299 meus,

597 5329 653 5386 in
682 5327 866 5386 abdito
902 5327 1246 5401 providentiae
1282 5337 1417 5395 tute,
1455 5341 1563 5382 non
1601 5325 1920 5382 deserebant
1943 5324 2176 5379 animam

598 5436 808 5489 meam;
839 5428 895 5479 et
917 5420 984 5478 de
1002 5421 1260 5494 sanguine
1286 5420 1463 5478 cordis
1480 5406 1676 5474 'matris
1701 5432 1834 5472 mea:
1852 5457 1868 5481 ,
1891 5431 1986 5486 per
2004 5416 2176 5488 lacry-

596 5530 716 5570 mas
746 5513 863 5586 ejus
904 5514 1094 5571 diebus
1130 5528 1198 5571 ac
1235 5511 1478 5569 noctibus
1518 5524 1616 5580 pro
1651 5524 1739 5564 me
1784 5506 2176 5564 sacrificabatur

598 5606 698 5665 tibi
716 5622 735 5673 ;
756 5617 812 5664 et
828 5606 986 5679 egisti
1015 5620 1225 5663 mecmn
1258 5602 1408 5659 miris
1459 5601 1631 5658 modis
1654 5602 1698 5655 ³.
1730 5600 1809 5656 Tu
1835 5599 1965 5657 illud
1987 5601 2171 5673 egisti,

662 5720 680 5753 ¹
701 5729 816 5782 ouo,
831 5719 972 5782 iuxta
987 5718 1135 5782 haud.
1221 5724 1287 5782 M-

658 5783 680 5813 ’
700 5777 895 5844 ῥιὶνίέει
908 5777 1291 5844 oceuttismodis,
1306 5777 1445 5842 juxta
1459 5784 1631 5831 somm.
1648 5785 1760 5832 Arn.
1778 5790 1888 5832 cum
1916 5780 1948 5830 7
1981 5786 2107 5842 Mss,
2124 5784 2177 5833 et

600 5840 1071 5896 ttond.cumtltuss.
1136 5849 1193 5893 nt.

1734 344 2244 416 CONFESSIONUM
2280 353 2336 409 S.
2378 340 2741 409 AUGUSTINI
3147 297 3150 300 i
3656 352 3735 410 τη

2282 470 2421 523 Deus
2450 482 2620 522 meus.
2651 465 2781 521 Nam
2811 478 2841 517 a
2871 461 3096 518 Domino
3117 472 3318 530 gressus
3342 458 3535 517 hominis
3556 460 3739 535 dirigua-
3844 486 3845 521 ξ

2282 568 2401 624 tur;
2429 570 2484 613 et
2511 559 2650 611 viam
2679 556 2793 627 ejus
2818 554 2960 608 volet
2996 550 3161 624 (Prol.
3185 565 3369 616 xxxvr,
3406 550 3504 622 23).
3540 553 3626 607 Aut
3650 570 3740 624 qua)
3844 568 3845 627 ᾖ

2280 651 2580 721 procuratio
2607 647 2821 717 salutis,
2852 654 3047 717 praeter
3074 657 3281 698 manum
3302 650 3426 697 tuam
3444 684 3457 709 ,
3488 642 3741 702 relicin

2277 759 2395 815 quae
2421 742 2626 799 fecisti?

2864 829 3086 887 CAPUT
3122 826 3252 883 VIII.

2384 928 2731 998 Proﬁciscimr
2756 925 2977 980 Romam
3012 929 3185 977 contra
3219 920 3383 974 matris
3404 920 3670 975 voluntatem.

2348 1022 2434 1077 14.
2476 1021 2647 1092 Egisti
2672 1034 2800 1089 ergo
2834 1031 3045 1073 mecum
3083 1021 3141 1069 ut
3164 1012 3287 1068 mihi
3311 1011 3747 1082 persuadet-emito.

2274 1132 2413 1173 mam
2442 1130 2681 1186 pergere,
2703 1123 2758 1168 et
2775 1112 2948 1182 potius
2976 1109 3049 1164 ibi
3077 1108 3266 1163 docere
3285 1105 3413 1175 quod
3436 1104 3648 1160 docebam
3665 1104 3751 1161 Car-

2274 1207 2506 1277 thagine.
2538 1205 2605 1260 Et
2626 1205 2728 1261 hoc
2752 1202 2894 1259 unde
2920 1200 3048 1257 mihi
3066 1212 3367 1271 persuasum
3390 1203 3464 1251 est
3485 1197 3522 1260 ‘,
3549 1211 3637 1250 non
3654 1212 3751 1265 pra-

2276 1298 2447 1352 teribo
2485 1296 2726 1352 confiteri
2757 1294 2886 1359 tibi;
2916 1291 3165 1364 quoniam
3197 1296 3251 1344 et
3294 1287 3342 1341 in
3367 1286 3444 1341 his
3482 1286 3677 1340 altissimi
3696 1288 3748 1340 tui

2274 1405 2536 1453 recessus,
2553 1385 3024 1458 etprmsentissima
3042 1384 3094 1437 in
3124 1396 3221 1437 nos
3250 1378 3578 1434 misericordia
3593 1387 3663 1432 tua
3680 1393 3749 1434 co-

2273 1483 2484 1555 gitanda
2513 1492 2567 1538 et
2588 1479 2922 1553 praedicanda
2941 1487 3044 1534 est.
3072 1475 3191 1531 Non
3233 1473 3351 1529 ideo
3374 1472 3570 1527 Romam
3594 1485 3753 1541 pergere

2274 1577 2435 1640 volui,
2469 1575 2608 1645 quod
2632 1574 2860 1645 majores
2884 1583 3138 1643 quaestus,
3169 1568 3433 1636 majorque
3458 1564 3571 1619 mihi
3588 1562 3755 1634 dignitas

2275 1668 2343 1722 ab
2367 1667 2572 1731 amicis,
2605 1666 2696 1737 qui
2726 1666 2829 1720 hoc
2873 1661 3198 1723 suadebant,
3228 1656 3755 1728 promittebatur;quan-

2276 1776 2435 1831 quam
2464 1768 2517 1815 et
2542 1758 2640 1814 ista
2670 1758 2938 1813 ducebant
2973 1753 3211 1808 animum
3237 1762 3359 1805 tunc
3380 1762 3541 1803 meum
3568 1745 3677 1801 :sed
3696 1746 3755 1800 illa

2276 1862 2393 1906 erat
2415 1864 2572 1907 causa
2600 1848 2827 1911 maxima
2850 1855 2903 1901 et
2931 1860 3066 1916 pene
3089 1844 3223 1909 sola,
3250 1839 3383 1911 quod
3404 1838 3640 1893 audiebam
3656 1836 3759 1904 quie-

2277 1942 2382 1998 tius
2408 1942 2477 1997 ibi
2508 1940 2723 1996 studere
2751 1938 3141 1998 adolescentes,
3160 1942 3213 1989 et
3227 1929 3527 1987 ordinatiore
3540 1926 3759 1996 disciplina

2277 2035 2599 2091 coercitione
2626 2032 2819 2096 sedari,
2854 2046 2922 2085 ne
2946 2029 2999 2084 in
3031 2028 3147 2097 ejus
3190 2024 3420 2081 scholam
3459 2036 3552 2092 quo
3573 2020 3758 2089 magistro

2278 2141 2387 2181 non
2418 2133 2655 2190 utuntur,
2685 2123 2880 2196 passim
2903 2129 2958 2176 et
2980 2126 3231 2191 proterve
3256 2118 3480 2180 irruant;
3507 2128 3592 2168 nec
3611 2126 3683 2167 eos
3699 2109 3763 2164 al-

2278 2218 2417 2273 mitti
2444 2218 2683 2281 omnino,
2711 2216 2814 2270 nisi
2845 2214 2936 2269 ille
2957 2213 3282 2283 permiserit.
3308 2208 3512 2273 Contra,
3540 2206 3652 2277 apud
3670 2204 3759 2259 Car-

2277 2309 2543 2378 thaginem
2571 2308 2711 2363 foeda
2754 2314 2837 2363 est
2863 2313 2918 2361 et
2952 2306 3315 2373 intemperans
3343 2299 3536 2355 licentia
3561 2295 3761 2352 scholasti-

2278 2418 2482 2459 corum.
2505 2402 2810 2470 lrrumpunt
2830 2397 3187 2468 impudenter,
3214 2403 3269 2450 et
3284 2406 3444 2464 prape
3467 2390 3629 2444 furiosa
3645 2387 3762 2442 fronte

2277 2491 2593 2565 perturbant
2610 2490 2876 2557 ordinem,
2901 2504 3059 2559 quem
3090 2486 3315 2557 quisque
3343 2480 3587 2549 discipulis
3604 2478 3656 2533 ad
3675 2491 3761 2547 pro-

2278 2586 2561 2642 ficiendum
2582 2584 2890 2640 instituerit.
2917 2581 3077 2636 Multa
3106 2578 3362 2648 injuriosa
3384 2574 3560 2630 faciunt
3582 2573 3683 2626 mira
3703 2569 3764 2622 he-

2277 2677 2549 2743 betudine,
2593 2686 2647 2733 et
2674 2674 2937 2747 punienda
2968 2672 3221 2743 legibus,
3272 2667 3373 2725 nisi
3409 2661 3683 2723 consuetudo
3702 2674 3761 2729 pa-

2278 2780 2429 2827 trona
2482 2770 2584 2835 sit;
2614 2770 2718 2825 hoc
2765 2767 3072 2823 miseriores
3115 2779 3216 2819 eos
3253 2758 3543 2822 ostendens,
3582 2769 3665 2826 quo
3689 2752 3759 2821 jam

2278 2864 2431 2934 quasi
2475 2863 2654 2929 liceat,
2685 2862 2884 2916 faciunt
2928 2857 3071 2930 quod
3120 2872 3223 2928 per
3249 2865 3389 2911 tuam
3411 2847 3760 2913 reternamlegem
3844 2852 3845 2917 ί

2278 2971 2547 3029 nunquam
2562 2954 2745 3011 licebit
2762 2975 2777 3021 ;
2793 2963 2847 3010 et
2867 2954 3082 3022 impune
3105 2949 3356 3005 sefacere
3379 2944 3667 3003 arbitrantur,
3684 2950 3766 2990 cum
3844 2954 3845 3011 γ

2280 3048 2395 3117 ipsa
2411 3026 2647 3101 faciendi
2677 3044 2918 3100 czecitate
2946 3040 3255 3111 puniantur,
3296 3045 3351 3092 ct
3382 3026 3768 3101 incomparabiliter

2281 3138 2549 3210 patiantur
2567 3136 2770 3207 pejora,
2785 3149 2943 3205 quam
2960 3131 3180 3187 faciunt.
3201 3128 3347 3199 Ergo
3362 3139 3491 3196 quos
3515 3128 3765 3183 merentium

2280 3228 2546 3284 studerem
2565 3242 2711 3282 meos
2730 3240 2849 3281 esse
2877 3223 3021 3279 nolui
3037 3224 3089 3287 ¹;
3124 3237 3241 3285 eos,
3272 3235 3392 3276 cum
3412 3217 3641 3275 docerem.
3661 3221 3769 3276 ωδε-

2284 3321 2384 3377 bar
2402 3319 2605 3391 perpeti
2635 3318 2843 3375 alienos
2875 3334 2889 3369 :
2920 3324 2976 3372 et
3002 3314 3123 3369 ideo
3144 3312 3386 3382 placebat
3408 3311 3481 3365 ire
3505 3301 3770 3363 ubitalianon

2282 3412 2421 3480 ﬁeri,
2450 3425 2642 3466 omnes
2688 3410 2776 3480 qui
2808 3413 3084 3471 noverant,
3113 3403 3434 3460 indicabant.
3463 3398 3633 3454 Verum
3652 3398 3769 3480 autem

2284 3510 2363 3571 tu,
2394 3478 2518 3571 spes
2540 3516 2659 3556 mea
2688 3478 2743 3555 et
2765 3499 2937 3569 portio
2974 3511 3088 3552 mea
3116 3495 3172 3550 in
3205 3504 3350 3551 terra
3372 3487 3632 3547 viventium
3652 3478 3769 3554 (Ptul-

2280 3613 2427 3663 cxu,
2446 3594 2528 3668 6),
2542 3594 2608 3650 ad
2631 3592 2939 3649 mutandum
2965 3600 3228 3646 terrarum
3246 3588 3418 3643 locum
3432 3598 3523 3655 pro
3545 3578 3682 3637 salute
3697 3571 3772 3625 ani-

2280 3703 2382 3742 mae
2409 3663 2562 3751 meae,
2606 3694 2659 3740 et
2686 3682 2991 3751 Carthagini
3017 3680 3268 3735 stimulos
3293 3676 3481 3749 quibus
3509 3669 3615 3728 inde
3634 3663 3771 3722 avelle-

2278 3795 2389 3844 rer,
2418 3778 2759 3841 admovebas,
2788 3785 2842 3831 et
2870 3776 3052 3829 Romae
3083 3771 3370 3828 illecebras
3413 3765 3587 3839 quibus
3608 3756 3772 3844 attrahe-

2278 3840 2386 3938 rer,
2420 3868 2750 3939 proponebas
2801 3864 2932 3920 mihi
2973 3878 3072 3935 per
3094 3861 3345 3917 homines
3367 3857 3455 3929 qui
3491 3840 3776 3939 άίιίῧυηίἼῨ

2280 3934 2389 4018 tam
2414 3934 2697 4028 mortuam,
2726 3959 2850 4014 hinc
2882 3934 3065 4012 insana
3091 3954 3373 4017 facientes,
3401 3948 3518 4005 inde
3536 3959 3646 4000 vana
3670 3934 3778 4028 polli-

2278 4063 2499 4118 centes;
2547 4061 2602 4108 et
2645 4051 2713 4105 ad
2763 4045 3106 4120 corrigendos
3150 4056 3373 4115 gressus
3418 4052 3557 4094 meos
3603 4024 3774 4120 utebani

2280 4144 2488 4202 occulte
2515 4152 2569 4198 et
2593 4142 2803 4198 illorum
2832 4149 2887 4196 et
2908 4114 3055 4194 vmea
3101 4114 3473 4207 perversitate.
3498 4127 3615 4185 Nam
3648 4132 3690 4178 et
3718 4114 3777 4186 (ἰαί

2281 4235 2672 4309 perturbabant
2700 4233 2865 4289 otium
2893 4246 3092 4297 meum,
3144 4227 3289 4285 fteda
3312 4224 3458 4281 rabie
3493 4216 3608 4277 caici
3644 4218 3777 4269 θηηιὶ

2289 4305 2345 4382 et
2363 4326 2452 4396 qui
2493 4324 2786 4379 invitabant
2807 4321 2874 4377 ad
2892 4318 3055 4387 aliud,
3079 4326 3277 4373 terram
3307 4312 3585 4385 sapiebant.
3718 4313 3782 4351 ια’

2284 4390 2394 4473 tem
2417 4417 2508 4488 qui
2547 4414 2851 4471 detestabar
2894 4411 2983 4468 hic
3006 4424 3188 4466 veram
3216 4405 3516 4468 miseriam,
3542 4397 3636 4453 illic
3652 4390 3782 4447 falsam
3810 4434 3817 4442 .

2280 4507 2589 4562 felicitatem
2618 4504 2951 4576 appetebam.

2350 4600 2439 4656 45.
2479 4598 2585 4655 Sed
2609 4572 2773 4669 qs...
2811 4597 2934 4651 hinc
2958 4594 3183 4659 abirem,
3224 4600 3281 4647 et
3303 4590 3428 4645 illuc
3452 4587 3596 4651 irem,
3622 4572 3783 4635 inscie-

2279 4691 2393 4759 bas,
2421 4691 2590 4757 Deus;
2618 4704 2719 4745 nec
2742 4686 3012 4743 indicabas
3038 4683 3168 4740 mihi
3190 4697 3291 4738 nec
3315 4678 3605 4747 matri,qu:e
3620 4676 3787 4735 inepto-

2279 4784 2474 4841 fectum
2500 4783 2752 4839 atrociter
2772 4778 2993 4851 planxit,
3021 4785 3077 4832 et
3099 4790 3270 4846 usque
3296 4773 3363 4828 ad
3388 4784 3530 4828 mare
3544 4771 3696 4822 secula
3712 4760 3785 4811 θεί-

2282 4877 2389 4935 Sed
2416 4875 2583 4932 fefelli
2609 4890 2727 4931 eam
2757 4872 3019 4928 violenter
3044 4884 3131 4926 me
3156 4875 3447 4930 tenentem,
3487 4871 3543 4918 ut
3570 4865 3649 4913 aut
3675 4860 3790 4908 revo-

2281 4978 2457 5035 caret,
2488 4974 2579 5022 aut
2602 4979 2809 5020 mecum
2841 4968 3112 5034 pergeret;
3141 4968 3195 5015 et
3220 4957 3345 5013 tinxi
3363 4969 3449 5012 me
3464 4951 3663 5007 amicum
3683 4936 3788 5035 119110

2281 5033 2549 5122 deserere,
2599 5055 2772 5112 donec
2797 5033 2956 5109 vento
2982 5052 3121 5107 facto
3162 5049 3450 5119 navigaret.
3497 5044 3558 5100 Et
3593 5033 3788 5122 mentitus

2280 5164 2398 5205 sum
2422 5118 2598 5212 matri,
2631 5155 2686 5203 et
2726 5146 2801 5201 illi
2826 5144 3004 5211 matri,
3035 5151 3090 5198 et
3108 5141 3251 5198 evasi
3284 5118 3307 5195 τί
3338 5137 3456 5211 quia
3482 5141 3534 5190 et
3565 5130 3653 5185 hoc
3673 5118 3789 5176 tudi.

2280 5240 2475 5297 misisti
2501 5237 2634 5295 mihi
2662 5235 3100 5301 misericorditer,
3127 5245 3348 5288 servans
3374 5242 3458 5284 me
3480 5223 3544 5281 ab
3565 5217 3694 5291 aquis
3706 5224 3787 5267 ωε·

2277 5333 2376 5399 ris,
2419 5331 2636 5403 plenum
2680 5326 3020 5385 exsecrandis
3066 5323 3332 5390 sordibus,
3365 5330 3523 5388 usque
3557 5310 3617 5368 ad
3640 5314 3784 5376 aqua!!!

2279 5423 2460 5496 gratiae
2488 5430 2612 5488 tuae,
2636 5436 2741 5493 qua
2768 5436 2854 5476 me
2874 5418 3058 5475 abluto
3077 5420 3399 5474 siccarentur
3411 5406 3609 5467 flumina
3632 5405 3784 5457 mater-

2343 5538 2361 5569 ι
2380 5533 2465 5599 sit,
2480 5534 2618 5597 juxta
2634 5541 2709 5599 er.
2726 5532 2997 5596 Lungen.
3012 5537 3123 5599 nov,
3277 5534 3411 5599 man.
3420 5507 3781 5599 smptu-add;

2340 5600 2361 5631 ι
2377 5566 2709 5647 enarrat:
2723 5566 3639 5648 ὡὶῖεῐῐιάἴῶίᾲ

2342 5626 2536 5647 -υυυω
2912 5626 3012 5645 πη
3047 5626 3185 5643 πη...
3216 5626 3456 5640 mw--.
3486 5626 3631 5633 τη--
3844 5626 3845 5639 ,

2278 5658 2514 5733 Armased
2530 5655 2925 5733 alii
2940 5626 3779 5733 essie'eiaewﬁm
3844 5650 3845 5717 ὲ

3711 5690 3777 5738 παι

2276 5755 3392 5877 ἦξὲἓῖἒᾶεῆᾘ,ᾘιῖιὶῖέιὶ“ρτῐ,’ῑῶἑέδζ’ἓᾶιῐὲῖ
3420 5755 3513 5770 την

2382 5841 2668 5909 magabant,
2684 5848 2824 5906 juxta
2837 5848 3009 5893 Soram.
3029 5841 3146 5893 Dub.
3164 5845 3260 5890 Arn
3295 5839 3422 5887 Hart.
3442 5837 3491 5885 et
3503 5821 3630 5880 haud.
3645 5824 3692 5869 ll-
3844 5850 3845 5909 χ

2654 5881 2668 5907 ι
2684 5875 2824 5906 Jul“
2837 5875 3009 5893 υυιιυιιο
3029 5875 3146 5893 νων,
