3878 6270
545 342 650 409 'li5

543 470 739 527 niciem
755 479 954 529 meam,
971 476 1130 534 quam
1154 476 1270 517 mea
1296 470 1348 517 te
1366 459 1430 515 ad
1448 461 1670 516 salutem
1690 463 1847 517 malle
1861 461 2117 532 superari.

541 557 784 615 Nondum
812 569 940 626 ergo
969 568 1222 625 posueras
1250 551 1545 610 custodiam
1579 552 1658 607 ori
1685 567 1824 616 meo,
1851 562 1904 608 et
1926 553 2119 607 ostium

541 650 879 708 continentia
910 648 1113 704 circum
1146 645 1283 701 labia
1323 660 1460 712 mea,
1489 654 1546 700 ut
1568 660 1675 700 non
1706 644 1996 702 declinaret
2024 660 2120 701 cor

540 757 718 799 meum
740 741 794 796 in
816 739 978 802 verba
1014 738 1263 809 maligna,
1301 737 1367 792 ad
1398 736 1726 793 excusandas
1747 737 2120 793 excusationes

539 837 594 892 in
614 834 846 908 peccatis
860 847 978 889 cum
996 830 1298 887 hominibus
1321 828 1661 899 operantibus
1676 830 2004 900 iniquitatem
2028 845 2041 890 ;
2065 839 2118 886 et

539 926 664 983 ideo
699 924 872 982 adhuc
905 921 1271 980 combinabam
1302 935 1421 977 cum
1460 921 1643 976 electis
1693 922 1907 977 eorum‘
1945 918 2112 992 (Paul.

542 1034 665 1083 cn,
693 1017 748 1083 5,
777 1015 856 1089 4).

614 1105 702 1164 19.
743 1105 848 1164 Sed
874 1114 1049 1162 tamen
1069 1104 1178 1175 jam
1205 1103 1493 1174 desperans
1534 1102 1587 1157 in
1628 1116 1689 1158 ea
1714 1101 1842 1157 falsa
1871 1101 2114 1157 doctrina

541 1215 632 1256 me
654 1213 813 1272 posse
832 1196 1122 1268 proﬁcere;
1156 1209 1323 1265 eaque
1354 1194 1467 1263 ipsa
1487 1191 1675 1263 quibus
1705 1192 1748 1247 si
1771 1190 1901 1246 nihil
1925 1190 2117 1248 melius

539 1292 854 1364 reperirem,
886 1297 1165 1346 contentus
1192 1302 1312 1343 esse
1336 1284 1694 1352 decreveram,
1712 1283 1820 1355 jam
1843 1285 2117 1340 remissius

539 1382 998 1455 negligentiusque
1028 1378 1336 1435 retinebam.
1365 1378 1571 1432 Etenim
1601 1376 1817 1432 suborta
1851 1384 1932 1431 est
1956 1376 2115 1431 etiam

540 1478 675 1534 mihi
693 1477 961 1548 cogitatio,
983 1473 1350 1546 prudentiores
1374 1472 1580 1528 crcteris
1600 1469 1764 1527 fuisse
1793 1471 1910 1526 illos
1938 1471 2115 1543 philo-

540 1568 755 1641 sophos,
775 1581 909 1641 quos
932 1565 1274 1622 Academicos
1300 1563 1584 1635 appellant,
1602 1561 1743 1633 quod
1770 1561 1836 1617 de
1862 1561 2107 1617 omnibus

543 1659 887 1718 dubitandum
911 1673 1031 1715 esse
1060 1664 1397 1721 censuerant,
1423 1669 1525 1711 nec
1547 1652 1744 1726 aliquid
1786 1654 1897 1709 veri
1925 1653 1992 1709 ab
2020 1652 2115 1709 ho~

542 1754 687 1810 mine
724 1748 1105 1824 comprehendi
1142 1761 1299 1819 posse
1351 1746 1716 1802 decreverant.
1772 1745 1846 1801 [to
1874 1744 2015 1801 enim
2062 1753 2117 1800 et

542 1845 675 1903 mihi
696 1843 892 1917 liquido
922 1842 1153 1899 sensisse
1201 1839 1529 1903 videbantur,
1554 1847 1613 1893 ut
1643 1838 1800 1908 vulgo
1829 1837 2112 1906 habentur,

541 1939 701 1995 etiam
733 1936 941 1992 illorum
969 1931 1312 1988 intentionem
1356 1929 1587 1985 nondum
1631 1929 1964 2000 intelligenti.
2005 1927 2115 1985 Nec

539 2027 864 2087 dissimulavi
890 2024 1136 2082 eumdem
1157 2022 1417 2096 hospitem
1448 2037 1624 2077 meum
1666 2021 1954 2091 reprimere
1973 2036 2004 2077 a
2029 2020 2114 2076 ni-

537 2122 647 2177 mia
678 2118 887 2183 ﬁducia,
919 2131 1075 2188 quam
1102 2115 1242 2170 sensi
1269 2129 1387 2169 eum
1416 2113 1613 2169 habere
1636 2112 1702 2168 de
1732 2112 1888 2169 rebus
1908 2111 2114 2168 fabulo-

540 2213 634 2280 sis,
663 2210 850 2282 quibus
874 2207 1151 2264 manicbasi
1181 2206 1299 2262 libri
1324 2205 1462 2276 pleni
1488 2206 1625 2260 sunt.
1664 2204 1908 2260 Amicitia
1941 2214 2114 2260 tamen

539 2316 722 2359 eorum
740 2298 1281 2367 familiariusbtebar,
1310 2312 1465 2368 quam
1496 2305 1809 2353 caeterorum
1842 2296 2115 2352 hominum

540 2396 632 2468 qui
660 2395 713 2451 in
734 2393 823 2450 illa
853 2392 1043 2449 haeresi
1070 2406 1175 2446 non
1202 2389 1446 2446 fuissent.
1493 2389 1602 2445 Nec
1630 2404 1746 2443 eam
1767 2387 2113 2445 defendebam

539 2490 765 2561 pristina
786 2486 1156 2551 animositate;
1188 2484 1281 2541 sed
1320 2493 1496 2538 tamen
1526 2482 1852 2537 familiaritas
1893 2497 2111 2549 eorum,

541 2583 722 2654 plures
746 2580 887 2636 enim
938 2594 1031 2635 cos
1056 2577 1223 2634 Roma
1253 2576 1500 2639 occultat.
1534 2574 1733 2645 pigrius
1777 2588 1863 2630 me
1890 2573 2120 2630 faciebat

542 2669 684 2729 aliud
714 2686 981 2743 quaerere;
1016 2668 1310 2741 praesertim
1363 2666 1730 2737 desperantem
1780 2666 1833 2720 in
1879 2666 2115 2722 Ecclesia

543 2774 652 2834 tua,
682 2764 904 2820 Domine
922 2762 1040 2819 caeli
1066 2771 1120 2818 et
1140 2770 1314 2826 terrae,
1331 2768 1540 2815 creator
1567 2759 1801 2815 omnium
1829 2759 2116 2815 visibilium

541 2866 597 2913 et
638 2854 1002 2921 invisibilium,
1035 2867 1191 2923 posse
1234 2850 1462 2907 inveniri
1508 2865 1715 2916 verum,
1746 2846 1885 2906 unde
1930 2866 2015 2905 me
2040 2850 2116 2906 illi

540 2955 841 3006 averterant
866 2965 879 3002 :
904 2945 1233 3015 multumque
1248 2942 1378 2999 mihi
1402 2952 1554 3012 turpe
1582 2940 1876 3007 videbatur,
1898 2941 2119 2999 credere

544 3041 767 3113 ﬁguram
798 3049 851 3095 te
895 3039 1094 3094 habere
1133 3037 1377 3092 humana:
1413 3034 1608 3099 carnis,
1652 3043 1708 3090 et
1757 3033 2117 3090 membrorum

538 3141 844 3189 nostrorum
856 3127 1192 3185 lineamentis
1211 3126 1576 3196 corporalibus
1590 3123 1882 3180 terminari.
1898 3123 1966 3179 Et
1988 3139 2119 3195 quo-

540 3224 684 3280 niam
724 3236 845 3278 cum
871 3220 937 3276 de
965 3221 1073 3276 Deo
1103 3234 1222 3275 meo
1247 3218 1481 3288 cogitare
1504 3217 1695 3273 vellem
1718 3259 1733 3283 ,
1759 3218 1991 3288 cogitare
2015 3218 2118 3274 nisi

548 3316 723 3372 moles
738 3327 1020 3385 corporum
1041 3327 1147 3368 non
1174 3325 1449 3378 noveram,
1490 3324 1662 3381 neque
1680 3311 1822 3365 enim
1843 3309 2118 3367 videbatur

538 3408 671 3463 mihi
696 3419 815 3464 esse
842 3404 1125 3475 quidquam
1148 3402 1291 3474 quod
1322 3401 1428 3457 tale
1460 3417 1566 3457 non
1615 3409 1778 3469 esset,
1810 3416 1871 3458 ea
1889 3401 2118 3458 maxima

541 3508 597 3554 et
632 3511 799 3568 prope
825 3494 937 3551 sola
965 3508 1123 3550 causa
1146 3500 1264 3550 erat
1292 3491 1607 3547 inevitabilis
1635 3491 1832 3547 erroris
1851 3492 1975 3548 mei.

610 3590 701 3646 20.
732 3588 865 3644 Hinc
886 3588 1026 3642 enim
1049 3594 1106 3642 et
1119 3585 1240 3640 mali
1260 3584 1607 3641 substantiam
1626 3584 1911 3656 quamdam
1931 3584 2118 3642 crede-

542 3682 668 3738 bam
710 3694 830 3735 esse
874 3678 1029 3734 talem
1051 3717 1065 3745 ,
1100 3685 1155 3732 et
1192 3675 1392 3732 habere
1432 3689 1581 3731 suam
1622 3677 1813 3731 molem
1851 3685 2040 3733 tetram
2063 3684 2119 3733 et

541 3764 837 3829 deformem
854 3769 1029 3841 ;_sive.
1043 3782 1295 3835 crassam,
1316 3783 1472 3838 quam
1490 3775 1685 3823 terram
1710 3766 1977 3836 dicebant,
2000 3770 2115 3825 sive

540 3874 756 3921 tenuem
781 3866 939 3934 atque
959 3858 1235 3931 subtilem,
1268 3861 1404 3917 sicut
1426 3868 1508 3916 est
1536 3858 1674 3917 aeris
1697 3876 1925 3932 corpus;
1957 3877 2115 3933 quam

537 3948 825 4025 malignam
855 3959 1087 4007 mentem
1116 3967 1213 4023 per
1251 3949 1392 4007 illam
1433 3960 1628 4007 terram
1666 3962 1940 4022 repentem
1980 3954 2115 4009 ima-

535 4047 805 4119 ginantur.
828 4042 1026 4116 thuia
1044 4040 1207 4100 Deum
1229 4043 1425 4115 bonum
1440 4044 1637 4101 nullam
1658 4040 1850 4101 malam
1872 4055 2115 4103 naturam

535 4154 782 4207 creasse,
826 4134 1222 4211 qualiscumque
1259 4131 1428 4210 pietas
1469 4154 1554 4194 me
1591 4136 1812 4195 credere
1857 4140 2110 4212 cogebat;

537 4229 924 4287 constituebam
949 4243 1015 4284 ex
1043 4224 1267 4284 adverso
1308 4228 1407 4285 sibi
1435 4226 1567 4284 duas
1595 4224 1764 4305 moles
1787 4270 1803 4297 ,
1840 4238 2116 4302 utramque

540 4322 822 4391 inﬁnitam,
852 4317 945 4378 sed
978 4321 1170 4378 malam
1199 4320 1494 4391 angustius,
1524 4313 1714 4377 bonam
1733 4316 2003 4394 grandius.
2051 4323 2118 4380 Et

537 4432 605 4472 ex
633 4414 736 4472 hoc
755 4413 907 4470 initio
933 4412 1297 4486 pestilentioso
1318 4428 1406 4469 me
1431 4422 1621 4469 caetera
1642 4410 1911 4485 sacrilegia
1927 4430 2119 4486 seque-

534 4506 753 4566 bantur.
782 4502 914 4564 Cum
949 4504 1091 4564 enim
1121 4514 1403 4561 conaretur
1431 4504 1636 4560 animus
1658 4520 1807 4562 meus
1844 4520 2118 4564 recurrere

539 4600 594 4656 in
622 4594 935 4655 catholicam
980 4596 1178 4665 ﬁdem,
1224 4591 1651 4668 repercutiebar,
1694 4596 1815 4670 quia
1854 4616 1960 4655 non
2003 4609 2119 4656 erat

539 4685 798 4747 catholica
827 4685 959 4745 ﬁdes
988 4703 1146 4759 quam
1182 4704 1301 4744 esse
1330 4686 1642 4745 arbitrabar.
1687 4689 1753 4745 Et
1792 4690 1961 4762 magis
1999 4690 2117 4762 pius

536 4780 671 4839 mihi
698 4779 934 4847 videbar,
962 4779 1008 4835 si
1039 4790 1111 4849 te,
1139 4779 1280 4836 Deus
1300 4796 1470 4846 meus,
1499 4780 1583 4838 cui
1604 4778 1922 4839 conﬁtentur
1944 4800 2008 4839 ex
2032 4800 2118 4842 me

537 4868 908 4930 miserationes
947 4880 1086 4939 tum,
1127 4870 1212 4929 vel
1253 4889 1319 4928 ex
1347 4873 1553 4930 caneris
1579 4875 1817 4945 partibus
1855 4876 2116 4934 inﬁnitum

536 4962 835 5032 crederem,
863 4963 1103 5035 quamvis
1130 4980 1194 5019 ex
1221 4980 1322 5019 una
1345 4981 1447 5035 qua
1476 4965 1569 5020 tibi
1600 4965 1770 5023 moles
1799 4966 1923 5023 mali
1954 4984 2118 5042 oppo-

374 5054 385 5061 “
488 5108 513 5131 1
543 5054 798 5124 nebatur,
822 5069 1043 5125 cogerer
1069 5053 1272 5109 ﬁnitum
1308 5050 1495 5123 fateri,
1522 5072 1679 5127 quam
1709 5056 1753 5111 si
1778 5073 1842 5114 ex
1873 5059 2117 5117 omnibus

545 5144 786 5219 partibus
806 5147 859 5202 in
886 5145 1126 5218 corporis
1156 5145 1371 5203 humani
1403 5144 1571 5203 forma
1600 5155 1651 5205 te
1676 5146 1923 5219 opinarer
1954 5150 2113 5206 ﬁniri.

537 5233 614 5296 Et
655 5239 845 5295 melius
888 5234 1017 5294 mihi
1062 5238 1283 5295 videbar
1325 5238 1545 5295 credere
1582 5241 1784 5296 nullum
1826 5244 2021 5298 malum
2066 5253 2119 5301 te

540 5345 791 5399 creasse;
834 5328 974 5403 quod
1003 5326 1131 5385 mihi
1164 5331 1417 5387 nescienti
1449 5348 1556 5387 non
1583 5332 1753 5387 solum
1793 5330 1967 5405 aliqua
1996 5336 2120 5391 sub-

478 5486 492 5493 ,
538 5424 752 5492 stantia,
776 5420 869 5481 sed
888 5424 1049 5481 etiam
1071 5439 1327 5495 corporea
1347 5422 1645 5493 videbatur,
1669 5425 1788 5495 quia
1814 5434 1865 5480 et
1888 5437 2117 5485 mentem

605 5542 819 5617 {alludit
836 5544 895 5595 ad
911 5543 1204 5617 versiculum
1221 5543 1253 5594 4
1269 5545 1388 5617 Psal.
1413 5545 1519 5617 iw,
1541 5553 1591 5596 et
1607 5548 1827 5609 sequitur
1843 5548 1988 5617 hicet
2001 5550 2121 5617 alias

534 5604 802 5657 lectionem
818 5606 1072 5671 quamdam
1088 5612 1215 5665 LXX,
1233 5620 1343 5671 qua:
1360 5604 1525 5667 habet,
1540 5604 1800 5668 surrexisse,
1820 5610 2118 5665 rombinubo:

541 5675 835 5777 mmma-
849 5668 1105 5738 Ict'ibimus
1125 5678 1235 5715 cum
1264 5670 1611 5742 antiquioribus
1625 5670 1865 5722 codicibus
1881 5674 2118 5755 combina-

663 5764 678 5777 .
697 5741 785 5777 bro
813 5740 913 5777 auo
938 5730 991 5777 in
1010 5728 1235 5777 albsest.
1267 5730 1590 5777 omnem.
1628 5739 1735 5777 aut.
1769 5735 2089 5777 continentiam

697 5683 835 5731 optet
849 5683 1105 5738 mimus
1125 5683 1235 5715 cum
1264 5683 1611 5742 antiquioribus
1625 5683 1865 5722 OOUICilmB
1881 5683 2112 5745 comma-

697 5740 913 5840 m
938 5730 991 5778 in
1010 5728 1117 5778 aliis
1133 5730 1590 5839 omnem,
1628 5739 1735 5794 aut,
1769 5735 2112 5803 ronrbtbebam,

544 5764 1135 5854 Wb‘t'zr‘iwmmtc'"
1010 5764 1117 5778 ““““’
1133 5764 1290 5839 ἷιΐῶηῗ

1701 344 2210 403 ΟΟΝΡΕΞΞΙΟΝυΜ
2238 347 2302 404 s.
2343 327 2709 407 AUGUSTtNt
3644 346 3727 426 in

2231 461 2461 533 cogitare
2491 477 2594 516 non
2630 476 2879 517 noveram
2902 502 2916 529 ,
2962 463 3063 519 nisi
3086 478 3201 521 eam
3225 464 3410 525 subtile
3427 482 3596 542 corpus
3613 490 3724 549 esse,

2227 552 2366 624 quod
2416 561 2594 611 tamen
2642 570 2739 625 per
2778 553 2878 610 loci
2922 556 3088 626 spatia
3132 556 3495 617 diffunderetur
3527 566 3571 633 ις
3604 584 3727 639 quam

2225 641 2449 701 credere
2472 643 2568 699 abs
2604 653 2655 700 te
2680 659 2800 700 esse
2842 644 3050 716 qualem
3096 646 3337 717 putabam
3365 660 3582 710 naturam
3613 660 3727 718 mali.

2225 734 2401 805 Ipsum
2432 752 2639 807 quoque
2663 735 2993 793 Salvatorem
3013 748 3250 795 nostrum
3277 740 3573 813 unigenitum
3595 756 3728 818 tuum,

2224 835 2471 899 tanquam
2500 828 2567 885 de
2594 844 2767 889 massa
2809 828 3144 889 lucidissima:
3182 830 3338 888 molis
3368 842 3465 891 tute
3488 851 3731 907 porrectum

2222 917 2288 973 ad
2318 928 2551 975 nostram
2579 919 2823 985 salutem,
2846 920 2917 975 ita
2944 919 3213 991 putabam,
3241 932 3299 979 ut
3321 922 3455 980 aliud
3478 924 3537 983 de
3559 928 3635 985 illo
3655 948 3731 988 non

2222 1008 2517 1077 crederem,
2539 1011 2638 1067 nisi
2662 1010 2801 1083 quod
2823 1027 3035 1083 possem
3052 1015 3283 1071 vanitate
3302 1014 3574 1089 imaginari.
3590 1019 3731 1081 Talem

2222 1102 2399 1170 itaque
2419 1111 2660 1159 naturam
2688 1102 2807 1175 ejus
2832 1104 2979 1160 nasci
3005 1119 3112 1161 non
3138 1121 3297 1177 posse
3323 1105 3390 1163 de
3413 1106 3558 1165 Maria
3577 1113 3734 1185 virgine
3844 1184 3845 1189 η

2222 1193 2540 1260 arbitrabar,
2567 1194 2666 1251 nisi
2696 1194 2843 1252 carni
2871 1206 3304 1255 concerneretur.
3333 1198 3572 1258 Concerui
3595 1215 3733 1262 autem

2222 1294 2277 1341 et
2306 1302 2413 1342 non
2442 1287 2707 1357 inquinari
2731 1302 2838 1346 non
2863 1288 3128 1360 videbam,
3158 1289 3300 1363 quod
3323 1292 3447 1349 mihi
3471 1294 3566 1351 tale
3589 1296 3734 1370 figura-

2221 1379 2363 1435 bam.
2406 1381 2702 1438 Metuebam
2730 1381 2907 1453 itaque
2943 1382 3166 1441 credere
3192 1384 3245 1440 in
3280 1400 3437 1442 carne
3459 1397 3650 1456 natum,
3686 1407 3735 1449 ne
3844 1390 3845 1439 1

2220 1472 2438 1529 credere
2465 1489 2683 1545 cogerer
2710 1490 2775 1531 ex
2803 1490 2966 1532 carne
2990 1476 3344 1548 inquinatum.
3374 1476 3514 1536 Nunc
3535 1481 3731 1555 spiritua-

2220 1562 2301 1621 lcs
2332 1566 2403 1621 tui
2433 1564 2627 1624 blande
2655 1576 2710 1622 et
2739 1576 2978 1625 amanter
3000 1565 3251 1627 ridebunt
3279 1586 3383 1640 me,
3409 1570 3453 1627 si
3472 1573 3555 1631 has
3576 1573 3735 1633 confes-

2219 1658 2399 1716 siones
2419 1674 2565 1717 meas
2590 1659 2815 1733 legerint
2846 1680 2859 1717 :
2888 1659 2985 1719 scd
3014 1672 3190 1720 tamen
3211 1664 3331 1721 talis
3357 1680 3514 1724 eram.

2857 1773 3085 1832 CAPUT
3123 1775 3219 1832 XI.

2363 1844 2593 1910 Qualiter
2619 1844 2927 1919 Augustinus
2946 1844 3216 1902 contulerit
3245 1863 3357 1901 cum
3381 1846 3627 1905 catholicis.

2287 1936 2378 1993 2i.
2406 1937 2605 1995 Deinde
2630 1955 2748 2010 quae
2788 1937 2861 1994 illi
2900 1936 2956 1995 in
2989 1936 3283 2011 Scripturis
3306 1937 3410 1995 tuis
3443 1939 3733 2011 reprehende-

2219 2030 2393 2098 rant",
2413 2027 2624 2086 defendi
2652 2044 2808 2101 posse
2840 2045 2948 2086 non
2975 2024 3347 2087 existimabam
3369 2048 3382 2084 ε
3404 2029 3491 2088 sed
3508 2030 3730 2103 aliquando

2219 2106 2348 2178 sane
2374 2110 2657 2192 cupiebam
2684 2136 2806 2178 cum
2848 2118 3027 2195 aliquo
3064 2120 3286 2178 illorum
3325 2118 3562 2178 librorum
3585 2112 3729 2179 doctis-

2220 2211 2359 2270 simo
2383 2212 2631 2270 conferre
2657 2214 2884 2286 singula,
2911 2224 2967 2270 et
2994 2212 3231 2286 experiri
3260 2211 3383 2287 quid
3410 2211 3522 2271 inde
3544 2214 3729 2272 sentiret.

2219 2301 2337 2357 Jam
2363 2303 2503 2359 enim
2530 2302 2758 2376 lielpidii
2785 2302 3058 2376 cujusdam
3089 2304 3351 2362 adversus
3388 2305 3583 2363 eosdem
3609 2303 3731 2363 ﬂani-

2219 2394 2401 2452 cbaios
2424 2410 2603 2453 coram
2626 2393 2892 2469 loquentis
2912 2406 2969 2455 et
2992 2397 3307 2456 disserentis
3328 2415 3596 2468 sermones,
3616 2398 3732 2457 etiam

2220 2486 2359 2557 apud
2377 2487 2750 2560 Carthaginem
2774 2503 2993 2546 movere
3013 2504 3099 2546 me
3125 2499 3424 2562 coeperant,
3442 2505 3550 2547 cum
3574 2488 3669 2546 talia
3685 2486 3732 2546 de

2220 2577 2507 2647 Scripturis
2536 2575 2833 2649 proferret,
2875 2576 3066 2651 quibus
3095 2580 3280 2639 resisti
3302 2578 3452 2638 facile
3476 2596 3566 2636 non
3584 2586 3727 2653 posset.

2221 2678 2277 2725 et
2306 2669 2572 2725 imbecilla
2598 2670 2727 2725 mihi
2751 2670 3028 2742 responsio
3055 2667 3342 2729 videbatur
3365 2673 3583 2729 istorum.
3608 2670 3727 2740 Quam

2221 2760 2431 2831 quidem
2462 2774 2566 2816 non
2595 2760 2749 2817 facile
2766 2761 2937 2833 palam
2959 2763 3301 2834 premebant,
3331 2763 3423 2820 sed
3453 2764 3585 2820 nobis
3604 2776 3728 2818 secre-

2222 2852 2343 2919 tius,
2371 2867 2491 2907 cum
2510 2850 2748 2909 dicerent
2768 2852 3055 2924 scripturas
3079 2850 3217 2911 Novi
3242 2854 3546 2911 Testamenti
3567 2854 3720 2909 {alsius

2220 2941 2386 3000 fuisse
2410 2957 2442 2999 ι
2462 2945 2644 3000 nescio
2665 2946 2878 3017 quibus,
2905 2948 2996 3019 qui
3029 2946 3341 3005 Iudaeorum
3374 2950 3532 3021 legem
3554 2949 3723 3004 illam

2158 3098 2166 3111 α
2219 3032 2524 3090 christiana;
2539 3034 2661 3092 ﬁdei
2674 3036 2972 3105 voluerunt,
2994 3046 3156 3111 atque
3182 3040 3286 3111 ipsi
3306 3040 3580 3111 incorrupti
3592 3050 3722 3096 exel-

2222 3124 2391 3195 plaria
2426 3126 2570 3180 nulla
2617 3124 2935 3197 proferrent.
2962 3128 3071 3185 Sed
3109 3145 3202 3186 me
3240 3130 3467 3187 maxime
3499 3137 3660 3201 captaa
3682 3135 3724 3183 et

2221 3215 2508 3273 euocatum
2537 3217 2929 3290 quodammodo
2955 3220 3331 3292 deprimebant
3353 3220 3727 3294 corponiiacogi-

2222 3316 2419 3368 tantem
2443 3313 2615 3369 moles
2636 3313 2763 3382 iure,
2795 3314 2894 3371 sub
2920 3314 3114 3386 quibus
3138 3314 3401 3372 anhelans
3416 3317 3467 3372 in
3489 3318 3724 3371 aui-antu

2220 3405 2459 3463 veritatis
2477 3404 2727 3479 liquidam
2747 3414 2803 3464 et
2817 3406 3109 3479 simplicem
3130 3410 3398 3482 respirare
3414 3424 3509 3466 non
3528 3414 3723 3480 poteram.

2849 3514 3077 3578 CAPUT
3112 3515 3231 3577 XII.

2397 3588 2566 3645 Fraus
2598 3590 2961 3663 discipulorum
2986 3592 3163 3649 Roma
3194 3594 3251 3648 in
3276 3603 3595 3667 praceptom.

2292 3674 2383 3736 Si.
2413 3675 2611 3737 Sedqu
2638 3692 2766 3755 ergo
2788 3695 2947 3755 agere
2970 3694 3266 3756 coeperam,
3298 3697 3505 3757 propter
3527 3682 3640 3754 quod
3659 3694 3726 3736 re-

2222 3782 2423 3840 neram,
2449 3780 2508 3827 ut
2530 3768 2779 3829 docerem
2794 3774 2982 3830 Romae
3004 3782 3175 3831 artem
3205 3777 3534 3844 rhetoricam,
3560 3783 3607 3831 et
3623 3773 3725 3845 prlii!

2219 3860 2363 3917 domi
2404 3874 2729 3934 congregem
2758 3865 2993 3936 aliquos,
3042 3866 3239 3937 quibus
3269 3875 3324 3924 et
3352 3881 3443 3938 per
3478 3881 3596 3939 quas
3620 3865 3729 3919 irino-

2221 3961 2422 4010 tescere
2446 3968 2747 4025 coeperam;
2791 3964 2843 4013 et
2869 3970 2996 4015 ecce
3018 3968 3288 4030 cognosco
3310 3960 3409 4016 alta
3436 3961 3598 4017 tione
3627 3954 3726 4021 ﬁeri.

2219 4057 2338 4116 quae
2365 4059 2473 4099 non
2510 4045 2749 4116 patiebar
2788 4047 2840 4102 in
2869 4047 3065 4103 Africa.
3103 4048 3238 4106 Nam
3277 4065 3457 4108 revera
3494 4050 3596 4107 illas
3615 4058 3727 4104 ever-

2220 4135 2397 4189 siones
2425 4148 2454 4189 a
2482 4134 2702 4206 perditis
2729 4135 3156 4195 adolescentibus
3180 4140 3253 4196 ibi
3287 4155 3393 4196 non
3419 4138 3525 4197 ﬁeri
3559 4133 3727 4195 manlia

2220 4233 2416 4281 statum
2436 4232 2520 4280 est
2551 4224 2700 4280 mihi.
2737 4224 2840 4282 Sed
2872 4229 3045 4284 subito
3064 4266 3079 4295 ,
3111 4227 3384 4302 inquiunt,
3411 4246 3476 4287 ne
3496 4226 3728 4287 mercedem

2222 4317 2473 4389 magistro
2497 4318 2757 4388 reddant,
2804 4322 3109 4392 conspirant
3138 4323 3291 4379 multi
3319 4323 3666 4386 adolescentes.
3691 4324 3728 4373 α

2220 4410 2544 4466 transferunt
2575 4424 2635 4466 se
2664 4410 2731 4465 ad
2767 4411 2964 4479 alium;
3005 4412 3309 4472 desertores
3342 4415 3489 4481 ﬁdei,
3515 4422 3564 4470 et
3588 4411 3727 4483 quibus

2221 4518 2331 4575 prce
2354 4502 2592 4574 pecunia:
2628 4502 2885 4560 charitate
2918 4505 3121 4577 justitia
3144 4506 3262 4563 vilis
3285 4515 3383 4563 est.
3416 4506 3589 4564 Oderat
3610 4502 3726 4559 etiam

2222 4592 2352 4652 istos
2374 4608 2468 4650 cor
2506 4608 2720 4663 meum,
2759 4595 3000 4666 quamvis
3026 4613 3135 4653 non
3174 4594 3410 4670 perfecto
3445 4594 3573 4655 odio.
3614 4591 3726 4661 Quod

2223 4688 2367 4744 enim
2392 4687 2459 4743 ab
2483 4686 2562 4743 eis
2600 4702 2852 4759 passurus
2875 4704 3019 4745 eram
3044 4732 3059 4756 ,
3090 4692 3256 4764 magis
3294 4692 3497 4749 oderam
3530 4687 3721 4751 fortasse,

2220 4796 2379 4852 quam
2404 4794 2471 4837 eo
2504 4780 2647 4852 quod
2672 4781 2891 4839 cuilibet
2916 4783 3096 4840 illicita
3126 4784 3401 4843 faciebant.
3428 4788 3570 4842 Certe
3588 4791 3723 4838 tam

2221 4883 2403 4945 turpes
2426 4882 2548 4929 sunt
2577 4872 2730 4940 tales,
2757 4883 2811 4931 et
2833 4873 3156 4932 fornicantur
3177 4878 3272 4934 abs
3292 4887 3361 4946 te,
3390 4872 3590 4934 amando
3611 4866 3723 4928 vola-

2220 4962 2323 5021 tica
2354 4958 2577 5020 ludibria
2608 4964 2903 5035 temporum
2926 4978 2982 5023 et
3015 4968 3217 5024 lucrum
3241 4969 3431 5026 luteum
3453 5006 3467 5034 ,
3491 4962 3611 5038 quod
3631 4975 3722 5020 ωω

2221 5055 2654 5130 apprehenditur,
2673 5068 2885 5114 manum
2904 5056 3176 5131 inquinat;
3198 5070 3253 5119 et
3270 5056 3723 5135 amplecteudomtm-

2221 5146 2345 5205 dum
2371 5147 2681 5221 fugientem,
2708 5153 3097 5209 contemnendo
3121 5162 3172 5211 te
3196 5163 3511 5217 manentem.
3533 5162 3579 5208 et
3601 5160 3717 5205 revo-

2222 5250 2454 5307 cantem,
2473 5248 2526 5296 et
2543 5239 2898 5311 ignoscentem
2914 5242 3152 5299 redeunti
3177 5243 3242 5299 ad
3260 5254 3309 5301 te
3322 5238 3557 5299 meretrici
3571 5234 3717 5294 auitam

2221 5328 2486 5388 humana.
2518 5329 2587 5387 Et
2611 5349 2748 5388 nunc
2774 5332 2907 5389 tales
2920 5334 3007 5390 odi
3032 5352 3220 5406 pravos
3236 5346 3288 5393 et
3310 5334 3553 5402 distortos,
3572 5344 3714 5404 quill-

2222 5423 2304 5479 vis
2341 5434 2436 5480 eos
2470 5424 2814 5496 corrigendos
2841 5422 3089 5498 diligam,
3138 5436 3193 5485 ut
3229 5429 3449 5502 pecuniae
3480 5422 3711 5485 doctrinam

2225 5515 2390 5588 ipsam
2415 5560 2430 5585 ,
2481 5532 2638 5589 quam
2674 5514 2886 5575 discunt
2908 5562 2921 5586 ,
2964 5518 3275 5592 prteferant,
3314 5527 3361 5581 ei
3385 5537 3498 5581 vero
3521 5532 3564 5577 te
3586 5520 3707 5573 Dtﬂm

2286 5618 2304 5651 ι
2329 5616 2440 5669 uad.
2459 5624 2558 5669 Am.
2581 5625 2633 5670 et
2654 5622 2748 5685 Ern,
2765 5614 3200 5685 dimmderelttrubs
3216 5628 3275 5677 te.
3287 5618 3630 5685 tiasvoceaabslr
3643 5625 3708 5685 ρι’

2220 5685 2503 5749 puuxemnt
2525 5674 2872 5743 inveniense'é,
2911 5694 3074 5748 neque
3090 5674 3191 5737 nos
3203 5674 3555 5751 priterqtiatuin
3577 5674 3686 5742 398”

2223 5745 2464 5793 monteusi
2486 5742 2652 5793 codice
2670 5757 2753 5793 eas
2769 5746 3054 5793 renerbnus.

2223 5746 2464 5793 tuonteusi
2486 5746 2652 5793 codice
2670 5757 2753 5794 eas
2769 5746 3054 5807 reperimus.
3203 5746 3218 5750 ’
3385 5746 3398 5751 ⁷

2288 5804 2309 5836 ’
2329 5802 2757 5870 RepreMndcbanl,
2774 5806 2909 5869 juxta
2937 5812 3061 5860 itart.
3086 5812 3136 5859 et
3157 5809 3289 5861 hand.
3376 5812 3423 5861 li.

3846 3720 3850 3736 l

3847 4072 3849 4089 4

3847 4230 3849 4261 l

3848 4452 3849 4467 l

3848 4746 3849 4763 l
