3878 6270
323 333 404 392 7H

317 439 1571 513 ταξιαοωοιώοτωοιιοοηᾰιιωεθιυδοωη
1604 436 1842 491 castissi-

312 536 561 601 m.8ed
582 546 705 591 tuac
723 550 818 591 eos
836 534 1004 605 magis
1026 534 1132 603 pati
1156 530 1401 587 nolebam
1424 529 1595 584 malos
1622 538 1845 598 propter

314 648 403 700 me,
422 643 565 702 quam
583 626 693 683 ﬁeri
718 635 936 697 propter
960 633 1013 681 te
1035 623 1206 680 bonos
1230 621 1487 679 volebam.

912 734 1139 794 CAPUT
1168 735 1307 791 Xlﬂ.

310 838 527 893 Μαι-υ
539 832 832 887 rhetoricam
849 830 1064 912 mittitur
1081 828 1463 912 ;
1487 828 1549 882 ab
1572 828 1845 882 Antor-usis

906 910 1199 971 suscipitur.

366 1000 442 1055 ὕ.
482 997 656 1067 itaque
693 1003 1036 1066 posteaquam
1080 994 1303 1049 missum
1349 1001 1434 1049 est
1472 1007 1505 1047 ι
1550 992 1846 1049 Mediolano

314 1094 501 1150 Romam
519 1090 582 1144 ad
608 1088 919 1158 praefectum
943 1085 1091 1143 urbis
1113 1126 1130 1153 ,
1163 1096 1221 1141 ut
1244 1086 1320 1141 illi
1340 1085 1538 1141 civitati
1566 1085 1846 1147 rhetoricae

311 1184 525 1254 magister
541 1180 908 1251 provideretur
926 1218 943 1246 ,
978 1177 1243 1248 impertita
1269 1178 1433 1235 etiam
1455 1177 1727 1233 evectioue
1751 1192 1846 1247 pu-

310 1275 419 1331 blica
436 1270 504 1343 (a)
524 1288 538 1336 ;
562 1286 659 1342 ego
687 1272 800 1341 ipse
812 1269 1008 1326 ambivi
1029 1283 1126 1339 per
1142 1268 1360 1325 eosdem
1380 1268 1524 1339 ipsos
1540 1266 1846 1325 manch

308 1366 585 1422 vanitatibus
616 1364 795 1419 ebrios
819 1403 836 1429 ,
878 1362 1072 1434 quibus
1113 1370 1172 1417 ut
1212 1376 1484 1426 carerem,
1532 1360 1707 1424 ibam,
1748 1357 1845 1415 sed

316 1456 491 1527 utrique
525 1455 918 1519 nesciebamus,
965 1462 1025 1509 ιι
1055 1453 1288 1509 dictione
1316 1452 1584 1523 proposita
1606 1466 1695 1507 me
1719 1465 1844 1521 pro-

310 1551 458 1609 batum
485 1549 757 1620 praefectus
787 1558 913 1606 tunc
936 1546 1287 1620 Symmachus
1327 1545 1582 1601 mitteret.
1626 1543 1696 1599 Et
1726 1544 1846 1600 veni

309 1642 617 1700 lediolanum
662 1640 731 1696 ad
768 1640 1109 1697 Ambrosium
1154 1639 1496 1709 episcopum,
1542 1638 1596 1693 in
1633 1637 1847 1710 optimis

310 1744 461 1791 notum
496 1732 607 1787 orbi
632 1741 786 1787 terra:
808 1773 824 1797 ,
865 1733 1010 1802 pium
1039 1731 1295 1787 cultorem
1323 1738 1470 1785 tuum
1499 1745 1514 1796 ;
1545 1729 1696 1799 cujus
1721 1738 1848 1785 tunc

312 1824 483 1896 eloquia
521 1835 734 1881 strenue
778 1818 1153 1879 ministrabant
1196 1821 1409 1891 adipem
1452 1819 1700 1875 frumenti
1746 1820 1841 1887 tui,

307 1927 351 1975 et
387 1917 598 1973 letitiam
642 1915 790 1982 olei,
843 1923 899 1970 et
943 1914 1176 1971 sobriam
1235 1912 1344 1969 vini
1390 1911 1697 1968 ebrietatem
1751 1927 1846 1982 po—

307 2010 405 2080 pulo
440 2017 541 2066 tuo.
581 2008 662 2063 Ad
696 2024 820 2065 eum
858 2016 1036 2063 autem
1076 2005 1310 2063 dueebar
1348 2006 1447 2061 abs
1485 2011 1536 2060 te
1575 2004 1842 2071 nesciens,

308 2112 353 2158 ut
368 2118 447 2172 per
465 2116 579 2159 eum
603 2101 671 2156 ad
701 2109 753 2156 te
772 2100 949 2157 sciens
966 2100 1205 2157 ducerer.
1238 2095 1484 2169 Suscepit
1508 2113 1595 2154 me
1620 2105 1843 2168 paterne

309 2194 380 2249 ille
411 2192 557 2249 homo
582 2193 710 2257 Dei,
754 2201 808 2248 et
842 2190 1318 2264 peregrinationem
1357 2205 1529 2246 meam
1561 2189 1690 2245 satis
1729 2188 1846 2259 epi-

308 2283 546 2354 nonaliter
569 2283 777 2338 dilexit.
810 2281 877 2338 Et
892 2298 1016 2338 eum
1035 2297 1215 2337 amare
1238 2281 1394 2352 coepi,
1426 2280 1597 2351 primo
1621 2279 1838 2351 quidem

308 2387 395 2427 non
432 2383 666 2444 tanquam
710 2372 986 2429 doctorem
1028 2374 1174 2441 veri,
1217 2372 1359 2444 quod
1397 2371 1451 2428 in
1483 2371 1719 2427 Ecclesia
1758 2379 1849 2427 tua

310 2462 866 2533 prsrsusdesperabam,
888 2462 983 2520 sed
1006 2472 1253 2534 tanquam
1276 2462 1545 2520 hominem
1562 2462 1849 2534 benignum

310 2554 351 2610 in
372 2570 459 2611 tne.
502 2555 570 2611 Et
591 2555 832 2613 studiose
855 2556 1134 2612 audiebam
1159 2556 1519 2627 disputantem
1545 2556 1598 2612 in
1628 2557 1847 2627 populo,

310 2662 393 2704 non
423 2647 701 2705 intentione
735 2665 839 2719 qua
877 2648 1072 2716 debui,
1100 2648 1197 2705 sed
1225 2649 1378 2720 quasi
1403 2649 1687 2719 explorans
1733 2649 1852 2719 ejus

315 2732 567 2799 facundiam
591 2782 606 2807 ,
647 2750 827 2797 utrum
874 2740 1182 2798 conveniret
1208 2740 1361 2797 fama:
1393 2756 1507 2797 suae
1529 2781 1548 2809 ,
1577 2756 1645 2796 an
1680 2740 1852 2812 major

314 2832 513 2889 tritior-ve
554 2832 882 2903 proﬂueret,
931 2848 1090 2904 quam
1133 2832 1561 2902 praedicabatur:
1593 2842 1648 2889 et
1670 2832 1849 2889 verbis

314 2923 405 2993 ejus
434 2924 781 2996 suspendehar
814 2926 1079 2993 intentus;
1117 2941 1296 2981 rerum
1336 2933 1513 2981 autem
1552 2925 1854 2981 incuriosus

318 3023 358 3071 et
377 3025 679 3089 contemptor
698 3016 979 3083 astaham;
1017 3025 1072 3074 et
1099 3016 1404 3072 delectabar
1448 3017 1709 3072 suavitate
1733 3031 1854 3072 ser-

320 3108 476 3175 monis,
490 3125 779 3181 quanquam
794 3108 1121 3174 eruditioris,
1146 3109 1321 3164 minus
1336 3116 1510 3165 tamen
1527 3108 1821 3165 hilarescen
1836 3134 1854 3147 ο

322 3198 374 3254 tis
393 3207 529 3269 atque
565 3200 843 3256 mulcentis
871 3215 1027 3271 quam
1051 3199 1233 3255 Fausti
1259 3209 1393 3266 erat,
1413 3197 1557 3271 quod
1581 3198 1770 3253 attinet
1785 3196 1855 3254 ad

322 3289 496 3347 dicendi
521 3291 752 3348 modum.
782 3291 1048 3348 Caeterum
1087 3306 1264 3346 rerum
1294 3292 1529 3360 ipsarum
1555 3289 1699 3345 nulla
1718 3303 1857 3344 com-

323 3385 489 3453 paratio
518 3404 530 3439 :
556 3401 673 3441 nam
702 3386 790 3442 ille
810 3400 908 3456 per
940 3382 1262 3439 manichzeas
1284 3381 1517 3437 fallacias
1544 3379 1854 3444 aberrabat;

320 3474 400 3531 iste
434 3486 591 3533 autem
632 3476 985 3534 saluberrime
1013 3474 1239 3532 docebat
1271 3475 1516 3530 salutem.
1564 3470 1670 3530 Sed
1703 3472 1859 3542 longe

319 3574 385 3621 est
403 3583 428 3620 a
455 3569 807 3639 peccatoribus
826 3567 970 3623 salus
987 3607 1004 3633 ,
1039 3566 1213 3637 qualis
1235 3581 1336 3636 ego
1366 3575 1492 3620 tunc
1512 3563 1732 3620 aderam
1762 3580 1776 3618 :
1805 3570 1861 3619 et

319 3666 465 3717 tamen
486 3662 897 3734 propinquabam
925 3660 1124 3716 sensim
1151 3667 1206 3715 et
1233 3659 1477 3716 nesciens
1506 3658 1548 3712 ³.

904 3750 1135 3810 CAPUT
1176 3750 1318 3807 XIV.

379 3845 546 3903 Audito
571 3846 836 3902 Ambrosio
857 3844 1109 3916 paulatim
1136 3844 1200 3900 ab
1220 3844 1476 3900 erroribus
1504 3844 1771 3916 resipiscit.

369 3938 444 3993 24.
468 3939 595 3997 Cum
625 3942 767 3997 enim
790 3956 899 3996 non
925 3948 1222 4010 satagerem
1248 3937 1451 3994 discere
1477 3953 1594 4007 quae
1614 3936 1826 3992 dicebat
1842 3954 1859 4002 ,π

308 4028 389 4085 sed
418 4038 607 4087 tantum
652 4028 1099 4102 quemdeum
1129 4027 1340 4085 dicebat
1376 4026 1559 4082 audire
1596 4027 1694 4095 (ea
1729 4026 1860 4080 mihi

362 4128 737 4185 'skmml.
765 4143 877 4181 ann
899 4130 1096 4180 nostris.
1131 4132 1402 4179 AtAm.Er.
1438 4132 1634 4185 Lov.,et

306 4190 1013 4255 somnias,e'tnesciebmn.

362 4273 423 4337 (a)
439 4277 632 4340 Erectio,
651 4275 779 4340 quod
796 4270 1343 4340 aliisdiplotrmJacultas
1362 4269 1739 4340 erat_usu1;p_qndi
1755 4276 1860 4340 cur-

610 4330 757 4402 au'em
774 4330 1185 4402 mmmam
1206 4346 1449 4402 ιιευηιατθ,
1470 4330 1613 4402 hanc!“
1627 4330 1857 4402 1;ch

309 4393 424 4448 ωε
452 4397 528 4449 lex
555 4393 837 4468 abitonorio
866 4397 977 4468 data
995 4398 1186 4448 ferebat
1203 4410 1216 4446 :
1232 4413 1267 4468 Δσι
1284 4393 1352 4468 tte
1369 4396 1483 4468 quis
1505 4394 1597 4468 sibi
1623 4393 1864 4468 deinceps

318 4469 518 4509 seorsum
539 4459 792 4526 publicum
811 4460 1025 4526 privatus
1044 4463 1276 4522 usurpet,
1308 4454 1402 4506 nisi
1424 4468 1534 4526 eum
1565 4458 1690 4526 aula
1722 4454 1863 4526 nobis

312 4534 338 4563 ι
354 4516 577 4582 ornatui,
598 4530 677 4573 aut
700 4535 727 4571 ιι
750 4516 1029 4571 clementiae
1057 4516 1239 4570 nosti-te
1256 4516 1573 4582 veneratione
1590 4516 1813 4582 discedit1
1828 4531 1853 4561 ι

314 4585 453 4633 επηι
464 4574 603 4647 Julius
616 4582 931 4647 Capitolinus,
948 4582 1000 4633 in
1016 4584 1290 4647 Pertinace,
1308 4580 1439 4643 quod
1454 4581 1497 4647 i__s
1519 4587 1673 4647 stunc
1688 4574 1862 4647 praefe-

323 4658 343 4685 ι
356 4650 447 4693 aus
458 4639 742 4711 ,iin
758 4639 939 4711 syriam
956 4642 1199 4711 profectus
1209 4679 1224 4705 ,
1254 4639 1521 4711 't"._§turelio
1537 4639 1830 4703 imperatore
1842 4673 1858 4699 ,

322 4707 576 4767 “preside
602 4704 768 4774 Syrtin,
788 4704 918 4772 'quia
947 4704 1056 4757 sine
1078 4704 1626 4769 diplomatimscursum
1657 4712 1860 4764 usm'pa-

1672 320 1875 379 LIBER
1907 318 2197 378 SEXTUS.

3428 321 3529 379 7l8

1949 436 2144 506 quippe
2158 436 2268 506 jam
2279 435 2579 507 desperanti
2594 439 2658 494 ad
2678 448 2730 496 te
2747 441 2884 495 viam
2906 449 3091 511 patere
3104 441 3330 510 homini,
3353 441 3530 499 inanis

1950 543 2077 585 cura
2102 530 2451 602 remanserat)
2472 572 2488 596 ,
2517 532 2797 589 veniebant
2820 531 2873 589 in
2901 534 3136 590 animum
3164 550 3343 591 meum
3369 534 3529 590 simul

1949 633 2071 674 cum
2092 619 2270 675 verbis
2286 636 2404 691 qua:
2423 620 2725 692 diligebam,
2749 638 2836 678 res
2852 625 3011 680 etiam
3028 640 3159 696 quas
3172 625 3524 698 negligeham.

1948 706 2133 779 Neque
2155 709 2298 765 enim
2323 725 2384 766 ca
2414 710 2666 768 dirimere
2689 721 2947 784 poteram.
2976 713 3044 770 Et
3070 710 3195 771 dum
3227 731 3321 773 cor
3347 717 3527 785 aperie

1951 778 2065 857 rem
2103 802 2170 859 ad
2207 803 2577 874 excipiendum
2606 806 2623 838 ⁸
2648 778 2809 877 quam
2837 806 3037 864 diserte
3061 807 3299 877 diceret,
3332 778 3538 880 pariterl
3551 842 3557 853 ε

1950 894 2176 952 intrabat
2195 905 2250 952 et
2271 911 2432 968 quam
2449 912 2574 954 vere
2601 898 2821 965 diceret,
2849 899 3109 971 gradatim
3130 901 3362 972 quidem.
3394 902 3525 957 Nam

1950 990 2123 1059 primo
2157 991 2317 1045 etiam
2361 991 2474 1061 ipsa
2516 989 2730 1048 defendi
2771 1007 2929 1064 posse
2958 994 3087 1050 mihi
3121 994 3230 1066 jam
3255 1008 3529 1067 coeperant

1948 1079 2139 1146 videri,
2170 1089 2226 1136 et
2246 1080 2406 1139 ﬁdem
2434 1083 2749 1140 catholicam
2770 1126 2785 1152 ,
2832 1100 2927 1154 pro
2954 1101 3056 1157 qua
3084 1086 3215 1142 nihil
3239 1102 3398 1158 posse
3423 1089 3527 1144 dici

1949 1169 2204 1228 adversus
2245 1185 2611 1245 oppugnantes
2657 1172 2973 1232 Manichacus
3021 1185 3330 1245 putaveram
3357 1221 3372 1244 ,
3412 1179 3524 1250 jam

1950 1275 2057 1317 non
2106 1261 2440 1333 impudenter
2483 1262 2653 1320 asseri
2697 1263 3102 1334 existimabam;
3158 1270 3387 1324 maxime
3429 1285 3526 1324 au-

1950 1352 2062 1409 dito
2089 1370 2196 1410 uno
2224 1364 2383 1426 atque
2407 1354 2576 1414 altero
2600 1399 2615 1425 ,
2658 1366 2714 1414 et
2740 1359 2933 1430 saepius
2957 1360 3237 1431 aenigmate
3259 1361 3432 1417 soluto
3461 1362 3529 1416 de

1948 1444 2172 1518 Scriptis
2195 1447 2464 1505 veteribus
2496 1467 2509 1503 :
2539 1448 2664 1516 ubi,
2697 1464 2818 1506 cum
2855 1447 2923 1506 ad
2949 1446 3181 1506 litteram
3208 1448 3525 1520 acciperem,

1950 1539 2231 1596 occidebar
2265 1541 2308 1594 ³.
2368 1539 2728 1612 Spiritualiter
2783 1544 2957 1614 itaque
3006 1540 3277 1615 plerisque
3318 1542 3528 1599 illorum

1951 1631 2206 1689 librorum
2232 1635 2487 1705 expositis
2506 1633 2660 1704 locis,
2678 1635 2786 1706 jam
2807 1634 3259 1708 rcprehendeham
3277 1637 3531 1709 despera-

1952 1723 2150 1779 tionem
2179 1740 2375 1792 meam,
2402 1725 2545 1782 illam
2566 1726 2822 1782 duntaxat
2846 1742 2948 1797 qna
2973 1726 3304 1784 credideram
3332 1727 3532 1799 Legem

1951 1823 2005 1871 et
2033 1813 2325 1885 Pmphetas
2358 1815 2745 1875 detestantibus
2782 1827 2939 1890 atque
2978 1819 3321 1877 irridentibus
3356 1821 3530 1879 resisti

1950 1909 2169 1965 omnino
2197 1924 2302 1965 non
2330 1925 2507 1981 posse.
2544 1910 2655 1967 Nec
2678 1921 2852 1967 tamen
2872 1912 2982 1982 jam
3003 1911 3123 1969 ideo
3148 1912 3281 1968 mihi
3309 1913 3531 1975 catholi-

1950 2014 2067 2057 cam
2087 2001 2226 2057 viam
2247 2002 2529 2058 tenendam
2559 2018 2678 2060 esse
2706 2004 3025 2071 sentiebam,
3059 2004 3180 2076 quia
3205 2013 3261 2062 et
3288 2006 3405 2076 ipsa
3431 2022 3530 2077 po-

1952 2099 2091 2147 terat
2109 2091 2305 2149 habere
2329 2092 2516 2150 doctos
2530 2102 2823 2150 assertores
2852 2109 2979 2153 suos
3004 2094 3094 2166 qui
3118 2096 3332 2167 copiose
3348 2107 3530 2153 etnon

1951 2180 2181 2239 absurde
2200 2182 2405 2255 objecta
2435 2182 2772 2249 refellerent;
2801 2200 2899 2241 nec
2919 2183 3039 2245 ideo
3047 2185 3158 2255 jam
3174 2185 3533 2244 damnandum

1952 2272 2080 2329 illud
2104 2274 2245 2345 quod
2272 2275 2537 2343 tenebam,
2565 2276 2684 2347 quia
2701 2275 3024 2334 defensionis
3047 2285 3223 2348 partes
3243 2278 3532 2348 aequaban-

1954 2376 2058 2422 tur.
2101 2367 2176 2423 ιω
2201 2368 2346 2424 enim
2374 2367 2642 2425 Catholica
2676 2385 2782 2425 non
2818 2367 2950 2424 mihi
2979 2369 3115 2425 victa
3138 2367 3446 2439 videbatur,
3475 2379 3535 2426 ut

1953 2460 2192 2517 nondum
2221 2461 2381 2519 etiam
2410 2460 2597 2517 victrix
2623 2471 2921 2535 appareret.

2024 2553 2117 2609 25.
2146 2554 2298 2610 Tunc
2313 2569 2442 2611 vero
2465 2553 2674 2612 fortiter
2697 2553 2896 2611 intendi
2911 2554 3168 2622 animum,
3196 2554 3243 2610 si
3258 2569 3362 2626 quo
3376 2553 3536 2610 modo

1954 2659 2168 2717 possem
2196 2646 2358 2703 certis
2396 2645 2659 2717 aliquibus
2701 2644 3034 2703 documentis
3062 2644 3382 2701 Mauichmos
3404 2662 3535 2702 con-

1955 2739 2170 2795 vincere
2195 2739 2456 2795 falsitatis.
2482 2738 2635 2807 Quod
2654 2740 2698 2795 si
2720 2753 2931 2811 possem
2947 2738 3275 2808 spiritualem
3295 2738 3541 2795 substan-

1956 2829 2082 2886 tiam
2109 2831 2376 2902 cogitare,
2415 2830 2596 2886 statim
2640 2830 3065 2886 machinamenta
3102 2829 3190 2884 illa
3216 2829 3391 2886 omnia
3426 2830 3537 2885 sol-

1954 2933 2205 2980 verentur
2222 2933 2277 2980 et
2299 2924 2657 2995 abjicerentur
2676 2938 2743 2979 ex
2759 2923 2938 2978 animo
2950 2937 3073 2978 meo
3096 2938 3111 2988 ;
3134 2921 3228 2979 sed
3254 2937 3360 2977 non
3384 2930 3537 2994 pote-

1961 3032 2096 3073 ram.
2165 3017 2539 3073 Verumtamen
2586 3015 2654 3072 de
2696 3015 2812 3086 ipso
2855 3015 3038 3072 mundi
3087 3014 3245 3085 hujus
3291 3030 3537 3086 corpore,

1958 3110 2209 3181 omnique
2237 3119 2423 3165 natura
2449 3125 2609 3181 quam
2629 3123 2819 3167 sensus
2847 3108 3025 3165 carnis
3051 3109 3352 3180 attingeret,
3377 3109 3542 3164 multa

1961 3204 2316 3275 probabiliora
2357 3204 2638 3275 plerosque
2668 3203 2911 3260 sensisse
2952 3200 3328 3273 philosophos,
3374 3200 3544 3272 magis

1961 3296 2234 3367 magisque
2268 3295 2616 3351 considerans
2641 3304 2801 3366 atque
2828 3307 3144 3363 comparans
3168 3334 3182 3357 ,
3217 3292 3540 3363 judicaham.
3634 3345 3638 3348 t

1961 3386 2141 3458 Itaque
2167 3386 2604 3443 Academicorum
2627 3401 2794 3452 more,
2826 3386 2963 3441 sicut
2983 3385 3372 3446 existimantur,
3389 3383 3544 3439 dubi-

1966 3488 2083 3535 tans
2112 3479 2180 3536 de
2210 3479 2457 3535 omnibus
2484 3486 2644 3550 atque
2682 3479 2822 3534 inter
2858 3478 3034 3534 omnia
3062 3476 3346 3543 ﬂuctuans,
3374 3474 3546 3530 Mani-

1963 3570 2143 3627 chzeos
2168 3571 2382 3641 quidem
2428 3569 2804 3644 relinquendos
2831 3584 2950 3625 esse
2987 3567 3197 3624 decrevi
3226 3584 3238 3621 :
3265 3583 3370 3622 non
3401 3565 3548 3620 arbi-

1965 3673 2110 3721 trans
2139 3681 2204 3720 eo
2228 3664 2344 3735 ipso
2381 3672 2623 3735 tempore
2655 3660 3000 3720 dubitationis
3028 3675 3164 3717 mea:
3203 3659 3255 3714 in
3287 3659 3372 3714 illa
3403 3667 3547 3714 secta

1963 3758 2096 3813 mihi
2146 3756 2567 3829 permanendum
2618 3770 2770 3823 esse,
2805 3753 2892 3811 cui
2936 3753 3046 3824 jam
3094 3752 3377 3807 nonnullos
3423 3746 3544 3820 phi-

1963 3849 2216 3920 losophos
2259 3848 2676 3920 prmponebam;
2716 3844 2909 3916 quibus
2969 3854 3142 3899 tamen
3194 3841 3503 3912 philosoplis
3530 3903 3550 3920 ν

1965 3941 2108 4014 quod
2155 3941 2269 3996 sine
2337 3941 2552 3996 nomine
2598 3934 2814 3993 salutari
2872 3932 3070 3990 Christi
3129 3941 3344 3997 essent,
3389 3946 3547 3993 cura-

1965 4034 2164 4089 tionem
2214 4031 2482 4103 languoris
2528 4027 2721 4084 animte
2767 4042 2901 4082 mea:
2948 4024 3282 4080 committere
3330 4021 3549 4086 omnino

1965 4124 2296 4181 recusabam.
2328 4120 2499 4177 Statui
2527 4134 2655 4189 ergo
2683 4115 2880 4173 tamdiu
2907 4130 3028 4170 esse
3052 4112 3466 4170 catechumenus
3493 4112 3546 4167 in

1965 4215 2225 4273 catholica
2267 4210 2505 4269 Ecclesia
2548 4204 2677 4265 mihi
2726 4224 2756 4262 a
2806 4205 3113 4278 parentibus
3152 4202 3543 4268 commendata,

1964 4306 2137 4365 donec
2162 4302 2358 4378 aliquid
2388 4300 2520 4361 certi
2546 4300 2781 4358 eluceret
2807 4312 2911 4371 quo
2934 4313 3147 4353 cursum
3178 4296 3478 4367 dirigerent.

2027 4426 2048 4519 ί
2065 4416 2740 4536 ιὲἓέίῖιιᾳέπδῗιῗῗοῇἑίάεὺω·
2756 4468 3085 4541 splrttuatiter.
3112 4473 3289 4537 Itaque.
3301 4474 3358 4520 nt.

1971 4631 1995 4660 α
2015 4616 2170 4671 verat,
2408 4603 2470 4654 ab
2484 4599 2727 4653 Antiochia
2740 4597 2799 4649 ad
2814 4595 3110 4661 legationem
3124 4607 3260 4647 suam
3276 4596 3369 4647 iter
3385 4591 3546 4645 facere

1972 4693 1996 4720 ι
2010 4679 2205 4720 coaetus
2305 4704 2317 4717 .
2335 4683 2359 4712 ι
2498 4677 2509 4684 ·

1972 4677 2359 4725 ιοοθοωδεδι.»
2498 4677 2509 4684 ⁸

1462 4804 3532 4843 ________________________________..___.

1324 4880 1809 4993 LIBER
1883 4858 2527 4984 SEXTUS.

327 5071 975 5196 ωςωῶωέἓὲ

945 5074 1179 5121 numam
1196 5065 1510 5118 κεάίοιιιιιιιιι
1532 5062 1828 5122 advenisset.
1860 5061 2278 5130 ipseque.th
2307 5050 2464 5130 satis
2488 5044 3015 5130 θεεξεῑιξίεςὲιξιξξξιξν
3034 5040 3548 5130 tutissimae:

1005 5133 1237 5184 doctrinae
1272 5129 1548 5183 veritatem,
1580 5138 1734 5190 quam
1758 5121 1997 5190 Manichaei

2030 5117 2149 5167 falso
2186 5110 2525 5164 insimulabant

376 5102 472 5121 ’⁸⁵⁸³
612 5102 819 5124 ⁸⁸³⁸⁸³³³⁸⁸
851 5102 868 5121 ⁸
947 5102 1171 5121 "mu
1197 5102 1828 5122 ¹““ν““”“”“⁵¹“¹¹“·¹““”ν·”·’“’ν”
1861 5102 2062 5134 τιν-’τέ
2102 5102 2209 5126 Ϋ“⁷.⁷
2262 5114 2273 5124 .
2518 5102 2548 5113 ν
2692 5110 2700 5120 .
2758 5102 2786 5110 ν
2863 5109 2871 5117 .
2986 5102 3043 5139 ί.
3176 5107 3185 5116 .
3519 5105 3544 5114 ,,

720 5102 3358 5259 ﬂmmeumassaaammwiﬁggdmamsaeuastuant:iam;
3390 5102 3550 5226 an:

325 5250 415 5305 dicit
887 5245 958 5307 ἂι
988 5257 1102 5308 vitae
1131 5245 2075 5306 conversionemindiesaecendebatur.

1726 5369 2093 5428 W

797 5480 1025 5544 CAPUT
1064 5478 1347 5542 PRIMUM.

498 5582 801 5653 Augustinus
831 5595 922 5632 nec
948 5578 1253 5631 maniclra’us
1276 5590 1364 5630 nec
1389 5571 1682 5627 catholicus.

371 5674 414 5728 l.
456 5674 582 5745 Spes
622 5688 740 5728 mea
792 5686 822 5725 a
846 5670 1127 5740 juventutc
1171 5682 1318 5731 mea,
1350 5663 1438 5720 ubi
1480 5661 1610 5718 mihi
1638 5676 1776 5728 eras,
1809 5670 1864 5717 ct

308 5760 401 5840 quo
426 5764 745 5825 reccsseras?
781 5764 863 5817 An
888 5775 1016 5819 vero
1046 5776 1151 5817 non
1170 5766 1223 5815 tu
1252 5758 1452 5815 feceras
1474 5769 1579 5822 mc,
1598 5756 1649 5808 et
1669 5751 1866 5809 discre-

1966 5486 2121 5530 veras
2146 5484 2232 5526 me
2249 5484 2282 5524 a
2302 5460 2732 5539 quadrupedibus
2753 5470 2806 5518 et
2830 5458 3130 5515 volatilibus
3150 5452 3304 5511 coeli?
3324 5450 3548 5523 Sapien-

1969 5567 2157 5622 tiorem
2185 5576 2269 5617 me
2297 5560 2520 5623 feceras,
2552 5566 2604 5612 et
2628 5552 2963 5610 amhnluham
2993 5564 3086 5620 per
3113 5546 3357 5601 tenebras
3384 5554 3439 5599 et
3466 5545 3546 5599 lu-

1969 5657 2194 5721 bricum,
2212 5661 2266 5709 et
2280 5651 2580 5723 quaerebam
2599 5654 2649 5703 te
2679 5644 2803 5701 foris
2820 5659 2848 5696 a
2867 5657 2971 5704 me,
3000 5648 3051 5695 et
3076 5650 3179 5692 non
3209 5628 3544 5692 inveniebam

1971 5750 2139 5805 Deum
2180 5745 2358 5803 cordis
2394 5743 2532 5806 mei;
2570 5750 2621 5794 et
2647 5746 2892 5792 veneram
2919 5732 2972 5786 in
3001 5727 3317 5802 profundum
3345 5725 3540 5797 maris,

3585 421 3597 453 ὃ
