  <div class='ocr_page' id='page_1' title='image "/cluster/home/n/w/nwhite01/storage/ocr_20150623/32/uva.x000669813/369.png"; bbox 0 0 3878 6270; ppageno 0'>
   <div class='ocr_carea' id='block_1_1' title="bbox 528 344 635 407">
    <p class='ocr_par' dir='ltr' id='par_1_1' title="bbox 528 344 635 407">
     <span class='ocr_line' id='line_1_1' title="bbox 528 344 635 407; baseline 0 -1"><span class='ocrx_word' id='word_1_1' title='bbox 528 344 635 407; x_wconf 71' lang='grc'><strong>⁸119</strong></span> 
     </span>
    </p>
   </div>
   <div class='ocr_carea' id='block_1_2' title="bbox 521 459 2103 533">
    <p class='ocr_par' dir='ltr' id='par_1_2' title="bbox 521 459 2103 533">
     <span class='ocr_line' id='line_1_2' title="bbox 521 459 2103 533; baseline -0.002 -11"><span class='ocrx_word' id='word_1_2' title='bbox 521 476 576 523; x_wconf 91' lang='lat' dir='ltr'><strong>et</strong></span> <span class='ocrx_word' id='word_1_3' title='bbox 605 462 908 522; x_wconf 72' lang='lat' dir='ltr'><strong>difﬁdebam</strong></span> <span class='ocrx_word' id='word_1_4' title='bbox 937 469 991 519; x_wconf 89' lang='lat' dir='ltr'><strong>et</strong></span> <span class='ocrx_word' id='word_1_5' title='bbox 1015 459 1363 533; x_wconf 87' lang='lat' dir='ltr'><strong>desperabam</strong></span> <span class='ocrx_word' id='word_1_6' title='bbox 1393 460 1461 519; x_wconf 86' lang='lat' dir='ltr'><strong>de</strong></span> <span class='ocrx_word' id='word_1_7' title='bbox 1493 461 1797 519; x_wconf 88' lang='lat' dir='ltr'><strong>inventione</strong></span> <span class='ocrx_word' id='word_1_8' title='bbox 1825 464 1956 521; x_wconf 90' lang='lat' dir='ltr'><strong>veri.</strong></span> <span class='ocrx_word' id='word_1_9' title='bbox 1987 463 2103 519; x_wconf 85' lang='lat' dir='ltr'><strong>Jam</strong></span> 
     </span>
    </p>
   </div>
   <div class='ocr_carea' id='block_1_3' title="bbox 522 556 2105 630">
    <p class='ocr_par' dir='ltr' id='par_1_3' title="bbox 522 556 2105 630">
     <span class='ocr_line' id='line_1_3' title="bbox 522 556 2105 630; baseline 0 -16"><span class='ocrx_word' id='word_1_10' title='bbox 522 568 745 617; x_wconf 76' lang='lat' dir='ltr'><strong>venerat</strong></span> <span class='ocrx_word' id='word_1_11' title='bbox 766 559 833 616; x_wconf 88' lang='lat' dir='ltr'><strong>ad</strong></span> <span class='ocrx_word' id='word_1_12' title='bbox 862 574 950 616; x_wconf 90' lang='lat' dir='ltr'><strong>me</strong></span> <span class='ocrx_word' id='word_1_13' title='bbox 973 566 1145 615; x_wconf 87' lang='lat' dir='ltr'><strong>mater</strong></span> <span class='ocrx_word' id='word_1_14' title='bbox 1171 559 1366 630; x_wconf 80' lang='lat' dir='ltr'><strong>pietate</strong></span> <span class='ocrx_word' id='word_1_15' title='bbox 1387 556 1557 625; x_wconf 81' lang='lat' dir='ltr'><strong>fortis,</strong></span> <span class='ocrx_word' id='word_1_16' title='bbox 1590 568 1731 615; x_wconf 90' lang='lat' dir='ltr'><strong>terra</strong></span> <span class='ocrx_word' id='word_1_17' title='bbox 1762 560 1999 630; x_wconf 90' lang='lat' dir='ltr'><strong>marique</strong></span> <span class='ocrx_word' id='word_1_18' title='bbox 2018 574 2105 614; x_wconf 94' lang='lat' dir='ltr'><strong>me</strong></span> 
     </span>
    </p>
   </div>
   <div class='ocr_carea' id='block_1_4' title="bbox 522 650 2105 725">
    <p class='ocr_par' dir='ltr' id='par_1_4' title="bbox 522 650 2105 725">
     <span class='ocr_line' id='line_1_4' title="bbox 522 650 2105 725; baseline -0.001 -17"><span class='ocrx_word' id='word_1_19' title='bbox 522 667 772 725; x_wconf 86' lang='lat' dir='ltr'><strong>sequens,</strong></span> <span class='ocrx_word' id='word_1_20' title='bbox 798 658 853 707; x_wconf 95' lang='lat' dir='ltr'><strong>et</strong></span> <span class='ocrx_word' id='word_1_21' title='bbox 880 652 933 707; x_wconf 88' lang='lat' dir='ltr'><strong>in</strong></span> <span class='ocrx_word' id='word_1_22' title='bbox 962 650 1211 722; x_wconf 84' lang='lat' dir='ltr'><strong>periculis</strong></span> <span class='ocrx_word' id='word_1_23' title='bbox 1234 650 1481 706; x_wconf 90' lang='lat' dir='ltr'><strong>omnibus</strong></span> <span class='ocrx_word' id='word_1_24' title='bbox 1507 650 1572 707; x_wconf 93' lang='lat' dir='ltr'><strong>de</strong></span> <span class='ocrx_word' id='word_1_25' title='bbox 1593 659 1644 707; x_wconf 89' lang='lat' dir='ltr'><strong>te</strong></span> <span class='ocrx_word' id='word_1_26' title='bbox 1664 666 1870 707; x_wconf 89' lang='lat' dir='ltr'><strong>secura.</strong></span> <span class='ocrx_word' id='word_1_27' title='bbox 1904 650 2032 706; x_wconf 83' lang='lat' dir='ltr'><strong>Nam</strong></span> <span class='ocrx_word' id='word_1_28' title='bbox 2052 662 2105 707; x_wconf 92' lang='lat' dir='ltr'><strong>et</strong></span> 
     </span>
    </p>
   </div>
   <div class='ocr_carea' id='block_1_5' title="bbox 518 743 2102 815">
    <p class='ocr_par' dir='ltr' id='par_1_5' title="bbox 518 743 2102 815">
     <span class='ocr_line' id='line_1_5' title="bbox 518 743 2102 815; baseline 0 -16"><span class='ocrx_word' id='word_1_29' title='bbox 518 760 618 815; x_wconf 90' lang='lat' dir='ltr'><strong>per</strong></span> <span class='ocrx_word' id='word_1_30' title='bbox 646 745 850 801; x_wconf 88' lang='lat' dir='ltr'><strong>marina</strong></span> <span class='ocrx_word' id='word_1_31' title='bbox 889 743 1200 799; x_wconf 85' lang='lat' dir='ltr'><strong>discrimina</strong></span> <span class='ocrx_word' id='word_1_32' title='bbox 1240 745 1385 815; x_wconf 90' lang='lat' dir='ltr'><strong>ipsos</strong></span> <span class='ocrx_word' id='word_1_33' title='bbox 1418 753 1610 800; x_wconf 82' lang='lat' dir='ltr'><strong>nautas</strong></span> <span class='ocrx_word' id='word_1_34' title='bbox 1642 743 2044 812; x_wconf 84' lang='lat' dir='ltr'><strong>consolabatur,</strong></span> <span class='ocrx_word' id='word_1_35' title='bbox 2072 759 2102 799; x_wconf 90' lang='lat' dir='ltr'><strong>a</strong></span> 
     </span>
    </p>
   </div>
   <div class='ocr_carea' id='block_1_6' title="bbox 520 835 2102 919">
    <p class='ocr_par' dir='ltr' id='par_1_6' title="bbox 520 835 2102 919">
     <span class='ocr_line' id='line_1_6' title="bbox 520 835 2102 919; baseline 0.001 -28"><span class='ocrx_word' id='word_1_36' title='bbox 520 836 715 907; x_wconf 78' lang='lat' dir='ltr'><strong>quibus</strong></span> <span class='ocrx_word' id='word_1_37' title='bbox 741 835 902 893; x_wconf 87' lang='lat' dir='ltr'><strong>rudes</strong></span> <span class='ocrx_word' id='word_1_38' title='bbox 921 836 1099 919; x_wconf 76' lang='lat' dir='ltr'><strong>abyssi</strong></span> <span class='ocrx_word' id='word_1_39' title='bbox 1124 837 1376 905; x_wconf 83' lang='lat' dir='ltr'><strong>viatores,</strong></span> <span class='ocrx_word' id='word_1_40' title='bbox 1405 853 1525 895; x_wconf 92' lang='lat' dir='ltr'><strong>cum</strong></span> <span class='ocrx_word' id='word_1_41' title='bbox 1552 838 1948 908; x_wconf 86' lang='lat' dir='ltr'><strong>perturbantur,</strong></span> <span class='ocrx_word' id='word_1_42' title='bbox 1975 852 2102 894; x_wconf 92' lang='lat' dir='ltr'><strong>con-</strong></span> 
     </span>
    </p>
   </div>
   <div class='ocr_carea' id='block_1_7' title="bbox 518 930 2097 1002">
    <p class='ocr_par' dir='ltr' id='par_1_7' title="bbox 518 930 2097 1002">
     <span class='ocr_line' id='line_1_7' title="bbox 518 930 2097 1002; baseline 0.002 -18"><span class='ocrx_word' id='word_1_43' title='bbox 518 930 678 986; x_wconf 89' lang='lat' dir='ltr'><strong>solari</strong></span> <span class='ocrx_word' id='word_1_44' title='bbox 705 931 914 997; x_wconf 90' lang='lat' dir='ltr'><strong>solent;</strong></span> <span class='ocrx_word' id='word_1_45' title='bbox 941 931 1199 1001; x_wconf 92' lang='lat' dir='ltr'><strong>pollicens</strong></span> <span class='ocrx_word' id='word_1_46' title='bbox 1224 933 1301 987; x_wconf 90' lang='lat' dir='ltr'><strong>eis</strong></span> <span class='ocrx_word' id='word_1_47' title='bbox 1331 933 1732 1002; x_wconf 90' lang='lat' dir='ltr'><strong>perventionem</strong></span> <span class='ocrx_word' id='word_1_48' title='bbox 1757 947 1879 988; x_wconf 89' lang='lat' dir='ltr'><strong>cum</strong></span> <span class='ocrx_word' id='word_1_49' title='bbox 1910 932 2097 998; x_wconf 90' lang='lat' dir='ltr'><strong>salute,</strong></span> 
     </span>
    </p>
   </div>
   <div class='ocr_carea' id='block_1_8' title="bbox 515 1021 2102 1095">
    <p class='ocr_par' dir='ltr' id='par_1_8' title="bbox 515 1021 2102 1095">
     <span class='ocr_line' id='line_1_8' title="bbox 515 1021 2102 1095; baseline -0.001 -17"><span class='ocrx_word' id='word_1_50' title='bbox 515 1022 636 1093; x_wconf 88' lang='lat' dir='ltr'><strong>quia</strong></span> <span class='ocrx_word' id='word_1_51' title='bbox 679 1021 781 1079; x_wconf 89' lang='lat' dir='ltr'><strong>hoc</strong></span> <span class='ocrx_word' id='word_1_52' title='bbox 813 1023 862 1080; x_wconf 89' lang='lat' dir='ltr'><strong>ei</strong></span> <span class='ocrx_word' id='word_1_53' title='bbox 889 1030 947 1077; x_wconf 93' lang='lat' dir='ltr'><strong>tu</strong></span> <span class='ocrx_word' id='word_1_54' title='bbox 974 1038 1071 1094; x_wconf 89' lang='lat' dir='ltr'><strong>per</strong></span> <span class='ocrx_word' id='word_1_55' title='bbox 1099 1023 1267 1079; x_wconf 88' lang='lat' dir='ltr'><strong>visum</strong></span> <span class='ocrx_word' id='word_1_56' title='bbox 1306 1023 1572 1095; x_wconf 89' lang='lat' dir='ltr'><strong>pollicitus</strong></span> <span class='ocrx_word' id='word_1_57' title='bbox 1602 1039 1743 1081; x_wconf 90' lang='lat' dir='ltr'><strong>eras.</strong></span> <span class='ocrx_word' id='word_1_58' title='bbox 1790 1023 1859 1079; x_wconf 86' lang='lat' dir='ltr'><strong>Et</strong></span> <span class='ocrx_word' id='word_1_59' title='bbox 1901 1023 2102 1078; x_wconf 83' lang='lat' dir='ltr'><strong>invenit</strong></span> 
     </span>
    </p>
   </div>
   <div class='ocr_carea' id='block_1_9' title="bbox 515 1120 2097 1196">
    <p class='ocr_par' dir='ltr' id='par_1_9' title="bbox 515 1120 2097 1196">
     <span class='ocr_line' id='line_1_9' title="bbox 515 1120 2097 1196; baseline 0.003 -21"><span class='ocrx_word' id='word_1_60' title='bbox 515 1135 604 1177; x_wconf 89' lang='lat' dir='ltr'><strong>me</strong></span> <span class='ocrx_word' id='word_1_61' title='bbox 634 1120 1020 1192; x_wconf 84' lang='lat' dir='ltr'><strong>periclitantem</strong></span> <span class='ocrx_word' id='word_1_62' title='bbox 1060 1122 1273 1195; x_wconf 90' lang='lat' dir='ltr'><strong>quidem</strong></span> <span class='ocrx_word' id='word_1_63' title='bbox 1300 1125 1530 1196; x_wconf 78' lang='lat' dir='ltr'><strong>graviter</strong></span> <span class='ocrx_word' id='word_1_64' title='bbox 1550 1124 1920 1196; x_wconf 89' lang='lat' dir='ltr'><strong>desperatione</strong></span> <span class='ocrx_word' id='word_1_65' title='bbox 1945 1124 2097 1179; x_wconf 86' lang='lat' dir='ltr'><strong>inda-</strong></span> 
     </span>
    </p>
   </div>
   <div class='ocr_carea' id='block_1_10' title="bbox 514 1210 2097 1283">
    <p class='ocr_par' dir='ltr' id='par_1_10' title="bbox 514 1210 2097 1283">
     <span class='ocr_line' id='line_1_10' title="bbox 514 1210 2097 1283; baseline 0.002 -16"><span class='ocrx_word' id='word_1_66' title='bbox 514 1210 703 1283; x_wconf 73' lang='lat' dir='ltr'><strong>gandte</strong></span> <span class='ocrx_word' id='word_1_67' title='bbox 740 1212 1001 1269; x_wconf 85' lang='lat' dir='ltr'><strong>veritatis.</strong></span> <span class='ocrx_word' id='word_1_68' title='bbox 1037 1212 1143 1270; x_wconf 90' lang='lat' dir='ltr'><strong>Sed</strong></span> <span class='ocrx_word' id='word_1_69' title='bbox 1174 1222 1347 1269; x_wconf 92' lang='lat' dir='ltr'><strong>tamen</strong></span> <span class='ocrx_word' id='word_1_70' title='bbox 1390 1217 1438 1270; x_wconf 91' lang='lat' dir='ltr'><strong>ei</strong></span> <span class='ocrx_word' id='word_1_71' title='bbox 1472 1230 1590 1271; x_wconf 91' lang='lat' dir='ltr'><strong>cum</strong></span> <span class='ocrx_word' id='word_1_72' title='bbox 1627 1216 1959 1282; x_wconf 82' lang='lat' dir='ltr'><strong>iudicassem,</strong></span> <span class='ocrx_word' id='word_1_73' title='bbox 1990 1230 2097 1271; x_wconf 92' lang='lat' dir='ltr'><strong>non</strong></span> 
     </span>
    </p>
   </div>
   <div class='ocr_carea' id='block_1_11' title="bbox 513 1305 2094 1380">
    <p class='ocr_par' dir='ltr' id='par_1_11' title="bbox 513 1305 2094 1380">
     <span class='ocr_line' id='line_1_11' title="bbox 513 1305 2094 1380; baseline 0.003 -20"><span class='ocrx_word' id='word_1_74' title='bbox 513 1319 603 1360; x_wconf 89' lang='lat' dir='ltr'><strong>me</strong></span> <span class='ocrx_word' id='word_1_75' title='bbox 639 1305 851 1376; x_wconf 88' lang='lat' dir='ltr'><strong>quidem</strong></span> <span class='ocrx_word' id='word_1_76' title='bbox 877 1305 986 1377; x_wconf 91' lang='lat' dir='ltr'><strong>jam</strong></span> <span class='ocrx_word' id='word_1_77' title='bbox 1025 1321 1145 1362; x_wconf 91' lang='lat' dir='ltr'><strong>esse</strong></span> <span class='ocrx_word' id='word_1_78' title='bbox 1180 1307 1563 1376; x_wconf 72' lang='lat' dir='ltr'><strong>manichazum,</strong></span> <span class='ocrx_word' id='word_1_79' title='bbox 1591 1308 1683 1364; x_wconf 90' lang='lat' dir='ltr'><strong>sed</strong></span> <span class='ocrx_word' id='word_1_80' title='bbox 1711 1324 1881 1380; x_wconf 87' lang='lat' dir='ltr'><strong>neque</strong></span> <span class='ocrx_word' id='word_1_81' title='bbox 1908 1308 2094 1365; x_wconf 88' lang='lat' dir='ltr'><strong>catho-</strong></span> 
     </span>
    </p>
   </div>
   <div class='ocr_carea' id='block_1_12' title="bbox 512 1396 2094 1473">
    <p class='ocr_par' dir='ltr' id='par_1_12' title="bbox 512 1396 2094 1473">
     <span class='ocr_line' id='line_1_12' title="bbox 512 1396 2094 1473; baseline 0.004 -21"><span class='ocrx_word' id='word_1_82' title='bbox 512 1396 674 1453; x_wconf 91' lang='lat' dir='ltr'><strong>licum</strong></span> <span class='ocrx_word' id='word_1_83' title='bbox 705 1398 1076 1465; x_wconf 87' lang='lat' dir='ltr'><strong>christianum,</strong></span> <span class='ocrx_word' id='word_1_84' title='bbox 1100 1415 1204 1456; x_wconf 91' lang='lat' dir='ltr'><strong>non</strong></span> <span class='ocrx_word' id='word_1_85' title='bbox 1233 1402 1382 1471; x_wconf 92' lang='lat' dir='ltr'><strong>quasi</strong></span> <span class='ocrx_word' id='word_1_86' title='bbox 1413 1402 1737 1472; x_wconf 89' lang='lat' dir='ltr'><strong>inopinatum</strong></span> <span class='ocrx_word' id='word_1_87' title='bbox 1767 1402 1962 1473; x_wconf 92' lang='lat' dir='ltr'><strong>aliquid</strong></span> <span class='ocrx_word' id='word_1_88' title='bbox 1995 1419 2094 1458; x_wconf 86' lang='lat' dir='ltr'><strong>au-</strong></span> 
     </span>
    </p>
   </div>
   <div class='ocr_carea' id='block_1_13' title="bbox 512 1486 2093 1562">
    <p class='ocr_par' dir='ltr' id='par_1_13' title="bbox 512 1486 2093 1562">
     <span class='ocr_line' id='line_1_13' title="bbox 512 1486 2093 1562; baseline 0.004 -19"><span class='ocrx_word' id='word_1_89' title='bbox 512 1486 702 1556; x_wconf 91' lang='lat' dir='ltr'><strong>dierit,</strong></span> <span class='ocrx_word' id='word_1_90' title='bbox 733 1489 965 1545; x_wconf 80' lang='lat' dir='ltr'><strong>exsilivit</strong></span> <span class='ocrx_word' id='word_1_91' title='bbox 992 1489 1201 1554; x_wconf 66' lang='lat' dir='ltr'><strong>laetitia;</strong></span> <span class='ocrx_word' id='word_1_92' title='bbox 1234 1506 1354 1547; x_wconf 92' lang='lat' dir='ltr'><strong>cum</strong></span> <span class='ocrx_word' id='word_1_93' title='bbox 1378 1492 1489 1562; x_wconf 92' lang='lat' dir='ltr'><strong>jam</strong></span> <span class='ocrx_word' id='word_1_94' title='bbox 1530 1507 1720 1549; x_wconf 87' lang='lat' dir='ltr'><strong>secura</strong></span> <span class='ocrx_word' id='word_1_95' title='bbox 1760 1492 1910 1549; x_wconf 84' lang='lat' dir='ltr'><strong>fieret</strong></span> <span class='ocrx_word' id='word_1_96' title='bbox 1937 1510 2001 1550; x_wconf 77' lang='lat' dir='ltr'><strong>ex</strong></span> <span class='ocrx_word' id='word_1_97' title='bbox 2032 1509 2093 1549; x_wconf 87' lang='lat' dir='ltr'><strong>ea</strong></span> 
     </span>
    </p>
   </div>
   <div class='ocr_carea' id='block_1_14' title="bbox 512 1579 2094 1655">
    <p class='ocr_par' dir='ltr' id='par_1_14' title="bbox 512 1579 2094 1655">
     <span class='ocr_line' id='line_1_14' title="bbox 512 1579 2094 1655; baseline 0.006 -23"><span class='ocrx_word' id='word_1_98' title='bbox 512 1587 664 1647; x_wconf 91' lang='lat' dir='ltr'><strong>parte</strong></span> <span class='ocrx_word' id='word_1_99' title='bbox 688 1579 915 1636; x_wconf 63' lang='lat' dir='ltr'><strong>miseriae</strong></span> <span class='ocrx_word' id='word_1_100' title='bbox 943 1596 1098 1648; x_wconf 66' lang='lat' dir='ltr'><strong>mere,</strong></span> <span class='ocrx_word' id='word_1_101' title='bbox 1123 1581 1174 1636; x_wconf 92' lang='lat' dir='ltr'><strong>in</strong></span> <span class='ocrx_word' id='word_1_102' title='bbox 1201 1597 1301 1653; x_wconf 89' lang='lat' dir='ltr'><strong>qua</strong></span> <span class='ocrx_word' id='word_1_103' title='bbox 1330 1598 1416 1639; x_wconf 93' lang='lat' dir='ltr'><strong>me</strong></span> <span class='ocrx_word' id='word_1_104' title='bbox 1439 1592 1687 1655; x_wconf 87' lang='lat' dir='ltr'><strong>tanquam</strong></span> <span class='ocrx_word' id='word_1_105' title='bbox 1713 1592 1979 1640; x_wconf 91' lang='lat' dir='ltr'><strong>mortuum</strong></span> <span class='ocrx_word' id='word_1_106' title='bbox 2001 1585 2094 1641; x_wconf 91' lang='lat' dir='ltr'><strong>sed</strong></span> 
     </span>
    </p>
   </div>
   <div class='ocr_carea' id='block_1_15' title="bbox 510 1673 2093 1749">
    <p class='ocr_par' dir='ltr' id='par_1_15' title="bbox 510 1673 2093 1749">
     <span class='ocr_line' id='line_1_15' title="bbox 510 1673 2093 1749; baseline 0.006 -24"><span class='ocrx_word' id='word_1_107' title='bbox 510 1673 938 1728; x_wconf 89' lang='lat' dir='ltr'><strong>resuscitandum</strong></span> <span class='ocrx_word' id='word_1_108' title='bbox 971 1673 1061 1729; x_wconf 89' lang='lat' dir='ltr'><strong>tibi</strong></span> <span class='ocrx_word' id='word_1_109' title='bbox 1087 1674 1280 1741; x_wconf 85' lang='lat' dir='ltr'><strong>flebat,</strong></span> <span class='ocrx_word' id='word_1_110' title='bbox 1311 1684 1366 1732; x_wconf 88' lang='lat' dir='ltr'><strong>et</strong></span> <span class='ocrx_word' id='word_1_111' title='bbox 1391 1676 1585 1733; x_wconf 81' lang='lat' dir='ltr'><strong>feretro</strong></span> <span class='ocrx_word' id='word_1_112' title='bbox 1606 1679 1940 1749; x_wconf 77' lang='lat' dir='ltr'><strong>cogitationis</strong></span> <span class='ocrx_word' id='word_1_113' title='bbox 1964 1680 2093 1735; x_wconf 83' lang='lat' dir='ltr'><strong>effe-</strong></span> 
     </span>
    </p>
   </div>
   <div class='ocr_carea' id='block_1_16' title="bbox 508 1760 2093 1841">
    <p class='ocr_par' dir='ltr' id='par_1_16' title="bbox 508 1760 2093 1841">
     <span class='ocr_line' id='line_1_16' title="bbox 508 1760 2093 1841; baseline 0.007 -28"><span class='ocrx_word' id='word_1_114' title='bbox 508 1760 683 1829; x_wconf 86' lang='lat' dir='ltr'><strong>rebat,</strong></span> <span class='ocrx_word' id='word_1_115' title='bbox 712 1770 770 1817; x_wconf 91' lang='lat' dir='ltr'><strong>ut</strong></span> <span class='ocrx_word' id='word_1_116' title='bbox 792 1763 998 1820; x_wconf 87' lang='lat' dir='ltr'><strong>diceres</strong></span> <span class='ocrx_word' id='word_1_117' title='bbox 1038 1764 1146 1819; x_wconf 84' lang='lat' dir='ltr'><strong>tilio</strong></span> <span class='ocrx_word' id='word_1_118' title='bbox 1180 1765 1630 1836; x_wconf 55' lang='lat' dir='ltr'><strong>vidumuluvenis,</strong></span> <span class='ocrx_word' id='word_1_119' title='bbox 1648 1768 1735 1823; x_wconf 84' lang='lat' dir='ltr'><strong>tibi</strong></span> <span class='ocrx_word' id='word_1_120' title='bbox 1750 1769 1882 1837; x_wconf 82' lang='lat' dir='ltr'><strong>dico,</strong></span> <span class='ocrx_word' id='word_1_121' title='bbox 1912 1786 2093 1841; x_wconf 82' lang='lat' dir='ltr'><strong>surge;</strong></span> 
     </span>
    </p>
   </div>
   <div class='ocr_carea' id='block_1_17' title="bbox 508 1853 2090 1935">
    <p class='ocr_par' dir='ltr' id='par_1_17' title="bbox 508 1853 2090 1935">
     <span class='ocr_line' id='line_1_17' title="bbox 508 1853 2090 1935; baseline 0.006 -28"><span class='ocrx_word' id='word_1_122' title='bbox 508 1860 564 1907; x_wconf 92' lang='lat' dir='ltr'><strong>et</strong></span> <span class='ocrx_word' id='word_1_123' title='bbox 591 1853 941 1911; x_wconf 86' lang='lat' dir='ltr'><strong>revivisceret</strong></span> <span class='ocrx_word' id='word_1_124' title='bbox 982 1863 1037 1912; x_wconf 90' lang='lat' dir='ltr'><strong>et</strong></span> <span class='ocrx_word' id='word_1_125' title='bbox 1079 1857 1336 1935; x_wconf 83' lang='lat' dir='ltr'><strong>inciperet</strong></span> <span class='ocrx_word' id='word_1_126' title='bbox 1375 1859 1539 1930; x_wconf 91' lang='lat' dir='ltr'><strong>loqui,</strong></span> <span class='ocrx_word' id='word_1_127' title='bbox 1580 1869 1635 1916; x_wconf 89' lang='lat' dir='ltr'><strong>et</strong></span> <span class='ocrx_word' id='word_1_128' title='bbox 1665 1861 1901 1916; x_wconf 86' lang='lat' dir='ltr'><strong>traderes</strong></span> <span class='ocrx_word' id='word_1_129' title='bbox 1944 1862 2090 1917; x_wconf 92' lang='lat' dir='ltr'><strong>illum</strong></span> 
     </span>
    </p>
   </div>
   <div class='ocr_carea' id='block_1_18' title="bbox 507 1944 2091 2023">
    <p class='ocr_par' dir='ltr' id='par_1_18' title="bbox 507 1944 2091 2023">
     <span class='ocr_line' id='line_1_18' title="bbox 507 1944 2091 2023; baseline 0.007 -25"><span class='ocrx_word' id='word_1_130' title='bbox 507 1944 665 1998; x_wconf 88' lang='lat' dir='ltr'><strong>matri</strong></span> <span class='ocrx_word' id='word_1_131' title='bbox 695 1960 809 2000; x_wconf 68' lang='lat' dir='ltr'><strong>sua:</strong></span> <span class='ocrx_word' id='word_1_132' title='bbox 865 1944 1011 2019; x_wconf 86' lang='lat' dir='ltr'><strong>(Luc.</strong></span> <span class='ocrx_word' id='word_1_133' title='bbox 1053 1963 1143 2014; x_wconf 85' lang='lat' dir='ltr'><strong>vn,</strong></span> <span class='ocrx_word' id='word_1_134' title='bbox 1191 1949 1278 2014; x_wconf 78' lang='lat' dir='ltr'><strong>M,</strong></span> <span class='ocrx_word' id='word_1_135' title='bbox 1312 1948 1423 2022; x_wconf 79' lang='grc'><strong>15).</strong></span> <span class='ocrx_word' id='word_1_136' title='bbox 1456 1949 1605 2006; x_wconf 88' lang='lat' dir='ltr'><strong>Nulla</strong></span> <span class='ocrx_word' id='word_1_137' title='bbox 1635 1966 1761 2023; x_wconf 84' lang='lat' dir='ltr'><strong>ergo</strong></span> <span class='ocrx_word' id='word_1_138' title='bbox 1790 1953 2091 2009; x_wconf 89' lang='lat' dir='ltr'><strong>turbulenta</strong></span> 
     </span>
    </p>
   </div>
   <div class='ocr_carea' id='block_1_19' title="bbox 505 2034 2092 2111">
    <p class='ocr_par' dir='ltr' id='par_1_19' title="bbox 505 2034 2092 2111">
     <span class='ocr_line' id='line_1_19' title="bbox 505 2034 2092 2111; baseline 0.008 -23"><span class='ocrx_word' id='word_1_139' title='bbox 505 2034 857 2092; x_wconf 78' lang='lat' dir='ltr'><strong>exsultatione</strong></span> <span class='ocrx_word' id='word_1_140' title='bbox 884 2037 1161 2107; x_wconf 87' lang='lat' dir='ltr'><strong>trepidavit</strong></span> <span class='ocrx_word' id='word_1_141' title='bbox 1183 2054 1278 2095; x_wconf 91' lang='lat' dir='ltr'><strong>cor</strong></span> <span class='ocrx_word' id='word_1_142' title='bbox 1292 2040 1426 2111; x_wconf 89' lang='lat' dir='ltr'><strong>ejus,</strong></span> <span class='ocrx_word' id='word_1_143' title='bbox 1449 2056 1570 2097; x_wconf 94' lang='lat' dir='ltr'><strong>cum</strong></span> <span class='ocrx_word' id='word_1_144' title='bbox 1596 2042 1833 2099; x_wconf 87' lang='lat' dir='ltr'><strong>audisset</strong></span> <span class='ocrx_word' id='word_1_145' title='bbox 1854 2059 1924 2100; x_wconf 81' lang='lat' dir='ltr'><strong>ex</strong></span> <span class='ocrx_word' id='word_1_146' title='bbox 1949 2052 2092 2100; x_wconf 89' lang='lat' dir='ltr'><strong>tanta</strong></span> 
     </span>
    </p>
   </div>
   <div class='ocr_carea' id='block_1_20' title="bbox 503 2128 2091 2209">
    <p class='ocr_par' dir='ltr' id='par_1_20' title="bbox 503 2128 2091 2209">
     <span class='ocr_line' id='line_1_20' title="bbox 503 2128 2091 2209; baseline 0.009 -29"><span class='ocrx_word' id='word_1_147' title='bbox 503 2136 656 2197; x_wconf 89' lang='lat' dir='ltr'><strong>parte</strong></span> <span class='ocrx_word' id='word_1_148' title='bbox 676 2128 786 2198; x_wconf 90' lang='lat' dir='ltr'><strong>jam</strong></span> <span class='ocrx_word' id='word_1_149' title='bbox 819 2128 1008 2186; x_wconf 86' lang='lat' dir='ltr'><strong>factum</strong></span> <span class='ocrx_word' id='word_1_150' title='bbox 1039 2132 1181 2202; x_wconf 89' lang='lat' dir='ltr'><strong>quod</strong></span> <span class='ocrx_word' id='word_1_151' title='bbox 1209 2132 1305 2189; x_wconf 86' lang='lat' dir='ltr'><strong>tibi</strong></span> <span class='ocrx_word' id='word_1_152' title='bbox 1331 2134 1567 2205; x_wconf 89' lang='lat' dir='ltr'><strong>quotidie</strong></span> <span class='ocrx_word' id='word_1_153' title='bbox 1606 2136 1885 2209; x_wconf 85' lang='lat' dir='ltr'><strong>plangebat</strong></span> <span class='ocrx_word' id='word_1_154' title='bbox 1913 2148 1970 2193; x_wconf 95' lang='lat' dir='ltr'><strong>ut</strong></span> <span class='ocrx_word' id='word_1_155' title='bbox 1998 2138 2091 2195; x_wconf 85' lang='lat' dir='ltr'><strong>fie-</strong></span> 
     </span>
    </p>
   </div>
   <div class='ocr_carea' id='block_1_21' title="bbox 501 2218 2088 2299">
    <p class='ocr_par' dir='ltr' id='par_1_21' title="bbox 501 2218 2088 2299">
     <span class='ocr_line' id='line_1_21' title="bbox 501 2218 2088 2299; baseline 0.008 -28"><span class='ocrx_word' id='word_1_156' title='bbox 501 2225 620 2283; x_wconf 87' lang='lat' dir='ltr'><strong>ret;</strong></span> <span class='ocrx_word' id='word_1_157' title='bbox 641 2218 923 2275; x_wconf 81' lang='lat' dir='ltr'><strong>veritatem</strong></span> <span class='ocrx_word' id='word_1_158' title='bbox 952 2235 1040 2277; x_wconf 91' lang='lat' dir='ltr'><strong>me</strong></span> <span class='ocrx_word' id='word_1_159' title='bbox 1064 2222 1301 2279; x_wconf 89' lang='lat' dir='ltr'><strong>nondum</strong></span> <span class='ocrx_word' id='word_1_160' title='bbox 1323 2225 1595 2296; x_wconf 91' lang='lat' dir='ltr'><strong>adeptum,</strong></span> <span class='ocrx_word' id='word_1_161' title='bbox 1624 2227 1717 2283; x_wconf 91' lang='lat' dir='ltr'><strong>sed</strong></span> <span class='ocrx_word' id='word_1_162' title='bbox 1744 2227 1956 2283; x_wconf 82' lang='lat' dir='ltr'><strong>falsitati</strong></span> <span class='ocrx_word' id='word_1_163' title='bbox 1976 2228 2088 2299; x_wconf 91' lang='lat' dir='ltr'><strong>jam</strong></span> 
     </span>
    </p>
   </div>
   <div class='ocr_carea' id='block_1_22' title="bbox 500 2308 2090 2389">
    <p class='ocr_par' dir='ltr' id='par_1_22' title="bbox 500 2308 2090 2389">
     <span class='ocr_line' id='line_1_22' title="bbox 500 2308 2090 2389; baseline 0.008 -27"><span class='ocrx_word' id='word_1_164' title='bbox 500 2315 742 2376; x_wconf 87' lang='lat' dir='ltr'><strong>ereptum</strong></span> <span class='ocrx_word' id='word_1_165' title='bbox 775 2326 788 2362; x_wconf 89' lang='lat'><strong>:</strong></span> <span class='ocrx_word' id='word_1_166' title='bbox 828 2308 935 2365; x_wconf 91' lang='lat' dir='ltr'><strong>imo</strong></span> <span class='ocrx_word' id='word_1_167' title='bbox 965 2326 1093 2367; x_wconf 89' lang='lat' dir='ltr'><strong>vero</strong></span> <span class='ocrx_word' id='word_1_168' title='bbox 1117 2314 1237 2384; x_wconf 89' lang='lat' dir='ltr'><strong>quia</strong></span> <span class='ocrx_word' id='word_1_169' title='bbox 1262 2322 1409 2371; x_wconf 89' lang='lat' dir='ltr'><strong>certa</strong></span> <span class='ocrx_word' id='word_1_170' title='bbox 1438 2324 1572 2384; x_wconf 91' lang='lat' dir='ltr'><strong>erat,</strong></span> <span class='ocrx_word' id='word_1_171' title='bbox 1614 2326 1667 2372; x_wconf 91' lang='lat' dir='ltr'><strong>et</strong></span> <span class='ocrx_word' id='word_1_172' title='bbox 1691 2318 1833 2389; x_wconf 90' lang='lat' dir='ltr'><strong>quod</strong></span> <span class='ocrx_word' id='word_1_173' title='bbox 1855 2319 2090 2374; x_wconf 88' lang='lat' dir='ltr'><strong>restabat</strong></span> 
     </span>
    </p>
   </div>
   <div class='ocr_carea' id='block_1_23' title="bbox 499 2397 2089 2477">
    <p class='ocr_par' dir='ltr' id='par_1_23' title="bbox 499 2397 2089 2477">
     <span class='ocr_line' id='line_1_23' title="bbox 499 2397 2089 2477; baseline 0.008 -25"><span class='ocrx_word' id='word_1_174' title='bbox 499 2404 554 2453; x_wconf 88' lang='lat' dir='ltr'><strong>te</strong></span> <span class='ocrx_word' id='word_1_175' title='bbox 581 2397 847 2466; x_wconf 91' lang='lat' dir='ltr'><strong>daturum,</strong></span> <span class='ocrx_word' id='word_1_176' title='bbox 894 2400 986 2471; x_wconf 90' lang='lat' dir='ltr'><strong>qui</strong></span> <span class='ocrx_word' id='word_1_177' title='bbox 1030 2410 1199 2457; x_wconf 90' lang='lat' dir='ltr'><strong>totum</strong></span> <span class='ocrx_word' id='word_1_178' title='bbox 1247 2405 1601 2473; x_wconf 89' lang='lat' dir='ltr'><strong>promiseras;</strong></span> <span class='ocrx_word' id='word_1_179' title='bbox 1639 2407 1998 2477; x_wconf 88' lang='lat' dir='ltr'><strong>placidissime</strong></span> <span class='ocrx_word' id='word_1_180' title='bbox 2033 2416 2089 2464; x_wconf 89' lang='lat' dir='ltr'><strong>et</strong></span> 
     </span>
    </p>
   </div>
   <div class='ocr_carea' id='block_1_24' title="bbox 496 2492 2084 2568">
    <p class='ocr_par' dir='ltr' id='par_1_24' title="bbox 496 2492 2084 2568">
     <span class='ocr_line' id='line_1_24' title="bbox 496 2492 2084 2568; baseline 0.008 -22"><span class='ocrx_word' id='word_1_181' title='bbox 496 2499 715 2560; x_wconf 89' lang='lat' dir='ltr'><strong>pectore</strong></span> <span class='ocrx_word' id='word_1_182' title='bbox 755 2492 914 2562; x_wconf 88' lang='lat' dir='ltr'><strong>pleno</strong></span> <span class='ocrx_word' id='word_1_183' title='bbox 948 2493 1155 2551; x_wconf 83' lang='lat' dir='ltr'><strong>fiduciae</strong></span> <span class='ocrx_word' id='word_1_184' title='bbox 1190 2498 1465 2568; x_wconf 92' lang='lat' dir='ltr'><strong>respondit</strong></span> <span class='ocrx_word' id='word_1_185' title='bbox 1496 2500 1626 2554; x_wconf 90' lang='lat' dir='ltr'><strong>mihi</strong></span> <span class='ocrx_word' id='word_1_186' title='bbox 1646 2541 1662 2568; x_wconf 92' lang='lat'><strong>,</strong></span> <span class='ocrx_word' id='word_1_187' title='bbox 1703 2501 1922 2558; x_wconf 89' lang='lat' dir='ltr'><strong>credere</strong></span> <span class='ocrx_word' id='word_1_188' title='bbox 1947 2517 2004 2558; x_wconf 90' lang='lat' dir='ltr'><strong>se</strong></span> <span class='ocrx_word' id='word_1_189' title='bbox 2031 2503 2084 2557; x_wconf 93' lang='lat' dir='ltr'><strong>in</strong></span> 
     </span>
    </p>
   </div>
   <div class='ocr_carea' id='block_1_25' title="bbox 497 2580 2086 2664">
    <p class='ocr_par' dir='ltr' id='par_1_25' title="bbox 497 2580 2086 2664">
     <span class='ocr_line' id='line_1_25' title="bbox 497 2580 2086 2664; baseline 0.009 -27"><span class='ocrx_word' id='word_1_190' title='bbox 497 2580 734 2649; x_wconf 86' lang='lat' dir='ltr'><strong>Christo,</strong></span> <span class='ocrx_word' id='word_1_191' title='bbox 762 2583 904 2654; x_wconf 91' lang='lat' dir='ltr'><strong>quod</strong></span> <span class='ocrx_word' id='word_1_192' title='bbox 935 2584 1239 2658; x_wconf 90' lang='lat' dir='ltr'><strong>priusquam</strong></span> <span class='ocrx_word' id='word_1_193' title='bbox 1278 2588 1346 2645; x_wconf 90' lang='lat' dir='ltr'><strong>de</strong></span> <span class='ocrx_word' id='word_1_194' title='bbox 1380 2589 1479 2646; x_wconf 90' lang='lat' dir='ltr'><strong>hac</strong></span> <span class='ocrx_word' id='word_1_195' title='bbox 1516 2591 1623 2647; x_wconf 88' lang='lat' dir='ltr'><strong>vita</strong></span> <span class='ocrx_word' id='word_1_196' title='bbox 1652 2593 1956 2664; x_wconf 87' lang='lat' dir='ltr'><strong>emigraret,</strong></span> <span class='ocrx_word' id='word_1_197' title='bbox 1997 2609 2086 2651; x_wconf 90' lang='lat' dir='ltr'><strong>me</strong></span> 
     </span>
    </p>
   </div>
   <div class='ocr_carea' id='block_1_26' title="bbox 496 2672 2078 2756">
    <p class='ocr_par' dir='ltr' id='par_1_26' title="bbox 496 2672 2078 2756">
     <span class='ocr_line' id='line_1_26' title="bbox 496 2672 2078 2756; baseline 0.011 -31"><span class='ocrx_word' id='word_1_198' title='bbox 496 2672 674 2729; x_wconf 86' lang='lat' dir='ltr'><strong>visura</strong></span> <span class='ocrx_word' id='word_1_199' title='bbox 698 2684 842 2732; x_wconf 89' lang='lat' dir='ltr'><strong>esset</strong></span> <span class='ocrx_word' id='word_1_200' title='bbox 870 2676 1080 2734; x_wconf 84' lang='lat' dir='ltr'><strong>ﬁdelem</strong></span> <span class='ocrx_word' id='word_1_201' title='bbox 1106 2679 1446 2737; x_wconf 89' lang='lat' dir='ltr'><strong>catholicum.</strong></span> <span class='ocrx_word' id='word_1_202' title='bbox 1478 2684 1544 2738; x_wconf 87' lang='lat' dir='ltr'><strong>Et</strong></span> <span class='ocrx_word' id='word_1_203' title='bbox 1570 2684 1672 2740; x_wconf 88' lang='lat' dir='ltr'><strong>hoc</strong></span> <span class='ocrx_word' id='word_1_204' title='bbox 1692 2685 1905 2756; x_wconf 90' lang='lat' dir='ltr'><strong>quidem</strong></span> <span class='ocrx_word' id='word_1_205' title='bbox 1927 2687 2078 2744; x_wconf 92' lang='lat' dir='ltr'><strong>mihi.</strong></span> 
     </span>
    </p>
   </div>
   <div class='ocr_carea' id='block_1_27' title="bbox 494 2763 2083 2849">
    <p class='ocr_par' dir='ltr' id='par_1_27' title="bbox 494 2763 2083 2849">
     <span class='ocr_line' id='line_1_27' title="bbox 494 2763 2083 2849; baseline 0.009 -29"><span class='ocrx_word' id='word_1_206' title='bbox 494 2763 614 2821; x_wconf 80' lang='lat' dir='ltr'><strong>&#39;[ibi</strong></span> <span class='ocrx_word' id='word_1_207' title='bbox 634 2775 835 2835; x_wconf 90' lang='lat' dir='ltr'><strong>autem,</strong></span> <span class='ocrx_word' id='word_1_208' title='bbox 862 2766 984 2824; x_wconf 84' lang='lat' dir='ltr'><strong>fons</strong></span> <span class='ocrx_word' id='word_1_209' title='bbox 1009 2771 1511 2840; x_wconf 90' lang='lat' dir='ltr'><strong>misericordiarum,</strong></span> <span class='ocrx_word' id='word_1_210' title='bbox 1532 2790 1716 2845; x_wconf 87' lang='lat' dir='ltr'><strong>preces</strong></span> <span class='ocrx_word' id='word_1_211' title='bbox 1740 2785 1793 2832; x_wconf 90' lang='lat' dir='ltr'><strong>et</strong></span> <span class='ocrx_word' id='word_1_212' title='bbox 1818 2776 2083 2849; x_wconf 89' lang='lat' dir='ltr'><strong>lacrymas</strong></span> 
     </span>
    </p>
   </div>
   <div class='ocr_carea' id='block_1_28' title="bbox 493 2854 2081 2936">
    <p class='ocr_par' dir='ltr' id='par_1_28' title="bbox 493 2854 2081 2936">
     <span class='ocr_line' id='line_1_28' title="bbox 493 2854 2081 2936; baseline 0.009 -26"><span class='ocrx_word' id='word_1_213' title='bbox 493 2854 772 2915; x_wconf 80' lang='lat' dir='ltr'><strong>densiores</strong></span> <span class='ocrx_word' id='word_1_214' title='bbox 799 2860 817 2893; x_wconf 82' lang='grc'>¹</span> <span class='ocrx_word' id='word_1_215' title='bbox 835 2901 853 2928; x_wconf 85' lang='grc'><em>,</em></span> <span class='ocrx_word' id='word_1_216' title='bbox 882 2869 938 2916; x_wconf 86' lang='grc' dir='ltr'><strong>ιιι</strong></span> <span class='ocrx_word' id='word_1_217' title='bbox 966 2863 1291 2920; x_wconf 89' lang='lat' dir='ltr'><strong>accelerares</strong></span> <span class='ocrx_word' id='word_1_218' title='bbox 1314 2864 1634 2936; x_wconf 87' lang='lat' dir='ltr'><strong>adjutorium</strong></span> <span class='ocrx_word' id='word_1_219' title='bbox 1664 2877 1809 2924; x_wconf 92' lang='lat' dir='ltr'><strong>tuum</strong></span> <span class='ocrx_word' id='word_1_220' title='bbox 1830 2908 1847 2936; x_wconf 91' lang='lat'><strong>,</strong></span> <span class='ocrx_word' id='word_1_221' title='bbox 1875 2878 1928 2925; x_wconf 92' lang='lat' dir='ltr'><strong>et</strong></span> <span class='ocrx_word' id='word_1_222' title='bbox 1956 2870 2081 2925; x_wconf 90' lang='lat' dir='ltr'><strong>illu-</strong></span> 
     </span>
    </p>
   </div>
   <div class='ocr_carea' id='block_1_29' title="bbox 490 2948 2081 3022">
    <p class='ocr_par' dir='ltr' id='par_1_29' title="bbox 490 2948 2081 3022">
     <span class='ocr_line' id='line_1_29' title="bbox 490 2948 2081 3022; baseline 0.012 -20"><span class='ocrx_word' id='word_1_223' title='bbox 490 2948 723 3008; x_wconf 81' lang='lat' dir='ltr'><strong>minares</strong></span> <span class='ocrx_word' id='word_1_224' title='bbox 752 2951 1001 3010; x_wconf 85' lang='lat' dir='ltr'><strong>tenebras</strong></span> <span class='ocrx_word' id='word_1_225' title='bbox 1034 2970 1211 3022; x_wconf 91' lang='lat' dir='ltr'><strong>meas;</strong></span> <span class='ocrx_word' id='word_1_226' title='bbox 1251 2964 1307 3013; x_wconf 91' lang='lat' dir='ltr'><strong>et</strong></span> <span class='ocrx_word' id='word_1_227' title='bbox 1351 2958 1639 3017; x_wconf 90' lang='lat' dir='ltr'><strong>studiosius</strong></span> <span class='ocrx_word' id='word_1_228' title='bbox 1680 2961 1745 3017; x_wconf 90' lang='lat' dir='ltr'><strong>ad</strong></span> <span class='ocrx_word' id='word_1_229' title='bbox 1786 2962 2081 3021; x_wconf 88' lang='lat' dir='ltr'><strong>Ecclesiam</strong></span> 
     </span>
    </p>
   </div>
   <div class='ocr_carea' id='block_1_30' title="bbox 491 3047 2078 3125">
    <p class='ocr_par' dir='ltr' id='par_1_30' title="bbox 491 3047 2078 3125">
     <span class='ocr_line' id='line_1_30' title="bbox 491 3047 2078 3125; baseline 0.011 -27"><span class='ocrx_word' id='word_1_230' title='bbox 491 3056 730 3111; x_wconf 88' lang='lat' dir='ltr'><strong>currere,</strong></span> <span class='ocrx_word' id='word_1_231' title='bbox 763 3054 819 3102; x_wconf 91' lang='lat' dir='ltr'><strong>et</strong></span> <span class='ocrx_word' id='word_1_232' title='bbox 854 3047 908 3102; x_wconf 93' lang='lat' dir='ltr'><strong>in</strong></span> <span class='ocrx_word' id='word_1_233' title='bbox 947 3049 1289 3105; x_wconf 87' lang='lat' dir='ltr'><strong>Ambrosium</strong></span> <span class='ocrx_word' id='word_1_234' title='bbox 1310 3052 1331 3085; x_wconf 80' lang='grc'><strong><em>³</em></strong></span> <span class='ocrx_word' id='word_1_235' title='bbox 1360 3066 1453 3107; x_wconf 87' lang='lat' dir='ltr'><strong>ora</strong></span> <span class='ocrx_word' id='word_1_236' title='bbox 1478 3055 1752 3125; x_wconf 73' lang='lat' dir='ltr'><strong>suspendi,</strong></span> <span class='ocrx_word' id='word_1_237' title='bbox 1784 3056 1850 3112; x_wconf 92' lang='lat' dir='ltr'><strong>ad</strong></span> <span class='ocrx_word' id='word_1_238' title='bbox 1879 3057 2078 3115; x_wconf 90' lang='lat' dir='ltr'><strong>fontem</strong></span> 
     </span>
    </p>
   </div>
   <div class='ocr_carea' id='block_1_31' title="bbox 492 3136 2078 3221">
    <p class='ocr_par' dir='ltr' id='par_1_31' title="bbox 492 3136 2078 3221">
     <span class='ocr_line' id='line_1_31' title="bbox 492 3136 2078 3221; baseline 0.012 -32"><span class='ocrx_word' id='word_1_239' title='bbox 492 3136 734 3193; x_wconf 83' lang='lat' dir='ltr'><strong>salientis</strong></span> <span class='ocrx_word' id='word_1_240' title='bbox 760 3153 910 3209; x_wconf 62' lang='lat' dir='ltr'><strong>aqua:</strong></span> <span class='ocrx_word' id='word_1_241' title='bbox 944 3139 999 3194; x_wconf 89' lang='lat' dir='ltr'><strong>in</strong></span> <span class='ocrx_word' id='word_1_242' title='bbox 1032 3141 1195 3196; x_wconf 88' lang='lat' dir='ltr'><strong>vitam</strong></span> <span class='ocrx_word' id='word_1_243' title='bbox 1224 3152 1473 3199; x_wconf 67' lang='lat' dir='ltr'><strong>temrnam</strong></span> <span class='ocrx_word' id='word_1_244' title='bbox 1506 3145 1683 3220; x_wconf 84' lang='lat' dir='ltr'><strong>(Joan.</strong></span> <span class='ocrx_word' id='word_1_245' title='bbox 1703 3164 1773 3215; x_wconf 81' lang='grc' dir='ltr'><strong>ιν,</strong></span> <span class='ocrx_word' id='word_1_246' title='bbox 1807 3151 1919 3221; x_wconf 73' lang='grc'><strong>14).</strong></span> <span class='ocrx_word' id='word_1_247' title='bbox 1949 3152 2078 3209; x_wconf 76' lang='lat' dir='ltr'><strong>Dili-</strong></span> 
     </span>
    </p>
   </div>
   <div class='ocr_carea' id='block_1_32' title="bbox 491 3225 2080 3315">
    <p class='ocr_par' dir='ltr' id='par_1_32' title="bbox 491 3225 2080 3315">
     <span class='ocr_line' id='line_1_32' title="bbox 491 3225 2080 3315; baseline 0.014 -36"><span class='ocrx_word' id='word_1_248' title='bbox 491 3225 652 3315; x_wconf 82' lang='lat' dir='ltr'><strong>gebat</strong></span> <span class='ocrx_word' id='word_1_249' title='bbox 675 3236 851 3283; x_wconf 90' lang='lat' dir='ltr'><strong>autem</strong></span> <span class='ocrx_word' id='word_1_250' title='bbox 872 3229 1017 3284; x_wconf 92' lang='lat' dir='ltr'><strong>illum</strong></span> <span class='ocrx_word' id='word_1_251' title='bbox 1039 3233 1210 3287; x_wconf 91' lang='lat' dir='ltr'><strong>virum</strong></span> <span class='ocrx_word' id='word_1_252' title='bbox 1234 3234 1370 3289; x_wconf 89' lang='lat' dir='ltr'><strong>sicut</strong></span> <span class='ocrx_word' id='word_1_253' title='bbox 1395 3237 1642 3308; x_wconf 88' lang='lat' dir='ltr'><strong>angelum</strong></span> <span class='ocrx_word' id='word_1_254' title='bbox 1674 3239 1789 3307; x_wconf 90' lang='lat' dir='ltr'><strong>Dei,</strong></span> <span class='ocrx_word' id='word_1_255' title='bbox 1821 3243 1961 3311; x_wconf 89' lang='lat' dir='ltr'><strong>quod</strong></span> <span class='ocrx_word' id='word_1_256' title='bbox 1986 3260 2080 3315; x_wconf 89' lang='lat' dir='ltr'><strong>per</strong></span> 
     </span>
    </p>
   </div>
   <div class='ocr_carea' id='block_1_33' title="bbox 490 3314 2083 3403">
    <p class='ocr_par' dir='ltr' id='par_1_33' title="bbox 490 3314 2083 3403">
     <span class='ocr_line' id='line_1_33' title="bbox 490 3314 2083 3403; baseline 0.014 -34"><span class='ocrx_word' id='word_1_257' title='bbox 490 3314 645 3372; x_wconf 90' lang='lat' dir='ltr'><strong>illum</strong></span> <span class='ocrx_word' id='word_1_258' title='bbox 686 3328 1010 3389; x_wconf 86' lang='lat' dir='ltr'><strong>cognoverat</strong></span> <span class='ocrx_word' id='word_1_259' title='bbox 1037 3338 1122 3378; x_wconf 90' lang='lat' dir='ltr'><strong>me</strong></span> <span class='ocrx_word' id='word_1_260' title='bbox 1149 3324 1360 3379; x_wconf 91' lang='lat' dir='ltr'><strong>interim</strong></span> <span class='ocrx_word' id='word_1_261' title='bbox 1390 3327 1457 3382; x_wconf 89' lang='lat' dir='ltr'><strong>ad</strong></span> <span class='ocrx_word' id='word_1_262' title='bbox 1486 3328 1630 3384; x_wconf 91' lang='lat' dir='ltr'><strong>illam</strong></span> <span class='ocrx_word' id='word_1_263' title='bbox 1669 3332 1952 3403; x_wconf 88' lang='lat' dir='ltr'><strong>ancipitem</strong></span> <span class='ocrx_word' id='word_1_264' title='bbox 1982 3335 2083 3390; x_wconf 83' lang='lat' dir='ltr'><strong>ilu-</strong></span> 
     </span>
    </p>
   </div>
   <div class='ocr_carea' id='block_1_34' title="bbox 493 3409 2077 3495">
    <p class='ocr_par' dir='ltr' id='par_1_34' title="bbox 493 3409 2077 3495">
     <span class='ocr_line' id='line_1_34' title="bbox 493 3409 2077 3495; baseline 0.013 -33"><span class='ocrx_word' id='word_1_265' title='bbox 493 3409 817 3467; x_wconf 90' lang='lat' dir='ltr'><strong>ctuationcm</strong></span> <span class='ocrx_word' id='word_1_266' title='bbox 843 3412 957 3482; x_wconf 88' lang='lat' dir='ltr'><strong>jam</strong></span> <span class='ocrx_word' id='word_1_267' title='bbox 989 3428 1107 3470; x_wconf 88' lang='lat' dir='ltr'><strong>esse</strong></span> <span class='ocrx_word' id='word_1_268' title='bbox 1147 3417 1477 3488; x_wconf 88' lang='lat' dir='ltr'><strong>perductum,</strong></span> <span class='ocrx_word' id='word_1_269' title='bbox 1509 3437 1606 3492; x_wconf 92' lang='lat' dir='ltr'><strong>per</strong></span> <span class='ocrx_word' id='word_1_270' title='bbox 1640 3439 1797 3495; x_wconf 88' lang='lat' dir='ltr'><strong>quam</strong></span> <span class='ocrx_word' id='word_1_271' title='bbox 1825 3427 2077 3484; x_wconf 88' lang='lat' dir='ltr'><strong>transitu-</strong></span> 
     </span>
    </p>
   </div>
   <div class='ocr_carea' id='block_1_35' title="bbox 490 3505 2077 3585">
    <p class='ocr_par' dir='ltr' id='par_1_35' title="bbox 490 3505 2077 3585">
     <span class='ocr_line' id='line_1_35' title="bbox 490 3505 2077 3585; baseline 0.016 -31"><span class='ocrx_word' id='word_1_272' title='bbox 490 3514 611 3555; x_wconf 85' lang='lat' dir='ltr'><strong>rum</strong></span> <span class='ocrx_word' id='word_1_273' title='bbox 652 3518 737 3559; x_wconf 92' lang='lat' dir='ltr'><strong>me</strong></span> <span class='ocrx_word' id='word_1_274' title='bbox 776 3505 844 3560; x_wconf 93' lang='lat' dir='ltr'><strong>ab</strong></span> <span class='ocrx_word' id='word_1_275' title='bbox 881 3507 1193 3579; x_wconf 81' lang='lat' dir='ltr'><strong>aegritudine</strong></span> <span class='ocrx_word' id='word_1_276' title='bbox 1228 3512 1295 3568; x_wconf 91' lang='lat' dir='ltr'><strong>ad</strong></span> <span class='ocrx_word' id='word_1_277' title='bbox 1324 3514 1604 3571; x_wconf 90' lang='lat' dir='ltr'><strong>sanitatem</strong></span> <span class='ocrx_word' id='word_1_278' title='bbox 1626 3559 1642 3585; x_wconf 90' lang='lat'><strong>,</strong></span> <span class='ocrx_word' id='word_1_279' title='bbox 1689 3517 2077 3580; x_wconf 89' lang='lat' dir='ltr'><strong>intercurrente</strong></span> 
     </span>
    </p>
   </div>
   <div class='ocr_carea' id='block_1_36' title="bbox 491 3594 2076 3685">
    <p class='ocr_par' dir='ltr' id='par_1_36' title="bbox 491 3594 2076 3685">
     <span class='ocr_line' id='line_1_36' title="bbox 491 3594 2076 3685; baseline 0.016 -38"><span class='ocrx_word' id='word_1_280' title='bbox 491 3594 720 3651; x_wconf 87' lang='lat' dir='ltr'><strong>arctiorc</strong></span> <span class='ocrx_word' id='word_1_281' title='bbox 755 3598 988 3668; x_wconf 89' lang='lat' dir='ltr'><strong>periculo</strong></span> <span class='ocrx_word' id='word_1_282' title='bbox 1012 3601 1055 3669; x_wconf 87' lang='grc'><strong>³,</strong></span> <span class='ocrx_word' id='word_1_283' title='bbox 1086 3605 1236 3674; x_wconf 92' lang='lat' dir='ltr'><strong>quasi</strong></span> <span class='ocrx_word' id='word_1_284' title='bbox 1280 3621 1375 3678; x_wconf 91' lang='lat' dir='ltr'><strong>per</strong></span> <span class='ocrx_word' id='word_1_285' title='bbox 1403 3610 1762 3668; x_wconf 89' lang='lat' dir='ltr'><strong>accessionem</strong></span> <span class='ocrx_word' id='word_1_286' title='bbox 1786 3629 1942 3685; x_wconf 93' lang='lat' dir='ltr'><strong>quam</strong></span> <span class='ocrx_word' id='word_1_287' title='bbox 1968 3617 2076 3673; x_wconf 89' lang='lat' dir='ltr'><strong>cri-</strong></span> 
     </span>
    </p>
   </div>
   <div class='ocr_carea' id='block_1_37' title="bbox 491 3687 1680 3771">
    <p class='ocr_par' dir='ltr' id='par_1_37' title="bbox 491 3687 1680 3771">
     <span class='ocr_line' id='line_1_37' title="bbox 491 3687 1680 3771; baseline 0.015 -29"><span class='ocrx_word' id='word_1_288' title='bbox 491 3687 653 3746; x_wconf 88' lang='lat' dir='ltr'><strong>ticam</strong></span> <span class='ocrx_word' id='word_1_289' title='bbox 677 3690 868 3749; x_wconf 88' lang='lat' dir='ltr'><strong>medici</strong></span> <span class='ocrx_word' id='word_1_290' title='bbox 894 3705 1104 3763; x_wconf 86' lang='lat' dir='ltr'><strong>vocant,</strong></span> <span class='ocrx_word' id='word_1_291' title='bbox 1136 3707 1277 3754; x_wconf 91' lang='lat' dir='ltr'><strong>certa</strong></span> <span class='ocrx_word' id='word_1_292' title='bbox 1307 3703 1680 3771; x_wconf 68' lang='lat' dir='ltr'><strong>praesumebat.</strong></span> 
     </span>
    </p>
   </div>
   <div class='ocr_carea' id='block_1_38' title="bbox 1145 3789 1471 3849">
    <p class='ocr_par' dir='ltr' id='par_1_38' title="bbox 1145 3789 1471 3849">
     <span class='ocr_line' id='line_1_38' title="bbox 1145 3789 1471 3849; baseline 0.012 -5"><span class='ocrx_word' id='word_1_293' title='bbox 1145 3789 1370 3848; x_wconf 85' lang='lat' dir='ltr'><strong>CAPUT</strong></span> <span class='ocrx_word' id='word_1_294' title='bbox 1409 3792 1471 3849; x_wconf 86' lang='lat' dir='ltr'><strong>ll.</strong></span> 
     </span>
    </p>
   </div>
   <div class='ocr_carea' id='block_1_39' title="bbox 668 3875 1901 3964">
    <p class='ocr_par' dir='ltr' id='par_1_39' title="bbox 668 3875 1901 3964">
     <span class='ocr_line' id='line_1_39' title="bbox 668 3875 1901 3964; baseline 0.013 -33"><span class='ocrx_word' id='word_1_295' title='bbox 668 3875 857 3948; x_wconf 76' lang='lat' dir='ltr'><strong>Epulae</strong></span> <span class='ocrx_word' id='word_1_296' title='bbox 880 3888 930 3934; x_wconf 83' lang='lat' dir='ltr'><strong>et</strong></span> <span class='ocrx_word' id='word_1_297' title='bbox 956 3881 1163 3952; x_wconf 73' lang='lat' dir='ltr'><strong>synaxis</strong></span> <span class='ocrx_word' id='word_1_298' title='bbox 1186 3884 1327 3954; x_wconf 82' lang='lat' dir='ltr'><strong>apud</strong></span> <span class='ocrx_word' id='word_1_299' title='bbox 1348 3888 1581 3957; x_wconf 74' lang='lat' dir='ltr'><strong>sepulcra</strong></span> <span class='ocrx_word' id='word_1_300' title='bbox 1604 3897 1901 3964; x_wconf 82' lang='lat' dir='ltr'><strong>martyrum.</strong></span> 
     </span>
    </p>
   </div>
   <div class='ocr_carea' id='block_1_40' title="bbox 559 3967 2074 4053">
    <p class='ocr_par' dir='ltr' id='par_1_40' title="bbox 559 3967 2074 4053">
     <span class='ocr_line' id='line_1_40' title="bbox 559 3967 2074 4053; baseline 0.013 -30"><span class='ocrx_word' id='word_1_301' title='bbox 559 3967 615 4023; x_wconf 76' lang='grc'><strong>2.</strong></span> <span class='ocrx_word' id='word_1_302' title='bbox 660 3967 844 4041; x_wconf 85' lang='lat' dir='ltr'><strong>Itaque</strong></span> <span class='ocrx_word' id='word_1_303' title='bbox 878 3986 1000 4028; x_wconf 90' lang='lat' dir='ltr'><strong>cum</strong></span> <span class='ocrx_word' id='word_1_304' title='bbox 1041 3972 1106 4029; x_wconf 91' lang='lat' dir='ltr'><strong>ad</strong></span> <span class='ocrx_word' id='word_1_305' title='bbox 1146 3976 1432 4034; x_wconf 89' lang='lat' dir='ltr'><strong>memorias</strong></span> <span class='ocrx_word' id='word_1_306' title='bbox 1461 3988 1801 4053; x_wconf 88' lang='lat' dir='ltr'><strong>sanctorum,</strong></span> <span class='ocrx_word' id='word_1_307' title='bbox 1842 3984 1982 4042; x_wconf 86' lang='lat' dir='ltr'><strong>sicut</strong></span> <span class='ocrx_word' id='word_1_308' title='bbox 2021 3986 2074 4042; x_wconf 91' lang='lat' dir='ltr'><strong>in</strong></span> 
     </span>
    </p>
   </div>
   <div class='ocr_carea' id='block_1_41' title="bbox 489 4059 2077 4139">
    <p class='ocr_par' dir='ltr' id='par_1_41' title="bbox 489 4059 2077 4139">
     <span class='ocr_line' id='line_1_41' title="bbox 489 4059 2077 4139; baseline 0.012 -22"><span class='ocrx_word' id='word_1_309' title='bbox 489 4059 667 4117; x_wconf 78' lang='lat' dir='ltr'><strong>Africa</strong></span> <span class='ocrx_word' id='word_1_310' title='bbox 706 4063 934 4132; x_wconf 89' lang='lat' dir='ltr'><strong>solebat,</strong></span> <span class='ocrx_word' id='word_1_311' title='bbox 964 4065 1141 4137; x_wconf 89' lang='lat' dir='ltr'><strong>pultes</strong></span> <span class='ocrx_word' id='word_1_312' title='bbox 1167 4076 1221 4123; x_wconf 91' lang='lat' dir='ltr'><strong>et</strong></span> <span class='ocrx_word' id='word_1_313' title='bbox 1245 4084 1435 4139; x_wconf 90' lang='lat' dir='ltr'><strong>panem</strong></span> <span class='ocrx_word' id='word_1_314' title='bbox 1480 4080 1536 4128; x_wconf 93' lang='lat' dir='ltr'><strong>et</strong></span> <span class='ocrx_word' id='word_1_315' title='bbox 1579 4090 1785 4131; x_wconf 90' lang='lat' dir='ltr'><strong>merum</strong></span> <span class='ocrx_word' id='word_1_316' title='bbox 1812 4078 2077 4136; x_wconf 90' lang='lat' dir='ltr'><strong>attulisset</strong></span> 
     </span>
    </p>
   </div>
   <div class='ocr_carea' id='block_1_42' title="bbox 489 4154 2073 4240">
    <p class='ocr_par' dir='ltr' id='par_1_42' title="bbox 489 4154 2073 4240">
     <span class='ocr_line' id='line_1_42' title="bbox 489 4154 2073 4240; baseline 0.013 -32"><span class='ocrx_word' id='word_1_317' title='bbox 489 4163 649 4225; x_wconf 87' lang='lat' dir='ltr'><strong>atque</strong></span> <span class='ocrx_word' id='word_1_318' title='bbox 673 4154 741 4210; x_wconf 83' lang='lat' dir='ltr'><strong>ab</strong></span> <span class='ocrx_word' id='word_1_319' title='bbox 767 4156 987 4213; x_wconf 88' lang='lat' dir='ltr'><strong>ostiario</strong></span> <span class='ocrx_word' id='word_1_320' title='bbox 1028 4160 1431 4231; x_wconf 86' lang='lat' dir='ltr'><strong>prohiberetur;</strong></span> <span class='ocrx_word' id='word_1_321' title='bbox 1479 4165 1568 4220; x_wconf 91' lang='lat' dir='ltr'><strong>ubi</strong></span> <span class='ocrx_word' id='word_1_322' title='bbox 1617 4165 1720 4223; x_wconf 88' lang='lat' dir='ltr'><strong>hoc</strong></span> <span class='ocrx_word' id='word_1_323' title='bbox 1765 4168 2073 4240; x_wconf 88' lang='lat' dir='ltr'><strong>episcopum</strong></span> 
     </span>
    </p>
   </div>
   <div class='ocr_carea' id='block_1_43' title="bbox 487 4249 2076 4337">
    <p class='ocr_par' dir='ltr' id='par_1_43' title="bbox 487 4249 2076 4337">
     <span class='ocr_line' id='line_1_43' title="bbox 487 4249 2076 4337; baseline 0.013 -34"><span class='ocrx_word' id='word_1_324' title='bbox 487 4249 723 4307; x_wconf 85' lang='lat' dir='ltr'><strong>vetuisse</strong></span> <span class='ocrx_word' id='word_1_325' title='bbox 751 4253 1018 4324; x_wconf 82' lang='lat' dir='ltr'><strong>cognovit,</strong></span> <span class='ocrx_word' id='word_1_326' title='bbox 1054 4264 1160 4311; x_wconf 91' lang='lat' dir='ltr'><strong>tam</strong></span> <span class='ocrx_word' id='word_1_327' title='bbox 1190 4258 1276 4327; x_wconf 90' lang='lat' dir='ltr'><strong>pie</strong></span> <span class='ocrx_word' id='word_1_328' title='bbox 1302 4266 1463 4331; x_wconf 89' lang='lat' dir='ltr'><strong>atque</strong></span> <span class='ocrx_word' id='word_1_329' title='bbox 1490 4260 1805 4323; x_wconf 87' lang='lat' dir='ltr'><strong>obedienter</strong></span> <span class='ocrx_word' id='word_1_330' title='bbox 1830 4266 2076 4337; x_wconf 81' lang='lat' dir='ltr'><strong>amplexa</strong></span> 
     </span>
    </p>
   </div>
   <div class='ocr_carea' id='block_1_44' title="bbox 486 4344 2076 4431">
    <p class='ocr_par' dir='ltr' id='par_1_44' title="bbox 486 4344 2076 4431">
     <span class='ocr_line' id='line_1_44' title="bbox 486 4344 2076 4431; baseline 0.012 -34"><span class='ocrx_word' id='word_1_331' title='bbox 486 4348 599 4412; x_wconf 87' lang='lat' dir='ltr'><strong>est,</strong></span> <span class='ocrx_word' id='word_1_332' title='bbox 642 4352 704 4400; x_wconf 91' lang='lat' dir='ltr'><strong>ut</strong></span> <span class='ocrx_word' id='word_1_333' title='bbox 743 4344 860 4417; x_wconf 88' lang='lat' dir='ltr'><strong>ipse</strong></span> <span class='ocrx_word' id='word_1_334' title='bbox 902 4347 1130 4405; x_wconf 84' lang='lat' dir='ltr'><strong>mirarer</strong></span> <span class='ocrx_word' id='word_1_335' title='bbox 1155 4347 1180 4383; x_wconf 72' lang='grc'>⁸</span> <span class='ocrx_word' id='word_1_336' title='bbox 1205 4365 1365 4423; x_wconf 87' lang='lat' dir='ltr'><strong>quam</strong></span> <span class='ocrx_word' id='word_1_337' title='bbox 1394 4351 1549 4410; x_wconf 86' lang='lat' dir='ltr'><strong>facile</strong></span> <span class='ocrx_word' id='word_1_338' title='bbox 1575 4357 1873 4413; x_wconf 81' lang='lat' dir='ltr'><strong>accusatrix</strong></span> <span class='ocrx_word' id='word_1_339' title='bbox 1897 4358 2076 4431; x_wconf 81' lang='lat' dir='ltr'><strong>potius</strong></span> 
     </span>
    </p>
   </div>
   <div class='ocr_carea' id='block_1_45' title="bbox 486 4438 2073 4522">
    <p class='ocr_par' dir='ltr' id='par_1_45' title="bbox 486 4438 2073 4522">
     <span class='ocr_line' id='line_1_45' title="bbox 486 4438 2073 4522; baseline 0.011 -31"><span class='ocrx_word' id='word_1_340' title='bbox 486 4438 893 4496; x_wconf 87' lang='lat' dir='ltr'><strong>consuetudinis</strong></span> <span class='ocrx_word' id='word_1_341' title='bbox 915 4456 1027 4497; x_wconf 74' lang='lat' dir='ltr'><strong>suae</strong></span> <span class='ocrx_word' id='word_1_342' title='bbox 1056 4440 1155 4515; x_wconf 80' lang='grc' dir='ltr'><strong>(α),</strong></span> <span class='ocrx_word' id='word_1_343' title='bbox 1177 4458 1335 4515; x_wconf 87' lang='lat' dir='ltr'><strong>quam</strong></span> <span class='ocrx_word' id='word_1_344' title='bbox 1360 4443 1706 4518; x_wconf 84' lang='lat' dir='ltr'><strong>disceptatrix</strong></span> <span class='ocrx_word' id='word_1_345' title='bbox 1730 4450 1868 4506; x_wconf 92' lang='lat' dir='ltr'><strong>illius</strong></span> <span class='ocrx_word' id='word_1_346' title='bbox 1887 4451 2073 4522; x_wconf 89' lang='lat' dir='ltr'><strong>prohi-</strong></span> 
     </span>
    </p>
   </div>
   <div class='ocr_carea' id='block_1_46' title="bbox 487 4528 2074 4616">
    <p class='ocr_par' dir='ltr' id='par_1_46' title="bbox 487 4528 2074 4616">
     <span class='ocr_line' id='line_1_46' title="bbox 487 4528 2074 4616; baseline 0.011 -33"><span class='ocrx_word' id='word_1_347' title='bbox 487 4528 706 4586; x_wconf 88' lang='lat' dir='ltr'><strong>bitionis</strong></span> <span class='ocrx_word' id='word_1_348' title='bbox 732 4530 924 4590; x_wconf 80' lang='lat' dir='ltr'><strong>effecta</strong></span> <span class='ocrx_word' id='word_1_349' title='bbox 952 4535 1041 4590; x_wconf 87' lang='lat' dir='ltr'><strong>sit.</strong></span> <span class='ocrx_word' id='word_1_350' title='bbox 1068 4535 1186 4591; x_wconf 88' lang='lat' dir='ltr'><strong>Non</strong></span> <span class='ocrx_word' id='word_1_351' title='bbox 1206 4537 1348 4593; x_wconf 88' lang='lat' dir='ltr'><strong>enim</strong></span> <span class='ocrx_word' id='word_1_352' title='bbox 1376 4538 1656 4598; x_wconf 85' lang='lat' dir='ltr'><strong>obsidebat</strong></span> <span class='ocrx_word' id='word_1_353' title='bbox 1685 4542 1927 4615; x_wconf 88' lang='lat' dir='ltr'><strong>spiritum</strong></span> <span class='ocrx_word' id='word_1_354' title='bbox 1958 4544 2074 4616; x_wconf 85' lang='lat' dir='ltr'><strong>ejus</strong></span> 
     </span>
    </p>
   </div>
   <div class='ocr_carea' id='block_1_47' title="bbox 487 4620 2075 4698">
    <p class='ocr_par' dir='ltr' id='par_1_47' title="bbox 487 4620 2075 4698">
     <span class='ocr_line' id='line_1_47' title="bbox 487 4620 2075 4698; baseline 0.011 -24"><span class='ocrx_word' id='word_1_355' title='bbox 487 4620 810 4691; x_wconf 86' lang='lat' dir='ltr'><strong>vinolentia,</strong></span> <span class='ocrx_word' id='word_1_356' title='bbox 838 4640 1066 4698; x_wconf 87' lang='lat' dir='ltr'><strong>eamque</strong></span> <span class='ocrx_word' id='word_1_357' title='bbox 1103 4629 1411 4686; x_wconf 89' lang='lat' dir='ltr'><strong>stimulabat</strong></span> <span class='ocrx_word' id='word_1_358' title='bbox 1441 4630 1496 4687; x_wconf 94' lang='lat' dir='ltr'><strong>in</strong></span> <span class='ocrx_word' id='word_1_359' title='bbox 1536 4633 1715 4689; x_wconf 93' lang='lat' dir='ltr'><strong>odium</strong></span> <span class='ocrx_word' id='word_1_360' title='bbox 1757 4636 1870 4691; x_wconf 89' lang='lat' dir='ltr'><strong>veri</strong></span> <span class='ocrx_word' id='word_1_361' title='bbox 1924 4651 2075 4692; x_wconf 90' lang='lat' dir='ltr'><strong>amor</strong></span> 
     </span>
    </p>
   </div>
   <div class='ocr_carea' id='block_1_48' title="bbox 487 4712 2073 4797">
    <p class='ocr_par' dir='ltr' id='par_1_48' title="bbox 487 4712 2073 4797">
     <span class='ocr_line' id='line_1_48' title="bbox 487 4712 2073 4797; baseline 0.01 -31"><span class='ocrx_word' id='word_1_362' title='bbox 487 4712 618 4779; x_wconf 87' lang='lat' dir='ltr'><strong>vini,</strong></span> <span class='ocrx_word' id='word_1_363' title='bbox 650 4713 788 4770; x_wconf 86' lang='lat' dir='ltr'><strong>sicut</strong></span> <span class='ocrx_word' id='word_1_364' title='bbox 814 4716 1097 4788; x_wconf 85' lang='lat' dir='ltr'><strong>plerosque</strong></span> <span class='ocrx_word' id='word_1_365' title='bbox 1124 4735 1300 4777; x_wconf 89' lang='lat' dir='ltr'><strong>mares</strong></span> <span class='ocrx_word' id='word_1_366' title='bbox 1329 4731 1384 4778; x_wconf 91' lang='lat' dir='ltr'><strong>et</strong></span> <span class='ocrx_word' id='word_1_367' title='bbox 1412 4722 1656 4793; x_wconf 87' lang='lat' dir='ltr'><strong>feminas,</strong></span> <span class='ocrx_word' id='word_1_368' title='bbox 1688 4725 1778 4797; x_wconf 88' lang='lat' dir='ltr'><strong>qui</strong></span> <span class='ocrx_word' id='word_1_369' title='bbox 1807 4726 1874 4782; x_wconf 90' lang='lat' dir='ltr'><strong>ad</strong></span> <span class='ocrx_word' id='word_1_370' title='bbox 1902 4728 2073 4782; x_wconf 92' lang='lat' dir='ltr'><strong>canti-</strong></span> 
     </span>
    </p>
   </div>
   <div class='ocr_carea' id='block_1_49' title="bbox 489 4804 2071 4890">
    <p class='ocr_par' dir='ltr' id='par_1_49' title="bbox 489 4804 2071 4890">
     <span class='ocr_line' id='line_1_49' title="bbox 489 4804 2071 4890; baseline 0.009 -30"><span class='ocrx_word' id='word_1_371' title='bbox 489 4819 612 4861; x_wconf 93' lang='lat' dir='ltr'><strong>cum</strong></span> <span class='ocrx_word' id='word_1_372' title='bbox 655 4804 985 4877; x_wconf 74' lang='lat' dir='ltr'><strong>Sobrietatis,</strong></span> <span class='ocrx_word' id='word_1_373' title='bbox 1012 4810 1150 4867; x_wconf 89' lang='lat' dir='ltr'><strong>sicut</strong></span> <span class='ocrx_word' id='word_1_374' title='bbox 1187 4813 1252 4870; x_wconf 93' lang='lat' dir='ltr'><strong>ad</strong></span> <span class='ocrx_word' id='word_1_375' title='bbox 1294 4816 1565 4885; x_wconf 89' lang='lat' dir='ltr'><strong>potionem</strong></span> <span class='ocrx_word' id='word_1_376' title='bbox 1604 4827 1851 4890; x_wconf 86' lang='lat' dir='ltr'><strong>aquatam</strong></span> <span class='ocrx_word' id='word_1_377' title='bbox 1876 4820 2071 4876; x_wconf 90' lang='lat' dir='ltr'><strong>madidi</strong></span> 
     </span>
    </p>
   </div>
   <div class='ocr_carea' id='block_1_50' title="bbox 486 4896 2069 4969">
    <p class='ocr_par' dir='ltr' id='par_1_50' title="bbox 486 4896 2069 4969">
     <span class='ocr_line' id='line_1_50' title="bbox 486 4896 2069 4969; baseline 0.011 -18"><span class='ocrx_word' id='word_1_378' title='bbox 486 4905 767 4953; x_wconf 87' lang='lat' dir='ltr'><strong>nauseant.</strong></span> <span class='ocrx_word' id='word_1_379' title='bbox 798 4896 906 4955; x_wconf 88' lang='lat' dir='ltr'><strong>Sed</strong></span> <span class='ocrx_word' id='word_1_380' title='bbox 937 4902 1024 4957; x_wconf 91' lang='lat' dir='ltr'><strong>illa</strong></span> <span class='ocrx_word' id='word_1_381' title='bbox 1052 4917 1173 4959; x_wconf 92' lang='lat' dir='ltr'><strong>cum</strong></span> <span class='ocrx_word' id='word_1_382' title='bbox 1202 4906 1469 4965; x_wconf 90' lang='lat' dir='ltr'><strong>attulisset</strong></span> <span class='ocrx_word' id='word_1_383' title='bbox 1500 4911 1790 4966; x_wconf 88' lang='lat' dir='ltr'><strong>canistrum</strong></span> <span class='ocrx_word' id='word_1_384' title='bbox 1828 4928 1949 4969; x_wconf 92' lang='lat' dir='ltr'><strong>cum</strong></span> <span class='ocrx_word' id='word_1_385' title='bbox 1979 4927 2069 4968; x_wconf 93' lang='lat' dir='ltr'><strong>so-</strong></span> 
     </span>
    </p>
   </div>
   <div class='ocr_carea' id='block_1_51' title="bbox 484 4990 2123 5084">
    <p class='ocr_par' dir='ltr' id='par_1_51' title="bbox 484 4990 2123 5084">
     <span class='ocr_line' id='line_1_51' title="bbox 484 4990 2123 5084; baseline 0.011 -38"><span class='ocrx_word' id='word_1_386' title='bbox 484 4990 752 5049; x_wconf 90' lang='lat' dir='ltr'><strong>lemnibus</strong></span> <span class='ocrx_word' id='word_1_387' title='bbox 785 4994 956 5066; x_wconf 88' lang='lat' dir='ltr'><strong>epulis</strong></span> <span class='ocrx_word' id='word_1_388' title='bbox 986 4999 1373 5069; x_wconf 71' lang='lat' dir='ltr'><strong>prargustandis</strong></span> <span class='ocrx_word' id='word_1_389' title='bbox 1414 5008 1573 5073; x_wconf 89' lang='lat' dir='ltr'><strong>atque</strong></span> <span class='ocrx_word' id='word_1_390' title='bbox 1614 5004 1920 5076; x_wconf 81' lang='lat' dir='ltr'><strong>largiendis,</strong></span> <span class='ocrx_word' id='word_1_391' title='bbox 1953 4990 2123 5084; x_wconf 29' lang='lat' dir='ltr'><strong>plus:</strong></span> 
     </span>
    </p>
   </div>
   <div class='ocr_carea' id='block_1_52' title="bbox 2071 5076 3687 5158">
    <p class='ocr_par' dir='ltr' id='par_1_52' title="bbox 2071 5076 3687 5158">
     <span class='ocr_line' id='line_1_52' title="bbox 2071 5076 3687 5158; baseline -0.007 -10"><span class='ocrx_word' id='word_1_392' title='bbox 2175 5090 2492 5148; x_wconf 88' lang='lat' dir='ltr'><strong>necessariis</strong></span> <span class='ocrx_word' id='word_1_393' title='bbox 2535 5090 2930 5158; x_wconf 90' lang='lat' dir='ltr'><strong>sustentaculis,</strong></span> <span class='ocrx_word' id='word_1_394' title='bbox 2970 5100 3063 5147; x_wconf 89' lang='lat' dir='ltr'><strong>aut</strong></span> <span class='ocrx_word' id='word_1_395' title='bbox 3105 5090 3329 5148; x_wconf 89' lang='lat' dir='ltr'><strong>lectione</strong></span> <span class='ocrx_word' id='word_1_396' title='bbox 3357 5076 3687 5145; x_wconf 81' lang='lat' dir='ltr'><strong>animum.Sed</strong></span> 
     </span>
    </p>
   </div>
   <div class='ocr_carea' id='block_1_53' title="bbox 549 5129 1532 5199">
    <p class='ocr_par' dir='ltr' id='par_1_53' title="bbox 549 5129 1532 5199">
     <span class='ocr_line' id='line_1_53' title="bbox 549 5129 1532 5199; baseline 0.01 -19"><span class='ocrx_word' id='word_1_397' title='bbox 549 5129 822 5199; x_wconf 62' lang='lat' dir='ltr'><strong>{Incodice</strong></span> <span class='ocrx_word' id='word_1_398' title='bbox 837 5131 939 5183; x_wconf 82' lang='lat' dir='ltr'><strong>Alb.</strong></span> <span class='ocrx_word' id='word_1_399' title='bbox 959 5133 1174 5199; x_wconf 86' lang='lat' dir='ltr'><strong>additur,</strong></span> <span class='ocrx_word' id='word_1_400' title='bbox 1191 5135 1411 5199; x_wconf 79' lang='lat' dir='ltr'><strong>ftmdere.</strong></span> 
     </span>
    </p>
   </div>
   <div class='ocr_carea' id='block_1_54' title="bbox 547 5194 1941 5267">
    <p class='ocr_par' dir='ltr' id='par_1_54' title="bbox 547 5194 1941 5267">
     <span class='ocr_line' id='line_1_54' title="bbox 547 5194 1941 5267; baseline 0.009 -25"><span class='ocrx_word' id='word_1_401' title='bbox 547 5194 570 5267; x_wconf 67' lang='grc' dir='ltr'><strong>ξ</strong></span> <span class='ocrx_word' id='word_1_402' title='bbox 589 5199 661 5243; x_wconf 82' lang='lat' dir='ltr'><strong>Ita</strong></span> <span class='ocrx_word' id='word_1_403' title='bbox 677 5194 901 5267; x_wconf 69' lang='lat' dir='ltr'><strong>potiores</strong></span> <span class='ocrx_word' id='word_1_404' title='bbox 913 5201 1021 5267; x_wconf 72' lang='lat' dir='ltr'><strong>Mss.</strong></span> <span class='ocrx_word' id='word_1_405' title='bbox 1040 5205 1097 5267; x_wconf 61' lang='lat' dir='ltr'><strong>{tt</strong></span> <span class='ocrx_word' id='word_1_406' title='bbox 1254 5213 1527 5267; x_wconf 70' lang='lat' dir='ltr'><strong>cunerem,</strong></span> <span class='ocrx_word' id='word_1_407' title='bbox 1549 5208 1595 5252; x_wconf 84' lang='lat' dir='ltr'><strong>et</strong></span> <span class='ocrx_word' id='word_1_408' title='bbox 1617 5201 1672 5252; x_wconf 78' lang='lat' dir='ltr'><strong>in</strong></span> <span class='ocrx_word' id='word_1_409' title='bbox 1690 5202 1941 5258; x_wconf 67' lang='lat' dir='ltr'><strong>mbradi.</strong></span> 
     </span>
    </p>
   </div>
   <div class='ocr_carea' id='block_1_55' title="bbox 544 5253 1881 5327">
    <p class='ocr_par' dir='ltr' id='par_1_55' title="bbox 544 5253 1881 5327">
     <span class='ocr_line' id='line_1_55' title="bbox 544 5253 1881 5327; baseline 0.007 -21"><span class='ocrx_word' id='word_1_410' title='bbox 544 5253 779 5327; x_wconf 39' lang='lat' dir='ltr'><strong>faction</strong></span> <span class='ocrx_word' id='word_1_411' title='bbox 792 5256 1032 5322; x_wconf 77' lang='lat' dir='ltr'><strong>periculo,</strong></span> <span class='ocrx_word' id='word_1_412' title='bbox 1050 5261 1190 5324; x_wconf 84' lang='lat' dir='ltr'><strong>juxta</strong></span> <span class='ocrx_word' id='word_1_413' title='bbox 1202 5268 1278 5312; x_wconf 82' lang='lat' dir='ltr'><strong>Er.</strong></span> <span class='ocrx_word' id='word_1_414' title='bbox 1298 5263 1445 5327; x_wconf 82' lang='lat' dir='ltr'><strong>Lugd.</strong></span> <span class='ocrx_word' id='word_1_415' title='bbox 1465 5253 1583 5314; x_wconf 80' lang='lat' dir='ltr'><strong>ven.</strong></span> <span class='ocrx_word' id='word_1_416' title='bbox 1605 5270 1657 5314; x_wconf 89' lang='lat' dir='ltr'><strong>et</strong></span> <span class='ocrx_word' id='word_1_417' title='bbox 1672 5253 1790 5327; x_wconf 69' lang='lat' dir='ltr'><strong>Lov.</strong></span> <span class='ocrx_word' id='word_1_418' title='bbox 1810 5253 1881 5317; x_wconf 10' lang='lat' dir='ltr'><strong>fit.</strong></span> 
     </span>
    </p>
   </div>
   <div class='ocr_carea' id='block_1_56' title="bbox 543 5315 1941 5388">
    <p class='ocr_par' dir='ltr' id='par_1_56' title="bbox 543 5315 1941 5388">
     <span class='ocr_line' id='line_1_56' title="bbox 543 5315 1941 5388; baseline 0.008 -20"><span class='ocrx_word' id='word_1_419' title='bbox 543 5315 565 5349; x_wconf 73' lang='grc' dir='ltr'>δ</span> <span class='ocrx_word' id='word_1_420' title='bbox 580 5318 656 5368; x_wconf 84' lang='lat' dir='ltr'><strong>Sic</strong></span> <span class='ocrx_word' id='word_1_421' title='bbox 670 5326 779 5370; x_wconf 78' lang='lat' dir='ltr'><strong>Mss.</strong></span> <span class='ocrx_word' id='word_1_422' title='bbox 793 5315 853 5372; x_wconf 65' lang='lat' dir='ltr'><strong>&#39;et</strong></span> <span class='ocrx_word' id='word_1_423' title='bbox 867 5327 970 5371; x_wconf 79' lang='lat' dir='ltr'><strong>Am.</strong></span> <span class='ocrx_word' id='word_1_424' title='bbox 990 5315 1068 5372; x_wconf 61' lang='lat' dir='ltr'><strong>Er:</strong></span> <span class='ocrx_word' id='word_1_425' title='bbox 1086 5332 1195 5374; x_wconf 65' lang='lat' dir='ltr'><strong>arn.</strong></span> <span class='ocrx_word' id='word_1_426' title='bbox 1211 5338 1227 5387; x_wconf 94' lang='lat'><strong>;</strong></span> <span class='ocrx_word' id='word_1_427' title='bbox 1246 5331 1295 5375; x_wconf 88' lang='lat' dir='ltr'><strong>at</strong></span> <span class='ocrx_word' id='word_1_428' title='bbox 1312 5315 1422 5375; x_wconf 67' lang='grc' dir='ltr'><strong>Βᾱᾶ.</strong></span> <span class='ocrx_word' id='word_1_429' title='bbox 1444 5330 1496 5376; x_wconf 90' lang='lat' dir='ltr'><strong>et</strong></span> <span class='ocrx_word' id='word_1_430' title='bbox 1511 5332 1643 5388; x_wconf 85' lang='lat' dir='ltr'><strong>Lov.,</strong></span> <span class='ocrx_word' id='word_1_431' title='bbox 1659 5315 1941 5379; x_wconf 64' lang='lat' dir='ltr'><strong>miraretur.</strong></span> 
     </span>
    </p>
   </div>
   <div class='ocr_carea' id='block_1_57' title="bbox 537 5398 1468 5502">
    <p class='ocr_par' dir='ltr' id='par_1_57' title="bbox 537 5398 1468 5502">
     <span class='ocr_line' id='line_1_57' title="bbox 537 5398 1468 5502; baseline 0 0"><span class='ocrx_word' id='word_1_432' title='bbox 537 5398 1115 5502; x_wconf 56' lang='grc' dir='ltr'><strong>ζαὶοοοεῑιβωάίρεωέιθ</strong></span> <span class='ocrx_word' id='word_1_433' title='bbox 1127 5439 1224 5500; x_wconf 65' lang='lat' dir='ltr'><strong>qua</strong></span> <span class='ocrx_word' id='word_1_434' title='bbox 1244 5427 1324 5477; x_wconf 73' lang='lat' dir='ltr'><strong>hic</strong></span> <span class='ocrx_word' id='word_1_435' title='bbox 1339 5430 1468 5502; x_wconf 56' lang='lat' dir='ltr'><strong>usus</strong></span> 
     </span>
    </p>
   </div>
   <div class='ocr_carea' id='block_1_58' title="bbox 470 5484 2070 5612">
    <p class='ocr_par' dir='ltr' id='par_1_58' title="bbox 470 5484 2070 5612">
     <span class='ocr_line' id='line_1_58' title="bbox 470 5484 2070 5600; baseline 0.007 -65"><span class='ocrx_word' id='word_1_436' title='bbox 470 5484 589 5537; x_wconf 86' lang='lat' dir='ltr'><strong>dem</strong></span> <span class='ocrx_word' id='word_1_437' title='bbox 603 5487 1125 5600; x_wconf 55' lang='lat' dir='ltr'><strong>recewoniam</strong></span> <span class='ocrx_word' id='word_1_438' title='bbox 1143 5484 1202 5537; x_wconf 82' lang='lat' dir='ltr'><strong>in</strong></span> <span class='ocrx_word' id='word_1_439' title='bbox 1217 5484 1597 5561; x_wconf 59' lang='lat' dir='ltr'><strong>come§ationes</strong></span> <span class='ocrx_word' id='word_1_440' title='bbox 1613 5497 1665 5541; x_wconf 87' lang='lat' dir='ltr'><strong>et</strong></span> <span class='ocrx_word' id='word_1_441' title='bbox 1694 5491 1963 5567; x_wconf 68' lang='lat' dir='ltr'><strong>ebrietates</strong></span> <span class='ocrx_word' id='word_1_442' title='bbox 1971 5484 2070 5550; x_wconf 68' lang='lat' dir='ltr'><strong>de.</strong></span> 
     </span>
     <span class='ocr_line' id='line_1_59' title="bbox 474 5548 2067 5612; baseline 0.009 -14"><span class='ocrx_word' id='word_1_443' title='bbox 474 5548 713 5612; x_wconf 56' lang='lat' dir='ltr'><strong>ﬂexerat,</strong></span> <span class='ocrx_word' id='word_1_444' title='bbox 733 5564 759 5600; x_wconf 88' lang='lat' dir='ltr'><strong>r</strong></span> <span class='ocrx_word' id='word_1_445' title='bbox 929 5549 1271 5612; x_wconf 61' lang='lat' dir='ltr'><strong>ere-estmiliter</strong></span> <span class='ocrx_word' id='word_1_446' title='bbox 1286 5550 1569 5612; x_wconf 77' lang='lat' dir='ltr'><strong>aggreditur</strong></span> <span class='ocrx_word' id='word_1_447' title='bbox 1586 5560 1903 5612; x_wconf 78' lang='lat' dir='ltr'><strong>Augustinus,</strong></span> <span class='ocrx_word' id='word_1_448' title='bbox 1936 5566 1989 5608; x_wconf 89' lang='lat' dir='ltr'><strong>et</strong></span> <span class='ocrx_word' id='word_1_449' title='bbox 2005 5573 2067 5612; x_wconf 74' lang='lat' dir='ltr'><strong>ea</strong></span> 
     </span>
    </p>
   </div>
   <div class='ocr_carea' id='block_1_59' title="bbox 1244 5427 2131 5497">
    <p class='ocr_par' dir='ltr' id='par_1_59' title="bbox 1244 5427 2131 5497">
     <span class='ocr_line' id='line_1_60' title="bbox 1244 5427 2131 5497; baseline 0.008 -20"><span class='ocrx_word' id='word_1_450' title='bbox 1244 5427 1324 5477; x_wconf 89' lang='lat' dir='ltr'><strong>hic</strong></span> <span class='ocrx_word' id='word_1_451' title='bbox 1339 5430 1498 5497; x_wconf 76' lang='lat' dir='ltr'><strong>agitur</strong></span> <span class='ocrx_word' id='word_1_452' title='bbox 1509 5462 1525 5489; x_wconf 90' lang='lat'><strong>,</strong></span> <span class='ocrx_word' id='word_1_453' title='bbox 1549 5434 1651 5478; x_wconf 86' lang='lat' dir='ltr'><strong>tota</strong></span> <span class='ocrx_word' id='word_1_454' title='bbox 1676 5428 1797 5497; x_wconf 67' lang='lat' dir='ltr'><strong>licet</strong></span> <span class='ocrx_word' id='word_1_455' title='bbox 1806 5429 1957 5481; x_wconf 78' lang='lat' dir='ltr'><strong>Africa</strong></span> <span class='ocrx_word' id='word_1_456' title='bbox 1971 5437 2069 5497; x_wconf 77' lang='lat' dir='ltr'><strong>prl-</strong></span> <span class='ocrx_word' id='word_1_457' title='bbox 2123 5431 2131 5434; x_wconf 66' lang='grc'><em>’</em></span> 
     </span>
    </p>
   </div>
   <div class='ocr_carea' id='block_1_60' title="bbox 929 5549 2165 5618">
    <p class='ocr_par' dir='ltr' id='par_1_60' title="bbox 929 5549 2165 5618">
     <span class='ocr_line' id='line_1_61' title="bbox 929 5549 2165 5618; baseline -0.005 0"><span class='ocrx_word' id='word_1_458' title='bbox 929 5549 1271 5618; x_wconf 52' lang='lat' dir='ltr'><strong>“edulium</strong></span> <span class='ocrx_word' id='word_1_459' title='bbox 1286 5550 1572 5618; x_wconf 65' lang='lat' dir='ltr'><strong>essredilm:</strong></span> <span class='ocrx_word' id='word_1_460' title='bbox 1586 5556 1903 5618; x_wconf 71' lang='lat' dir='ltr'><strong>Augustinus.</strong></span> <span class='ocrx_word' id='word_1_461' title='bbox 1936 5566 1989 5608; x_wconf 88' lang='lat' dir='ltr'><strong>et</strong></span> <span class='ocrx_word' id='word_1_462' title='bbox 2005 5549 2067 5614; x_wconf 70' lang='lat' dir='ltr'><strong>ea</strong></span> 
     </span>
    </p>
   </div>
   <div class='ocr_carea' id='block_1_61' title="bbox 1666 341 3717 440">
    <p class='ocr_par' dir='ltr' id='par_1_61' title="bbox 1666 341 3717 440">
     <span class='ocr_line' id='line_1_62' title="bbox 1666 341 3717 440; baseline 0.003 -39"><span class='ocrx_word' id='word_1_463' title='bbox 1666 341 2182 405; x_wconf 70' lang='lat' dir='ltr'><strong>couressmnuu</strong></span> <span class='ocrx_word' id='word_1_464' title='bbox 2219 342 2276 405; x_wconf 90' lang='lat' dir='ltr'><strong>s.</strong></span> <span class='ocrx_word' id='word_1_465' title='bbox 2316 343 2683 408; x_wconf 64' lang='lat' dir='ltr'><strong>aucus&#39;rnu</strong></span> <span class='ocrx_word' id='word_1_466' title='bbox 3629 378 3717 440; x_wconf 60' lang='lat'><strong>7,,</strong></span> 
     </span>
    </p>
   </div>
   <div class='ocr_carea' id='block_1_62' title="bbox 2211 463 3717 557">
    <p class='ocr_par' dir='ltr' id='par_1_62' title="bbox 2211 463 3717 557">
     <span class='ocr_line' id='line_1_63' title="bbox 2211 463 3717 557; baseline 0.023 -39"><span class='ocrx_word' id='word_1_467' title='bbox 2211 463 2369 557; x_wconf 84' lang='lat' dir='ltr'><strong>etiam</strong></span> <span class='ocrx_word' id='word_1_468' title='bbox 2399 482 2555 538; x_wconf 90' lang='lat' dir='ltr'><strong>quam</strong></span> <span class='ocrx_word' id='word_1_469' title='bbox 2586 483 2750 525; x_wconf 91' lang='lat' dir='ltr'><strong>unum</strong></span> <span class='ocrx_word' id='word_1_470' title='bbox 2779 467 3028 542; x_wconf 88' lang='lat' dir='ltr'><strong>pocillum</strong></span> <span class='ocrx_word' id='word_1_471' title='bbox 3058 470 3077 507; x_wconf 78' lang='grc'>³</span> <span class='ocrx_word' id='word_1_472' title='bbox 3103 485 3198 547; x_wconf 84' lang='lat' dir='ltr'><strong>pro</strong></span> <span class='ocrx_word' id='word_1_473' title='bbox 3222 488 3320 535; x_wconf 90' lang='lat' dir='ltr'><strong>suo</strong></span> <span class='ocrx_word' id='word_1_474' title='bbox 3344 482 3504 554; x_wconf 86' lang='lat' dir='ltr'><strong>palato</strong></span> <span class='ocrx_word' id='word_1_475' title='bbox 3524 493 3717 557; x_wconf 74' lang='lat' dir='ltr'><strong>satism-</strong></span> 
     </span>
    </p>
   </div>
   <div class='ocr_carea' id='block_1_63' title="bbox 2209 554 3718 650">
    <p class='ocr_par' dir='ltr' id='par_1_63' title="bbox 2209 554 3718 650">
     <span class='ocr_line' id='line_1_64' title="bbox 2209 554 3718 650; baseline 0.026 -40"><span class='ocrx_word' id='word_1_476' title='bbox 2209 554 2325 612; x_wconf 92' lang='lat' dir='ltr'><strong>brio</strong></span> <span class='ocrx_word' id='word_1_477' title='bbox 2355 567 2703 630; x_wconf 88' lang='lat' dir='ltr'><strong>temperatum</strong></span> <span class='ocrx_word' id='word_1_478' title='bbox 2724 604 2738 629; x_wconf 92' lang='lat'><strong>,</strong></span> <span class='ocrx_word' id='word_1_479' title='bbox 2787 564 2928 621; x_wconf 91' lang='lat' dir='ltr'><strong>unde</strong></span> <span class='ocrx_word' id='word_1_480' title='bbox 2974 564 3329 638; x_wconf 87' lang='lat' dir='ltr'><strong>dignationem</strong></span> <span class='ocrx_word' id='word_1_481' title='bbox 3372 589 3595 650; x_wconf 86' lang='lat' dir='ltr'><strong>sumeret,</strong></span> <span class='ocrx_word' id='word_1_482' title='bbox 3632 554 3718 650; x_wconf 78' lang='lat' dir='ltr'><strong>non</strong></span> 
     </span>
    </p>
   </div>
   <div class='ocr_carea' id='block_1_64' title="bbox 2209 648 3719 739">
    <p class='ocr_par' dir='ltr' id='par_1_64' title="bbox 2209 648 3719 739">
     <span class='ocr_line' id='line_1_65' title="bbox 2209 648 3719 739; baseline 0.025 -38"><span class='ocrx_word' id='word_1_483' title='bbox 2209 648 2458 718; x_wconf 89' lang='lat' dir='ltr'><strong>ponebat.</strong></span> <span class='ocrx_word' id='word_1_484' title='bbox 2486 651 2555 707; x_wconf 85' lang='lat' dir='ltr'><strong>Et</strong></span> <span class='ocrx_word' id='word_1_485' title='bbox 2578 653 2622 708; x_wconf 89' lang='lat' dir='ltr'><strong>si</strong></span> <span class='ocrx_word' id='word_1_486' title='bbox 2651 655 2832 711; x_wconf 73' lang='lat' dir='ltr'><strong>multte</strong></span> <span class='ocrx_word' id='word_1_487' title='bbox 2860 670 3060 725; x_wconf 90' lang='lat' dir='ltr'><strong>essent,</strong></span> <span class='ocrx_word' id='word_1_488' title='bbox 3088 676 3205 733; x_wconf 73' lang='lat' dir='ltr'><strong>qua:</strong></span> <span class='ocrx_word' id='word_1_489' title='bbox 3232 665 3324 721; x_wconf 91' lang='lat' dir='ltr'><strong>illo</strong></span> <span class='ocrx_word' id='word_1_490' title='bbox 3345 671 3493 728; x_wconf 91' lang='lat' dir='ltr'><strong>modo</strong></span> <span class='ocrx_word' id='word_1_491' title='bbox 3510 648 3719 739; x_wconf 34' lang='lat' dir='ltr'><strong>videbatis</strong></span> 
     </span>
    </p>
   </div>
   <div class='ocr_carea' id='block_1_65' title="bbox 2208 741 3717 841">
    <p class='ocr_par' dir='ltr' id='par_1_65' title="bbox 2208 741 3717 841">
     <span class='ocr_line' id='line_1_66' title="bbox 2208 741 3717 841; baseline 0.024 -48"><span class='ocrx_word' id='word_1_492' title='bbox 2208 748 2295 794; x_wconf 90' lang='lat' dir='ltr'><strong>tur</strong></span> <span class='ocrx_word' id='word_1_493' title='bbox 2321 741 2673 813; x_wconf 62' lang='lat' dir='ltr'><strong>honorandae,</strong></span> <span class='ocrx_word' id='word_1_494' title='bbox 2705 749 2978 806; x_wconf 69' lang='lat' dir='ltr'><strong>memoria:</strong></span> <span class='ocrx_word' id='word_1_495' title='bbox 3002 751 3401 826; x_wconf 88' lang='lat' dir='ltr'><strong>defunctorum;</strong></span> <span class='ocrx_word' id='word_1_496' title='bbox 3433 763 3554 821; x_wconf 89' lang='lat' dir='ltr'><strong>idem</strong></span> <span class='ocrx_word' id='word_1_497' title='bbox 3580 770 3717 841; x_wconf 87' lang='lat' dir='ltr'><strong>ipsum</strong></span> 
     </span>
    </p>
   </div>
   <div class='ocr_carea' id='block_1_66' title="bbox 2205 835 3718 933">
    <p class='ocr_par' dir='ltr' id='par_1_66' title="bbox 2205 835 3718 933">
     <span class='ocr_line' id='line_1_67' title="bbox 2205 835 3718 933; baseline 0.021 -49"><span class='ocrx_word' id='word_1_498' title='bbox 2205 845 2369 887; x_wconf 88' lang='lat' dir='ltr'><strong>unum</strong></span> <span class='ocrx_word' id='word_1_499' title='bbox 2385 835 2561 933; x_wconf 71' lang='lat' dir='ltr'><strong>,quod</strong></span> <span class='ocrx_word' id='word_1_500' title='bbox 2588 837 2785 910; x_wconf 91' lang='lat' dir='ltr'><strong>ubique</strong></span> <span class='ocrx_word' id='word_1_501' title='bbox 2808 852 3045 912; x_wconf 89' lang='lat' dir='ltr'><strong>poneret,</strong></span> <span class='ocrx_word' id='word_1_502' title='bbox 3075 844 3497 922; x_wconf 88' lang='lat' dir='ltr'><strong>circumferebat;</strong></span> <span class='ocrx_word' id='word_1_503' title='bbox 3524 835 3718 933; x_wconf 73' lang='lat' dir='ltr'><strong>quoiam</strong></span> 
     </span>
    </p>
   </div>
   <div class='ocr_carea' id='block_1_67' title="bbox 2204 925 3719 1016">
    <p class='ocr_par' dir='ltr' id='par_1_67' title="bbox 2204 925 3719 1016">
     <span class='ocr_line' id='line_1_68' title="bbox 2204 925 3719 1016; baseline 0.023 -39"><span class='ocrx_word' id='word_1_504' title='bbox 2204 937 2312 979; x_wconf 92' lang='lat' dir='ltr'><strong>non</strong></span> <span class='ocrx_word' id='word_1_505' title='bbox 2341 925 2514 983; x_wconf 90' lang='lat' dir='ltr'><strong>solum</strong></span> <span class='ocrx_word' id='word_1_506' title='bbox 2543 932 2907 1003; x_wconf 88' lang='lat' dir='ltr'><strong>aquatissimo,</strong></span> <span class='ocrx_word' id='word_1_507' title='bbox 2945 937 3040 992; x_wconf 90' lang='lat' dir='ltr'><strong>sed</strong></span> <span class='ocrx_word' id='word_1_508' title='bbox 3071 939 3228 996; x_wconf 90' lang='lat' dir='ltr'><strong>etiam</strong></span> <span class='ocrx_word' id='word_1_509' title='bbox 3253 925 3560 1015; x_wconf 81' lang='lat' dir='ltr'><strong>tepidissimo</strong></span> <span class='ocrx_word' id='word_1_510' title='bbox 3582 957 3601 986; x_wconf 76' lang='grc'>³</span> <span class='ocrx_word' id='word_1_511' title='bbox 3624 925 3719 1016; x_wconf 75' lang='lat' dir='ltr'><strong>cum</strong></span> 
     </span>
    </p>
   </div>
   <div class='ocr_carea' id='block_1_68' title="bbox 2204 1015 3719 1113">
    <p class='ocr_par' dir='ltr' id='par_1_68' title="bbox 2204 1015 3719 1113">
     <span class='ocr_line' id='line_1_69' title="bbox 2204 1015 3719 1113; baseline 0.025 -44"><span class='ocrx_word' id='word_1_512' title='bbox 2204 1015 2314 1072; x_wconf 89' lang='lat' dir='ltr'><strong>suis</strong></span> <span class='ocrx_word' id='word_1_513' title='bbox 2344 1021 2694 1087; x_wconf 80' lang='lat' dir='ltr'><strong>praesentibus</strong></span> <span class='ocrx_word' id='word_1_514' title='bbox 2729 1041 2824 1097; x_wconf 92' lang='lat' dir='ltr'><strong>per</strong></span> <span class='ocrx_word' id='word_1_515' title='bbox 2861 1028 3180 1088; x_wconf 88' lang='lat' dir='ltr'><strong>sorbitiones</strong></span> <span class='ocrx_word' id='word_1_516' title='bbox 3206 1036 3416 1108; x_wconf 82' lang='lat' dir='ltr'><strong>exiguas</strong></span> <span class='ocrx_word' id='word_1_517' title='bbox 3444 1047 3719 1113; x_wconf 85' lang='lat' dir='ltr'><strong>partiretur:</strong></span> 
     </span>
    </p>
   </div>
   <div class='ocr_carea' id='block_1_69' title="bbox 2204 1110 3721 1215">
    <p class='ocr_par' dir='ltr' id='par_1_69' title="bbox 2204 1110 3721 1215">
     <span class='ocr_line' id='line_1_70' title="bbox 2204 1110 3721 1215; baseline 0.025 -52"><span class='ocrx_word' id='word_1_518' title='bbox 2370 1113 2620 1183; x_wconf 91' lang='lat' dir='ltr'><strong>pietatem</strong></span> <span class='ocrx_word' id='word_1_519' title='bbox 2660 1116 2731 1174; x_wconf 91' lang='lat' dir='ltr'><strong>ibi</strong></span> <span class='ocrx_word' id='word_1_520' title='bbox 2769 1123 3060 1191; x_wconf 77' lang='lat' dir='ltr'><strong>quaerebat,</strong></span> <span class='ocrx_word' id='word_1_521' title='bbox 3093 1140 3198 1181; x_wconf 91' lang='lat' dir='ltr'><strong>non</strong></span> <span class='ocrx_word' id='word_1_522' title='bbox 3229 1110 3551 1202; x_wconf 76' lang='lat' dir='ltr'><strong>voluptatem.</strong></span> <span class='ocrx_word' id='word_1_523' title='bbox 3576 1110 3721 1215; x_wconf 82' lang='lat' dir='ltr'><strong>Itaque</strong></span> 
     </span>
    </p>
   </div>
   <div class='ocr_carea' id='block_1_70' title="bbox 2202 1200 3721 1297">
    <p class='ocr_par' dir='ltr' id='par_1_70' title="bbox 2202 1200 3721 1297">
     <span class='ocr_line' id='line_1_71' title="bbox 2202 1200 3721 1297; baseline 0.024 -42"><span class='ocrx_word' id='word_1_524' title='bbox 2202 1200 2294 1256; x_wconf 91' lang='lat' dir='ltr'><strong>ubi</strong></span> <span class='ocrx_word' id='word_1_525' title='bbox 2323 1209 2584 1276; x_wconf 87' lang='lat' dir='ltr'><strong>comperit</strong></span> <span class='ocrx_word' id='word_1_526' title='bbox 2613 1222 2644 1263; x_wconf 94' lang='lat' dir='ltr'><strong>a</strong></span> <span class='ocrx_word' id='word_1_527' title='bbox 2672 1211 2930 1279; x_wconf 66' lang='lat' dir='ltr'><strong>praeclaro</strong></span> <span class='ocrx_word' id='word_1_528' title='bbox 2974 1216 3322 1285; x_wconf 65' lang='lat' dir='ltr'><strong>praedicatore</strong></span> <span class='ocrx_word' id='word_1_529' title='bbox 3352 1200 3507 1297; x_wconf 80' lang='lat' dir='ltr'><strong>atque</strong></span> <span class='ocrx_word' id='word_1_530' title='bbox 3530 1200 3721 1295; x_wconf 69' lang='lat' dir='ltr'><strong>antistite</strong></span> 
     </span>
    </p>
   </div>
   <div class='ocr_carea' id='block_1_71' title="bbox 2200 1294 3719 1401">
    <p class='ocr_par' dir='ltr' id='par_1_71' title="bbox 2200 1294 3719 1401">
     <span class='ocr_line' id='line_1_72' title="bbox 2200 1294 3719 1401; baseline 0.023 -53"><span class='ocrx_word' id='word_1_531' title='bbox 2200 1294 2435 1401; x_wconf 58' lang='lat' dir='ltr'><strong>pietatis,</strong></span> <span class='ocrx_word' id='word_1_532' title='bbox 2458 1310 2780 1371; x_wconf 71' lang='lat' dir='ltr'><strong>praeceptum</strong></span> <span class='ocrx_word' id='word_1_533' title='bbox 2812 1318 2930 1360; x_wconf 89' lang='lat' dir='ltr'><strong>esse</strong></span> <span class='ocrx_word' id='word_1_534' title='bbox 2956 1306 3054 1363; x_wconf 90' lang='lat' dir='ltr'><strong>ista</strong></span> <span class='ocrx_word' id='word_1_535' title='bbox 3079 1323 3186 1365; x_wconf 93' lang='lat' dir='ltr'><strong>non</strong></span> <span class='ocrx_word' id='word_1_536' title='bbox 3214 1312 3348 1380; x_wconf 88' lang='lat' dir='ltr'><strong>fieri,</strong></span> <span class='ocrx_word' id='word_1_537' title='bbox 3379 1294 3473 1375; x_wconf 79' lang='lat' dir='ltr'><strong>nec</strong></span> <span class='ocrx_word' id='word_1_538' title='bbox 3496 1321 3557 1376; x_wconf 86' lang='lat' dir='ltr'><strong>ab</strong></span> <span class='ocrx_word' id='word_1_539' title='bbox 3573 1327 3638 1381; x_wconf 90' lang='lat' dir='ltr'><strong>eis</strong></span> <span class='ocrx_word' id='word_1_540' title='bbox 3651 1333 3719 1401; x_wconf 90' lang='lat' dir='ltr'><strong>qui</strong></span> 
     </span>
    </p>
   </div>
   <div class='ocr_carea' id='block_1_72' title="bbox 2201 1388 3720 1481">
    <p class='ocr_par' dir='ltr' id='par_1_72' title="bbox 2201 1388 3720 1481">
     <span class='ocr_line' id='line_1_73' title="bbox 2201 1388 3720 1481; baseline 0.02 -40"><span class='ocrx_word' id='word_1_541' title='bbox 2201 1388 2379 1445; x_wconf 88' lang='lat' dir='ltr'><strong>sobrie</strong></span> <span class='ocrx_word' id='word_1_542' title='bbox 2410 1389 2665 1461; x_wconf 87' lang='lat' dir='ltr'><strong>facerent,</strong></span> <span class='ocrx_word' id='word_1_543' title='bbox 2703 1410 2771 1451; x_wconf 92' lang='lat' dir='ltr'><strong>ne</strong></span> <span class='ocrx_word' id='word_1_544' title='bbox 2795 1396 2897 1453; x_wconf 92' lang='lat' dir='ltr'><strong>ulla</strong></span> <span class='ocrx_word' id='word_1_545' title='bbox 2926 1401 3135 1457; x_wconf 90' lang='lat' dir='ltr'><strong>occasio</strong></span> <span class='ocrx_word' id='word_1_546' title='bbox 3162 1419 3223 1461; x_wconf 89' lang='lat' dir='ltr'><strong>se</strong></span> <span class='ocrx_word' id='word_1_547' title='bbox 3251 1405 3580 1481; x_wconf 84' lang='lat' dir='ltr'><strong>ingnrgitandi</strong></span> <span class='ocrx_word' id='word_1_548' title='bbox 3599 1388 3720 1478; x_wconf 69' lang='lat' dir='ltr'><strong>dare.</strong></span> 
     </span>
    </p>
   </div>
   <div class='ocr_carea' id='block_1_73' title="bbox 2200 1481 3719 1580">
    <p class='ocr_par' dir='ltr' id='par_1_73' title="bbox 2200 1481 3719 1580">
     <span class='ocr_line' id='line_1_74' title="bbox 2200 1481 3719 1580; baseline 0.02 -46"><span class='ocrx_word' id='word_1_549' title='bbox 2200 1488 2288 1535; x_wconf 90' lang='lat' dir='ltr'><strong>tur</strong></span> <span class='ocrx_word' id='word_1_550' title='bbox 2316 1481 2572 1553; x_wconf 89' lang='lat' dir='ltr'><strong>ebriosis,</strong></span> <span class='ocrx_word' id='word_1_551' title='bbox 2616 1495 2667 1543; x_wconf 93' lang='lat' dir='ltr'><strong>et</strong></span> <span class='ocrx_word' id='word_1_552' title='bbox 2696 1490 2817 1559; x_wconf 90' lang='lat' dir='ltr'><strong>quia</strong></span> <span class='ocrx_word' id='word_1_553' title='bbox 2863 1491 2952 1548; x_wconf 90' lang='lat' dir='ltr'><strong>illa</strong></span> <span class='ocrx_word' id='word_1_554' title='bbox 2995 1497 3147 1565; x_wconf 90' lang='lat' dir='ltr'><strong>quasi</strong></span> <span class='ocrx_word' id='word_1_555' title='bbox 3192 1504 3477 1568; x_wconf 88' lang='lat' dir='ltr'><strong>parentalia</strong></span> <span class='ocrx_word' id='word_1_556' title='bbox 3513 1516 3719 1580; x_wconf 78' lang='lat' dir='ltr'><strong>supersti-</strong></span> 
     </span>
    </p>
   </div>
   <div class='ocr_carea' id='block_1_74' title="bbox 2199 1574 3717 1662">
    <p class='ocr_par' dir='ltr' id='par_1_74' title="bbox 2199 1574 3717 1662">
     <span class='ocr_line' id='line_1_75' title="bbox 2199 1574 3717 1662; baseline 0.022 -35"><span class='ocrx_word' id='word_1_557' title='bbox 2199 1574 2329 1629; x_wconf 90' lang='lat' dir='ltr'><strong>tioni</strong></span> <span class='ocrx_word' id='word_1_558' title='bbox 2374 1578 2650 1646; x_wconf 87' lang='lat' dir='ltr'><strong>gentilium</strong></span> <span class='ocrx_word' id='word_1_559' title='bbox 2693 1592 2874 1639; x_wconf 88' lang='lat' dir='ltr'><strong>essent</strong></span> <span class='ocrx_word' id='word_1_560' title='bbox 2908 1586 3487 1657; x_wconf 74' lang='lat' dir='ltr'><strong>simillima;ab5tiuuit</strong></span> <span class='ocrx_word' id='word_1_561' title='bbox 3512 1574 3717 1662; x_wconf 39' lang='lat' dir='ltr'><strong>se&#39;liben-</strong></span> 
     </span>
    </p>
   </div>
   <div class='ocr_carea' id='block_1_75' title="bbox 2198 1667 3713 1767">
    <p class='ocr_par' dir='ltr' id='par_1_75' title="bbox 2198 1667 3713 1767">
     <span class='ocr_line' id='line_1_76' title="bbox 2198 1667 3713 1767; baseline 0.022 -45"><span class='ocrx_word' id='word_1_562' title='bbox 2198 1667 2401 1726; x_wconf 87' lang='lat' dir='ltr'><strong>tissime</strong></span> <span class='ocrx_word' id='word_1_563' title='bbox 2442 1689 2455 1725; x_wconf 91' lang='lat'><strong>:</strong></span> <span class='ocrx_word' id='word_1_564' title='bbox 2494 1681 2547 1728; x_wconf 90' lang='lat' dir='ltr'><strong>et</strong></span> <span class='ocrx_word' id='word_1_565' title='bbox 2594 1690 2691 1745; x_wconf 92' lang='lat' dir='ltr'><strong>pro</strong></span> <span class='ocrx_word' id='word_1_566' title='bbox 2737 1678 2971 1736; x_wconf 87' lang='lat' dir='ltr'><strong>canistro</strong></span> <span class='ocrx_word' id='word_1_567' title='bbox 3017 1681 3177 1752; x_wconf 89' lang='lat' dir='ltr'><strong>pleno</strong></span> <span class='ocrx_word' id='word_1_568' title='bbox 3208 1689 3441 1746; x_wconf 77' lang='lat' dir='ltr'><strong>terrenis</strong></span> <span class='ocrx_word' id='word_1_569' title='bbox 3477 1693 3713 1767; x_wconf 88' lang='lat' dir='ltr'><strong>fructibus,</strong></span> 
     </span>
    </p>
   </div>
   <div class='ocr_carea' id='block_1_76' title="bbox 2197 1762 3719 1846">
    <p class='ocr_par' dir='ltr' id='par_1_76' title="bbox 2197 1762 3719 1846">
     <span class='ocr_line' id='line_1_77' title="bbox 2197 1762 3719 1846; baseline 0.02 -31"><span class='ocrx_word' id='word_1_570' title='bbox 2197 1762 2409 1832; x_wconf 89' lang='lat' dir='ltr'><strong>plenum</strong></span> <span class='ocrx_word' id='word_1_571' title='bbox 2442 1769 2830 1837; x_wconf 86' lang='lat' dir='ltr'><strong>purgatioribus</strong></span> <span class='ocrx_word' id='word_1_572' title='bbox 2858 1773 2996 1829; x_wconf 87' lang='lat' dir='ltr'><strong>votis</strong></span> <span class='ocrx_word' id='word_1_573' title='bbox 3013 1785 3203 1846; x_wconf 85' lang='lat' dir='ltr'><strong>pectus</strong></span> <span class='ocrx_word' id='word_1_574' title='bbox 3229 1778 3297 1834; x_wconf 90' lang='lat' dir='ltr'><strong>ad</strong></span> <span class='ocrx_word' id='word_1_575' title='bbox 3331 1785 3592 1842; x_wconf 85' lang='lat' dir='ltr'><strong>memorias</strong></span> <span class='ocrx_word' id='word_1_576' title='bbox 3612 1762 3719 1846; x_wconf 45' lang='lat' dir='ltr'><strong>mar;</strong></span> 
     </span>
    </p>
   </div>
   <div class='ocr_carea' id='block_1_77' title="bbox 2196 1856 3716 1951">
    <p class='ocr_par' dir='ltr' id='par_1_77' title="bbox 2196 1856 3716 1951">
     <span class='ocr_line' id='line_1_78' title="bbox 2196 1856 3716 1951; baseline 0.019 -43"><span class='ocrx_word' id='word_1_577' title='bbox 2196 1862 2370 1926; x_wconf 82' lang='lat' dir='ltr'><strong>tyrum</strong></span> <span class='ocrx_word' id='word_1_578' title='bbox 2396 1856 2585 1915; x_wconf 75' lang='lat' dir='ltr'><strong>afferre</strong></span> <span class='ocrx_word' id='word_1_579' title='bbox 2612 1859 2897 1929; x_wconf 84' lang='lat' dir='ltr'><strong>didicerat;</strong></span> <span class='ocrx_word' id='word_1_580' title='bbox 2922 1873 2979 1919; x_wconf 93' lang='lat' dir='ltr'><strong>ut</strong></span> <span class='ocrx_word' id='word_1_581' title='bbox 3001 1874 3056 1922; x_wconf 89' lang='lat' dir='ltr'><strong>et</strong></span> <span class='ocrx_word' id='word_1_582' title='bbox 3080 1868 3223 1937; x_wconf 89' lang='lat' dir='ltr'><strong>quod</strong></span> <span class='ocrx_word' id='word_1_583' title='bbox 3250 1880 3424 1940; x_wconf 89' lang='lat' dir='ltr'><strong>posset</strong></span> <span class='ocrx_word' id='word_1_584' title='bbox 3440 1873 3576 1932; x_wconf 87' lang='lat' dir='ltr'><strong>daret</strong></span> <span class='ocrx_word' id='word_1_585' title='bbox 3590 1894 3716 1951; x_wconf 84' lang='lat' dir='ltr'><strong>egen-</strong></span> 
     </span>
    </p>
   </div>
   <div class='ocr_carea' id='block_1_78' title="bbox 2196 1946 3717 2037">
    <p class='ocr_par' dir='ltr' id='par_1_78' title="bbox 2196 1946 3717 2037">
     <span class='ocr_line' id='line_1_79' title="bbox 2196 1946 3717 2037; baseline 0.02 -38"><span class='ocrx_word' id='word_1_586' title='bbox 2196 1946 2367 2015; x_wconf 89' lang='lat' dir='ltr'><strong>tibus,</strong></span> <span class='ocrx_word' id='word_1_587' title='bbox 2413 1956 2466 2004; x_wconf 92' lang='lat' dir='ltr'><strong>et</strong></span> <span class='ocrx_word' id='word_1_588' title='bbox 2510 1950 2587 2007; x_wconf 93' lang='lat' dir='ltr'><strong>sic</strong></span> <span class='ocrx_word' id='word_1_589' title='bbox 2628 1956 3040 2012; x_wconf 90' lang='lat' dir='ltr'><strong>communicatio</strong></span> <span class='ocrx_word' id='word_1_590' title='bbox 3088 1957 3352 2018; x_wconf 89' lang='lat' dir='ltr'><strong>Dominici</strong></span> <span class='ocrx_word' id='word_1_591' title='bbox 3393 1946 3717 2037; x_wconf 40' lang='lat' dir='ltr'><strong>corporis&#39;illic</strong></span> 
     </span>
    </p>
   </div>
   <div class='ocr_carea' id='block_1_79' title="bbox 2194 2038 3714 2123">
    <p class='ocr_par' dir='ltr' id='par_1_79' title="bbox 2194 2038 3714 2123">
     <span class='ocr_line' id='line_1_80' title="bbox 2194 2038 3714 2123; baseline 0.02 -31"><span class='ocrx_word' id='word_1_592' title='bbox 2194 2038 2570 2108; x_wconf 88' lang='lat' dir='ltr'><strong>celebraretur,</strong></span> <span class='ocrx_word' id='word_1_593' title='bbox 2603 2046 2751 2117; x_wconf 91' lang='lat' dir='ltr'><strong>cujus</strong></span> <span class='ocrx_word' id='word_1_594' title='bbox 2789 2049 3049 2117; x_wconf 90' lang='lat' dir='ltr'><strong>passionis</strong></span> <span class='ocrx_word' id='word_1_595' title='bbox 3083 2050 3379 2113; x_wconf 89' lang='lat' dir='ltr'><strong>imitatione</strong></span> <span class='ocrx_word' id='word_1_596' title='bbox 3424 2059 3644 2120; x_wconf 87' lang='lat' dir='ltr'><strong>immolati</strong></span> <span class='ocrx_word' id='word_1_597' title='bbox 3676 2077 3714 2123; x_wconf 85' lang='lat' dir='ltr'><strong>et</strong></span> 
     </span>
    </p>
   </div>
   <div class='ocr_carea' id='block_1_80' title="bbox 2194 2134 3713 2221">
    <p class='ocr_par' dir='ltr' id='par_1_80' title="bbox 2194 2134 3713 2221">
     <span class='ocr_line' id='line_1_81' title="bbox 2194 2134 3713 2221; baseline 0.019 -38"><span class='ocrx_word' id='word_1_598' title='bbox 2194 2134 2435 2187; x_wconf 89' lang='lat' dir='ltr'><strong>coronati</strong></span> <span class='ocrx_word' id='word_1_599' title='bbox 2462 2146 2587 2191; x_wconf 91' lang='lat' dir='ltr'><strong>sunt</strong></span> <span class='ocrx_word' id='word_1_600' title='bbox 2612 2146 2890 2211; x_wconf 86' lang='lat' dir='ltr'><strong>martyres.</strong></span> <span class='ocrx_word' id='word_1_601' title='bbox 2920 2139 3027 2198; x_wconf 90' lang='lat' dir='ltr'><strong>Sed</strong></span> <span class='ocrx_word' id='word_1_602' title='bbox 3054 2151 3236 2202; x_wconf 89' lang='lat' dir='ltr'><strong>tamen</strong></span> <span class='ocrx_word' id='word_1_603' title='bbox 3264 2147 3468 2206; x_wconf 88' lang='lat' dir='ltr'><strong>videtur</strong></span> <span class='ocrx_word' id='word_1_604' title='bbox 3488 2154 3615 2221; x_wconf 91' lang='lat' dir='ltr'><strong>mibi,</strong></span> <span class='ocrx_word' id='word_1_605' title='bbox 3634 2156 3713 2212; x_wconf 85' lang='lat' dir='ltr'><strong>Do-</strong></span> 
     </span>
    </p>
   </div>
   <div class='ocr_carea' id='block_1_81' title="bbox 2192 2224 3713 2310">
    <p class='ocr_par' dir='ltr' id='par_1_81' title="bbox 2192 2224 3713 2310">
     <span class='ocr_line' id='line_1_82' title="bbox 2192 2224 3713 2310; baseline 0.019 -34"><span class='ocrx_word' id='word_1_606' title='bbox 2192 2224 2337 2279; x_wconf 89' lang='lat' dir='ltr'><strong>mine</strong></span> <span class='ocrx_word' id='word_1_607' title='bbox 2364 2225 2501 2281; x_wconf 90' lang='lat' dir='ltr'><strong>Deus</strong></span> <span class='ocrx_word' id='word_1_608' title='bbox 2530 2242 2681 2284; x_wconf 90' lang='lat' dir='ltr'><strong>meus</strong></span> <span class='ocrx_word' id='word_1_609' title='bbox 2700 2272 2715 2297; x_wconf 96' lang='lat'><strong>,</strong></span> <span class='ocrx_word' id='word_1_610' title='bbox 2741 2239 2795 2286; x_wconf 91' lang='lat' dir='ltr'><strong>et</strong></span> <span class='ocrx_word' id='word_1_611' title='bbox 2818 2231 2889 2287; x_wconf 89' lang='lat' dir='ltr'><strong>ita</strong></span> <span class='ocrx_word' id='word_1_612' title='bbox 2909 2242 2992 2289; x_wconf 89' lang='lat' dir='ltr'><strong>est</strong></span> <span class='ocrx_word' id='word_1_613' title='bbox 3016 2234 3067 2289; x_wconf 90' lang='lat' dir='ltr'><strong>in</strong></span> <span class='ocrx_word' id='word_1_614' title='bbox 3092 2247 3382 2310; x_wconf 78' lang='lat' dir='ltr'><strong>conSpectu</strong></span> <span class='ocrx_word' id='word_1_615' title='bbox 3403 2248 3487 2298; x_wconf 92' lang='lat' dir='ltr'><strong>tuo</strong></span> <span class='ocrx_word' id='word_1_616' title='bbox 3503 2243 3563 2301; x_wconf 90' lang='lat' dir='ltr'><strong>de</strong></span> <span class='ocrx_word' id='word_1_617' title='bbox 3579 2245 3713 2306; x_wconf 73' lang='lat' dir='ltr'><strong>haste</strong></span> 
     </span>
    </p>
   </div>
   <div class='ocr_carea' id='block_1_82' title="bbox 2192 2321 3713 2405">
    <p class='ocr_par' dir='ltr' id='par_1_82' title="bbox 2192 2321 3713 2405">
     <span class='ocr_line' id='line_1_83' title="bbox 2192 2321 3713 2405; baseline 0.016 -34"><span class='ocrx_word' id='word_1_618' title='bbox 2192 2331 2285 2372; x_wconf 92' lang='lat' dir='ltr'><strong>cor</strong></span> <span class='ocrx_word' id='word_1_619' title='bbox 2312 2333 2509 2385; x_wconf 90' lang='lat' dir='ltr'><strong>meum,</strong></span> <span class='ocrx_word' id='word_1_620' title='bbox 2542 2336 2647 2376; x_wconf 93' lang='lat' dir='ltr'><strong>non</strong></span> <span class='ocrx_word' id='word_1_621' title='bbox 2677 2321 2833 2381; x_wconf 86' lang='lat' dir='ltr'><strong>facile</strong></span> <span class='ocrx_word' id='word_1_622' title='bbox 2859 2324 3087 2383; x_wconf 90' lang='lat' dir='ltr'><strong>fortasse</strong></span> <span class='ocrx_word' id='word_1_623' title='bbox 3104 2328 3174 2385; x_wconf 92' lang='lat' dir='ltr'><strong>de</strong></span> <span class='ocrx_word' id='word_1_624' title='bbox 3192 2329 3296 2387; x_wconf 90' lang='lat' dir='ltr'><strong>hac</strong></span> <span class='ocrx_word' id='word_1_625' title='bbox 3311 2337 3602 2405; x_wconf 86' lang='lat' dir='ltr'><strong>amputanda</strong></span> <span class='ocrx_word' id='word_1_626' title='bbox 3617 2355 3713 2396; x_wconf 88' lang='lat' dir='ltr'><strong>con-</strong></span> 
     </span>
    </p>
   </div>
   <div class='ocr_carea' id='block_1_83' title="bbox 2190 2409 3709 2493">
    <p class='ocr_par' dir='ltr' id='par_1_83' title="bbox 2190 2409 3709 2493">
     <span class='ocr_line' id='line_1_84' title="bbox 2190 2409 3709 2493; baseline 0.016 -31"><span class='ocrx_word' id='word_1_627' title='bbox 2190 2409 2468 2466; x_wconf 88' lang='lat' dir='ltr'><strong>suetudine</strong></span> <span class='ocrx_word' id='word_1_628' title='bbox 2512 2420 2735 2468; x_wconf 89' lang='lat' dir='ltr'><strong>matrem</strong></span> <span class='ocrx_word' id='word_1_629' title='bbox 2764 2430 2940 2471; x_wconf 91' lang='lat' dir='ltr'><strong>meam</strong></span> <span class='ocrx_word' id='word_1_630' title='bbox 2968 2416 3132 2476; x_wconf 85' lang='lat' dir='ltr'><strong>fuisse</strong></span> <span class='ocrx_word' id='word_1_631' title='bbox 3163 2437 3456 2493; x_wconf 87' lang='lat' dir='ltr'><strong>cessuram,</strong></span> <span class='ocrx_word' id='word_1_632' title='bbox 3495 2427 3533 2482; x_wconf 88' lang='lat' dir='ltr'><strong>si</strong></span> <span class='ocrx_word' id='word_1_633' title='bbox 3558 2428 3614 2485; x_wconf 89' lang='lat' dir='ltr'><strong>ab</strong></span> <span class='ocrx_word' id='word_1_634' title='bbox 3633 2431 3709 2487; x_wconf 85' lang='lat' dir='ltr'><strong>alio</strong></span> 
     </span>
    </p>
   </div>
   <div class='ocr_carea' id='block_1_84' title="bbox 2190 2500 3707 2591">
    <p class='ocr_par' dir='ltr' id='par_1_84' title="bbox 2190 2500 3707 2591">
     <span class='ocr_line' id='line_1_85' title="bbox 2190 2500 3707 2591; baseline 0.016 -39"><span class='ocrx_word' id='word_1_635' title='bbox 2190 2500 2583 2572; x_wconf 89' lang='lat' dir='ltr'><strong>prohiberetur,</strong></span> <span class='ocrx_word' id='word_1_636' title='bbox 2615 2519 2772 2575; x_wconf 91' lang='lat' dir='ltr'><strong>quem</strong></span> <span class='ocrx_word' id='word_1_637' title='bbox 2810 2522 2915 2564; x_wconf 85' lang='lat' dir='ltr'><strong>non</strong></span> <span class='ocrx_word' id='word_1_638' title='bbox 2955 2511 3091 2565; x_wconf 86' lang='lat' dir='ltr'><strong>sicut</strong></span> <span class='ocrx_word' id='word_1_639' title='bbox 3126 2512 3465 2572; x_wconf 87' lang='lat' dir='ltr'><strong>Ambrosium</strong></span> <span class='ocrx_word' id='word_1_640' title='bbox 3493 2518 3707 2591; x_wconf 80' lang='lat' dir='ltr'><strong>diligebat,</strong></span> 
     </span>
    </p>
   </div>
   <div class='ocr_carea' id='block_1_85' title="bbox 2192 2598 3707 2682">
    <p class='ocr_par' dir='ltr' id='par_1_85' title="bbox 2192 2598 3707 2682">
     <span class='ocr_line' id='line_1_86' title="bbox 2192 2598 3707 2682; baseline 0.017 -36"><span class='ocrx_word' id='word_1_641' title='bbox 2192 2606 2351 2663; x_wconf 93' lang='lat' dir='ltr'><strong>quem</strong></span> <span class='ocrx_word' id='word_1_642' title='bbox 2379 2604 2596 2665; x_wconf 88' lang='lat' dir='ltr'><strong>propter</strong></span> <span class='ocrx_word' id='word_1_643' title='bbox 2620 2598 2846 2655; x_wconf 86' lang='lat' dir='ltr'><strong>salutem</strong></span> <span class='ocrx_word' id='word_1_644' title='bbox 2869 2617 3043 2659; x_wconf 90' lang='lat' dir='ltr'><strong>meam</strong></span> <span class='ocrx_word' id='word_1_645' title='bbox 3081 2607 3319 2664; x_wconf 77' lang='lat' dir='ltr'><strong>maxime</strong></span> <span class='ocrx_word' id='word_1_646' title='bbox 3342 2608 3600 2682; x_wconf 88' lang='lat' dir='ltr'><strong>diligebat;</strong></span> <span class='ocrx_word' id='word_1_647' title='bbox 3620 2630 3707 2672; x_wconf 83' lang='lat' dir='ltr'><strong>eam</strong></span> 
     </span>
    </p>
   </div>
   <div class='ocr_carea' id='block_1_86' title="bbox 2188 2684 3705 2771">
    <p class='ocr_par' dir='ltr' id='par_1_86' title="bbox 2188 2684 3705 2771">
     <span class='ocr_line' id='line_1_87' title="bbox 2188 2684 3705 2771; baseline 0.015 -34"><span class='ocrx_word' id='word_1_648' title='bbox 2188 2697 2317 2739; x_wconf 88' lang='lat' dir='ltr'><strong>vero</strong></span> <span class='ocrx_word' id='word_1_649' title='bbox 2336 2684 2425 2741; x_wconf 91' lang='lat' dir='ltr'><strong>ille</strong></span> <span class='ocrx_word' id='word_1_650' title='bbox 2455 2693 2674 2758; x_wconf 82' lang='lat' dir='ltr'><strong>propter</strong></span> <span class='ocrx_word' id='word_1_651' title='bbox 2693 2689 2808 2761; x_wconf 89' lang='lat' dir='ltr'><strong>ejus</strong></span> <span class='ocrx_word' id='word_1_652' title='bbox 2826 2691 3281 2763; x_wconf 87' lang='lat' dir='ltr'><strong>religiosissimam</strong></span> <span class='ocrx_word' id='word_1_653' title='bbox 3296 2704 3705 2771; x_wconf 83' lang='lat' dir='ltr'><strong>conversationem,</strong></span> 
     </span>
    </p>
   </div>
   <div class='ocr_carea' id='block_1_87' title="bbox 2186 2776 3703 2867">
    <p class='ocr_par' dir='ltr' id='par_1_87' title="bbox 2186 2776 3703 2867">
     <span class='ocr_line' id='line_1_88' title="bbox 2186 2776 3703 2867; baseline 0.016 -38"><span class='ocrx_word' id='word_1_654' title='bbox 2186 2790 2290 2847; x_wconf 89' lang='lat' dir='ltr'><strong>qua</strong></span> <span class='ocrx_word' id='word_1_655' title='bbox 2335 2776 2387 2831; x_wconf 91' lang='lat' dir='ltr'><strong>in</strong></span> <span class='ocrx_word' id='word_1_656' title='bbox 2417 2776 2573 2834; x_wconf 87' lang='lat' dir='ltr'><strong>bonis</strong></span> <span class='ocrx_word' id='word_1_657' title='bbox 2598 2781 2849 2850; x_wconf 90' lang='lat' dir='ltr'><strong>operibus</strong></span> <span class='ocrx_word' id='word_1_658' title='bbox 2876 2791 2980 2839; x_wconf 88' lang='lat' dir='ltr'><strong>tam</strong></span> <span class='ocrx_word' id='word_1_659' title='bbox 3012 2784 3227 2846; x_wconf 88' lang='lat' dir='ltr'><strong>fervens</strong></span> <span class='ocrx_word' id='word_1_660' title='bbox 3250 2791 3435 2862; x_wconf 88' lang='lat' dir='ltr'><strong>spiritu</strong></span> <span class='ocrx_word' id='word_1_661' title='bbox 3463 2793 3703 2867; x_wconf 85' lang='lat' dir='ltr'><strong>frequenta-</strong></span> 
     </span>
    </p>
   </div>
   <div class='ocr_carea' id='block_1_88' title="bbox 2186 2864 3703 2953">
    <p class='ocr_par' dir='ltr' id='par_1_88' title="bbox 2186 2864 3703 2953">
     <span class='ocr_line' id='line_1_89' title="bbox 2186 2864 3703 2953; baseline 0.016 -32"><span class='ocrx_word' id='word_1_662' title='bbox 2186 2864 2278 2922; x_wconf 91' lang='lat' dir='ltr'><strong>bat</strong></span> <span class='ocrx_word' id='word_1_663' title='bbox 2304 2868 2616 2925; x_wconf 89' lang='lat' dir='ltr'><strong>ecclesiam:</strong></span> <span class='ocrx_word' id='word_1_664' title='bbox 2648 2872 2719 2928; x_wconf 88' lang='lat' dir='ltr'><strong>ita</strong></span> <span class='ocrx_word' id='word_1_665' title='bbox 2746 2881 2799 2928; x_wconf 91' lang='lat' dir='ltr'><strong>ut</strong></span> <span class='ocrx_word' id='word_1_666' title='bbox 2835 2890 2978 2946; x_wconf 67' lang='lat' dir='ltr'><strong>saepe</strong></span> <span class='ocrx_word' id='word_1_667' title='bbox 3002 2891 3331 2953; x_wconf 90' lang='lat' dir='ltr'><strong>erumperet,</strong></span> <span class='ocrx_word' id='word_1_668' title='bbox 3359 2900 3477 2941; x_wconf 89' lang='lat' dir='ltr'><strong>cum</strong></span> <span class='ocrx_word' id='word_1_669' title='bbox 3497 2864 3571 2943; x_wconf 86' lang='lat' dir='ltr'><strong>me</strong></span> <span class='ocrx_word' id='word_1_670' title='bbox 3591 2887 3703 2944; x_wconf 86' lang='lat' dir='ltr'><strong>vide-</strong></span> 
     </span>
    </p>
   </div>
   <div class='ocr_carea' id='block_1_89' title="bbox 2186 2959 3699 3051">
    <p class='ocr_par' dir='ltr' id='par_1_89' title="bbox 2186 2959 3699 3051">
     <span class='ocr_line' id='line_1_90' title="bbox 2186 2959 3699 3051; baseline 0.016 -38"><span class='ocrx_word' id='word_1_671' title='bbox 2186 2968 2300 3027; x_wconf 88' lang='lat' dir='ltr'><strong>ret,</strong></span> <span class='ocrx_word' id='word_1_672' title='bbox 2334 2959 2386 3015; x_wconf 93' lang='lat' dir='ltr'><strong>in</strong></span> <span class='ocrx_word' id='word_1_673' title='bbox 2419 2962 2534 3031; x_wconf 87' lang='lat' dir='ltr'><strong>ejus</strong></span> <span class='ocrx_word' id='word_1_674' title='bbox 2559 2963 2993 3032; x_wconf 71' lang='lat' dir='ltr'><strong>praedicationem</strong></span> <span class='ocrx_word' id='word_1_675' title='bbox 3048 2970 3070 3002; x_wconf 85' lang='grc'>³</span> <span class='ocrx_word' id='word_1_676' title='bbox 3090 3013 3105 3038; x_wconf 88' lang='grc'><em>,</em></span> <span class='ocrx_word' id='word_1_677' title='bbox 3144 2975 3422 3042; x_wconf 83' lang='lat' dir='ltr'><strong>gratulans</strong></span> <span class='ocrx_word' id='word_1_678' title='bbox 3458 2978 3570 3034; x_wconf 89' lang='lat' dir='ltr'><strong>mihi</strong></span> <span class='ocrx_word' id='word_1_679' title='bbox 3599 2980 3699 3051; x_wconf 82' lang='lat' dir='ltr'><strong>quod</strong></span> 
     </span>
    </p>
   </div>
   <div class='ocr_carea' id='block_1_90' title="bbox 2185 3051 3692 3138">
    <p class='ocr_par' dir='ltr' id='par_1_90' title="bbox 2185 3051 3692 3138">
     <span class='ocr_line' id='line_1_91' title="bbox 2185 3051 3692 3138; baseline 0.016 -33"><span class='ocrx_word' id='word_1_680' title='bbox 2185 3051 2346 3107; x_wconf 88' lang='lat' dir='ltr'><strong>talem</strong></span> <span class='ocrx_word' id='word_1_681' title='bbox 2371 3061 2594 3109; x_wconf 90' lang='lat' dir='ltr'><strong>matrem</strong></span> <span class='ocrx_word' id='word_1_682' title='bbox 2625 3054 2910 3127; x_wconf 89' lang='lat' dir='ltr'><strong>haberem;</strong></span> <span class='ocrx_word' id='word_1_683' title='bbox 2959 3064 3206 3120; x_wconf 90' lang='lat' dir='ltr'><strong>nesciens</strong></span> <span class='ocrx_word' id='word_1_684' title='bbox 3231 3068 3439 3138; x_wconf 87' lang='lat' dir='ltr'><strong>qualem</strong></span> <span class='ocrx_word' id='word_1_685' title='bbox 3471 3069 3548 3127; x_wconf 86' lang='lat' dir='ltr'><strong>illa</strong></span> <span class='ocrx_word' id='word_1_686' title='bbox 3574 3070 3692 3127; x_wconf 82' lang='lat' dir='ltr'><strong>meli-</strong></span> 
     </span>
    </p>
   </div>
   <div class='ocr_carea' id='block_1_91' title="bbox 2185 3143 3697 3236">
    <p class='ocr_par' dir='ltr' id='par_1_91' title="bbox 2185 3143 3697 3236">
     <span class='ocr_line' id='line_1_92' title="bbox 2185 3143 3697 3236; baseline 0.015 -38"><span class='ocrx_word' id='word_1_687' title='bbox 2185 3143 2341 3211; x_wconf 90' lang='lat' dir='ltr'><strong>lium,</strong></span> <span class='ocrx_word' id='word_1_688' title='bbox 2369 3145 2459 3216; x_wconf 92' lang='lat' dir='ltr'><strong>qui</strong></span> <span class='ocrx_word' id='word_1_689' title='bbox 2478 3146 2781 3204; x_wconf 88' lang='lat' dir='ltr'><strong>dubitabam</strong></span> <span class='ocrx_word' id='word_1_690' title='bbox 2804 3150 2873 3208; x_wconf 90' lang='lat' dir='ltr'><strong>de</strong></span> <span class='ocrx_word' id='word_1_691' title='bbox 2900 3152 3001 3208; x_wconf 92' lang='lat' dir='ltr'><strong>illis</strong></span> <span class='ocrx_word' id='word_1_692' title='bbox 3016 3157 3289 3228; x_wconf 91' lang='lat' dir='ltr'><strong>omnibus,</strong></span> <span class='ocrx_word' id='word_1_693' title='bbox 3310 3168 3360 3216; x_wconf 90' lang='lat' dir='ltr'><strong>et</strong></span> <span class='ocrx_word' id='word_1_694' title='bbox 3379 3161 3577 3219; x_wconf 85' lang='lat' dir='ltr'><strong>inveniri</strong></span> <span class='ocrx_word' id='word_1_695' title='bbox 3586 3176 3697 3236; x_wconf 77' lang='lat' dir='ltr'><strong>posse</strong></span> 
     </span>
    </p>
   </div>
   <div class='ocr_carea' id='block_1_92' title="bbox 2185 3235 3019 3313">
    <p class='ocr_par' dir='ltr' id='par_1_92' title="bbox 2185 3235 3019 3313">
     <span class='ocr_line' id='line_1_93' title="bbox 2185 3235 3019 3313; baseline 0.011 -22"><span class='ocrx_word' id='word_1_696' title='bbox 2185 3235 2326 3293; x_wconf 89' lang='lat' dir='ltr'><strong>viam</strong></span> <span class='ocrx_word' id='word_1_697' title='bbox 2353 3238 2475 3294; x_wconf 73' lang='lat' dir='ltr'><strong>vitae</strong></span> <span class='ocrx_word' id='word_1_698' title='bbox 2503 3239 2723 3297; x_wconf 91' lang='lat' dir='ltr'><strong>minime</strong></span> <span class='ocrx_word' id='word_1_699' title='bbox 2747 3244 3019 3313; x_wconf 86' lang='lat' dir='ltr'><strong>putabam.</strong></span> 
     </span>
    </p>
   </div>
   <div class='ocr_carea' id='block_1_93' title="bbox 2840 3337 3197 3398">
    <p class='ocr_par' dir='ltr' id='par_1_93' title="bbox 2840 3337 3197 3398">
     <span class='ocr_line' id='line_1_94' title="bbox 2840 3337 3197 3398; baseline 0.014 -6"><span class='ocrx_word' id='word_1_700' title='bbox 2840 3337 3067 3395; x_wconf 83' lang='lat' dir='ltr'><strong>CAPUT</strong></span> <span class='ocrx_word' id='word_1_701' title='bbox 3107 3341 3197 3398; x_wconf 86' lang='lat' dir='ltr'><strong>IlI.</strong></span> 
     </span>
    </p>
   </div>
   <div class='ocr_carea' id='block_1_94' title="bbox 2504 3425 3442 3498">
    <p class='ocr_par' dir='ltr' id='par_1_94' title="bbox 2504 3425 3442 3498">
     <span class='ocr_line' id='line_1_95' title="bbox 2504 3425 3442 3498; baseline 0.014 -19"><span class='ocrx_word' id='word_1_702' title='bbox 2504 3425 2872 3498; x_wconf 79' lang='lat' dir='ltr'><strong>Occupationes</strong></span> <span class='ocrx_word' id='word_1_703' title='bbox 2899 3441 2949 3485; x_wconf 84' lang='lat' dir='ltr'><strong>et</strong></span> <span class='ocrx_word' id='word_1_704' title='bbox 2973 3432 3143 3488; x_wconf 79' lang='lat' dir='ltr'><strong>studia</strong></span> <span class='ocrx_word' id='word_1_705' title='bbox 3170 3434 3442 3493; x_wconf 80' lang='lat' dir='ltr'><strong>Ambrosii.</strong></span> 
     </span>
    </p>
   </div>
   <div class='ocr_carea' id='block_1_95' title="bbox 2253 3515 3700 3592">
    <p class='ocr_par' dir='ltr' id='par_1_95' title="bbox 2253 3515 3700 3592">
     <span class='ocr_line' id='line_1_96' title="bbox 2253 3515 3700 3592; baseline 0.01 -21"><span class='ocrx_word' id='word_1_706' title='bbox 2253 3516 2307 3571; x_wconf 82' lang='grc'><strong>5.</strong></span> <span class='ocrx_word' id='word_1_707' title='bbox 2364 3515 2471 3573; x_wconf 87' lang='lat' dir='ltr'><strong>Nec</strong></span> <span class='ocrx_word' id='word_1_708' title='bbox 2513 3517 2622 3589; x_wconf 90' lang='lat' dir='ltr'><strong>jam</strong></span> <span class='ocrx_word' id='word_1_709' title='bbox 2661 3520 3072 3592; x_wconf 83' lang='lat' dir='ltr'><strong>ingemiscebam</strong></span> <span class='ocrx_word' id='word_1_710' title='bbox 3110 3527 3318 3583; x_wconf 92' lang='lat' dir='ltr'><strong>orando</strong></span> <span class='ocrx_word' id='word_1_711' title='bbox 3366 3536 3419 3584; x_wconf 86' lang='lat' dir='ltr'><strong>ut</strong></span> <span class='ocrx_word' id='word_1_712' title='bbox 3454 3528 3700 3585; x_wconf 80' lang='lat' dir='ltr'><strong>subvenires</strong></span> 
     </span>
    </p>
   </div>
   <div class='ocr_carea' id='block_1_96' title="bbox 2181 3607 3700 3683">
    <p class='ocr_par' dir='ltr' id='par_1_96' title="bbox 2181 3607 3700 3683">
     <span class='ocr_line' id='line_1_97' title="bbox 2181 3607 3700 3683; baseline 0.009 -22"><span class='ocrx_word' id='word_1_713' title='bbox 2181 3607 2311 3662; x_wconf 89' lang='lat' dir='ltr'><strong>mihi</strong></span> <span class='ocrx_word' id='word_1_714' title='bbox 2331 3624 2346 3673; x_wconf 91' lang='lat'><strong>;</strong></span> <span class='ocrx_word' id='word_1_715' title='bbox 2378 3609 2470 3665; x_wconf 90' lang='lat' dir='ltr'><strong>sed</strong></span> <span class='ocrx_word' id='word_1_716' title='bbox 2492 3609 2556 3665; x_wconf 90' lang='lat' dir='ltr'><strong>ad</strong></span> <span class='ocrx_word' id='word_1_717' title='bbox 2579 3611 2921 3681; x_wconf 75' lang='lat' dir='ltr'><strong>quzerendum</strong></span> <span class='ocrx_word' id='word_1_718' title='bbox 2946 3613 3205 3683; x_wconf 89' lang='lat' dir='ltr'><strong>intentus,</strong></span> <span class='ocrx_word' id='word_1_719' title='bbox 3228 3626 3283 3675; x_wconf 90' lang='lat' dir='ltr'><strong>et</strong></span> <span class='ocrx_word' id='word_1_720' title='bbox 3307 3619 3371 3676; x_wconf 89' lang='lat' dir='ltr'><strong>ad</strong></span> <span class='ocrx_word' id='word_1_721' title='bbox 3399 3620 3700 3678; x_wconf 81' lang='lat' dir='ltr'><strong>disserendum</strong></span> 
     </span>
    </p>
   </div>
   <div class='ocr_carea' id='block_1_97' title="bbox 2182 3700 3699 3782">
    <p class='ocr_par' dir='ltr' id='par_1_97' title="bbox 2182 3700 3699 3782">
     <span class='ocr_line' id='line_1_98' title="bbox 2182 3700 3699 3782; baseline 0.007 -26"><span class='ocrx_word' id='word_1_722' title='bbox 2182 3700 2448 3772; x_wconf 91' lang='lat' dir='ltr'><strong>inquietus</strong></span> <span class='ocrx_word' id='word_1_723' title='bbox 2475 3711 2591 3759; x_wconf 90' lang='lat' dir='ltr'><strong>erat</strong></span> <span class='ocrx_word' id='word_1_724' title='bbox 2636 3704 2844 3761; x_wconf 89' lang='lat' dir='ltr'><strong>animus</strong></span> <span class='ocrx_word' id='word_1_725' title='bbox 2891 3722 3060 3764; x_wconf 90' lang='lat' dir='ltr'><strong>meus.</strong></span> <span class='ocrx_word' id='word_1_726' title='bbox 3103 3707 3388 3782; x_wconf 88' lang='lat' dir='ltr'><strong>Ipsumque</strong></span> <span class='ocrx_word' id='word_1_727' title='bbox 3422 3711 3699 3768; x_wconf 85' lang='lat' dir='ltr'><strong>Ambrosium</strong></span> 
     </span>
    </p>
   </div>
   <div class='ocr_carea' id='block_1_98' title="bbox 2181 3791 3699 3872">
    <p class='ocr_par' dir='ltr' id='par_1_98' title="bbox 2181 3791 3699 3872">
     <span class='ocr_line' id='line_1_99' title="bbox 2181 3791 3699 3872; baseline 0.005 -23"><span class='ocrx_word' id='word_1_728' title='bbox 2181 3791 2391 3850; x_wconf 85' lang='lat' dir='ltr'><strong>felicem</strong></span> <span class='ocrx_word' id='word_1_729' title='bbox 2423 3795 2705 3866; x_wconf 85' lang='lat' dir='ltr'><strong>quemdam</strong></span> <span class='ocrx_word' id='word_1_730' title='bbox 2733 3796 3003 3854; x_wconf 86' lang='lat' dir='ltr'><strong>hominem</strong></span> <span class='ocrx_word' id='word_1_731' title='bbox 3042 3802 3335 3858; x_wconf 88' lang='lat' dir='ltr'><strong>secundum</strong></span> <span class='ocrx_word' id='word_1_732' title='bbox 3364 3803 3591 3859; x_wconf 76' lang='lat' dir='ltr'><strong>stcculum</strong></span> <span class='ocrx_word' id='word_1_733' title='bbox 3613 3800 3699 3872; x_wconf 87' lang='lat' dir='ltr'><strong>opi-</strong></span> 
     </span>
    </p>
   </div>
   <div class='ocr_carea' id='block_1_99' title="bbox 2086 3883 3701 3961">
    <p class='ocr_par' dir='ltr' id='par_1_99' title="bbox 2086 3883 3701 3961">
     <span class='ocr_line' id='line_1_100' title="bbox 2086 3883 3701 3961; baseline 0.006 -24"><span class='ocrx_word' id='word_1_734' title='bbox 2086 3888 2091 3903; x_wconf 80' lang='lat'><strong>‘</strong></span> <span class='ocrx_word' id='word_1_735' title='bbox 2180 3883 2376 3950; x_wconf 91' lang='lat' dir='ltr'><strong>nabar,</strong></span> <span class='ocrx_word' id='word_1_736' title='bbox 2410 3900 2568 3954; x_wconf 88' lang='lat' dir='ltr'><strong>quem</strong></span> <span class='ocrx_word' id='word_1_737' title='bbox 2621 3887 2698 3942; x_wconf 90' lang='lat' dir='ltr'><strong>sic</strong></span> <span class='ocrx_word' id='word_1_738' title='bbox 2737 3897 2897 3943; x_wconf 63' lang='lat' dir='ltr'><strong>tantae</strong></span> <span class='ocrx_word' id='word_1_739' title='bbox 2944 3897 3239 3961; x_wconf 89' lang='lat' dir='ltr'><strong>potestates</strong></span> <span class='ocrx_word' id='word_1_740' title='bbox 3273 3892 3601 3958; x_wconf 89' lang='lat' dir='ltr'><strong>honorarent;</strong></span> <span class='ocrx_word' id='word_1_741' title='bbox 3626 3906 3701 3947; x_wconf 69' lang='lat' dir='ltr'><strong>cte-</strong></span> 
     </span>
    </p>
   </div>
   <div class='ocr_carea' id='block_1_100' title="bbox 2181 3972 3700 4051">
    <p class='ocr_par' dir='ltr' id='par_1_100' title="bbox 2181 3972 3700 4051">
     <span class='ocr_line' id='line_1_101' title="bbox 2181 3972 3700 4051; baseline 0.005 -24"><span class='ocrx_word' id='word_1_742' title='bbox 2181 3972 2374 4030; x_wconf 90' lang='lat' dir='ltr'><strong>libatus</strong></span> <span class='ocrx_word' id='word_1_743' title='bbox 2413 3983 2615 4031; x_wconf 89' lang='lat' dir='ltr'><strong>tantum</strong></span> <span class='ocrx_word' id='word_1_744' title='bbox 2658 3976 2772 4049; x_wconf 92' lang='lat' dir='ltr'><strong>ejus</strong></span> <span class='ocrx_word' id='word_1_745' title='bbox 2815 3978 2944 4034; x_wconf 91' lang='lat' dir='ltr'><strong>mihi</strong></span> <span class='ocrx_word' id='word_1_746' title='bbox 2972 3979 3270 4038; x_wconf 88' lang='lat' dir='ltr'><strong>laboriosus</strong></span> <span class='ocrx_word' id='word_1_747' title='bbox 3298 3984 3570 4040; x_wconf 86' lang='lat' dir='ltr'><strong>videbatur.</strong></span> <span class='ocrx_word' id='word_1_748' title='bbox 3597 3979 3700 4051; x_wconf 85' lang='lat' dir='ltr'><strong>Quid</strong></span> 
     </span>
    </p>
   </div>
   <div class='ocr_carea' id='block_1_101' title="bbox 2180 4071 3699 4148">
    <p class='ocr_par' dir='ltr' id='par_1_101' title="bbox 2180 4071 3699 4148">
     <span class='ocr_line' id='line_1_102' title="bbox 2180 4071 3699 4148; baseline 0.003 -24"><span class='ocrx_word' id='word_1_749' title='bbox 2180 4078 2356 4125; x_wconf 87' lang='lat' dir='ltr'><strong>autem</strong></span> <span class='ocrx_word' id='word_1_750' title='bbox 2397 4071 2488 4126; x_wconf 92' lang='lat' dir='ltr'><strong>ille</strong></span> <span class='ocrx_word' id='word_1_751' title='bbox 2529 4072 2641 4141; x_wconf 89' lang='lat' dir='ltr'><strong>spei</strong></span> <span class='ocrx_word' id='word_1_752' title='bbox 2686 4082 2928 4143; x_wconf 88' lang='lat' dir='ltr'><strong>gereret,</strong></span> <span class='ocrx_word' id='word_1_753' title='bbox 2984 4083 3039 4130; x_wconf 91' lang='lat' dir='ltr'><strong>et</strong></span> <span class='ocrx_word' id='word_1_754' title='bbox 3080 4075 3337 4134; x_wconf 79' lang='lat' dir='ltr'><strong>adversus</strong></span> <span class='ocrx_word' id='word_1_755' title='bbox 3373 4077 3525 4148; x_wconf 88' lang='lat' dir='ltr'><strong>ipsius</strong></span> <span class='ocrx_word' id='word_1_756' title='bbox 3563 4074 3699 4130; x_wconf 79' lang='lat' dir='ltr'><strong>excel-</strong></span> 
     </span>
    </p>
   </div>
   <div class='ocr_carea' id='block_1_102' title="bbox 2181 4160 3699 4239">
    <p class='ocr_par' dir='ltr' id='par_1_102' title="bbox 2181 4160 3699 4239">
     <span class='ocr_line' id='line_1_103' title="bbox 2181 4160 3699 4239; baseline 0.002 -23"><span class='ocrx_word' id='word_1_757' title='bbox 2181 4160 2356 4217; x_wconf 71' lang='lat' dir='ltr'><strong>lentia:</strong></span> <span class='ocrx_word' id='word_1_758' title='bbox 2404 4170 2731 4218; x_wconf 88' lang='lat' dir='ltr'><strong>tentamcnta</strong></span> <span class='ocrx_word' id='word_1_759' title='bbox 2770 4164 2895 4235; x_wconf 91' lang='lat' dir='ltr'><strong>quid</strong></span> <span class='ocrx_word' id='word_1_760' title='bbox 2938 4165 3240 4224; x_wconf 89' lang='lat' dir='ltr'><strong>luctaminis</strong></span> <span class='ocrx_word' id='word_1_761' title='bbox 3278 4169 3517 4234; x_wconf 88' lang='lat' dir='ltr'><strong>haberet,</strong></span> <span class='ocrx_word' id='word_1_762' title='bbox 3551 4165 3699 4239; x_wconf 82' lang='lat' dir='ltr'><strong>quidve</strong></span> 
     </span>
    </p>
   </div>
   <div class='ocr_carea' id='block_1_103' title="bbox 2181 4254 3700 4331">
    <p class='ocr_par' dir='ltr' id='par_1_103' title="bbox 2181 4254 3700 4331">
     <span class='ocr_line' id='line_1_104' title="bbox 2181 4254 3700 4331; baseline 0.001 -22"><span class='ocrx_word' id='word_1_763' title='bbox 2181 4254 2456 4311; x_wconf 78' lang='lat' dir='ltr'><strong>salaminis</strong></span> <span class='ocrx_word' id='word_1_764' title='bbox 2514 4256 2565 4310; x_wconf 92' lang='lat' dir='ltr'><strong>in</strong></span> <span class='ocrx_word' id='word_1_765' title='bbox 2609 4255 2885 4325; x_wconf 87' lang='lat' dir='ltr'><strong>adversis,</strong></span> <span class='ocrx_word' id='word_1_766' title='bbox 2940 4268 2992 4314; x_wconf 90' lang='lat' dir='ltr'><strong>ct</strong></span> <span class='ocrx_word' id='word_1_767' title='bbox 3041 4260 3309 4317; x_wconf 90' lang='lat' dir='ltr'><strong>occultum</strong></span> <span class='ocrx_word' id='word_1_768' title='bbox 3355 4275 3414 4317; x_wconf 92' lang='lat' dir='ltr'><strong>os</strong></span> <span class='ocrx_word' id='word_1_769' title='bbox 3461 4260 3560 4331; x_wconf 82' lang='lat' dir='ltr'><strong>ejus</strong></span> <span class='ocrx_word' id='word_1_770' title='bbox 3591 4254 3700 4329; x_wconf 90' lang='lat' dir='ltr'><strong>quod</strong></span> 
     </span>
    </p>
   </div>
   <div class='ocr_carea' id='block_1_104' title="bbox 2180 4345 3699 4423">
    <p class='ocr_par' dir='ltr' id='par_1_104' title="bbox 2180 4345 3699 4423">
     <span class='ocr_line' id='line_1_105' title="bbox 2180 4345 3699 4423; baseline 0.001 -23"><span class='ocrx_word' id='word_1_771' title='bbox 2180 4353 2296 4401; x_wconf 89' lang='lat' dir='ltr'><strong>erat</strong></span> <span class='ocrx_word' id='word_1_772' title='bbox 2349 4345 2403 4400; x_wconf 94' lang='lat' dir='ltr'><strong>in</strong></span> <span class='ocrx_word' id='word_1_773' title='bbox 2457 4345 2617 4402; x_wconf 91' lang='lat' dir='ltr'><strong>corde</strong></span> <span class='ocrx_word' id='word_1_774' title='bbox 2662 4346 2811 4417; x_wconf 90' lang='lat' dir='ltr'><strong>ejus,</strong></span> <span class='ocrx_word' id='word_1_775' title='bbox 2850 4363 3007 4419; x_wconf 89' lang='lat' dir='ltr'><strong>quam</strong></span> <span class='ocrx_word' id='word_1_776' title='bbox 3046 4350 3228 4421; x_wconf 91' lang='lat' dir='ltr'><strong>sapida</strong></span> <span class='ocrx_word' id='word_1_777' title='bbox 3278 4350 3459 4423; x_wconf 84' lang='lat' dir='ltr'><strong>gaudia</strong></span> <span class='ocrx_word' id='word_1_778' title='bbox 3500 4350 3559 4405; x_wconf 87' lang='lat' dir='ltr'><strong>de</strong></span> <span class='ocrx_word' id='word_1_779' title='bbox 3595 4361 3699 4419; x_wconf 82' lang='lat' dir='ltr'><strong>pane</strong></span> 
     </span>
    </p>
   </div>
   <div class='ocr_carea' id='block_1_105' title="bbox 2182 4439 3698 4510">
    <p class='ocr_par' dir='ltr' id='par_1_105' title="bbox 2182 4439 3698 4510">
     <span class='ocr_line' id='line_1_106' title="bbox 2182 4439 3698 4510; baseline -0.001 -17"><span class='ocrx_word' id='word_1_780' title='bbox 2182 4447 2273 4494; x_wconf 92' lang='lat' dir='ltr'><strong>tuo</strong></span> <span class='ocrx_word' id='word_1_781' title='bbox 2301 4439 2624 4505; x_wconf 86' lang='lat' dir='ltr'><strong>ruminaret;</strong></span> <span class='ocrx_word' id='word_1_782' title='bbox 2662 4454 2762 4495; x_wconf 90' lang='lat' dir='ltr'><strong>nec</strong></span> <span class='ocrx_word' id='word_1_783' title='bbox 2792 4440 3055 4510; x_wconf 85' lang='lat' dir='ltr'><strong>conjicere</strong></span> <span class='ocrx_word' id='word_1_784' title='bbox 3084 4457 3354 4507; x_wconf 86' lang='lat' dir='ltr'><strong>noveram,</strong></span> <span class='ocrx_word' id='word_1_785' title='bbox 3386 4458 3476 4499; x_wconf 87' lang='lat' dir='ltr'><strong>nec</strong></span> <span class='ocrx_word' id='word_1_786' title='bbox 3498 4446 3698 4510; x_wconf 82' lang='lat' dir='ltr'><strong>expertus</strong></span> 
     </span>
    </p>
   </div>
   <div class='ocr_carea' id='block_1_106' title="bbox 2179 4526 3695 4601">
    <p class='ocr_par' dir='ltr' id='par_1_106' title="bbox 2179 4526 3695 4601">
     <span class='ocr_line' id='line_1_107' title="bbox 2179 4526 3695 4601; baseline -0.003 -14"><span class='ocrx_word' id='word_1_787' title='bbox 2179 4545 2327 4587; x_wconf 90' lang='lat' dir='ltr'><strong>eram</strong></span> <span class='ocrx_word' id='word_1_788' title='bbox 2357 4548 2370 4585; x_wconf 92' lang='lat'>:</span> <span class='ocrx_word' id='word_1_789' title='bbox 2399 4546 2498 4587; x_wconf 92' lang='lat' dir='ltr'><strong>nec</strong></span> <span class='ocrx_word' id='word_1_790' title='bbox 2524 4531 2611 4587; x_wconf 90' lang='lat' dir='ltr'><strong>ille</strong></span> <span class='ocrx_word' id='word_1_791' title='bbox 2636 4530 2838 4587; x_wconf 90' lang='lat' dir='ltr'><strong>sciebat</strong></span> <span class='ocrx_word' id='word_1_792' title='bbox 2860 4542 3021 4587; x_wconf 80' lang='lat' dir='ltr'><strong>:estus</strong></span> <span class='ocrx_word' id='word_1_793' title='bbox 3042 4548 3214 4600; x_wconf 86' lang='lat' dir='ltr'><strong>meos,</strong></span> <span class='ocrx_word' id='word_1_794' title='bbox 3242 4550 3341 4590; x_wconf 92' lang='lat' dir='ltr'><strong>nec</strong></span> <span class='ocrx_word' id='word_1_795' title='bbox 3368 4533 3552 4590; x_wconf 82' lang='lat' dir='ltr'><strong>foveam</strong></span> <span class='ocrx_word' id='word_1_796' title='bbox 3586 4526 3695 4601; x_wconf 87' lang='lat' dir='ltr'><strong>peri-</strong></span> 
     </span>
    </p>
   </div>
   <div class='ocr_carea' id='block_1_107' title="bbox 2177 4622 3696 4700">
    <p class='ocr_par' dir='ltr' id='par_1_107' title="bbox 2177 4622 3696 4700">
     <span class='ocr_line' id='line_1_108' title="bbox 2177 4622 3696 4700; baseline -0.003 -19"><span class='ocrx_word' id='word_1_797' title='bbox 2177 4624 2283 4681; x_wconf 91' lang='lat' dir='ltr'><strong>culi</strong></span> <span class='ocrx_word' id='word_1_798' title='bbox 2308 4625 2434 4680; x_wconf 90' lang='lat' dir='ltr'><strong>mei.</strong></span> <span class='ocrx_word' id='word_1_799' title='bbox 2463 4624 2578 4680; x_wconf 85' lang='lat' dir='ltr'><strong>Non</strong></span> <span class='ocrx_word' id='word_1_800' title='bbox 2606 4626 2748 4681; x_wconf 88' lang='lat' dir='ltr'><strong>enim</strong></span> <span class='ocrx_word' id='word_1_801' title='bbox 2767 4641 3007 4697; x_wconf 67' lang='lat' dir='ltr'><strong>quaerere</strong></span> <span class='ocrx_word' id='word_1_802' title='bbox 3039 4627 3107 4682; x_wconf 90' lang='lat' dir='ltr'><strong>ab</strong></span> <span class='ocrx_word' id='word_1_803' title='bbox 3135 4642 3201 4684; x_wconf 92' lang='lat' dir='ltr'><strong>eo</strong></span> <span class='ocrx_word' id='word_1_804' title='bbox 3226 4636 3455 4700; x_wconf 85' lang='lat' dir='ltr'><strong>poteram</strong></span> <span class='ocrx_word' id='word_1_805' title='bbox 3479 4622 3601 4699; x_wconf 90' lang='lat' dir='ltr'><strong>quod</strong></span> <span class='ocrx_word' id='word_1_806' title='bbox 3624 4635 3696 4676; x_wconf 87' lang='lat' dir='ltr'><strong>vo-</strong></span> 
     </span>
    </p>
   </div>
   <div class='ocr_carea' id='block_1_108' title="bbox 2179 4717 3695 4788">
    <p class='ocr_par' dir='ltr' id='par_1_108' title="bbox 2179 4717 3695 4788">
     <span class='ocr_line' id='line_1_109' title="bbox 2179 4717 3695 4788; baseline -0.005 -14"><span class='ocrx_word' id='word_1_807' title='bbox 2179 4717 2375 4787; x_wconf 90' lang='lat' dir='ltr'><strong>lebam,</strong></span> <span class='ocrx_word' id='word_1_808' title='bbox 2399 4718 2536 4773; x_wconf 89' lang='lat' dir='ltr'><strong>sicut</strong></span> <span class='ocrx_word' id='word_1_809' title='bbox 2559 4717 2825 4783; x_wconf 88' lang='lat' dir='ltr'><strong>volebam,</strong></span> <span class='ocrx_word' id='word_1_810' title='bbox 2857 4718 3250 4776; x_wconf 87' lang='lat' dir='ltr'><strong>secludentibus</strong></span> <span class='ocrx_word' id='word_1_811' title='bbox 3273 4735 3357 4776; x_wconf 90' lang='lat' dir='ltr'><strong>me</strong></span> <span class='ocrx_word' id='word_1_812' title='bbox 3382 4718 3447 4774; x_wconf 91' lang='lat' dir='ltr'><strong>ab</strong></span> <span class='ocrx_word' id='word_1_813' title='bbox 3468 4717 3569 4788; x_wconf 88' lang='lat' dir='ltr'><strong>ejus</strong></span> <span class='ocrx_word' id='word_1_814' title='bbox 3595 4724 3695 4769; x_wconf 82' lang='lat' dir='ltr'><strong>aure</strong></span> 
     </span>
    </p>
   </div>
   <div class='ocr_carea' id='block_1_109' title="bbox 2176 4812 3692 4885">
    <p class='ocr_par' dir='ltr' id='par_1_109' title="bbox 2176 4812 3692 4885">
     <span class='ocr_line' id='line_1_110' title="bbox 2176 4812 3692 4885; baseline -0.001 -16"><span class='ocrx_word' id='word_1_815' title='bbox 2176 4821 2336 4885; x_wconf 89' lang='lat' dir='ltr'><strong>atque</strong></span> <span class='ocrx_word' id='word_1_816' title='bbox 2371 4828 2466 4869; x_wconf 90' lang='lat' dir='ltr'><strong>ore</strong></span> <span class='ocrx_word' id='word_1_817' title='bbox 2506 4813 2733 4869; x_wconf 88' lang='lat' dir='ltr'><strong>catervis</strong></span> <span class='ocrx_word' id='word_1_818' title='bbox 2770 4812 3164 4885; x_wconf 86' lang='lat' dir='ltr'><strong>negotiosorum</strong></span> <span class='ocrx_word' id='word_1_819' title='bbox 3193 4812 3476 4880; x_wconf 82' lang='lat' dir='ltr'><strong>hominum,</strong></span> <span class='ocrx_word' id='word_1_820' title='bbox 3512 4820 3692 4882; x_wconf 68' lang='lat' dir='ltr'><strong>quorum</strong></span> 
     </span>
    </p>
   </div>
   <div class='ocr_carea' id='block_1_110' title="bbox 2106 4902 3689 4979">
    <p class='ocr_par' dir='ltr' id='par_1_110' title="bbox 2106 4902 3689 4979">
     <span class='ocr_line' id='line_1_111' title="bbox 2106 4902 3689 4979; baseline -0.003 -15"><span class='ocrx_word' id='word_1_821' title='bbox 2106 4906 2133 4979; x_wconf 57' lang='grc' dir='ltr'>ἶ</span> <span class='ocrx_word' id='word_1_822' title='bbox 2176 4906 2575 4963; x_wconf 83' lang='lat' dir='ltr'><strong>infirmitatibus</strong></span> <span class='ocrx_word' id='word_1_823' title='bbox 2594 4906 2875 4962; x_wconf 89' lang='lat' dir='ltr'><strong>serviebat.</strong></span> <span class='ocrx_word' id='word_1_824' title='bbox 2897 4906 3033 4962; x_wconf 87' lang='lat' dir='ltr'><strong>Cum</strong></span> <span class='ocrx_word' id='word_1_825' title='bbox 3050 4906 3240 4978; x_wconf 88' lang='lat' dir='ltr'><strong>quibus</strong></span> <span class='ocrx_word' id='word_1_826' title='bbox 3257 4904 3458 4979; x_wconf 86' lang='lat' dir='ltr'><strong>quando</strong></span> <span class='ocrx_word' id='word_1_827' title='bbox 3476 4918 3566 4958; x_wconf 91' lang='lat' dir='ltr'><strong>non</strong></span> <span class='ocrx_word' id='word_1_828' title='bbox 3582 4902 3689 4959; x_wconf 66' lang='lat' dir='ltr'><strong>eral.</strong></span> 
     </span>
    </p>
   </div>
   <div class='ocr_carea' id='block_1_111' title="bbox 2175 4988 3690 5071">
    <p class='ocr_par' dir='ltr' id='par_1_111' title="bbox 2175 4988 3690 5071">
     <span class='ocr_line' id='line_1_112' title="bbox 2175 4988 3690 5071; baseline -0.003 -19"><span class='ocrx_word' id='word_1_829' title='bbox 2175 4998 2315 5071; x_wconf 90' lang='lat' dir='ltr'><strong>quod</strong></span> <span class='ocrx_word' id='word_1_830' title='bbox 2346 5013 2442 5070; x_wconf 89' lang='lat' dir='ltr'><strong>per</strong></span> <span class='ocrx_word' id='word_1_831' title='bbox 2468 4998 2717 5069; x_wconf 84' lang='lat' dir='ltr'><strong>exiguum</strong></span> <span class='ocrx_word' id='word_1_832' title='bbox 2737 4998 2997 5068; x_wconf 88' lang='lat' dir='ltr'><strong>temporis</strong></span> <span class='ocrx_word' id='word_1_833' title='bbox 3011 5006 3145 5062; x_wconf 89' lang='lat' dir='ltr'><strong>erat,</strong></span> <span class='ocrx_word' id='word_1_834' title='bbox 3164 5006 3250 5054; x_wconf 86' lang='lat' dir='ltr'><strong>aut</strong></span> <span class='ocrx_word' id='word_1_835' title='bbox 3266 5010 3449 5067; x_wconf 88' lang='lat' dir='ltr'><strong>corpus</strong></span> <span class='ocrx_word' id='word_1_836' title='bbox 3467 4988 3690 5050; x_wconf 68' lang='lat' dir='ltr'><strong>reficiehﬂ</strong></span> 
     </span>
    </p>
   </div>
   <div class='ocr_carea' id='block_1_112' title="bbox 2176 5172 3686 5256">
    <p class='ocr_par' dir='ltr' id='par_1_112' title="bbox 2176 5172 3686 5256">
     <span class='ocr_line' id='line_1_113' title="bbox 2176 5172 3686 5256; baseline -0.01 -15"><span class='ocrx_word' id='word_1_837' title='bbox 2176 5200 2297 5241; x_wconf 91' lang='lat' dir='ltr'><strong>cum</strong></span> <span class='ocrx_word' id='word_1_838' title='bbox 2324 5183 2555 5256; x_wconf 88' lang='lat' dir='ltr'><strong>legebat,</strong></span> <span class='ocrx_word' id='word_1_839' title='bbox 2578 5183 2717 5240; x_wconf 91' lang='lat' dir='ltr'><strong>oculi</strong></span> <span class='ocrx_word' id='word_1_840' title='bbox 2744 5183 3073 5240; x_wconf 89' lang='lat' dir='ltr'><strong>ducebantur</strong></span> <span class='ocrx_word' id='word_1_841' title='bbox 3100 5198 3193 5255; x_wconf 90' lang='lat' dir='ltr'><strong>per</strong></span> <span class='ocrx_word' id='word_1_842' title='bbox 3211 5183 3436 5256; x_wconf 80' lang='lat' dir='ltr'><strong>paginas,</strong></span> <span class='ocrx_word' id='word_1_843' title='bbox 3460 5187 3509 5236; x_wconf 88' lang='lat' dir='ltr'><strong>et</strong></span> <span class='ocrx_word' id='word_1_844' title='bbox 3526 5191 3604 5233; x_wconf 86' lang='lat' dir='ltr'><strong>cor</strong></span> <span class='ocrx_word' id='word_1_845' title='bbox 3623 5172 3686 5228; x_wconf 84' lang='lat' dir='ltr'><strong>in-</strong></span> 
     </span>
    </p>
   </div>
   <div class='ocr_carea' id='block_1_113' title="bbox 2176 5268 3680 5349">
    <p class='ocr_par' dir='ltr' id='par_1_113' title="bbox 2176 5268 3680 5349">
     <span class='ocr_line' id='line_1_114' title="bbox 2176 5268 3680 5349; baseline -0.006 -14"><span class='ocrx_word' id='word_1_846' title='bbox 2176 5280 2444 5337; x_wconf 90' lang='lat' dir='ltr'><strong>tellectum</strong></span> <span class='ocrx_word' id='word_1_847' title='bbox 2475 5277 2786 5346; x_wconf 85' lang='lat' dir='ltr'><strong>rimabatur,</strong></span> <span class='ocrx_word' id='word_1_848' title='bbox 2800 5292 2901 5335; x_wconf 87' lang='lat' dir='ltr'><strong>vox</strong></span> <span class='ocrx_word' id='word_1_849' title='bbox 2917 5285 3095 5335; x_wconf 90' lang='lat' dir='ltr'><strong>autem</strong></span> <span class='ocrx_word' id='word_1_850' title='bbox 3115 5287 3170 5334; x_wconf 93' lang='lat' dir='ltr'><strong>et</strong></span> <span class='ocrx_word' id='word_1_851' title='bbox 3191 5277 3360 5349; x_wconf 82' lang='lat' dir='ltr'><strong>lingua</strong></span> <span class='ocrx_word' id='word_1_852' title='bbox 3379 5268 3680 5346; x_wconf 71' lang='lat' dir='ltr'><strong>quiescebant-</strong></span> 
     </span>
    </p>
   </div>
   <div class='ocr_carea' id='block_1_114' title="bbox 2174 5364 3681 5444">
    <p class='ocr_par' dir='ltr' id='par_1_114' title="bbox 2174 5364 3681 5444">
     <span class='ocr_line' id='line_1_115' title="bbox 2174 5364 3681 5444; baseline -0.005 -15"><span class='ocrx_word' id='word_1_853' title='bbox 2174 5369 2332 5444; x_wconf 72' lang='lat' dir='ltr'><strong>Stepe</strong></span> <span class='ocrx_word' id='word_1_854' title='bbox 2360 5387 2480 5429; x_wconf 91' lang='lat' dir='ltr'><strong>cum</strong></span> <span class='ocrx_word' id='word_1_855' title='bbox 2506 5371 2838 5441; x_wconf 89' lang='lat' dir='ltr'><strong>adessemus,</strong></span> <span class='ocrx_word' id='word_1_856' title='bbox 2865 5386 2970 5426; x_wconf 91' lang='lat' dir='ltr'><strong>non</strong></span> <span class='ocrx_word' id='word_1_857' title='bbox 2996 5370 3140 5427; x_wconf 88' lang='lat' dir='ltr'><strong>enim</strong></span> <span class='ocrx_word' id='word_1_858' title='bbox 3164 5368 3426 5426; x_wconf 86' lang='lat' dir='ltr'><strong>vetabatur</strong></span> <span class='ocrx_word' id='word_1_859' title='bbox 3455 5364 3681 5437; x_wconf 61' lang='lat' dir='ltr'><strong>quisqui!</strong></span> 
     </span>
    </p>
   </div>
   <div class='ocr_carea' id='block_1_115' title="bbox 2172 5456 3676 5535">
    <p class='ocr_par' dir='ltr' id='par_1_115' title="bbox 2172 5456 3676 5535">
     <span class='ocr_line' id='line_1_116' title="bbox 2172 5456 3676 5535; baseline -0.009 -14"><span class='ocrx_word' id='word_1_860' title='bbox 2172 5464 2400 5535; x_wconf 75' lang='lat' dir='ltr'><strong>ingredi,</strong></span> <span class='ocrx_word' id='word_1_861' title='bbox 2423 5470 2514 5521; x_wconf 86' lang='lat' dir='ltr'><strong>aut</strong></span> <span class='ocrx_word' id='word_1_862' title='bbox 2532 5463 2583 5520; x_wconf 92' lang='lat' dir='ltr'><strong>ei</strong></span> <span class='ocrx_word' id='word_1_863' title='bbox 2601 5463 2901 5520; x_wconf 89' lang='lat' dir='ltr'><strong>venientem</strong></span> <span class='ocrx_word' id='word_1_864' title='bbox 2938 5462 3165 5519; x_wconf 90' lang='lat' dir='ltr'><strong>nuntiari</strong></span> <span class='ocrx_word' id='word_1_865' title='bbox 3201 5476 3315 5517; x_wconf 85' lang='lat' dir='ltr'><strong>mos</strong></span> <span class='ocrx_word' id='word_1_866' title='bbox 3339 5466 3473 5524; x_wconf 85' lang='lat' dir='ltr'><strong>erat;</strong></span> <span class='ocrx_word' id='word_1_867' title='bbox 3498 5456 3564 5512; x_wconf 87' lang='lat' dir='ltr'><strong>sic</strong></span> <span class='ocrx_word' id='word_1_868' title='bbox 3581 5461 3676 5508; x_wconf 84' lang='lat' dir='ltr'><strong>eum</strong></span> 
     </span>
    </p>
   </div>
   <div class='ocr_carea' id='block_1_116' title="bbox 475 5609 3469 5690">
    <p class='ocr_par' dir='ltr' id='par_1_116' title="bbox 475 5609 3469 5690">
     <span class='ocr_line' id='line_1_117' title="bbox 475 5609 3469 5690; baseline 0.001 -31"><span class='ocrx_word' id='word_1_869' title='bbox 475 5609 549 5690; x_wconf 55' lang='grc' dir='ltr'><strong>ἀεὶ</strong></span> <span class='ocrx_word' id='word_1_870' title='bbox 558 5625 617 5663; x_wconf 84' lang='lat' dir='ltr'><strong>re</strong></span> <span class='ocrx_word' id='word_1_871' title='bbox 632 5609 802 5690; x_wconf 55' lang='lat' dir='ltr'><strong>scribit</strong></span> <span class='ocrx_word' id='word_1_872' title='bbox 814 5612 966 5674; x_wconf 76' lang='lat' dir='ltr'><strong>Epist.</strong></span> <span class='ocrx_word' id='word_1_873' title='bbox 983 5611 1159 5690; x_wconf 49' lang='lat'><strong>22,“</strong></span> <span class='ocrx_word' id='word_1_874' title='bbox 1175 5609 1425 5690; x_wconf 36' lang='lat' dir='ltr'><strong>Ant-elisum</strong></span> <span class='ocrx_word' id='word_1_875' title='bbox 1449 5609 1900 5690; x_wconf 57' lang='lat' dir='ltr'><strong>Carthagi&#39;ncnsem:</strong></span> <span class='ocrx_word' id='word_1_876' title='bbox 1917 5609 2066 5690; x_wconf 59' lang='lat' dir='ltr'><strong>Quin;</strong></span> <span class='ocrx_word' id='word_1_877' title='bbox 2233 5627 2251 5690; x_wconf 54' lang='grc' dir='ltr'><em>ᾳ</em></span> <span class='ocrx_word' id='word_1_878' title='bbox 2271 5631 2371 5675; x_wconf 64' lang='grc' dir='ltr'>λιιι,</span> <span class='ocrx_word' id='word_1_879' title='bbox 2395 5630 2447 5675; x_wconf 76' lang='grc' dir='ltr'><strong>οι</strong></span> <span class='ocrx_word' id='word_1_880' title='bbox 2463 5631 2559 5686; x_wconf 46' lang='lat' dir='ltr'><strong>an,</strong></span> <span class='ocrx_word' id='word_1_881' title='bbox 2579 5620 2812 5690; x_wconf 57' lang='grc' dir='ltr'><strong>ροεῇιιιιτη,</strong></span> <span class='ocrx_word' id='word_1_882' title='bbox 3038 5683 3052 5690; x_wconf 86' lang='lat'>_</span> <span class='ocrx_word' id='word_1_883' title='bbox 3237 5682 3249 5690; x_wconf 79' lang='lat'>_</span> <span class='ocrx_word' id='word_1_884' title='bbox 3439 5675 3469 5690; x_wconf 45' lang='lat' dir='ltr'><strong>ﬂ</strong></span> 
     </span>
    </p>
   </div>
   <div class='ocr_carea' id='block_1_117' title="bbox 480 5672 3668 5758">
    <p class='ocr_par' dir='ltr' id='par_1_117' title="bbox 480 5672 3668 5758">
     <span class='ocr_line' id='line_1_118' title="bbox 480 5672 3668 5758; baseline -0.013 7"><span class='ocrx_word' id='word_1_885' title='bbox 480 5672 630 5758; x_wconf 58' lang='grc' dir='ltr'>ξω</span> <span class='ocrx_word' id='word_1_886' title='bbox 666 5672 1027 5758; x_wconf 61' lang='grc' dir='ltr'><strong>ἰίννουὲηξεπξι</strong></span> <span class='ocrx_word' id='word_1_887' title='bbox 1059 5672 1971 5758; x_wconf 46' lang='lat' dir='ltr'><strong>servitiorum}</strong></span> <span class='ocrx_word' id='word_1_888' title='bbox 1998 5686 2063 5758; x_wconf 69' lang='lat' dir='ltr'><strong>ua</strong></span> <span class='ocrx_word' id='word_1_889' title='bbox 2164 5688 2183 5758; x_wconf 60' lang='grc' dir='ltr'><em>ι</em></span> <span class='ocrx_word' id='word_1_890' title='bbox 2464 5672 2840 5758; x_wconf 46' lang='lat' dir='ltr'><strong>natantum</strong></span> <span class='ocrx_word' id='word_1_891' title='bbox 2861 5683 3099 5758; x_wconf 54' lang='lat' dir='ltr'><strong>epioni:</strong></span> <span class='ocrx_word' id='word_1_892' title='bbox 3120 5672 3626 5758; x_wconf 29' lang='lat' dir='ltr'><strong>WaW&#39;A“</strong></span> <span class='ocrx_word' id='word_1_893' title='bbox 3624 5696 3668 5758; x_wconf 52' lang='grc' dir='ltr'><strong>ε.</strong></span> 
     </span>
    </p>
   </div>
   <div class='ocr_carea' id='block_1_118' title="bbox 477 5731 3664 5813">
    <p class='ocr_par' dir='ltr' id='par_1_118' title="bbox 477 5731 3664 5813">
     <span class='ocr_line' id='line_1_119' title="bbox 477 5731 3664 5813; baseline 0.007 -31"><span class='ocrx_word' id='word_1_894' title='bbox 477 5731 791 5813; x_wconf 39' lang='lat' dir='ltr'><strong>boLeceMmti&#39;e</strong></span> <span class='ocrx_word' id='word_1_895' title='bbox 818 5736 1014 5798; x_wconf 85' lang='lat' dir='ltr'><strong>penitus</strong></span> <span class='ocrx_word' id='word_1_896' title='bbox 1026 5742 1253 5798; x_wconf 86' lang='lat' dir='ltr'><strong>revocat,</strong></span> <span class='ocrx_word' id='word_1_897' title='bbox 1284 5731 1424 5788; x_wconf 68' lang='lat' dir='ltr'><strong>sicuti</strong></span> <span class='ocrx_word' id='word_1_898' title='bbox 1441 5735 1587 5788; x_wconf 83' lang='lat' dir='ltr'><strong>ﬁdem</strong></span> <span class='ocrx_word' id='word_1_899' title='bbox 1603 5739 1715 5790; x_wconf 85' lang='lat' dir='ltr'><strong>facit</strong></span> <span class='ocrx_word' id='word_1_900' title='bbox 1729 5731 1777 5805; x_wconf 53' lang='lat' dir='ltr'><strong>F31</strong></span> <span class='ocrx_word' id='word_1_901' title='bbox 1793 5743 1872 5796; x_wconf 72' lang='grc' dir='ltr'><strong>ια.</strong></span> <span class='ocrx_word' id='word_1_902' title='bbox 1883 5731 1985 5812; x_wconf 59' lang='grc' dir='ltr'>Ξῖ,</span> <span class='ocrx_word' id='word_1_903' title='bbox 2000 5731 2062 5801; x_wconf 55' lang='lat' dir='ltr'><strong>ad</strong></span> <span class='ocrx_word' id='word_1_904' title='bbox 3115 5731 3559 5813; x_wconf 63' lang='grc' dir='ltr'><strong>μηῴεἱεεῦλο·</strong></span> <span class='ocrx_word' id='word_1_905' title='bbox 3621 5735 3664 5778; x_wconf 70' lang='grc'><strong><em>³⁸</em></strong></span> 
     </span>
    </p>
   </div>
   <div class='ocr_carea' id='block_1_119' title="bbox 477 5793 707 5859">
    <p class='ocr_par' dir='ltr' id='par_1_119' title="bbox 477 5793 707 5859">
     <span class='ocr_line' id='line_1_120' title="bbox 477 5793 707 5859; baseline 0.013 -13"><span class='ocrx_word' id='word_1_906' title='bbox 477 5793 707 5859; x_wconf 73' lang='lat' dir='ltr'><strong>Alypium.</strong></span> 
     </span>
    </p>
   </div>
   <div class='ocr_carea' id='block_1_120' title="bbox 2200 5801 3458 5873">
    <p class='ocr_par' dir='ltr' id='par_1_120' title="bbox 2200 5801 3458 5873">
     <span class='ocr_line' id='line_1_121' title="bbox 2200 5801 3458 5873; baseline -0.009 -10"><span class='ocrx_word' id='word_1_907' title='bbox 2200 5801 2225 5844; x_wconf 69' lang='grc' dir='ltr'><em>έ</em></span> <span class='ocrx_word' id='word_1_908' title='bbox 2241 5801 2349 5864; x_wconf 60' lang='grc' dir='ltr'><strong>ιξογ.</strong></span> <span class='ocrx_word' id='word_1_909' title='bbox 2366 5801 2679 5863; x_wconf 68' lang='grc' dir='ltr'><strong>εοωῐῐιῙΒιθε.</strong></span> <span class='ocrx_word' id='word_1_910' title='bbox 2699 5801 2913 5861; x_wconf 59' lang='lat' dir='ltr'><strong>habent:</strong></span> <span class='ocrx_word' id='word_1_911' title='bbox 2936 5818 2991 5860; x_wconf 83' lang='lat' dir='ltr'><strong>In</strong></span> <span class='ocrx_word' id='word_1_912' title='bbox 3006 5808 3111 5873; x_wconf 73' lang='lat' dir='ltr'><strong>ejus</strong></span> <span class='ocrx_word' id='word_1_913' title='bbox 3122 5801 3458 5872; x_wconf 67' lang='lat' dir='ltr'><strong>pmdicdtim.</strong></span> 
     </span>
    </p>
   </div>
  </div>
