3880 6390
522 422 626 480 723

516 541 757 601 rentibus
782 548 932 597 ortus
968 554 1143 601 essem
1163 579 1179 607 ,
1208 536 1352 610 quod
1392 538 1533 596 scire
1573 550 1678 593 non
1718 550 1931 608 possem
1952 575 1971 603 ,
1998 534 2102 591 nisi

515 632 785 690 audiendo
810 632 1193 691 credidissem:
1222 630 1533 703 persuasisti
1557 627 1711 696 mihi,
1736 643 1845 687 non
1871 629 1961 701 qui
1984 642 2101 685 cre-

513 724 703 782 derent
734 724 910 782 Libris
939 726 1045 781 tuis
1061 766 1077 789 ,
1106 740 1241 796 quos
1265 731 1411 781 tanta
1437 724 1493 779 in
1517 722 1764 781 omnibus
1789 720 1903 779 fere
1924 720 2100 793 genti-

510 817 615 872 bus
643 816 959 873 auctoritate
994 815 1264 881 fundasti;
1294 815 1388 875 sed
1410 815 1504 888 qui
1531 830 1635 870 non
1673 814 1957 873 crederent
1979 828 2101 871 esse

513 907 826 979 culpandus,
858 922 958 963 nec
982 907 1276 967 audiendos
1298 921 1434 969 esse,
1463 907 1509 963 si
1534 906 1627 978 qui
1653 905 1787 963 forte
1811 905 1941 963 mihi
1964 905 2100 963 dice-

511 1014 636 1063 rent
665 1020 678 1056 :
702 1002 856 1063 Unde
882 1002 988 1059 scis
1010 1002 1129 1065 illos
1158 1001 1346 1061 Libros
1370 1001 1529 1057 unius
1556 1003 1669 1059 veri
1694 1007 1750 1057 et
1772 999 2098 1059 veracissimi

512 1094 612 1151 Dei
636 1093 829 1165 spiritu
855 1107 977 1155 esse
1010 1092 1244 1153 humano
1265 1093 1449 1165 generi
1472 1091 1837 1153 ministratos?
1866 1090 2096 1161 ldipsum

511 1187 660 1243 enim
686 1187 919 1247 maxime
937 1185 1261 1245 credendum
1284 1195 1422 1252 erat,
1448 1184 1698 1255 quoniam
1725 1183 1869 1239 nulla
1895 1197 2095 1254 pugna.

511 1278 648 1335 citas
670 1279 1114 1337 calumniosarum
1143 1277 1514 1348 quastionum,
1538 1292 1634 1346 per
1658 1284 1767 1332 tam
1796 1275 1956 1334 multa
1977 1289 2097 1347 qua

508 1369 743 1439 legeram
768 1370 908 1427 inter
932 1385 993 1431 se
1011 1369 1404 1440 confligentium
1430 1367 1890 1438 philosOphorum,
1918 1373 2097 1422 extor-

510 1476 678 1530 quere
697 1461 827 1519 mihi
853 1463 1023 1532 potuit
1048 1471 1106 1519 ut
1130 1461 1419 1534 aliquando
1437 1477 1542 1519 non
1569 1461 1866 1528 crederern,
1895 1468 1951 1517 te
1975 1474 2096 1517 esse

511 1552 764 1623 quidquid
784 1568 934 1611 esses
959 1553 1100 1626 quod
1125 1569 1228 1625 ego
1246 1554 1544 1620 nescirem;
1566 1562 1659 1609 aut
1681 1551 2093 1613 administratio-

513 1660 639 1701 nem
668 1662 846 1702 rerum
871 1647 1217 1707 humanarum
1243 1647 1311 1705 ad
1339 1657 1393 1704 te
1418 1647 1705 1718 pertinere.

581 1738 636 1794 8.
667 1738 775 1795 Sed
801 1739 854 1796 id
872 1738 1155 1799 credebam
1184 1739 1467 1809 aliquando
1491 1738 1780 1803 robustius,
1811 1734 2096 1809 aliquando

509 1830 726 1895 exilius;
763 1845 975 1903 semper
1013 1840 1188 1887 tamen
1226 1828 1428 1889 credidi
1468 1838 1517 1886 et
1561 1843 1681 1885 esse
1709 1838 1795 1893 te,
1824 1837 1880 1885 et
1913 1842 2093 1884 curam

510 1924 679 1979 nostri
700 1939 920 1994 gerere;
947 1924 1155 1981 etiamsi
1177 1921 1485 1994 ignorabam
1508 1922 1590 1976 vel
1611 1920 1739 1992 quid
1760 1919 2092 1977 sentiendum

509 2025 652 2070 esset
679 2016 747 2071 de
765 2017 1056 2072 substantia
1087 2025 1198 2082 tua,
1218 2015 1301 2071 vel
1325 2029 1444 2085 quae
1470 2014 1555 2069 via
1575 2013 1795 2071 duceret
1820 2021 1912 2068 aut
1937 2011 2092 2068 redu-

507 2116 651 2162 reret
672 2107 739 2163 ad
762 2116 835 2164 te.
866 2107 1091 2177 idemne
1110 2121 1231 2164 cum
1256 2119 1496 2163 essemus
1511 2103 1704 2159 infirmi
1726 2102 1794 2159 ad
1818 2102 2093 2158 invenien-

506 2198 628 2253 dam
659 2199 854 2269 liquida
893 2198 1097 2257 ratione
1123 2198 1431 2264 veritatem,
1457 2205 1514 2252 et
1549 2195 1621 2250 ob
1646 2194 1749 2251 hoc
1777 2194 1930 2251 nobis
1957 2210 2091 2264 opus

507 2300 649 2346 esset
674 2291 987 2347 auctoritate
1021 2298 1324 2347 sanctarum
1349 2288 1701 2353 Litterarum,
1736 2287 1843 2356 jam
1871 2286 2090 2347 credere

502 2398 769 2453 cmperam
800 2383 945 2439 nullo
968 2382 1128 2439 modo
1154 2392 1205 2440 te
1242 2382 1407 2441 fuisse
1437 2381 1753 2439 tributurum
1783 2391 1886 2437 tam
1913 2380 2089 2436 excel-

504 2475 702 2529 lentem
725 2474 797 2529 illi
826 2474 1112 2544 Scriptura:
1136 2489 1230 2543 per
1254 2487 1445 2530 omnes
1467 2473 1577 2542 jam
1605 2481 1773 2528 terras
1797 2472 2087 2529 auctorita-

503 2574 648 2631 tem,
697 2565 799 2621 nisi
843 2572 898 2620 et
927 2579 1020 2634 per
1047 2565 1215 2634 ipsam
1256 2563 1349 2620 tibi
1392 2563 1575 2630 credi,
1620 2572 1672 2621 et
1716 2579 1811 2635 per
1839 2564 2005 2634 ipsam
2036 2572 2089 2620 te

505 2655 993 2725 quaeriâ€˜voluisses.
1024 2655 1142 2715 iam
1167 2655 1311 2711 enim
1346 2653 1729 2713 absurditatem
1756 2669 1874 2727 qua:
1905 2670 1992 2710 me
2032 2654 2087 2710 in

504 2747 610 2802 illis
635 2746 851 2809 Litteris
873 2747 1079 2805 solebat
1101 2746 1391 2813 offendere,
1417 2761 1540 2805 cum
1576 2747 1742 2803 multa
1766 2761 1831 2801 ex
1866 2746 1947 2803 eis
1965 2760 2087 2816 pro-

504 2837 753 2894 babiliter
780 2838 1019 2909 exposita
1048 2837 1317 2897 audissem
1336 2876 1350 2902 ,
1384 2836 1451 2894 ad
1480 2844 1934 2895 sacramentorum
1962 2835 2086 2894 alti-

506 2926 745 2989 tudinem
792 2927 1085 2985 referebam
1111 2942 1321 2998 :eoque
1360 2926 1489 3001 mihi
1528 2927 1621 2983 illa
1655 2926 2009 2984 venerabilior
2032 2934 2089 2984 et

503 3026 838 3075 sacrosancta
867 3016 973 3075 fide
998 3017 1207 3088 dignior
1238 3017 1524 3088 apparebat
1550 3018 1838 3074 auctoritas
1856 3060 1872 3086 ,
1900 3033 2006 3089 quo
2032 3027 2088 3075 et

504 3110 751 3167 omnibus
774 3110 842 3166 ad
863 3110 1145 3181 legendum
1172 3120 1314 3166 esset
1340 3110 1392 3166 in
1423 3120 1694 3182 promptu,
1717 3120 1770 3167 et
1789 3112 1982 3168 secreti
2002 3112 2083 3168 sui

504 3200 816 3271 dignitatem
852 3202 905 3259 in
933 3203 1203 3259 intellectu
1229 3201 1574 3275 profundiore
1602 3213 1840 3260 servaret
1864 3220 1879 3270 ;
1909 3205 2085 3260 verbis

504 3293 854 3375 apertissimis
875 3301 931 3349 et
958 3293 1258 3351 humillimo
1294 3308 1489 3365 genere
1520 3294 1770 3365 loquendi
1799 3311 1856 3350 se
1881 3297 2085 3352 cunctis

505 3385 780 3452 praebens,
828 3393 882 3440 et
921 3399 1176 3441 exercens
1212 3384 1556 3441 intentionem
1600 3399 1783 3443 eorum
1804 3427 1820 3453 ,
1848 3387 1939 3458 qui
1979 3402 2084 3443 non

504 3483 630 3531 sunt
656 3476 801 3533 leves
830 3476 1026 3533 corde:
1058 3485 1115 3533 ut
1152 3477 1421 3548 exciperet
1450 3491 1633 3535 omnes
1668 3478 1902 3548 populari
1940 3479 2081 3546 sinu,

503 3576 557 3624 et
576 3583 673 3639 per
690 3579 912 3642 angusta
938 3570 1193 3627 lammina
1215 3584 1409 3640 paucos
1427 3569 1495 3625 ad
1516 3577 1571 3625 te
1592 3570 1855 3641 trajiceret
1870 3613 1886 3638 ,
1916 3572 2083 3629 multo

505 3670 681 3715 tamen
729 3661 943 3731 plures,
986 3675 1143 3731 quam
1184 3659 1229 3716 si
1260 3675 1357 3715 nec
1398 3668 1543 3715 tanto
1569 3661 1719 3730 apice
1758 3663 2084 3718 auctoritatis

502 3752 797 3817 emineret,
828 3767 925 3806 nec
955 3752 1133 3807 turbas
1157 3752 1361 3822 gremio
1390 3761 1586 3806 sanctae
1616 3752 1926 3808 humilitatis
1949 3754 2081 3810 hau-

502 3845 653 3899 riret.
675 3842 981 3915 Cogitabam
1003 3844 1138 3909 haec,
1170 3852 1225 3899 et
1251 3843 1438 3899 aderas
1461 3845 1621 3911 mihi;
1650 3847 1998 3916 suspirabam,
2028 3858 2082 3902 et

501 3936 752 3992 audiebas
792 3950 879 3991 me
907 3953 923 3990 :
955 3935 1271 3992 ï¬‚ucmabam
1293 3976 1307 4001 ,
1335 3946 1389 3992 et
1415 3937 1750 4007 gubernabas
1777 3952 1896 4005 me;
1941 3938 2078 3995 ibam

500 4044 596 4100 per
617 4028 754 4087 viam
777 4028 955 4087 saeculi
983 4030 1163 4097 latam,
1194 4044 1292 4085 uec
1314 4028 1616 4086 deserebas.

1170 4141 1397 4200 CAPUT
1437 4143 1522 4198 Vl.

543 4210 626 4267 De
649 4214 849 4269 nuceria
873 4214 1250 4338 ambitiosonltml
1269 4255 1285 4280 ,
1313 4214 1534 4337 (traducta
1562 4214 1789 4287 exemplo
1818 4214 2029 4269 meridici

1189 4299 1234 4338 Ï‰
1252 4302 1317 4338 an
1342 4301 1403 4338 f8.

1189 4299 1403 4340 Ï‰Î¹Î±Î·Î¹Î¹Îµ.

568 4374 621 4430 9.
647 4373 916 4432 inhiabam
944 4374 1257 4443 honoribus,
1284 4375 1462 4441 lucris,
1492 4372 1776 4445 coniugio;
1807 4381 1861 4431 et
1886 4384 1938 4430 Î¹Î¹Î¹
1966 4376 2077 4431 irri-

497 4465 680 4522 debas.
710 4467 954 4525 Patiebar
995 4468 1051 4523 in
1077 4467 1156 4523 eis
1183 4465 1556 4539 cupiditatibus
1585 4463 1946 4523 amarissimas
1969 4467 2073 4522 dif-

491 4557 793 4631 ficultates,
850 4568 900 4617 te
947 4559 1175 4631 propitio
1224 4567 1370 4614 tanto
1417 4558 1617 4630 magis,
1661 4567 1858 4629 quanto
1899 4558 2075 4615 minus

494 4650 704 4706 sinebas
731 4652 862 4708 mihi
888 4652 1193 4711 duiccscere
1226 4649 1365 4724 quod
1400 4666 1505 4707 non
1548 4665 1670 4707 eras
1698 4659 1773 4705 tu.
1815 4649 1949 4707 Vide
1982 4666 2075 4707 cor

494 4755 670 4795 meum
695 4782 709 4804 ,
762 4742 1015 4809 Domine,
1056 4743 1143 4815 qui
1190 4742 1399 4798 voluisti
1446 4750 1504 4797 ut
1537 4739 1641 4798 hoc
1668 4741 1979 4798 recordarer
2020 4750 2074 4798 et

495 4834 777 4890 confiterer
804 4836 915 4891 tibi.
944 4835 1093 4892 Nunc
1120 4835 1215 4891 tibi
1245 4836 1499 4892 inhaereat
1532 4835 1706 4891 anima
1744 4851 1881 4904 mea,
1911 4849 2069 4907 quam

493 4924 562 4981 de
588 4925 734 4981 visco
755 4934 859 4983 tam
882 4930 1048 4985 tenaci
1073 4929 1258 4984 mortis
1283 4929 1494 4985 exuisti.
1514 4929 1679 4997 Quam
1707 4930 1898 4985 misera
1924 4929 2065 4985 erat!

493 5026 549 5071 et
574 5030 789 5071 sensum
817 5018 1051 5074 vulneris
1079 5026 1135 5075 tu
1164 5020 1463 5091 pungebas,
1496 5029 1552 5075 ut
1586 5020 1785 5078 relictis
1820 5021 2069 5076 omnibus

490 5115 890 5161 converteretur
915 5106 981 5163 ad
1016 5117 1067 5164 te
1091 5111 1180 5181 qui
1206 5124 1266 5166 es
1294 5124 1453 5181 super
1479 5112 1686 5177 omnia,
1728 5120 1782 5167 et
1820 5115 1935 5169 sine
1961 5129 2068 5184 quo

492 5198 631 5253 nulla
655 5206 834 5255 essent
848 5199 1052 5268 omnia;
1072 5211 1484 5267 converteretur,
1505 5210 1558 5257 et
1578 5214 1869 5260 sanaretur.
1894 5205 2064 5273 Quam

488 5303 616 5358 ergo
643 5288 806 5344 miser
830 5305 973 5344 eram
997 5331 1011 5355 ,
1052 5298 1105 5345 et
1134 5291 1400 5362 quomodo
1424 5292 1575 5362 egisti
1602 5300 1661 5347 ut
1684 5294 1934 5348 sentirem
1962 5297 2063 5349 mi-

487 5382 680 5437 seriam
710 5397 882 5439 mcam
903 5425 918 5451 ,
941 5381 1028 5438 die
1058 5383 1147 5438 illo
1176 5397 1280 5453 quo
1307 5398 1425 5439 cum
1454 5398 1693 5454 pararem
1720 5385 1942 5439 recitare
1962 5385 2063 5440 lm-

485 5474 718 5545 peratori
754 5474 934 5532 laudes
970 5476 1045 5549 (Î±)
1067 5518 1080 5541 ,
1110 5474 1300 5547 quibus
1327 5475 1474 5549 plura
1518 5476 1791 5544 mentirer,
1823 5485 1876 5532 et
1910 5493 2058 5533 men-

549 5586 839 5655 (a)__Fortean
854 5587 1189 5655 Valentiniano
1199 5588 1387 5655 minori,
1404 5603 1516 5653 quia
1525 5591 1633 5653 ejus
1650 5607 1668 5634 Î±
1679 5590 1929 5641 comitatus
1936 5592 2063 5655 apud

491 5664 514 5691 Î¹
532 5647 872 5714 Mediolanum,
888 5666 911 5714 Î¹
938 5664 1001 5700 ex
1019 5651 1225 5714 Possidio
1241 5664 1346 5714 cap.
1370 5647 1461 5712 1,}
1479 5647 1579 5703 tum
1598 5660 1702 5703 erat
1711 5647 2013 5714 constitutus,
2031 5672 2053 5700 Î¹

484 5710 687 5789 sitm}?!
717 5710 1690 5789 referiam.{treï¬letammusutinusi
1724 5716 1805 5778 qui
1823 5710 2060 5789 ÏÎ½ÎµÎµÎ¹ÎµÎ¹á½·Ï…Îµ

484 5766 568 5842 un.
588 5771 799 5842 econtra
816 5766 1294 5842 Petiliani'l.it_t.,_cap.
1314 5775 1375 5842 es
1388 5766 1584 5842 ,_scribit
1599 5791 1654 5827 se
1673 5766 1721 5826 iu
1741 5766 1920 5828 'eadem
1937 5766 2059 5842 urbe

491 5845 513 5871 Î¹
531 5832 723 5902 Î²Î¸Î¹Î¹Î¹Î¿Î¹Î¹á½¶
741 5832 924 5902 consuli
940 5832 1367 5902 calendis'janiiarii
1392 5832 1590 5889 laudem
1609 5854 1694 5902 pro
1710 5853 1795 5888 sua
1814 5848 1927 5890 tunc
1942 5841 2057 5889 rhe-

489 5904 512 5931 Î¹
531 5890 676 5938 toriea
693 5890 987 5951 professione
1004 5890 1249 5948 recitasse.
1268 5917 1287 5944 Î¹Â»

1653 414 2164 475 CONFESSIONUM
2202 413 2259 470 S.
2302 411 2669 471 AUGUSTINI

3660 424 3749 482 á¼¸á¼Î¹

2212 531 2361 589 tieuti
2395 530 2659 591 faveretur
2690 530 2757 591 ab
2789 531 3076 589 scientibus
3096 573 3113 600 Î¹
3139 547 3334 609 easque
3372 548 3520 594 curas
3554 535 3744 599 anhela-

2208 634 2294 683 ret
2320 639 2414 685 cor
2451 639 2660 695 meum,
2690 632 2747 687 et
2770 625 3145 697 cogitationum
3179 627 3505 691 tabiï¬carurn
3543 631 3748 697 febribus

2207 726 2491 784 mstuaret;
2520 718 2783 779 transiens
2805 734 2899 793 per
2925 719 3208 793 quemdam
3236 720 3410 779 vicum
3430 721 3749 793 Mediolanen.

2206 824 2323 869 sem
2345 849 2363 877 ,
2386 809 2734 871 animadverti
2774 826 3061 885 pauperem
3104 810 3440 882 mendicum,
3481 815 3584 889 jam
3611 820 3748 877 crede

2204 909 2442 961 saturum
2466 942 2484 971 ,
2515 900 2785 975 jocantem
2825 910 2982 973 atque
3026 902 3293 963 laetantem
3323 921 3337 958 :
3362 914 3417 963 et
3441 906 3684 980 ingemui,
3706 922 3751 973 et

2204 991 2412 1051 locutus
2438 1007 2555 1050 sum
2582 1008 2703 1050 cum
2753 992 2939 1053 amicis
2982 994 3073 1069 qui
3115 1010 3327 1061 mecum
3355 1008 3543 1073 erant,
3582 1001 3750 1060 multos

2201 1083 2415 1145 dolores
2455 1085 2780 1144 insaniarum
2807 1095 3105 1143 nostrarum
3124 1127 3141 1157 ,
3168 1088 3293 1161 quia
3321 1090 3562 1153 omnibus
3586 1092 3750 1154 talibus

2203 1178 2480 1236 conatibus
2502 1178 2698 1237 nostris
2717 1222 2731 1247 ,
2778 1179 3020 1255 qualibus
3050 1192 3173 1241 tunc
3200 1182 3507 1247 laborabam
3524 1229 3543 1257 ,
3564 1188 3653 1251 sub
3671 1194 3750 1251 su.

2202 1270 2360 1325 mulis
2384 1269 2729 1342 cupiditatum
2756 1271 2971 1333 trahens
2991 1271 3315 1335 infelicitatis
3343 1290 3480 1333 mete
3499 1279 3746 1351 sarcinam,

2201 1370 2256 1419 et
2282 1364 2542 1421 trahendo
2567 1379 2891 1437 exaggerans
2914 1407 2931 1432 Î¹
2961 1365 3090 1421 nihil
3133 1366 3391 1427 vellemus
3418 1370 3556 1429 aliud
3579 1374 3672 1429 nisi
3692 1376 3747 1433 ad

2200 1471 2443 1513 securam
2483 1457 2717 1517 hetitiam
2758 1456 3036 1529 pervenire
3057 1500 3072 1526 ,
3104 1474 3210 1531 quo
3237 1474 3341 1518 nos
3384 1461 3647 1520 mendicus
3676 1465 3747 1527 ille

2196 1548 2305 1621 jam
2347 1550 2710 1621 praecessisset
2734 1591 2751 1616 ,
2781 1565 3045 1629 nunquam
3090 1549 3317 1613 fortasse
3347 1551 3469 1613 illuc
3492 1562 3743 1617 venturos!

2198 1641 2348 1708 Quod
2377 1642 2518 1697 enim
2543 1642 2651 1713 jam
2673 1643 2762 1699 ille
2782 1643 3018 1714 pauculis
3041 1651 3099 1701 et
3121 1645 3473 1709 emendicatis
3496 1651 3745 1710 nummulis

2197 1733 2421 1805 adeptus
2446 1742 2581 1802 erat,
2610 1735 2676 1793 ad
2715 1735 2816 1797 hoc
2842 1750 2939 1809 ego
2972 1744 3079 1793 tam
3107 1737 3428 1795 aerumnosis
3458 1737 3743 1799 anfractibus

2198 1837 2253 1884 et
2275 1827 2580 1885 circuitibus
2601 1828 2917 1896 ambiebam,
2947 1828 3014 1885 ad
3037 1827 3276 1884 laetitiam
3302 1829 3503 1887 scilicet
3526 1841 3743 1903 tempora-

2196 1917 2265 1975 lis
2287 1917 2572 1976 felicitatis.
2603 1918 2718 1977 Non
2747 1920 2893 1978 enim
2920 1936 3104 1977 verum
3130 1919 3385 1990 gaudium
3416 1921 3641 1990 habebat,
3668 1926 3743 1982 sed

2196 2016 2252 2067 et
2282 2024 2382 2079 ego
2411 2009 2513 2065 illis
2541 2010 2916 2066 ambitionibus
2943 2010 3109 2066 multo
3140 2010 3332 2067 falsius
3368 2013 3667 2085 quaerebam.
3689 2014 3744 2071 Et

2195 2108 2342 2158 certe
2365 2100 2453 2157 ille
2492 2100 2802 2171 lmtabatur,
2843 2117 2944 2174 ego
2984 2102 3174 2157 anxius
3201 2118 3394 2171 eram;
3424 2105 3739 2173 securusille,

2196 2208 2296 2265 ego
2320 2193 2572 2265 trepidus.
2606 2192 2673 2248 Et
2699 2193 2743 2248 si
2766 2193 3044 2269 quisquam
3064 2203 3468 2265 percontaretur
3483 2212 3581 2264 me,
3597 2209 3739 2253 utrum

2195 2284 2406 2340 mallem
2435 2285 2700 2340 exsultare
2734 2300 2801 2340 an
2833 2294 3103 2353 metuere;
3134 2286 3550 2359 reSponderem,
3586 2287 3739 2347 Exsul-

2195 2383 2326 2432 tare.
2359 2375 2561 2432 Rursus
2589 2378 2635 2432 si
2663 2377 3029 2450 interrogaret,
3062 2387 3243 2435 utrum
3269 2394 3358 2434 me
3383 2379 3536 2435 talem
3565 2381 3737 2437 mallent

2193 2469 2364 2540 qualis
2389 2469 2499 2539 ille,
2528 2484 2597 2525 an
2625 2470 2798 2540 qualis
2823 2486 2922 2543 ego
2951 2480 3074 2527 tunc
3099 2486 3315 2539 essem;
3346 2472 3595 2543 meipsum
3622 2472 3737 2528 curis

2193 2562 2577 2637 timoribusque
2605 2562 2905 2623 confectum
2942 2564 3193 2637 eligerem
3223 2583 3240 2620 :
3269 2564 3367 2621 sed
3399 2567 3732 2636 perversitate;

2190 2654 2445 2725 numquid
2470 2654 2725 2711 veritate?
2749 2654 2929 2729 Neque
2971 2656 3110 2712 enim
3149 2671 3217 2713 eo
3248 2672 3337 2711 me
3368 2672 3650 2730 prarponcre
3677 2656 3733 2713 illi

2191 2743 2448 2802 debebam
2474 2786 2489 2815 ,
2526 2761 2632 2816 quo
2660 2746 2867 2803 doctior
2898 2762 3067 2813 eram,
3090 2749 3347 2818 quoniam
3376 2764 3479 2803 non
3503 2747 3610 2805 inde
3628 2763 3731 2821 gau-

2190 2835 2380 2892 debam
2401 2879 2415 2904 ,
2444 2836 2537 2893 sed
2564 2837 2773 2908 placere
2801 2836 2925 2894 inde
2960 2838 3273 2909 quaerebam
3316 2837 3628 2905 hominibus;
3651 2854 3731 2894 non

2190 2937 2250 2985 ut
2277 2944 2370 2984 eos
2395 2928 2642 2985 docerem
2664 2972 2678 2997 ,
2708 2928 2802 2985 sed
2849 2937 3050 2989 tantum
3082 2937 3137 2984 ut
3167 2930 3457 3001 placerem.
3495 2929 3730 3000 Propterea

2190 3028 2244 3074 et
2269 3030 2325 3074 ut
2355 3020 2545 3075 baculo
2569 3019 2863 3092 disciplinae
2892 3030 2995 3075 tua:
3021 3018 3402 3090 confringebas
3420 3035 3536 3077 ossa
3556 3034 3669 3075 mea.

2263 3113 2346 3170 10.
2396 3113 2664 3169 Recedant
2703 3128 2829 3185 ergo
2867 3112 2933 3168 ab
2972 3112 3146 3167 anima
3184 3128 3309 3169 mea
3353 3114 3442 3184 qui
3482 3111 3717 3168 dicuntei:

2187 3204 2413 3261 interest
2450 3206 2588 3260 unde
2624 3204 2741 3276 quis
2777 3203 3019 3274 gaudeat.
3062 3203 3351 3261 Gaudebat
3393 3201 3722 3260 mendicusille

2188 3295 2508 3360 vinolentia;
2558 3303 2611 3349 tu
2638 3294 2868 3367 gaudere
2906 3294 3157 3364 cupiebas
3196 3296 3393 3365 gloria.
3425 3295 3533 3363 Qua
3566 3293 3723 3365 gloria,

2191 3389 2451 3444 Domine?
2478 3389 2607 3458 Qua:
2653 3404 2757 3443 non
2785 3397 2867 3444 est
2894 3390 2945 3443 in
2976 3398 3045 3445 te.
3084 3389 3217 3444 Nam
3266 3391 3403 3446 sicut
3440 3390 3557 3445 illud
3583 3403 3725 3444 verum

2187 3481 2434 3553 gaudium
2468 3496 2572 3537 non
2599 3489 2732 3547 erat,
2764 3482 2834 3535 ita
2857 3496 2957 3537 nec
2981 3481 3067 3537 illa
3094 3496 3219 3537 vera
3250 3482 3451 3554 gloria;
3474 3492 3523 3539 et
3544 3481 3725 3551 amplius

2190 3573 2426 3628 vertebat
2455 3580 2684 3628 mentem
2717 3587 2910 3627 meam.
2939 3571 3008 3628 Et
3034 3572 3121 3628 ille
3151 3574 3269 3643 ipsa
3300 3584 3452 3630 nocte
3470 3574 3723 3643 digestnms

2188 3673 2303 3718 erat
2330 3664 2638 3719 ebrietatem
2678 3678 2861 3729 suam;
2895 3679 2995 3736 ego
3033 3679 3154 3720 cum
3195 3682 3317 3721 mea
3357 3666 3647 3721 dormieram
3683 3670 3725 3718 et

2190 3770 2548 3821 surrexeram,
2580 3764 2632 3811 et
2657 3755 2977 3811 dormiturus
2998 3766 3052 3812 et
3076 3766 3420 3814 surrecturus
3443 3772 3577 3814 eram
3599 3776 3610 3822 ;
3634 3755 3726 3810 vide

2189 3856 2316 3923 quot
2338 3848 2543 3923 diebus.
2576 3847 2799 3907 Interest
2838 3864 2964 3904 vero
2994 3849 3132 3905 unde
3175 3852 3300 3921 quis
3339 3851 3570 3922 gaudeat.
3607 3850 3722 3911 scio.

2188 3950 2242 3998 et
2268 3942 2514 4013 gaudium
2545 3943 2657 4015 spei
2685 3941 2854 4000 fidelis
2884 3943 3375 4013 incomparabiliter
3403 3943 3552 4000 distat
3580 3942 3637 3997 ab
3657 3940 3723 3995 illa

2187 4035 2449 4099 vanitate;
2496 4033 2589 4089 sed
2637 4043 2691 4090 et
2734 4043 2857 4089 lllllC
2899 4034 3128 4090 distabat
3170 4034 3314 4091 inter
3355 4050 3469 4092 uos.
3508 4035 3723 4091 Nimirum

2184 4128 2379 4197 quippe
2412 4126 2498 4182 ille
2527 4127 2727 4183 felicior
2754 4136 2904 4193 crat,
2946 4142 3051 4183 non
3090 4136 3296 4183 tantum
3334 4127 3472 4200 quod
3500 4126 3722 4183 hilaritate

2185 4218 2629 4289 perfundebatur,
2670 4233 2790 4273 cum
2839 4234 2939 4291 ego
2979 4219 3121 4275 curis
3167 4221 3520 4286 eviscerarer;
3569 4230 3720 4273 verunt

2185 4309 2380 4378 etiam,
2410 4308 2550 4379 quod
2581 4307 2669 4365 ille
2708 4309 2843 4365 bene
2879 4309 3109 4380 optando
3151 4312 3503 4382 acquislverat
3537 4310 3717 4371 vinum.

2184 4417 2283 4474 ego
2312 4401 2617 4458 mentiendo
2655 4403 2956 4474 quaerebam
2999 4404 3239 4478 typhum.
3279 4406 3395 4461 Dixi
3432 4414 3550 4461 tunc
3585 4401 3717 4459 multa

2183 4494 2235 4549 in
2264 4493 2362 4548 hac
2390 4494 2652 4549 sententia
2679 4493 2854 4550 charis
2882 4496 3017 4551 meis
3036 4537 3050 4563 ,
3077 4504 3131 4552 et
3156 4512 3302 4568 saepe
3339 4496 3650 4553 advertebam
3674 4492 3716 4548 in

2182 4584 2266 4641 his
2308 4586 2573 4657 quomodo
2618 4586 2746 4642 mihi
2776 4596 2949 4654 esset;
2995 4595 3047 4643 et
3088 4589 3418 4646 inveniebam
3450 4589 3575 4645 male
3610 4584 3715 4642 mibi

2179 4693 2333 4747 esse,
2368 4687 2421 4735 et
2461 4678 2705 4735 dolebam
2741 4689 2795 4735 et
2819 4679 3253 4752 conduplicabam
3288 4682 3455 4753 ipsum
3495 4679 3635 4736 male.
3659 4675 3713 4730 Et

2179 4769 2222 4824 si
2253 4767 2377 4843 quid
2408 4768 2673 4825 arrisisset
2701 4785 3044 4841 prosperum,
3080 4770 3310 4828 taedebat
3335 4767 3707 4844 apprehendens

2178 4859 2299 4932 quia
2330 4874 2462 4932 pene
2493 4859 2798 4933 priusquam
2826 4870 3126 4930 teneretur,
3158 4863 3414 4919 avolabat.

2846 4976 3072 5037 CAPUT
3112 4977 3222 5034 Î½Î·.

2388 5066 2627 5139 Alypium
2656 5085 2687 5122 a
2725 5066 3030 5125 Circensium
3054 5069 3250 5124 insania
3279 5067 3522 5125 convertit.

2246 5160 2331 5215 ii.
2364 5159 2897 5230 Congcmiscebamus
2933 5161 2985 5216 in
3011 5160 3077 5216 iis
3103 5160 3190 5232 qui
3220 5160 3373 5215 simul
3400 5158 3557 5214 amice
3579 5153 3696 5209 vive-

2172 5250 2361 5309 bamus
2383 5290 2398 5316 ,
2427 5259 2481 5305 et
2509 5252 2737 5307 maxime
2778 5266 2840 5306 ac
2876 5248 3283 5306 familiarissime
3320 5265 3433 5305 cum
3462 5245 3627 5321 Alypio
3651 5247 3696 5297 et

2170 5340 2422 5398 Nebridio
2449 5341 2546 5397 ista
2565 5339 2937 5412 colloquebar;
2961 5355 3185 5418 quorum
3205 5339 3417 5413 Alypius
3435 5352 3494 5392 ex
3513 5331 3687 5396 eodem,

2168 5447 2276 5504 quo
2304 5447 2434 5504 ego,
2471 5441 2619 5489 ortus
2645 5440 2759 5488 erat
2797 5432 3118 5504 municipio,
3148 5429 3442 5505 parentibus
3480 5421 3684 5499 primati-

2171 5522 2271 5581 bus
2297 5524 2702 5594 municipalibus
2720 5566 2736 5593 ,
2764 5539 2851 5581 me
2878 5524 3053 5581 minor
3084 5533 3226 5580 natu.
3255 5520 3382 5577 Nam
3415 5528 3466 5576 et
3499 5513 3684 5573 undae-

2169 5628 2251 5673 rat
2279 5614 2414 5687 apud
2452 5631 2538 5672 me
2556 5660 2572 5686 ,
2602 5600 2721 5672 eum
2753 5617 2806 5672 in
2835 5626 3018 5672 nostro
3045 5616 3233 5673 docere
3259 5613 3392 5684 ÏƒÎ±Î¾Ïá½·
3410 5606 3610 5682 oppido.
3636 5607 3681 5657 ei

2168 5718 2350 5780 postea
2376 5708 2679 5779 Carthagini
2722 5728 2735 5765 :
2767 5718 2822 5764 et
2848 5708 3099 5780 diligebat
3124 5722 3206 5763 me
3235 5705 3471 5768 multum,
3499 5692 3675 5770 quodei

2168 5801 2335 5855 bonus
2363 5811 2417 5856 et
2457 5801 2644 5858 doctus
2682 5801 2919 5869 viderer;
2947 5809 3002 5859 et
3042 5816 3140 5874 ego
3167 5799 3344 5869 illum.

2164 5908 2323 5963 gnam
2353 5893 2559 5948 virtutis
2584 5894 2810 5950 indolem
2833 5935 2847 5957 ,
2870 5909 2987 5964 qua:
3008 5894 3058 5948 in
3081 5910 3181 5949 non
3211 5904 3386 5961 magna
3413 5892 3547 5942 tetate
3563 5881 3665 5933 salii

3262 6196 3828 6387 Î¼á½·Î±-Î™
