3880 6382
189 366 267 424 ηε
1491 340 1696 403 unm
1729 336 2014 403 suros.

179 478 422 546 enimbat.
459 473 664 542 Gurges
705 476 878 528 tamen
919 476 1122 528 tuorum
1165 457 1655 530 Carthaginensium
1681 495 1696 520 ,

176 572 336 645 quibus
382 561 649 636 nugatoria
705 558 912 618 fervont
969 551 1264 626 spectacula
1284 591 1300 618 ,
1349 548 1700 645 absorbuerat

175 641 274 728 δα
304 662 349 720 in
385 655 637 720 insaniam
664 649 992 712 Circensium
1025 665 1039 705 :
1070 645 1164 706 sed
1195 659 1316 704 cum
1345 643 1398 702 in
1438 657 1506 699 eo
1541 641 1701 702 mise-

175 753 370 816 rabiliter
404 746 734 811 volveretur.
761 756 860 814 ego
893 748 1066 798 autem
1109 737 1431 795 rhetoricam
1461 734 1535 792 ibi
1572 747 1698 803 pro-

174 848 315 908 fessus
331 841 526 916 publica
557 835 740 895 schola
770 843 964 902 uterer,
994 830 1231 888 nondum
1260 843 1348 885 me
1372 826 1620 884 audiebat
1643 831 1700 880 ut

172 941 465 1012 magistrum,
495 938 713 1005 propter
748 925 1026 1002 quamdam
1071 921 1388 980 simultatem
1415 935 1531 992 qua:
1558 918 1698 1012 inter

170 1011 303 1094 meet
324 1035 517 1101 patrem
546 1023 663 1096 ejus
692 1030 805 1080 erat
825 1027 1006 1076 exorta
1024 1059 1038 1085 ,
1077 1025 1132 1073 et
1155 1028 1518 1090 compereram
1553 1011 1694 1082 quod

169 1127 329 1186 circum
373 1116 708 1178 csitiabiliter
751 1119 988 1177 amaret,
1039 1117 1092 1165 et
1149 1106 1380 1179 graviter
1424 1103 1691 1175 angebar,

168 1217 275 1292 quod
301 1222 481 1272 tantam
519 1224 675 1282 spem
715 1204 1046 1280 perditurus.
1079 1200 1166 1258 vel
1207 1200 1365 1257 etiam
1400 1197 1694 1270 perdidisse

169 1312 268 1372 mihi
291 1306 568 1368 videbatur.
605 1300 717 1358 Sed
746 1296 995 1360 monendi
1028 1311 1150 1354 eum
1187 1303 1240 1351 et
1276 1293 1450 1363 aliqua
1487 1293 1690 1348 coerci-

169 1405 279 1462 tione
301 1394 564 1458 revocandi
592 1393 736 1449 nulla
760 1398 877 1449 erat
918 1387 1070 1460 copia
1089 1429 1103 1454 ,
1147 1385 1228 1441 vel
1255 1383 1498 1439 amicitia:
1527 1383 1692 1439 bene-

165 1493 347 1554 volentia
369 1531 384 1559 ,
414 1489 490 1546 vel
513 1487 634 1560 jure
674 1481 982 1555 magisterii.
1013 1477 1264 1535 Putabam
1295 1475 1438 1533 enim
1467 1489 1586 1531 eum
1625 1472 1694 1529 de

165 1602 230 1644 nte
261 1599 365 1640 cum
391 1589 532 1654 patre
569 1577 800 1640 sentire;
831 1573 921 1629 ille
950 1585 1076 1628 vero
1106 1583 1212 1624 non
1242 1567 1319 1624 sic
1347 1576 1480 1623 erat.
1512 1564 1692 1636 Itaque

165 1675 404 1752 postposita
432 1672 482 1726 in
523 1669 626 1724 hac
670 1681 730 1722 re
775 1664 938 1740 patris
977 1661 1286 1728 voluntate,
1334 1658 1565 1714 salutare
1607 1671 1693 1713 me

163 1750 373 1839 imperat,
404 1762 616 1819 veniens
648 1760 704 1816 in
734 1755 1049 1815 auditorium
1080 1767 1278 1819 meum,
1307 1760 1360 1809 et
1384 1750 1566 1810 audire
1590 1750 1686 1806 aii-

163 1859 256 1934 quid
280 1868 420 1930 atque
442 1853 608 1910 abire.

217 1949 286 2005 l2.
319 1947 414 2004 Sed
437 1945 576 2000 enim
611 1941 681 2000 de
713 1938 966 1997 memoria
992 1935 1121 1992 mihi
1160 1935 1366 2008 lapsum
1395 1943 1507 1992 erat
1530 1948 1689 2005 agere

163 2057 253 2099 eum
275 2041 372 2104 illo,
400 2053 463 2096 ne
484 2050 748 2092 vanorum
774 2032 1019 2088 ludorum
1047 2044 1189 2086 caeco
1215 2035 1271 2084 et
1295 2026 1548 2100 praecipiti
1576 2034 1688 2083 stu-

162 2135 227 2190 diu
253 2143 340 2188 tam
366 2133 554 2188 bonum
586 2125 924 2183 interimeret
951 2121 1240 2193 ingenium.
1270 2118 1463 2174 Verum
1487 2127 1684 2182 autem,

163 2225 353 2289 Dauniae,
399 2232 448 2278 tu
481 2220 571 2292 qui
599 2216 865 2289 praesides
889 2211 1260 2288 gubernaculis
1293 2210 1528 2268 omnium
1570 2224 1689 2282 qua:

163 2315 330 2382 creasti,
353 2328 450 2371 non
476 2326 597 2367 eum
627 2307 828 2363 oblitus
852 2319 972 2361 eras
995 2302 1227 2359 futurum
1249 2300 1385 2357 inter
1406 2299 1541 2356 ﬁlios
1569 2307 1688 2355 tuos

163 2410 396 2466 antistitem
432 2401 754 2461 sacramenti
773 2399 860 2456 .tui
886 2417 900 2464 ;
931 2405 985 2454 et
1017 2405 1073 2452 ut
1100 2403 1282 2467 aperte
1308 2393 1402 2451 tibi
1434 2393 1688 2449 tribuere-

164 2512 226 2556 tur
256 2501 354 2568 ejus
391 2497 649 2554 correctio
677 2534 696 2558 ,
735 2507 831 2563 per
875 2504 960 2547 me
995 2487 1209 2560 quidem
1240 2486 1414 2554 illam,
1458 2484 1552 2541 sed
1597 2500 1690 2540 ne-

161 2593 364 2648 scientem
390 2597 636 2661 operatus
664 2599 744 2641 cs.
779 2582 908 2640 Nam
934 2579 1160 2652 quodam
1189 2577 1277 2635 die
1301 2592 1421 2633 cum
1449 2575 1688 2632 sederem

162 2685 250 2739 loco
271 2682 445 2747 solito,
475 2687 527 2735 et
566 2690 759 2733 coram
790 2688 874 2730 me
901 2671 1149 2728 adessent
1187 2667 1466 2738 discipuli,
1510 2665 1686 2731 venit,

81 2813 88 2832 ι
160 2775 370 2840 salutavit,
406 2772 560 2831 sedit.
588 2782 756 2840 atque
796 2768 847 2822 in
889 2781 948 2821 ea
979 2780 1097 2836 qua:
1143 2763 1431 2833 agebantur
1459 2761 1689 2815 animum

161 2866 370 2925 intendit:
398 2874 448 2921 et
478 2863 611 2920 forte
644 2860 807 2917 lectio
837 2859 887 2912 in
920 2856 1160 2911 manibus
1197 2861 1312 2909 erat
1332 2894 1346 2920 ,
1374 2866 1528 2922 quam
1565 2850 1690 2906 dum

160 2974 421 3031 exponerem
446 3000 460 3024 ,
502 2964 555 3011 et
597 2961 907 3028 opportune
931 2949 1060 3005 mihi
1097 2945 1392 3002 adhibenda
1429 2943 1694 2998 videretur

163 3051 397 3108 similitudo
420 3047 790 3111 Circensium,
823 3058 928 3115 quo
955 3041 1082 3096 illud
1117 3036 1257 3110 quod
1286 3033 1613 3091 insinuabam
1640 3042 1694 3089 et

157 3141 386 3211 jucundius
420 3149 472 3197 et
511 3137 728 3210 planius
773 3135 952 3200 ﬁeret,
1001 3146 1120 3186 cum
1166 3129 1407 3184 irrisione
1458 3125 1693 3181 mordaci

162 3249 306 3289 eorum
344 3248 467 3305 quos
510 3233 596 3286 illa
638 3230 964 3300 captivasset
1005 3224 1239 3289 insania;
1288 3233 1341 3277 tu
1380 3235 1513 3287 SCIS,
1554 3221 1693 3276 Deus

162 3333 334 3390 uoster,
370 3322 503 3395 quod
547 3333 685 3376 tunc
709 3319 776 3374 de
811 3318 999 3389 Alypio
1034 3315 1100 3370 ab
1143 3315 1228 3369 illa
1270 3321 1415 3385 peste
1458 3311 1693 3368 sanando

162 3429 240 3468 non
264 3412 604 3485 cogitaverim.
651 3411 726 3464 At
762 3407 850 3463 ille
889 3407 940 3460 in
984 3421 1042 3460 se
1082 3405 1289 3475 rapuit,
1339 3418 1526 3473 meque
1567 3401 1693 3455 illud

162 3520 244 3560 non
279 3505 366 3559 nisi
410 3511 626 3578 propter
673 3515 733 3554 se
763 3499 961 3554 dixisse
1002 3495 1243 3552 credidit.
1286 3495 1350 3548 Et
1388 3492 1528 3564 quod
1562 3493 1693 3547 alius

162 3597 377 3669 acciperet
409 3596 470 3652 ad
513 3591 942 3651 succenscndum
981 3588 1108 3644 mihi
1134 3631 1148 3655 ,
1195 3586 1396 3657 accepit
1439 3586 1692 3639 honestus

161 3687 417 3746 adolescens
443 3688 505 3744 ad
531 3684 959 3743 succensendum
991 3680 1121 3748 sibi,
1154 3687 1207 3734 ct
1231 3679 1295 3733 ad
1320 3694 1401 3732 me
1423 3677 1692 3732 ardentius

162 3780 449 3854 diligendum.
473 3783 705 3838 Dixeras
729 3778 869 3834 enim
893 3786 945 3830 tu
965 3776 1075 3848 jam
1109 3774 1233 3827 olim
1253 3816 1266 3840 ,
1310 3781 1360 3826 et
1382 3773 1693 3827 innexueras

163 3872 332 3930 Litteris
356 3875 480 3930 tuis;
497 3873 715 3943 Corripe
739 3871 1032 3942 sapientem,
1062 3875 1105 3921 et
1132 3866 1316 3920 antabit
1344 3878 1388 3918 te
1415 3864 1590 3936 (Prov.
1616 3881 1688 3932 Ix,

163 3964 221 4037 8).
244 3965 298 4021 At
322 3983 411 4040 ego
437 3967 583 4021 illum
619 3966 733 4034 jam
766 3977 872 4017 non
911 3961 1300 4031 corripuerant;
1339 3957 1431 4012 sed
1462 3967 1612 4011 utens
1639 3965 1693 4011 tu

162 4058 395 4127 omnibus,
433 4069 484 4114 et
525 4053 824 4113 scientibus
862 4060 916 4108 et
947 4050 1330 4116 nescientibus,
1362 4049 1545 4103 ordine
1587 4062 1693 4119 quo

164 4148 301 4215 nosti,
339 4159 386 4205 et
413 4150 500 4205 ille
526 4148 666 4206 ordo
687 4146 860 4218 justus
886 4155 987 4211 est,
1015 4143 1080 4198 de
1103 4141 1263 4200 corde
1292 4149 1345 4195 et
1371 4140 1545 4211 lingua
1576 4155 1694 4194 mea

162 4237 374 4296 carbones
398 4241 647 4296 ardentes
685 4245 934 4308 operatus
960 4249 1018 4290 es
1039 4279 1051 4300 ,
1096 4233 1287 4306 quibus
1321 4241 1550 4287 mentem
1581 4232 1693 4302 spei

161 4325 282 4384 boote
305 4330 544 4387 adureres
569 4330 932 4386 tabescentem
961 4366 977 4392 ,
1021 4339 1082 4381 ac
1105 4339 1341 4382 sanares.
1366 4324 1560 4379 Taeeat
1585 4324 1695 4378 lau-

163 4419 236 4475 des
259 4430 360 4477 tuas
384 4423 470 4494 qui
507 4420 884 4478 miserationes
916 4427 1030 4473 tuas
1056 4433 1162 4472 non
1199 4417 1530 4481 considerat,
1574 4433 1693 4487 qua:

163 4509 234 4565 tibi
257 4513 315 4569 de
339 4515 577 4570 medullis
600 4511 738 4568 meis
757 4509 1092 4566 conﬁtentur.
1122 4510 1328 4564 Etenim
1354 4509 1440 4564 ille
1465 4519 1583 4578 post
1606 4509 1692 4564 illa

163 4602 288 4658 verba
326 4605 576 4676 proripuit
616 4618 678 4660 se
706 4615 769 4658 ex
812 4599 960 4656 fovea
993 4609 1097 4654 tam
1137 4600 1275 4666 alta,
1323 4613 1424 4670 qua
1467 4599 1694 4654 libenter

163 4690 548 4767 demergebatur,
577 4703 636 4752 et
658 4708 780 4750 cum
809 4690 1096 4747 miserabili
1123 4690 1390 4758 voluptate
1415 4691 1431 4721 ¹
1459 4689 1695 4744 caccabu-

166 4789 257 4848 tur;
287 4795 335 4841 et
363 4788 592 4842 excussit
619 4784 853 4840 animum
883 4782 1004 4836 forti
1031 4781 1397 4849 temperantia,
1426 4788 1480 4835 et
1502 4780 1691 4835 resilu-

168 4886 288 4931 erunt
329 4893 506 4934 omnes
539 4877 870 4935 Circensium
911 4874 1096 4930 sordes
1130 4874 1197 4928 ab
1231 4888 1296 4929 eo
1317 4915 1333 4939 ,
1366 4872 1694 4943 ampliusque

167 4965 266 5024 illuc
288 4985 384 5026 non
407 4971 646 5028 accessit.
689 4967 889 5024 Deinde
917 4976 1118 5038 patrem
1143 4968 1486 5022 reluctantem
1515 4967 1690 5033 evicit,

167 5064 212 5110 ut
237 5073 309 5114 me
333 5061 576 5133 magistro
600 5069 845 5116 uteretur
870 5077 882 5113 :
915 5059 1073 5114 cessit
1112 5058 1197 5113 ille
1225 5067 1380 5128 atque
1410 5057 1690 5112 concessit.

167 5145 221 5203 Et
239 5151 397 5209 audire
417 5168 500 5209 me
535 5167 726 5210 rursus
751 5152 1038 5222 incipiens,
1071 5150 1157 5204 illa
1200 5165 1405 5205 mecum
1437 5149 1692 5219 supersti-

168 5237 282 5297 tione
307 5241 556 5300 lnvolutus
590 5253 710 5311 est,
754 5256 940 5297 amans
974 5241 1027 5294 in
1074 5238 1372 5295 Manichaais
1415 5238 1694 5294 ostentati-

172 5342 297 5387 onem
330 5335 689 5400 continentiae,
719 5348 877 5406 quam
906 5347 1084 5388 veram
1119 5341 1172 5386 et
1207 5346 1509 5402 germanam
1541 5339 1692 5401 puta-

173 5421 261 5479 bat.
288 5425 402 5482 Erat
439 5438 607 5484 autem
651 5427 737 5484 illa
773 5442 956 5482 vecors
983 5437 1034 5480 et
1061 5424 1359 5479 seductor-ia
1382 5465 1397 5490 ,
1439 5423 1696 5492 pretiosas

177 5514 342 5574 animas
361 5498 601 5591 captans,
626 5519 860 5576 nondum
889 5518 1098 5575 virtutis
1121 5517 1447 5572 altitudinem
1469 5515 1696 5569 scientes

176 5611 372 5677 Ingere,
397 5618 453 5666 et
476 5610 750 5683 super-licio
767 5610 939 5681 decipi
968 5610 1168 5678 faciles,
1189 5607 1283 5667 sed
1308 5617 1484 5662 tamen
1509 5604 1697 5660 udum-

178 5693 313 5756 bratz
335 5701 683 5778 limulataaque
709 5703 936 5760 virtutis.

230 5809 244 5838 ¹
261 5815 362 5862 Tres
374 5817 472 5865 Ias.
494 5816 620 5883 Angl.
643 5830 655 5867 :
676 5825 794 5867 Cum
811 5812 936 5865 mira
955 5812 1201 5879 voluptate.

3288 357 3390 416 726

2475 460 2700 522 CAPUT
2741 462 2872 526 Vill.

1864 548 2075 620 Alypius
2100 551 2296 621 capitur
2324 553 2526 607 insania
2552 554 2788 612 ludorum
2811 557 3260 628 gladiatoriorttm,
3288 578 3324 615 α

2223 643 2402 716 quibus
2431 655 2580 700 antea
2613 647 2958 704 abhorruerat.

1877 732 1964 788 15.
2003 731 2124 791 Non
2149 749 2281 792 sane
2307 735 2613 808 relinquens
2655 737 2972 797 incantatam
3002 742 3103 798 sibi
3130 758 3160 798 a
3191 758 3384 815 paren-

1803 824 1944 882 tibus
1971 834 2238 884 terrenam
2279 828 2420 885 viam
2444 871 2461 898 ,
2505 829 2730 888 Romam
2771 847 3158 906 praecesserat,
3199 849 3256 894 ut
3293 840 3384 909 jus

1800 917 2068 986 disceret;
2097 927 2153 976 et
2174 919 2253 976 ibi
2275 921 2575 993 gladiatorii
2601 926 2888 995 spectaculi
2915 925 3060 984 hiatu
3087 931 3383 991 incredibili

1799 1020 1856 1068 et
1882 1012 2260 1070 incredibiliter
2285 1015 2537 1088 abreptus
2573 1026 2675 1073 est.
2705 1017 2841 1075 Cum
2866 1021 3008 1077 enim
3047 1036 3383 1084 aversaretur

1799 1111 1853 1158 et
1875 1101 2230 1162 detestaretur
2259 1107 2403 1175 talia,
2430 1108 2644 1179 quidam
2684 1110 2802 1182 ejus
2825 1114 2983 1170 amici
3023 1123 3082 1174 et
3114 1117 3380 1180 condisci-

1798 1193 1942 1264 puli,
1971 1209 2093 1251 cum
2114 1194 2255 1254 forte
2288 1197 2360 1255 de
2401 1198 2623 1269 prandio
2666 1200 3014 1262 redeuntibus
3049 1209 3264 1278 pervius
3289 1225 3378 1270 es-

1796 1295 1880 1342 set
1906 1288 1923 1319 ¹
1945 1329 1960 1354 ,
1986 1299 2322 1346 recusantem
2347 1291 2690 1350 vehementer
2713 1302 2767 1350 et
2801 1297 3138 1355 resistentem
3156 1339 3174 1369 ,
3219 1281 3378 1360 fami;

1798 1377 1915 1433 liari
1939 1379 2188 1438 violentia
2216 1380 2482 1439 duxerunt
2511 1384 2566 1440 in
2593 1385 3065 1456 amphitheatrum,
3087 1390 3380 1454 crudelium

1797 1479 1852 1526 et
1887 1471 2216 1529 funestorum
2255 1474 2502 1531 ludorum
2541 1475 2762 1545 diebus,
2806 1477 2923 1534 hate
2967 1478 3271 1538 dicentem:
3320 1483 3382 1542 Si

1796 1577 1979 1631 corpus
2003 1580 2164 1618 meum
2193 1564 2248 1619 in
2271 1563 2419 1620 illum
2444 1567 2609 1621 locum
2635 1568 2857 1637 trahitis,
2889 1578 2937 1624 et
2962 1568 3031 1625 ibi
3048 1572 3383 1638 constituitis;

1795 1657 2036 1726 numquid
2070 1669 2116 1710 et
2157 1659 2382 1713 animum
2421 1670 2468 1714 et
2506 1659 2681 1715 oculos
2718 1677 2855 1716 uaeas
2893 1662 2947 1716 in
2973 1660 3064 1716 illa
3097 1665 3383 1735 spectacula

1795 1749 2001 1818 potestis
2025 1750 2320 1806 intendere?
2359 1751 2527 1807 Adero
2557 1757 2723 1825 itaque
2749 1753 2929 1810 absens
2949 1797 2966 1823 ,
3007 1771 3068 1811 ac
3109 1757 3182 1812 sic
3209 1766 3256 1811 et
3295 1773 3383 1813 uos

1795 1847 1840 1893 et
1864 1839 1954 1894 illa
1980 1840 2247 1910 superabo.
2281 1842 2482 1909 Quibus
2505 1843 2701 1900 auditis
2721 1887 2736 1908 ,
2761 1845 2839 1900 illi
2864 1845 3029 1902 nihilo
3058 1847 3231 1904 secius
3257 1862 3381 1905 eum

1793 1928 2127 1987 adduxerunt
2165 1946 2369 1999 secum,
2409 1933 2640 2004 idipsum
2679 1933 2817 1992 forte
2843 1937 3122 2010 explorare
3158 1939 3379 2012 cupien-

1795 2029 1893 2089 tes,
1922 2031 2096 2079 utrum
2124 2032 2302 2093 posset
2324 2022 2559 2082 efﬁcere.
2582 2027 2699 2095 Quo
2723 2028 2812 2084 ubi
2840 2039 3053 2086 ventum
3085 2037 3188 2095 est,
3213 2039 3268 2087 et
3290 2045 3379 2087 se-

1792 2113 1944 2169 dibus
1971 2115 2161 2186 quibus
2191 2124 2479 2186 potuerunt
2504 2118 2663 2174 locati
2703 2129 2857 2187 sunt,
2897 2119 3176 2177 fervebant
3201 2121 3381 2177 omnia

1792 2204 2192 2261 immanissimis
2215 2207 2596 2277 voluptatibus.
2624 2208 2716 2266 ille
2744 2211 2940 2268 clausis
2967 2211 3168 2268 foribus
3195 2213 3381 2269 oculo-

1792 2312 1942 2364 rum,
1973 2296 2246 2354 interdixit
2283 2299 2459 2354 animo
2486 2315 2554 2355 ne
2592 2300 2643 2354 in
2683 2309 2830 2356 tanta
2864 2302 3002 2358 mala
3033 2301 3375 2372 procederet;

1793 2399 1952 2461 atque
1997 2392 2199 2446 utinam
2243 2399 2298 2448 et
2332 2405 2489 2447 aures
2527 2392 2920 2450 obturavisset!
2967 2392 3099 2449 Nam
3146 2393 3376 2464 quodam

1794 2497 1985 2552 pugnae
2013 2497 2138 2537 casu
2165 2525 2182 2551 ,
2211 2497 2332 2538 cum
2359 2481 2560 2538 clamor
2589 2483 2775 2554 ingens
2807 2484 2969 2540 totius
2997 2484 3172 2556 populi
3217 2483 3380 2542 vehe-

1794 2584 2001 2630 menter
2025 2591 2145 2632 eum
2171 2575 2438 2646 pulsassct
2455 2618 2470 2642 ,
2494 2576 2799 2632 curiositate
2825 2577 2993 2634 victus
3017 2587 3070 2634 et
3098 2577 3244 2647 quasi
3288 2592 3379 2647 pa-

1794 2675 1942 2722 ratus
1968 2667 2223 2739 quidquid
2257 2667 2386 2724 illud
2413 2678 2584 2736 esset,
2624 2669 2783 2724 etiam
2827 2670 2995 2724 visum
3034 2678 3378 2728 contemnere

1795 2769 1850 2817 et
1869 2761 2077 2816 vincere
2095 2801 2112 2828 ,
2141 2761 2348 2831 aperuit
2386 2761 2601 2826 oculos;
2631 2770 2684 2817 et
2725 2776 3004 2831 percussus
3025 2771 3109 2816 est
3137 2761 3381 2831 graviore

1796 2852 2015 2908 vulnere
2043 2853 2094 2906 in
2120 2853 2297 2907 anima
2319 2893 2335 2921 ,
2363 2866 2521 2923 quam
2569 2852 2658 2908 ille
2700 2853 2753 2908 in
2780 2868 3004 2923 corpore
3026 2893 3042 2918 ,
3072 2867 3228 2924 quem
3258 2866 3379 2911 cer-

1797 2959 1925 3000 nere
1962 2943 2300 3013 concupivit,
2348 2943 2644 3015 ceciditque
2696 2944 3050 2999 miserabilius
3091 2958 3247 3014 quam
3290 2943 3380 2998 ille

1797 3052 1901 3108 quo
1927 3036 2146 3092 cadente
2175 3035 2345 3090 factus
2359 3044 2439 3091 est
2457 3036 2657 3091 clamor
2681 3036 2770 3107 qui
2794 3051 2886 3106 per
2902 3035 3018 3106 ejus
3039 3050 3192 3090 aures
3216 3035 3382 3090 intra-

1801 3129 1904 3189 vit.
1935 3137 1988 3183 et
2015 3127 2267 3182 reseravit
2293 3127 2409 3198 ejus
2446 3127 2676 3189 lumina,
2725 3136 2780 3181 ut
2819 3137 2964 3182 esset
3001 3143 3101 3198 qua
3135 3127 3381 3182 feriretur

1799 3227 1853 3273 et
1878 3217 2196 3288 dijeceretur
2234 3217 2405 3272 audax
2443 3217 2616 3272 adhuc
2662 3218 2838 3288 potius
2874 3232 3030 3287 quam
3071 3215 3222 3271 fortis
3263 3217 3378 3270 ani-

1799 3328 1950 3377 mus,
1987 3322 2040 3366 et
2077 3327 2140 3366 eo
2175 3311 2434 3365 inﬁrmior
2462 3326 2565 3380 quo
2603 3309 2672 3366 de
2705 3325 2764 3366 se
2794 3317 3200 3381 praesumpserat
3223 3350 3239 3375 ,
3282 3309 3373 3379 qui

1800 3405 1980 3460 debuit
2019 3403 2085 3460 de
2117 3413 2186 3459 te.
2222 3402 2290 3459 Ut
2313 3404 2454 3458 enim
2484 3402 2610 3457 vidit
2635 3402 2782 3456 illum
2819 3404 3152 3473 sanguinem,
3193 3400 3384 3455 imma-

1800 3494 2018 3548 nitatem
2066 3495 2221 3548 simul
2267 3493 2465 3561 ebibit,
2511 3502 2564 3549 et
2608 3508 2714 3548 non
2755 3508 2814 3548 se
2856 3494 3081 3557 avertit,
3127 3491 3219 3547 sed
3269 3490 3385 3546 ﬁxit

1800 3594 2104 3654 aspectum;
2140 3593 2193 3639 et
2217 3583 2494 3639 hauriebat
2519 3584 2709 3649 furias,
2739 3593 2792 3639 et
2817 3583 3118 3651 nesciebat,
3143 3591 3198 3638 et
3237 3581 3383 3639 dele-

1799 3676 2041 3731 ctabatur
2065 3676 2268 3731 scelere
2293 3676 2602 3731 certaminis
2618 3718 2633 3744 ,
2666 3683 2719 3731 et
2747 3683 2966 3731 cruenta
2991 3674 3260 3746 voluptate
3297 3673 3384 3728 iu-

1801 3766 2120 3823 ebriabatnr.
2145 3767 2211 3822 Et
2235 3783 2340 3822 non
2359 3777 2473 3824 erat
2493 3768 2602 3837 jam
2626 3767 2732 3822 ille-
2744 3768 2833 3838 qui
2861 3775 3096 3834 venerat,
3127 3764 3219 3821 sed
3241 3779 3381 3825 unus

1799 3857 1868 3913 de
1904 3859 2053 3913 turba
2092 3858 2157 3913 ad
2189 3875 2346 3928 quam
2373 3868 2609 3923 venerat,
2655 3865 2711 3913 et
2747 3875 2905 3912 verus
2943 3873 3127 3912 eorum
3166 3858 3378 3923 socius,

1800 3965 1829 4003 a
1868 3950 2059 4022 quibus
2091 3948 2350 4005 adductus
2387 3959 2522 4005 erat.
2566 3950 2700 4018 Quid
2732 3949 2914 4020 plura?
2954 3949 3240 4019 Spectavit,
3274 3948 3381 4003 cia-

1800 4045 1979 4108 tnavit,
2029 4043 2260 4109 exarsit,
2311 4042 2529 4096 abstulit
2575 4042 2700 4097 inde
2749 4057 2929 4096 secum
2969 4040 3229 4094 insaniam
3275 4054 3380 4109 qua

1801 4136 2160 4191 stimularetur
2189 4135 2396 4200 redire,
2434 4151 2541 4189 non
2586 4143 2789 4189 tantum
2816 4149 2937 4188 cum
2979 4131 3081 4187 illis
3119 4146 3148 4185 a
3187 4129 3378 4201 quibus

1800 4226 1948 4296 prius
1993 4226 2288 4280 abstractus
2327 4232 2441 4291 est;
2488 4224 2580 4279 sed
2623 4225 2780 4278 etiam
2822 4239 2929 4294 prae
2973 4221 3108 4288 illis,
3153 4230 3207 4277 et
3243 4221 3378 4276 alios

1801 4317 2037 4372 trahens.
2072 4317 2138 4371 Et
2171 4317 2290 4372 inde
2331 4325 2505 4372 tamen
2538 4332 2694 4371 manu
2723 4315 3044 4370 validissima
3079 4323 3133 4368 et
3170 4312 3379 4367 miseri-

1799 4409 2112 4463 cordissima
2142 4409 2325 4464 eruisti
2352 4424 2472 4462 eum
2496 4416 2571 4471 tu,
2595 4415 2648 4462 et
2667 4405 2891 4461 docuisti
2916 4420 3021 4460 non
3047 4404 3128 4460 sui
3157 4402 3373 4470 habere,

1802 4500 1893 4554 sed
1925 4499 1997 4554 tui
2027 4499 2268 4555 ﬁduciam
2293 4516 2307 4565 ;
2339 4500 2434 4555 sed
2463 4500 2618 4570 longe
2645 4506 2847 4568 postea.

2464 4609 2686 4666 CAPUT
2726 4608 2817 4666 ιι.

2161 4702 2378 4774 Alypius
2406 4714 2460 4756 ut
2486 4707 2570 4775 fur
2593 4701 3001 4774 apprehenditur.

1871 4795 1956 4850 14.
1989 4793 2363 4849 Verumtamen
2399 4795 2510 4864 jam
2555 4795 2655 4850 hoc
2692 4794 2760 4850 ad
2794 4794 3108 4854 medicinam
3144 4794 3379 4856 futuram

1799 4885 1852 4941 in
1891 4886 2006 4957 ejus
2048 4889 2302 4941 memoria
2343 4886 2719 4956 reponebatur.
2765 4886 2894 4943 Nam
2935 4896 2988 4942 et
3029 4887 3158 4944 illud
3183 4930 3199 4956 ,
3235 4885 3378 4960 quod

1798 4993 1919 5032 cum
1946 4975 2118 5030 adhuc
2155 4976 2395 5031 studeret
2415 4977 2524 5048 jam
2551 4992 2636 5032 me
2675 4977 2895 5033 audiens
2933 4979 3073 5049 apud
3102 4980 3378 5052 Carthagi-

1798 5082 1939 5133 nem,
1972 5075 2024 5122 et
2053 5066 2228 5122 medio
2254 5067 2340 5123 die
2365 5069 2617 5140 cogitaret
2644 5069 2694 5123 in
2737 5068 2850 5124 foro
2885 5069 3025 5144 quod
3059 5072 3376 5128 recitaturus

1799 5170 1946 5228 erat,
1978 5159 2130 5215 sicuti
2169 5162 2408 5217 exerceri
2452 5162 2754 5218 scholastici
2799 5164 3008 5231 solent,
3045 5164 3214 5222 sivisti
3255 5182 3378 5222 eum

1799 5251 2175 5322 comprehendi
2219 5253 2286 5307 ab
2329 5253 2575 5310 teditimis
2616 5253 2712 5310 fori
2751 5265 2997 5328 tanquam
3024 5254 3216 5312 furem.
3261 5256 3378 5311 Non

1798 5343 2026 5398 arbitror
2051 5344 2207 5398 aliam
2232 5344 2299 5400 ob
2323 5361 2534 5400 causam
2559 5353 2611 5402 te
2636 5347 2939 5417 permisisse
2958 5389 2972 5413 ,
3002 5347 3139 5402 Deus
3160 5354 3340 5401 noster
3358 5387 3375 5416 ,

1798 5434 1899 5490 nisi
1930 5444 1987 5490 ut
2021 5436 2110 5491 ille
2140 5436 2218 5490 vir
2263 5446 2438 5492 tantus
2466 5436 2670 5492 futurus
2702 5438 2812 5509 jam
2852 5439 3104 5508 inciperet
3137 5436 3374 5504 discere,

1800 5543 1956 5597 quam
1985 5541 2090 5582 non
2116 5527 2269 5583 facile
2297 5528 2349 5583 in
2387 5529 2762 5600 dignoscendis
2788 5529 2958 5584 causis
2984 5525 3146 5580 homo
3178 5525 3248 5580 ab
3275 5525 3377 5580 ho-

1799 5618 1941 5672 mine
1969 5618 2299 5674 damuandus
2323 5629 2465 5674 esset
2488 5619 2766 5674 temeraria
2796 5615 3124 5672 credulitate.
3165 5613 3374 5688 Quippe
3449 5690 3453 5694 I

1863 5748 2074 5814 tobts'us
2092 5756 2236 5814 esset,
2267 5752 2407 5814 juxta
2420 5750 2796 5814 Er.lugd._ven.
2817 5754 2924 5797 ιον.
2952 5749 3080 5794 Hart.
3120 5752 3214 5794 Per
3245 5745 3371 5798 trima

1801 5810 2088 5863 demeasset
2102 5851 2115 5874 ,
2132 5810 2458 5876 juxta'somm.
2483 5818 2532 5861 et
2549 5810 2689 5860 ttond.
2785 5816 2839 5857 Μ.
