3880 6390
1977 256 2097 270 ,ινα-ο
2107 256 2187 266 -διν

546 344 660 404 ⁸197

544 472 676 523 ante
700 462 929 523 tribunal
953 462 1329 521 deambulabat
1352 462 1504 523 solus
1525 475 1649 519 cum
1677 461 1873 519 tabulis
1904 472 1969 515 ac
1991 455 2132 523 stilo,

544 572 670 615 cum
697 571 823 615 ecce
860 556 1172 613 adolescens
1195 556 1412 628 quidam
1436 570 1503 612 ex
1532 569 1759 613 numero
1786 553 2137 611 scholastico-

540 666 668 709 rum
692 651 778 708 fur
800 667 980 720 verus,
1023 651 1250 708 securim
1277 652 1519 708 clanculo
1543 660 1855 722 apportans,
1895 648 1988 705 illo
2026 663 2135 707 non

542 745 815 802 sentiente
860 745 1132 816 ingressus
1174 755 1258 801 est
1300 744 1369 801 ad
1411 744 1679 801 cancellos
1720 743 1999 815 plumbeos
2041 744 2133 813 qui

542 836 664 892 vico
704 836 1005 907 argentario
1053 836 1288 908 desuper
1337 838 1654 909 praeminent
1684 880 1700 907 ,
1745 846 1801 894 et
1844 837 2132 908 przecidere

515 942 522 951 '
536 928 820 1001 plumbum
850 929 1029 1000 coepit.
1071 928 1217 985 Sono
1241 938 1417 986 autem
1443 930 1643 986 securis
1666 930 1847 987 audito
1884 930 2131 987 submur-

539 1031 889 1078 muraverunt
917 1023 1198 1095 argentarii
1226 1025 1316 1094 qui
1346 1025 1529 1081 subter
1548 1034 1733 1092 erant,
1774 1034 1829 1081 et
1866 1025 2130 1083 miserunt

516 1106 627 1184 iqui
653 1113 1115 1185 apprehenderent
1141 1130 1299 1186 quem
1328 1114 1464 1172 forte
1502 1115 1846 1171 invenissent.
1888 1116 2127 1183 Quorum

534 1205 758 1262 vocibus
783 1206 1006 1275 auditis,
1038 1207 1222 1262 relicto
1252 1207 1604 1262 instrumento
1630 1206 1720 1263 ille
1756 1206 2028 1277 discessit,
2061 1210 2127 1264 ti-

534 1312 690 1354 mens
717 1314 786 1355 ne
808 1314 932 1356 cum
972 1315 1038 1356 eo
1071 1307 1363 1356 teneretur.
1404 1299 1625 1371 Alypius
1662 1307 1838 1354 autem
1872 1300 1973 1383 ‘qui
2015 1313 2124 1355 non

532 1390 739 1447 viderat
768 1391 1079 1460 intrantem,
1111 1400 1394 1449 exeuntem
1425 1393 1607 1459 sensit,
1639 1401 1693 1448 et
1718 1392 1965 1448 celeriter
1992 1392 2124 1449 vidit

532 1483 816 1542 abeuntem
852 1504 866 1542 :
895 1494 948 1542 et
970 1501 1185 1543 causam
1222 1487 1359 1543 scire
1384 1487 1602 1559 cupiens
1628 1487 1900 1556 ingressus
1929 1496 2011 1543 est
2039 1487 2120 1543 lo-

529 1591 651 1631 cum
669 1619 684 1644 ,
708 1586 764 1632 et
785 1577 1050 1632 inventam
1075 1578 1303 1634 securim
1334 1587 1480 1634 stans
1508 1586 1668 1649 atque
1695 1579 1964 1634 admirans
1986 1593 2118 1635 con-

531 1669 818 1726 siderabat.
852 1671 985 1726 Cum
1014 1687 1139 1727 ecce
1167 1671 1239 1726 illi
1267 1672 1358 1742 qui
1386 1671 1535 1727 missi
1562 1670 1803 1739 fuerant,
1844 1671 2121 1742 reperiunt

529 1778 654 1821 eum
681 1766 851 1821 solum
876 1764 1134 1822 ferentem
1161 1764 1359 1821 ferrum
1385 1765 1539 1833 cujus
1567 1764 1742 1821 sonitu
1767 1765 1924 1821 exciti
1955 1780 2118 1822 vene-

523 1865 651 1913 rant
682 1876 694 1911 :
724 1866 924 1924 tenent.
971 1858 1272 1926 attrahunt;
1311 1858 1644 1929 congregatis
1679 1857 1950 1928 inquilinis
1978 1857 2112 1925 fori,

523 1956 779 2020 tanquam
808 1948 978 2006 furem
1018 1950 1355 2007 manifestum
1398 1966 1457 2007 se
1499 1949 1969 2021 comprehendisse
1997 1950 2114 2024 glo-

520 2041 749 2109 riantur,
777 2052 830 2098 et
855 2043 976 2100 inde
1005 2039 1312 2100 ot'ferendus'
1328 2044 1494 2116 judici
1517 2045 1827 2101 ducebatur.

598 2134 687 2189 15.
715 2134 820 2191 Sed
845 2134 1100 2192 hactenus
1124 2136 1396 2193 docendus
1420 2136 1535 2192 fuit.
1568 2137 1756 2194 Statim
1795 2138 1969 2205 enim,
2009 2138 2115 2195 Do-

519 2227 682 2293 mine,
709 2228 1004 2286 subvenisti
1031 2229 1348 2286 innocentize
1368 2231 1520 2301 cujus
1544 2232 1696 2287 testis
1717 2246 1837 2288 eras
1863 2241 1916 2286 tu
1943 2232 2108 2289 solus.

525 2317 658 2374 Cum
680 2319 822 2376 enim
843 2320 1127 2377 duceretur
1156 2323 1239 2378 vel
1267 2322 1334 2377 ad
1364 2322 1678 2389 custodiam,
1710 2322 1793 2377 vel
1815 2322 1881 2378 ad
1908 2324 2110 2393 suppli-

519 2413 684 2481 cium,
710 2412 770 2466 fit
793 2412 871 2469 eis
897 2412 1106 2468 obviam
1127 2414 1339 2485 quidam
1363 2414 1685 2471 architectus
1707 2414 1859 2486 cujus
1880 2415 2110 2471 maxima

512 2516 631 2562 erat
653 2521 780 2561 cura
800 2505 1129 2575 publicarum
1150 2505 1490 2563 fabricarum.
1513 2505 1756 2563 Gaudent
1777 2506 1850 2562 illi
1871 2523 1989 2562 eum
2012 2523 2109 2579 po-

510 2598 781 2653 tissimum
809 2598 1125 2666 occurrisse,
1153 2599 1238 2654 cui
1265 2597 1510 2654 solebant
1551 2598 1605 2654 in
1630 2599 1984 2669 suSpicionem
2010 2615 2106 2655 ve-

511 2689 633 2745 nire
658 2689 951 2745 ablatarum
978 2705 1156 2746 rerum
1185 2706 1303 2762 qua:
1333 2691 1596 2761 perissent
1621 2690 1844 2759 defero,
1869 2702 1927 2747 nt
1953 2693 2105 2763 quasi

508 2780 725 2836 tandem
754 2781 846 2837 ille
866 2793 1215 2852 cognosceret
1238 2798 1268 2837 a
1297 2783 1493 2854 quibus
1530 2782 1643 2839 hzec
1666 2782 1876 2839 fierent.
1902 2784 2101 2840 Verum

506 2879 686 2927 autem
713 2872 918 2928 viderat
935 2872 1098 2929 homo
1117 2888 1261 2944 saepe
1281 2874 1528 2947 Alypium
1556 2875 1608 2929 in
1635 2875 1797 2931 domo
1824 2875 2101 2946 cujusdam

505 2965 770 3020 senatoris
795 2966 862 3021 ad
896 2981 1053 3037 quem
1084 2966 1421 3022 salutandum
1453 2968 1745 3022 ventitabat
1772 2985 1785 3021 :
1815 2969 2101 3041 statimque

504 3059 774 3129 cognitum
800 3075 963 3115 manu
988 3060 1318 3131 apprehensa
1347 3061 1576 3117 semovit
1609 3077 1639 3117 a
1668 3063 1853 3130 turbis,
1883 3072 1937 3118 et
1967 3065 2099 3120 tanti

500 3151 629 3205 mali
650 3166 866 3207 causam
888 3169 1150 3223 quaerens,
1178 3153 1304 3225 quid
1328 3161 1536 3225 gestum
1557 3164 1700 3210 esset
1727 3155 1958 3222 audivit;
1982 3171 2097 3211 om-

500 3257 707 3314 nesque
729 3244 1105 3300 tumultuantes
1128 3245 1220 3315 qui
1239 3245 1460 3301 aderant
1494 3255 1547 3301 et
1566 3247 1845 3303 minaciter
1866 3248 2097 3305 fremen-

502 3341 587 3389 tes
612 3334 771 3404 jussit
799 3336 983 3391 venire
1012 3351 1213 3391 secum.
1237 3337 1307 3392 Et
1331 3348 1589 3399 venerunt
1613 3339 1682 3395 ad
1711 3339 1926 3395 domum
1951 3342 2094 3399 illius

497 3424 854 3481 adolescentis
875 3427 965 3498 qui
985 3443 1097 3483 rem
1117 3430 1477 3485 commiserat.
1509 3430 1647 3486 Puer
1675 3446 1804 3488 vero
1826 3442 1942 3489 erat
1968 3443 2092 3491 ante

496 3516 715 3585 ostium,
735 3526 790 3573 et
810 3524 915 3572 tam
938 3534 1130 3588 parvus
1153 3530 1268 3575 erat
1295 3529 1354 3576 ut
1380 3521 1510 3576 nihil
1539 3522 1731 3579 exinde
1757 3524 1973 3582 domino
1993 3543 2090 3585 suo

493 3612 762 3674 metuens,
793 3606 944 3664 facile
968 3619 1149 3680 posset
1169 3619 1334 3666 totum
1357 3611 1592 3669 indicare
1616 3633 1629 3669 :
1653 3630 1773 3670 cum
1801 3632 1867 3672 eo
1894 3619 2089 3690 quippe

491 3697 551 3753 in
580 3697 698 3755 foro
730 3699 829 3755 fuit
864 3701 1232 3775 pedissequus.
1271 3704 1440 3774 Quem
1483 3717 1823 3779 posteaquam
1865 3713 2090 3771 recoluit

491 3789 740 3862 Alypius,
773 3794 1062 3850 architecto
1088 3796 1367 3853 intimavit.
1397 3799 1468 3853 At
1497 3798 1585 3855 ille
1606 3802 1833 3857 securim
1861 3802 2083 3861 demon-

489 3885 686 3940 stravit
714 3900 906 3955 puero,
939 3903 1183 3958 quaerens
1215 3890 1284 3944 ab
1311 3906 1376 3947 eo
1400 3892 1551 3963 cujus
1578 3902 1741 3950 esset.
1769 3894 1869 3964 Qui
1900 3898 2085 3954 confe-

488 3976 638 4042 stim,
662 3976 874 4046 Nostra,
899 3980 1067 4052 inquit
1092 3999 1104 4036 :
1135 3982 1329 4041 deinde
1357 3985 1711 4058 interrogatus
1740 3991 1946 4059 aperuit
1975 4005 2081 4046 ca:-

486 4073 621 4123 tera.
649 4068 737 4125 Sic
764 4070 818 4125 in
842 4070 983 4126 illam
1008 4072 1223 4129 domum
1252 4076 1507 4132 translata
1531 4093 1711 4147 causa,
1742 4080 2082 4155 confusisque

488 4161 661 4217 turbis
694 4178 813 4235 quae
842 4163 908 4219 de
936 4164 1026 4221 illo
1064 4165 1391 4239 triumphare
1412 4170 1522 4240 jam
1551 4181 1846 4242 coeperant,
1875 4172 2081 4230 futurus

484 4251 825 4325 dispensator
865 4258 1013 4313 verbi
1052 4259 1159 4328 tui,
1204 4268 1259 4315 et
1292 4260 1577 4316 multarum
1616 4263 1669 4316 in
1712 4262 1951 4319 Ecclesia
1992 4274 2078 4320 tua

486 4359 768 4404 causarum
797 4350 1147 4422 examinator,
1163 4355 1520 4426 experientior
1535 4356 1946 4429 inslructiorque
1971 4358 2079 4416 dis-

479 4440 661 4498 cessit.

1159 4516 1387 4574 CAPUT
1426 4518 1494 4574 X.

691 4598 1071 4681 De‘integritate
1096 4611 1271 4682 Alypii
1300 4621 1349 4667 et
1376 4612 1593 4669 adventu
1619 4612 1873 4672 Nebridii.

555 4724 645 4779 16.
675 4722 828 4780 llunc
855 4741 984 4797 ergo
1019 4726 1204 4783 Romae
1232 4729 1569 4797 inveneram,
1606 4740 1662 4786 et
1688 4731 1914 4789 adhaesit
1946 4734 2077 4789 mihi

478 4816 772 4873 fortissimo
807 4818 1042 4883 vinculo,
1072 4834 1387 4893 mecumque
1420 4822 1775 4879 Mediolanum
1806 4826 2076 4896 profectus

477 4918 593 4977 est,
627 4918 687 4963 ut
719 4924 820 4964 nec
845 4924 933 4965 me
969 4910 1270 4980 desereret,
1299 4922 1353 4968 et
1379 4914 1446 4969 de
1477 4914 1599 4986 jure
1634 4916 1777 4988 quod
1820 4917 2079 4975 didicerat

474 5000 678 5071 aliquid
697 5010 898 5071 ageret,
921 5004 1210 5060 secundum
1231 5015 1409 5062 votum
1430 5010 1598 5081 magis
1619 5021 1895 5080 parentum
1917 5027 2075 5083 quam

473 5109 655 5151 suum.
689 5094 757 5150 Et
781 5105 860 5152 ter
891 5097 907 5128 ¹
929 5096 1039 5168 jam
1068 5099 1338 5156 assederat
1365 5103 1593 5158 mirabili
1622 5106 1948 5161 continentia
1973 5122 2078 5161 cm-

474 5187 627 5253 teris,
658 5203 777 5243 cum
816 5188 904 5244 ille
931 5190 1100 5262 magis
1133 5193 1414 5249 miraretur
1448 5210 1542 5251 eos
1579 5198 1669 5268 qui
1698 5214 1884 5255 aurum
1925 5201 2076 5257 inno-

475 5281 669 5337 centia:
693 5291 1086 5354 praeponerent.
1119 5286 1340 5342 Tentata
1365 5296 1449 5343 est
1473 5304 1685 5361 quoque
1704 5292 1820 5361 ejus
1846 5293 2073 5362 indoles,

475 5387 588 5431 non
614 5375 789 5431 solum
816 5375 1067 5433 illecebra
1093 5378 1416 5448 cupiditatis,
1451 5379 1545 5435 sed
1580 5382 1740 5436 etiam
1771 5384 1985 5441 stimulo
2011 5386 2075 5443 ti-

542 5514 560 5545 ³
580 5510 691 5595 ⁸99·
709 5516 816 5595 At“;
824 5510 1857 5595 Lf}.‘i'.‘.'§"_ii§b.i;_“°.‘f:
1871 5518 2008 5595 ἐιτσί
2018 5532 2076 5595 βι

470 5576 582 5643 uss.
594 5572 777 5643 plures
789 5573 1114 5643 potioresun
1126 5587 1237 5643 cum
1254 5583 1364 5643 Arn.
1375 5575 1569 5643 habent
1587 5591 1600 5625 :
1621 5572 1676 5629 Et
1690 5583 1762 5629 ter
1768 5579 1881 5643 jam
1895 5572 2075 5637 (ιςδῖάᾶ

471 5639 569 5685 rat.
591 5634 917 5699 Praetulimus;
937 5634 1049 5685 nam
1064 5634 1257 5699 Alypius
1273 5639 1471 5699 tertium
1490 5638 1683 5691 functus
1696 5634 1955 5696 ass'emris
1969 5634 2075 5698 mu-

472 5696 988 5774 99:92.41???
1296 5698 1346 5772 δε
1363 5700 1459 5773 σκδ
1477 5715 1490 5751 ε
1512 5710 1698 5774 Mecum
1726 5712 1833 5757 εναι
1848 5696 2067 5774 Alyatti.

649 5766 849 5833 5.93m"
864 5795 879 5820 ν
898 5756 1074 5833 οίίθδῗλδ
1089 5758 1151 5810 αθ
1166 5773 1281 5833 01?.”
1282 5774 1309 5811 ε
1317 5761 1405 5833 ΙΨ
1407 5762 1714 5833 ίεΡενὶιονξςῃι
1728 5756 1833 5831 post

472 5829 582 5868 nan
599 5822 811 5883 tertiam,
831 5828 1113 5875 exspectans
1134 5822 1304 5887 quibus
1318 5822 1495 5879 iterum
1512 5826 1709 5883 consilia
1724 5822 1962 5885 i'enderet.

1701 335 2213 402 CONFESSlONUM
2247 336 2306 396 S.
2343 339 2711 408 AUGUSTINI

2262 263 2449 274 --υι--ι-αυν
2478 258 2505 270 ι’

3684 372 3768 437 728

2242 463 2430 517 moris.
2462 460 2650 522 Romae
2671 467 2941 528 assidebat
2957 471 3139 531 comiti
3166 472 3494 549 largitionum
3517 480 3770 551 Italicum.

2241 567 2361 652 rum
2379 554 2418 608 ί.
2437 554 2568 652 Erat
2586 572 2653 614 eo
2672 567 2913 633 tempore
2933 563 3149 636 quidam
3166 570 3556 639 potentissimus
3571 589 3768 652 senator,

2241 645 2393 717 cujus
2438 656 2494 704 et
2527 648 2800 710 beneﬁciis
2835 655 3074 714 obstricti
3116 660 3268 716 multi
3309 670 3365 718 et
3404 669 3580 724 teneri

2239 746 2410 795 erant.
2443 737 2624 799 Voluit
2663 745 2768 801 sibi
2812 747 2974 807 licere
3020 753 3201 809 nescio
3225 754 3351 827 quid
3379 771 3444 814 ex
3467 775 3604 819 more
3619 775 3774 834 puteu-

2239 832 2327 934 tite
2353 849 2494 902 suae,
2531 838 2674 934 quod
2713 850 2855 898 esset
2879 859 2976 915 per
3000 846 3142 918 leges
3168 848 3445 921 illicitum;
3672 860 3774 934 Aly-

2236 926 2392 996 pius:
2422 932 2745 1000 promissum
2774 944 2858 992 est
2886 940 3191 1009 praemium;
3232 942 3400 1000 irrisit
3435 946 3603 1006 animo
3624 968 3638 1006 :

2236 1026 2397 1077 tenta:
2417 1023 2607 1091 minae;
2627 1026 2851 1085 calcavit
2873 1045 2888 1084 :
2916 1031 3232 1091 mirantibus
3255 1036 3498 1095 omnibus
3512 1039 3772 1105 inusitatam

2233 1112 2495 1181 animam,
2527 1131 2647 1186 quae
2685 1117 2960 1178 hominem
2997 1132 3230 1193 tantum,
3259 1137 3316 1184 et
3351 1129 3771 1197 innumerabilibus

2230 1206 2520 1272 praestandi
2550 1211 2881 1284 nocendique
2900 1215 3076 1273 modis
3102 1219 3305 1290 ingenti
3328 1219 3466 1278 fama
3489 1225 3771 1287 celebratum

2230 1295 2314 1350 vel
2337 1297 2567 1355 amicum
2588 1316 2696 1358 non
2716 1313 2945 1375 optaret,
2966 1308 3052 1366 vel
3073 1324 3180 1366 non
3200 1311 3507 1372 formidaret
3521 1317 3767 1381 inimicum.

2226 1384 2346 1482 ipse
2380 1400 2559 1449 autem
2594 1396 2756 1465 judex
2776 1439 2793 1467 ,
2825 1401 2915 1456 cui
2954 1404 3290 1463 consiliarius
3325 1418 3436 1464 erat
3456 1452 3472 1478 ,
3499 1415 3769 1482 quamviset

2225 1479 2343 1552 ipse
2367 1482 2483 1541 ﬁeri
2518 1488 2704 1557 nollet,
2739 1506 2848 1548 non
2873 1502 3051 1551 tamen
3081 1508 3267 1570 aperte
3291 1479 3561 1560 recusabat
3588 1522 3602 1561 :
3628 1507 3706 1564 sed
3725 1509 3767 1566 in

2224 1572 2384 1631 istum
2409 1593 2624 1636 causam
2667 1585 3021 1656 transferens,
3054 1591 3123 1647 ab
3148 1607 3215 1648 eo
3248 1608 3309 1650 se
3336 1611 3441 1652 non
3464 1601 3675 1668 permitti
3697 1615 3766 1660 at-

2223 1666 2470 1736 serebat;
2503 1672 2627 1741 quia
2660 1683 2715 1730 et
2750 1691 2935 1734 revera
2964 1679 3008 1735 si
3048 1681 3164 1753 ipse
3192 1683 3425 1756 faceret,
3453 1666 3548 1745 iste
3569 1689 3764 1752 discede-

2222 1765 2325 1813 ret.
2355 1759 2468 1817 Hoc
2494 1763 2613 1820 solo
2636 1774 2812 1823 autem
2847 1784 2984 1841 pene
3004 1772 3115 1844 jam
3145 1775 3360 1833 illectus
3394 1790 3505 1836 erat
3527 1783 3680 1841 studio
3698 1787 3764 1842 lit-

2222 1854 2438 1922 terario,
2469 1868 2527 1911 ut
2569 1861 2755 1929 pretiis
2782 1866 3120 1934 praetorianis
3142 1870 3365 1929 codices
3401 1874 3499 1930 sibi
3522 1877 3761 1935 conﬁcien-

2220 1941 2319 2001 dos
2344 1958 2598 2005 curaret:
2636 1954 2732 2010 sed
2773 1958 3011 2015 consulta
3053 1960 3262 2031 justitia
3303 1965 3701 2026 deliberationem
3719 1972 3759 2028 in

2219 2039 2414 2096 melius
2442 2045 2606 2100 vertit
2631 2062 2645 2113 ;
2671 2048 2937 2106 utiliorem
2963 2051 3212 2123 judicans
3236 2057 3535 2128 aequitatem
3563 2076 3651 2132 qua
3672 2077 3753 2133 pro

2218 2130 2530 2203 bibebatur,
2561 2151 2721 2207 quam
2759 2148 3078 2211 potestatem
3119 2162 3225 2217 qua
3264 2149 3546 2206 sinebatur.
3574 2130 3754 2208 Parvum

2217 2231 2300 2278 est
2323 2223 2426 2282 hoc
2442 2244 2456 2295 ;
2474 2227 2570 2284 sed
2590 2229 2681 2301 qui
2703 2230 2756 2286 in
2778 2246 2943 2302 parvo
2963 2234 3135 2294 fidelis
3153 2248 3258 2305 est,
3282 2249 3337 2296 et
3357 2242 3411 2296 in
3430 2257 3607 2313 magno
3622 2243 3755 2303 ﬁdelis

2215 2321 2317 2369 est.
2340 2314 2450 2372 Nec
2470 2317 2575 2373 ullo
2591 2321 2752 2377 modo
2766 2324 2870 2379 erit
2882 2324 3058 2394 inane,
3080 2329 3229 2400 quod
3248 2330 3316 2387 de
3334 2340 3435 2388 tua!
3449 2332 3669 2390 Veritatis
3681 2351 3748 2394 ore

2213 2411 2515 2479 processit:
2544 2412 2607 2469 Si
2631 2415 2685 2470 in
2708 2416 2898 2489 injuste
2926 2436 3219 2478 mammona
3253 2424 3430 2494 ﬁdeles
3466 2443 3560 2481 non
3593 2430 3747 2501 (sistit,-

2211 2502 2355 2571 quod
2374 2520 2543 2559 verum
2562 2516 2656 2575 est,
2679 2510 2792 2579 quis
2816 2513 2979 2567 credet
3001 2515 3135 2569 vobis
3149 2518 3177 2571 Ρ
3199 2515 3269 2571 Et
3288 2519 3334 2573 si
3367 2521 3419 2574 in
3439 2520 3589 2575 alieno
3614 2521 3747 2591 ﬁdeles

2211 2610 2314 2689 non
2332 2595 2532 2689 fuistis;
2547 2602 2683 2671 quod
2702 2614 2918 2661 vestrum
2932 2618 3022 2675 est,
3030 2611 3153 2685 'guis
3168 2613 3311 2668 dabit
3326 2614 3493 2670 vobis?
3512 2614 3646 2689 (Luc.
3662 2631 3741 2684 ιιι,

2211 2684 2423 2761 40-12.)
2444 2689 2588 2748 Talis
2605 2693 2696 2750 ille
2722 2707 2849 2753 tunc
2876 2684 3173 2758 inhaerebat
3204 2705 3358 2771 mihi,
3389 2684 3666 2780 mecumque
3678 2726 3742 2764 nu-

2208 2780 2355 2837 tabat
2383 2782 2436 2838 in
2462 2785 2705 2854 consilio,
2734 2791 2977 2860 quisnam
3002 2803 3146 2851 esset
3169 2797 3435 2855 tenendus
3450 2801 3560 2856 vita:
3579 2801 3739 2857 moles.

2280 2874 2368 2930 l7.
2397 2876 2682 2936 Nebridius
2712 2882 2873 2938 etiam
2901 2886 2992 2956 qui
3030 2887 3222 2944 relicta
3262 2893 3431 2962 patria
3464 2893 3613 2949 vicina
3640 2892 3737 2950 Car-

2204 2968 2438 3043 thagini,
2482 2983 2642 3046 atque
2685 2976 2798 3047 ipsa
2836 2976 3155 3053 Carthagine
3205 2983 3301 3040 ubi
3346 2983 3736 3058 frequentissimus

2204 3073 2339 3131 erat,
2369 3066 2558 3124 relicto
2579 3085 2703 3127 rure
2723 3080 2948 3141 paterno
2974 3075 3202 3144 Optimo,
3228 3079 3410 3135 relicta
3431 3078 3575 3136 domo
3592 3090 3631 3136 et
3648 3095 3729 3135 non

2202 3166 2451 3214 secutura
2472 3170 2661 3230 matre,
2690 3163 2888 3219 nullam
2916 3165 2988 3221 ob
3011 3165 3171 3222 aliam
3202 3184 3417 3226 causam
3446 3171 3731 3228 Mediolanum

2198 3259 2440 3320 venerat,
2469 3253 2575 3309 nisi
2608 3263 2667 3309 ut
2694 3270 2902 3311 mecum
2930 3258 3127 3316 viveret
3157 3260 3214 3317 in
3250 3262 3630 3335 ﬂagrantissimo
3645 3274 3731 3321 stu-

2197 3341 2289 3398 dio
2329 3344 2568 3402 veritatis
2596 3356 2755 3419 atque
2780 3350 3053 3421 sapientia:
3082 3370 3095 3407 :
3125 3355 3334 3425 pariter
3356 3358 3640 3428 suspirabat,
3660 3371 3730 3428 pa-

2197 3435 2434 3508 riterque
2464 3437 2770 3510 ﬂuctuabat,
2813 3442 2982 3501 beata:
3008 3446 3130 3502 vitae
3167 3448 3450 3522 inquisitor
3483 3452 3663 3520 ardens,
3691 3461 3729 3507 et

2195 3530 2550 3598 quzestionum
2593 3532 3027 3591 difficillimarum
3064 3548 3336 3597 scrutator
3374 3543 3648 3598 acerrimus.
3682 3541 3729 3603 Et

2194 3631 2349 3677 erant
2374 3638 2467 3679 ora
2511 3625 2669 3681 trium
2695 3628 2965 3698 egentium
2985 3671 3000 3698 ,
3033 3641 3086 3687 et
3123 3631 3360 3706 inopiam
3400 3650 3539 3691 suam
3566 3634 3730 3691 sibimet

2191 3716 2418 3773 invicem
2449 3718 2828 3790 anhelantium,
2861 3732 2915 3779 et
2941 3739 2972 3779 a
2997 3733 3049 3782 te
3074 3729 3509 3798 exspectantium,
3537 3738 3584 3783 ut
3611 3727 3729 3783 dares

2189 3807 2269 3863 cis
2297 3817 2474 3864 escam
2506 3810 2558 3865 in
2592 3820 2831 3883 tempore
2867 3823 3188 3886 Opportune.
3241 3819 3306 3874 Et
3343 3820 3393 3875 in
3418 3820 3550 3876 omni
3571 3815 3724 3875 amari-

2188 3902 2373 3959 tudine
2397 3920 2516 3975 quze
2537 3916 2748 3962 nostros
2768 3910 3049 3966 saeculares
3069 3921 3221 3967 actus
3238 3913 3303 3970 de
3315 3912 3644 3969 misericordia
3659 3924 3725 3966 ais

2186 3994 2525 4064 sequebatur,
2553 3996 2879 4055 intuentibus
2898 4000 3051 4056 nobis
3073 4002 3237 4058 finem
3260 4020 3355 4060 cur
3375 4020 3432 4060 ea
3453 4012 3722 4076 pateremur,

2185 4086 2535 4143 occurrebant
2565 4090 2832 4161 tenebrae;
2876 4104 2931 4148 et
2967 4095 3345 4152 aversabamur
3369 4100 3389 4130 ²
3414 4107 3669 4168 gementes,
3684 4100 3726 4148 et

2185 4177 2493 4238 dicebamus
2521 4199 2535 4236 :
2566 4183 2826 4252 Quamdiu
2852 4186 3005 4244 haec?
3032 4188 3100 4244 Et
3120 4190 3221 4247 hoc
3237 4191 3424 4249 crebro
3438 4190 3719 4254 dicebamus;

2184 4280 2240 4326 et
2269 4271 2507 4329 dicentes
2535 4291 2639 4330 non
2666 4277 3098 4350 relinquebamus
3124 4298 3188 4339 ea
3213 4300 3228 4349 ;
3257 4285 3376 4356 quia
3400 4299 3501 4340 non
3526 4280 3719 4339 elucebat

2183 4373 2389 4422 certum
2419 4367 2622 4440 aliquid
2647 4370 2790 4442 quod
2815 4371 2920 4429 illis
2949 4375 3149 4432 relictis
3179 4378 3675 4450 apprehenderemus.

2860 4484 3086 4544 CAPUT
3125 4488 3218 4545 XI.

2290 4550 2487 4606 Anxius
2518 4552 2825 4625 Augustinus
2853 4557 2919 4611 de
2948 4559 3259 4616 instituenda
3286 4563 3382 4616 vita
3405 4561 3633 4617 deliberat.

2258 4642 2343 4699 18.
2375 4642 2443 4698 Et
2474 4660 2575 4716 ego
2614 4649 2844 4704 maxime
2873 4650 3126 4720 mirabar,
3159 4663 3400 4726 satagens
3424 4664 3475 4711 et
3500 4653 3713 4716 recolens.

2183 4749 2343 4805 quam
2367 4735 2583 4807 longum
2604 4746 2811 4809 tempus
2830 4742 3057 4799 essetab
3083 4744 3467 4817 undevigesimo
3481 4760 3605 4801 anno
3617 4753 3716 4798 ειεξι-

2182 4826 2251 4880 tis
2275 4841 2439 4896 mete,
2468 4831 2581 4899 ‘quo
2606 4829 2814 4887 fervere
2841 4847 3107 4905 cameram
3137 4838 3311 4895 studio
3331 4839 3606 4910 sapientiae;
3630 4834 3714 4889 dis.

2184 4933 2419 4989 ponens,
2450 4936 2512 4977 ea
2541 4923 2772 4991 inventa,
2800 4926 3102 4997 relinquere
3126 4945 3311 4986 omnes
3343 4944 3575 4986 ranarum
3595 4924 3714 4996 cupi-

2182 5008 2407 5066 ditatum
2445 5028 2568 5083 spes
2607 5014 2791 5072 inanes
2831 5025 2885 5071 ct
2922 5018 3158 5075 insanias
3195 5021 3504 5077 mendaces:
3531 5027 3579 5073 et
3612 5027 3709 5071 ecce

2175 5100 2286 5171 jam
2327 5103 2661 5161 tricenariam
2690 5116 2898 5164 :etatcm
2929 5112 3198 5182 gerebam,
3231 5114 3283 5169 in
3308 5112 3482 5169 eodem
3505 5112 3601 5166 luto
3620 5108 3708 5162 ba:-

2182 5196 2351 5252 sitans
2386 5199 2637 5255 aviditate
2674 5200 2885 5257 fruendi
2917 5206 3301 5273 praesentibus,
3346 5202 3631 5277 fugientibus
3664 5206 3706 5253 et

2181 5288 2561 5358 dissipantibus
2591 5306 2677 5347 me
2700 5335 2715 5360 ,
2756 5292 2883 5349 dum
2923 5293 3043 5351 dico
3078 5313 3091 5351 :
3135 5295 3265 5353 Cras
3301 5296 3570 5357 inveniam;
3605 5301 3704 5346 ecce

2180 5380 2521 5437 manifestum
2546 5383 2838 5453 apparebit,
2869 5394 2923 5441 et
2943 5386 3135 5443 tenebo
3159 5406 3171 5442 :
3195 5403 3314 5445 ecce
3340 5386 3543 5442 Faustus
3561 5380 3701 5437 veniet

2178 5479 2233 5527 et
2262 5483 2492 5543 exponet
2519 5474 2717 5531 omnia.
2748 5473 2794 5531 Ο
2818 5478 2993 5549 magni
3027 5479 3127 5534 viri
3163 5478 3449 5535 Academici
3482 5471 3625 5530 lnihil
3646 5466 3698 5522 ad

2242 5588 2260 5659 ξ
2280 5586 2878 5659 Apud_l.ov.,_ltalicarwn,j
2894 5594 3008 5659 at__in
3024 5596 3226 5659 vetustis
3237 5593 3363 5655 add,

2176 5650 2249 5720 ιξιί
2265 5649 2489 5720 scribi“?
2507 5651 2655 5720 etiam
2669 5652 2721 5720 ip
2737 5649 2909 5720 ﬁctilia
2922 5655 3210 5720 dignitatum
3227 5649 3427 5720 men.
3445 5658 3490 5703 et
3503 5651 3555 5701 ab
3567 5649 3615 5720 iis
3626 5652 3684 5708 (ιιι

2176 5712 2439 5783 de_Ct_)mi_te
2454 5711 2788 5783 largitionibus
2802 5716 2854 5764 in
2869 5711 3000 5766 Italia
3016 5716 3243 5772 faciendis
3258 5711 3466 5783 praefecto
3477 5715 3614 5783 δευρί.

2241 5777 2261 5807 ί
2293 5779 2344 5846 In
2377 5779 2424 5846 β.
2445 5773 2836 5846 ᾳᾴυξτνξριιωηιιν.
2857 5786 2998 5846 tanta
3028 5788 3101 5846 Er.
3124 5773 3272 5846 Lugd:
3291 5789 3398 5831 ven.
3427 5773 3523 5828 Lavi
3548 5779 3679 5822 somm-

2179 5845 2289 5888 Arn.
2307 5837 2427 5887 Dub.
2449 5844 2578 5890 ttart.
2596 5837 2718 5891 Flor.
2740 5846 2791 5892 et
2812 5842 2956 5893 Romi.
2973 5878 2986 5905 ,
3006 5837 3380 5897 adversibamur.
3437 5847 3484 5893 tl.
