  <div class='ocr_page' id='page_1' title='image "/cluster/home/n/w/nwhite01/storage/ocr_20150623/32/uva.x000669813/374.png"; bbox 0 0 3926 6272; ppageno 0'>
   <div class='ocr_carea' id='block_1_1' title="bbox 176 275 1714 380">
    <p class='ocr_par' dir='ltr' id='par_1_1' title="bbox 176 275 1693 380">
     <span class='ocr_line' id='line_1_1' title="bbox 176 275 1693 380; baseline 0.005 -24"><span class='ocrx_word' id='word_1_1' title='bbox 176 321 263 380; x_wconf 69' lang='grc' dir='ltr'><strong>π,</strong></span> <span class='ocrx_word' id='word_1_2' title='bbox 698 275 795 293; x_wconf 80' lang='grc'>”</span> <span class='ocrx_word' id='word_1_3' title='bbox 1489 303 1693 364; x_wconf 80' lang='lat' dir='ltr'><strong>LIBER</strong></span> 
     </span>
    </p>
   </div>
   <div class='ocr_carea' id='block_1_2' title="bbox 1823 275 2012 380">
    <p class='ocr_par' dir='ltr' id='par_1_2' title="bbox 1823 304 2012 368">
     <span class='ocr_line' id='line_1_2' title="bbox 1823 304 2012 368; baseline 0.021 -4"><span class='ocrx_word' id='word_1_4' title='bbox 1823 304 2012 368; x_wconf 73' lang='lat' dir='ltr'><strong>l’l‘US.</strong></span> 
     </span>
    </p>
   </div>
   <div class='ocr_carea' id='block_1_3' title="bbox 172 420 1706 509">
    <p class='ocr_par' dir='ltr' id='par_1_3' title="bbox 172 420 1706 509">
     <span class='ocr_line' id='line_1_3' title="bbox 172 420 1706 509; baseline -0.005 -23"><span class='ocrx_word' id='word_1_5' title='bbox 172 430 391 509; x_wconf 66' lang='grc' dir='ltr'>ιεωίιω</span> <span class='ocrx_word' id='word_1_6' title='bbox 410 425 567 485; x_wconf 78' lang='lat' dir='ltr'><strong>vitam</strong></span> <span class='ocrx_word' id='word_1_7' title='bbox 590 423 730 483; x_wconf 81' lang='lat' dir='ltr'><strong>certi</strong></span> <span class='ocrx_word' id='word_1_8' title='bbox 752 420 1128 497; x_wconf 86' lang='lat' dir='ltr'><strong>comprehendi</strong></span> <span class='ocrx_word' id='word_1_9' title='bbox 1150 428 1346 495; x_wconf 83' lang='lat' dir='ltr'><strong>potest.</strong></span> <span class='ocrx_word' id='word_1_10' title='bbox 1367 420 1481 478; x_wconf 89' lang='lat' dir='ltr'><strong>lmo</strong></span> <span class='ocrx_word' id='word_1_11' title='bbox 1500 437 1706 495; x_wconf 77' lang='lat' dir='ltr'><strong>quaera-</strong></span> 
     </span>
    </p>
   </div>
   <div class='ocr_carea' id='block_1_4' title="bbox 172 515 1704 594">
    <p class='ocr_par' dir='ltr' id='par_1_4' title="bbox 172 515 1704 594">
     <span class='ocr_line' id='line_1_4' title="bbox 172 515 1704 594; baseline -0.005 -16"><span class='ocrx_word' id='word_1_12' title='bbox 172 543 273 586; x_wconf 75' lang='lat' dir='ltr'><strong>mus</strong></span> <span class='ocrx_word' id='word_1_13' title='bbox 305 519 621 594; x_wconf 80' lang='lat' dir='ltr'><strong>diligentius,</strong></span> <span class='ocrx_word' id='word_1_14' title='bbox 662 526 724 574; x_wconf 91' lang='lat' dir='ltr'><strong>et</strong></span> <span class='ocrx_word' id='word_1_15' title='bbox 746 530 852 573; x_wconf 91' lang='lat' dir='ltr'><strong>non</strong></span> <span class='ocrx_word' id='word_1_16' title='bbox 895 516 1260 588; x_wconf 74' lang='lat' dir='ltr'><strong>deSperemns.</strong></span> <span class='ocrx_word' id='word_1_17' title='bbox 1286 515 1422 572; x_wconf 87' lang='lat' dir='ltr'><strong>Ecce</strong></span> <span class='ocrx_word' id='word_1_18' title='bbox 1445 516 1556 587; x_wconf 89' lang='lat' dir='ltr'><strong>jam</strong></span> <span class='ocrx_word' id='word_1_19' title='bbox 1596 530 1704 572; x_wconf 90' lang='lat' dir='ltr'><strong>non</strong></span> 
     </span>
    </p>
   </div>
   <div class='ocr_carea' id='block_1_5' title="bbox 172 607 1705 680">
    <p class='ocr_par' dir='ltr' id='par_1_5' title="bbox 172 607 1705 680">
     <span class='ocr_line' id='line_1_5' title="bbox 172 607 1705 680; baseline -0.005 -8"><span class='ocrx_word' id='word_1_20' title='bbox 172 626 275 679; x_wconf 76' lang='lat' dir='ltr'><strong>sunt</strong></span> <span class='ocrx_word' id='word_1_21' title='bbox 289 611 495 672; x_wconf 84' lang='lat' dir='ltr'><strong>absurda</strong></span> <span class='ocrx_word' id='word_1_22' title='bbox 514 612 571 667; x_wconf 91' lang='lat' dir='ltr'><strong>in</strong></span> <span class='ocrx_word' id='word_1_23' title='bbox 591 608 770 667; x_wconf 86' lang='lat' dir='ltr'><strong>Libris</strong></span> <span class='ocrx_word' id='word_1_24' title='bbox 787 608 1161 666; x_wconf 72' lang='lat' dir='ltr'><strong>ecclesiasticis</strong></span> <span class='ocrx_word' id='word_1_25' title='bbox 1176 623 1295 680; x_wconf 70' lang='lat' dir='ltr'><strong>qua:</strong></span> <span class='ocrx_word' id='word_1_26' title='bbox 1312 607 1539 665; x_wconf 88' lang='lat' dir='ltr'><strong>absurda</strong></span> <span class='ocrx_word' id='word_1_27' title='bbox 1561 607 1705 664; x_wconf 75' lang='lat' dir='ltr'><strong>vide-</strong></span> 
     </span>
    </p>
   </div>
   <div class='ocr_carea' id='block_1_6' title="bbox 171 699 1701 777">
    <p class='ocr_par' dir='ltr' id='par_1_6' title="bbox 171 699 1701 777">
     <span class='ocr_line' id='line_1_6' title="bbox 171 699 1701 777; baseline -0.009 -8"><span class='ocrx_word' id='word_1_28' title='bbox 171 714 347 776; x_wconf 76' lang='lat' dir='ltr'><strong>bantur,</strong></span> <span class='ocrx_word' id='word_1_29' title='bbox 380 715 431 763; x_wconf 87' lang='lat' dir='ltr'><strong>et</strong></span> <span class='ocrx_word' id='word_1_30' title='bbox 467 710 693 777; x_wconf 83' lang='lat' dir='ltr'><strong>possunt</strong></span> <span class='ocrx_word' id='word_1_31' title='bbox 714 701 867 759; x_wconf 86' lang='lat' dir='ltr'><strong>aliter</strong></span> <span class='ocrx_word' id='word_1_32' title='bbox 890 710 1051 774; x_wconf 88' lang='lat' dir='ltr'><strong>atque</strong></span> <span class='ocrx_word' id='word_1_33' title='bbox 1075 700 1301 758; x_wconf 85' lang='lat' dir='ltr'><strong>honeste</strong></span> <span class='ocrx_word' id='word_1_34' title='bbox 1336 700 1580 772; x_wconf 74' lang='lat' dir='ltr'><strong>intelligi.</strong></span> <span class='ocrx_word' id='word_1_35' title='bbox 1609 699 1701 756; x_wconf 82' lang='lat' dir='ltr'><strong>Fi-</strong></span> 
     </span>
    </p>
   </div>
   <div class='ocr_carea' id='block_1_7' title="bbox 168 791 1706 877">
    <p class='ocr_par' dir='ltr' id='par_1_7' title="bbox 168 791 1706 877">
     <span class='ocr_line' id='line_1_7' title="bbox 168 791 1706 877; baseline -0.003 -25"><span class='ocrx_word' id='word_1_36' title='bbox 168 818 266 877; x_wconf 63' lang='grc' dir='ltr'><strong>μω</strong></span> <span class='ocrx_word' id='word_1_37' title='bbox 304 797 451 871; x_wconf 82' lang='lat' dir='ltr'><strong>pedes</strong></span> <span class='ocrx_word' id='word_1_38' title='bbox 497 796 554 851; x_wconf 89' lang='lat' dir='ltr'><strong>in</strong></span> <span class='ocrx_word' id='word_1_39' title='bbox 594 809 662 851; x_wconf 91' lang='lat' dir='ltr'><strong>eo</strong></span> <span class='ocrx_word' id='word_1_40' title='bbox 704 793 871 866; x_wconf 84' lang='lat' dir='ltr'><strong>gradu</strong></span> <span class='ocrx_word' id='word_1_41' title='bbox 911 794 967 849; x_wconf 91' lang='lat' dir='ltr'><strong>in</strong></span> <span class='ocrx_word' id='word_1_42' title='bbox 1002 808 1109 864; x_wconf 88' lang='lat' dir='ltr'><strong>quo</strong></span> <span class='ocrx_word' id='word_1_43' title='bbox 1154 807 1284 863; x_wconf 89' lang='lat' dir='ltr'><strong>puer</strong></span> <span class='ocrx_word' id='word_1_44' title='bbox 1328 807 1360 847; x_wconf 88' lang='lat' dir='ltr'><strong>a</strong></span> <span class='ocrx_word' id='word_1_45' title='bbox 1402 791 1706 863; x_wconf 89' lang='lat' dir='ltr'><strong>parentibus</strong></span> 
     </span>
    </p>
   </div>
   <div class='ocr_carea' id='block_1_8' title="bbox 170 884 1703 969">
    <p class='ocr_par' dir='ltr' id='par_1_8' title="bbox 170 884 1703 969">
     <span class='ocr_line' id='line_1_8' title="bbox 170 884 1703 969; baseline -0.008 -19"><span class='ocrx_word' id='word_1_46' title='bbox 170 894 338 969; x_wconf 82' lang='lat' dir='ltr'><strong>positus</strong></span> <span class='ocrx_word' id='word_1_47' title='bbox 373 904 512 948; x_wconf 86' lang='lat' dir='ltr'><strong>eram</strong></span> <span class='ocrx_word' id='word_1_48' title='bbox 540 929 557 953; x_wconf 92' lang='lat'><strong>,</strong></span> <span class='ocrx_word' id='word_1_49' title='bbox 605 886 783 943; x_wconf 90' lang='lat' dir='ltr'><strong>donec</strong></span> <span class='ocrx_word' id='word_1_50' title='bbox 826 884 1127 942; x_wconf 69' lang='lat' dir='ltr'><strong>inveniatur</strong></span> <span class='ocrx_word' id='word_1_51' title='bbox 1170 885 1447 956; x_wconf 87' lang='lat' dir='ltr'><strong>perspicua</strong></span> <span class='ocrx_word' id='word_1_52' title='bbox 1487 884 1703 940; x_wconf 87' lang='lat' dir='ltr'><strong>veritas.</strong></span> 
     </span>
    </p>
   </div>
   <div class='ocr_carea' id='block_1_9' title="bbox 170 977 1707 1054">
    <p class='ocr_par' dir='ltr' id='par_1_9' title="bbox 170 977 1707 1054">
     <span class='ocr_line' id='line_1_9' title="bbox 170 977 1707 1054; baseline -0.006 -12"><span class='ocrx_word' id='word_1_53' title='bbox 170 986 253 1046; x_wconf 85' lang='lat' dir='ltr'><strong>Sed</strong></span> <span class='ocrx_word' id='word_1_54' title='bbox 272 984 349 1041; x_wconf 84' lang='lat' dir='ltr'><strong>ubi</strong></span> <span class='ocrx_word' id='word_1_55' title='bbox 369 979 671 1054; x_wconf 59' lang='lat' dir='ltr'><strong>queretur?</strong></span> <span class='ocrx_word' id='word_1_56' title='bbox 698 979 911 1050; x_wconf 79' lang='lat' dir='ltr'><strong>quando</strong></span> <span class='ocrx_word' id='word_1_57' title='bbox 933 978 1236 1049; x_wconf 65' lang='lat' dir='ltr'><strong>queretur?</strong></span> <span class='ocrx_word' id='word_1_58' title='bbox 1258 977 1374 1033; x_wconf 83' lang='lat' dir='ltr'><strong>Non</strong></span> <span class='ocrx_word' id='word_1_59' title='bbox 1399 985 1553 1033; x_wconf 87' lang='lat' dir='ltr'><strong>vacat</strong></span> <span class='ocrx_word' id='word_1_60' title='bbox 1573 979 1707 1033; x_wconf 83' lang='lat' dir='ltr'><strong>Am-</strong></span> 
     </span>
    </p>
   </div>
   <div class='ocr_carea' id='block_1_10' title="bbox 170 1070 1709 1145">
    <p class='ocr_par' dir='ltr' id='par_1_10' title="bbox 170 1070 1709 1145">
     <span class='ocr_line' id='line_1_10' title="bbox 170 1070 1709 1145; baseline -0.008 -6"><span class='ocrx_word' id='word_1_61' title='bbox 170 1080 330 1145; x_wconf 81' lang='lat' dir='ltr'><strong>brosio,</strong></span> <span class='ocrx_word' id='word_1_62' title='bbox 349 1090 453 1132; x_wconf 89' lang='lat' dir='ltr'><strong>non</strong></span> <span class='ocrx_word' id='word_1_63' title='bbox 467 1080 621 1130; x_wconf 80' lang='lat' dir='ltr'><strong>vacat</strong></span> <span class='ocrx_word' id='word_1_64' title='bbox 638 1072 838 1144; x_wconf 91' lang='lat' dir='ltr'><strong>legere.</strong></span> <span class='ocrx_word' id='word_1_65' title='bbox 860 1070 906 1129; x_wconf 88' lang='lat' dir='ltr'><strong>U</strong></span> <span class='ocrx_word' id='word_1_66' title='bbox 916 1070 967 1127; x_wconf 91' lang='lat' dir='ltr'><strong>bi</strong></span> <span class='ocrx_word' id='word_1_67' title='bbox 988 1071 1135 1142; x_wconf 86' lang='lat' dir='ltr'><strong>ipsos</strong></span> <span class='ocrx_word' id='word_1_68' title='bbox 1152 1070 1366 1126; x_wconf 80' lang='lat' dir='ltr'><strong>codices</strong></span> <span class='ocrx_word' id='word_1_69' title='bbox 1382 1071 1709 1142; x_wconf 66' lang='lat' dir='ltr'><strong>quaerimus?</strong></span> 
     </span>
    </p>
   </div>
   <div class='ocr_carea' id='block_1_11' title="bbox 168 1163 1708 1237">
    <p class='ocr_par' dir='ltr' id='par_1_11' title="bbox 168 1163 1708 1237">
     <span class='ocr_line' id='line_1_11' title="bbox 168 1163 1708 1237; baseline -0.006 -8"><span class='ocrx_word' id='word_1_70' title='bbox 168 1171 302 1236; x_wconf 88' lang='lat' dir='ltr'><strong>unde,</strong></span> <span class='ocrx_word' id='word_1_71' title='bbox 328 1175 413 1224; x_wconf 90' lang='lat' dir='ltr'><strong>aut</strong></span> <span class='ocrx_word' id='word_1_72' title='bbox 436 1163 650 1237; x_wconf 82' lang='lat' dir='ltr'><strong>quando</strong></span> <span class='ocrx_word' id='word_1_73' title='bbox 688 1163 1093 1235; x_wconf 84' lang='lat' dir='ltr'><strong>comparamus?</strong></span> <span class='ocrx_word' id='word_1_74' title='bbox 1129 1177 1161 1218; x_wconf 90' lang='lat' dir='ltr'><strong>a</strong></span> <span class='ocrx_word' id='word_1_75' title='bbox 1195 1163 1387 1234; x_wconf 84' lang='lat' dir='ltr'><strong>quibus</strong></span> <span class='ocrx_word' id='word_1_76' title='bbox 1412 1163 1708 1219; x_wconf 86' lang='lat' dir='ltr'><strong>sumimus?</strong></span> 
     </span>
    </p>
   </div>
   <div class='ocr_carea' id='block_1_12' title="bbox 170 1253 1708 1332">
    <p class='ocr_par' dir='ltr' id='par_1_12' title="bbox 170 1253 1708 1332">
     <span class='ocr_line' id='line_1_12' title="bbox 170 1253 1708 1332; baseline -0.003 -17"><span class='ocrx_word' id='word_1_77' title='bbox 170 1263 447 1332; x_wconf 80' lang='lat' dir='ltr'><strong>nepotentur</strong></span> <span class='ocrx_word' id='word_1_78' title='bbox 488 1265 732 1327; x_wconf 86' lang='lat' dir='ltr'><strong>tempora</strong></span> <span class='ocrx_word' id='word_1_79' title='bbox 755 1296 773 1323; x_wconf 90' lang='lat'><strong>,</strong></span> <span class='ocrx_word' id='word_1_80' title='bbox 809 1254 1194 1310; x_wconf 85' lang='lat' dir='ltr'><strong>distribuantur</strong></span> <span class='ocrx_word' id='word_1_81' title='bbox 1225 1253 1371 1309; x_wconf 80' lang='lat' dir='ltr'><strong>horae</strong></span> <span class='ocrx_word' id='word_1_82' title='bbox 1406 1269 1506 1324; x_wconf 88' lang='lat' dir='ltr'><strong>pro</strong></span> <span class='ocrx_word' id='word_1_83' title='bbox 1538 1255 1708 1310; x_wconf 88' lang='lat' dir='ltr'><strong>salute</strong></span> 
     </span>
    </p>
   </div>
   <div class='ocr_carea' id='block_1_13' title="bbox 168 1344 1707 1419">
    <p class='ocr_par' dir='ltr' id='par_1_13' title="bbox 168 1344 1707 1419">
     <span class='ocr_line' id='line_1_13' title="bbox 168 1344 1707 1419; baseline -0.005 -10"><span class='ocrx_word' id='word_1_84' title='bbox 168 1355 340 1409; x_wconf 67' lang='lat' dir='ltr'><strong>animm.</strong></span> <span class='ocrx_word' id='word_1_85' title='bbox 365 1349 544 1419; x_wconf 71' lang='lat' dir='ltr'><strong>Magna</strong></span> <span class='ocrx_word' id='word_1_86' title='bbox 572 1362 705 1417; x_wconf 87' lang='lat' dir='ltr'><strong>spes</strong></span> <span class='ocrx_word' id='word_1_87' title='bbox 742 1346 930 1401; x_wconf 86' lang='lat' dir='ltr'><strong>oborta</strong></span> <span class='ocrx_word' id='word_1_88' title='bbox 956 1353 1041 1401; x_wconf 91' lang='lat' dir='ltr'><strong>est</strong></span> <span class='ocrx_word' id='word_1_89' title='bbox 1069 1361 1083 1400; x_wconf 90' lang='lat'><strong>:</strong></span> <span class='ocrx_word' id='word_1_90' title='bbox 1114 1360 1222 1401; x_wconf 93' lang='lat' dir='ltr'><strong>non</strong></span> <span class='ocrx_word' id='word_1_91' title='bbox 1252 1344 1411 1400; x_wconf 87' lang='lat' dir='ltr'><strong>docet</strong></span> <span class='ocrx_word' id='word_1_92' title='bbox 1447 1345 1707 1401; x_wconf 88' lang='lat' dir='ltr'><strong>catholica</strong></span> 
     </span>
    </p>
   </div>
   <div class='ocr_carea' id='block_1_14' title="bbox 170 1436 1707 1513">
    <p class='ocr_par' dir='ltr' id='par_1_14' title="bbox 170 1436 1707 1513">
     <span class='ocr_line' id='line_1_14' title="bbox 170 1436 1707 1513; baseline -0.005 -13"><span class='ocrx_word' id='word_1_93' title='bbox 170 1444 275 1500; x_wconf 86' lang='lat' dir='ltr'><strong>lides</strong></span> <span class='ocrx_word' id='word_1_94' title='bbox 308 1439 436 1513; x_wconf 89' lang='lat' dir='ltr'><strong>quod</strong></span> <span class='ocrx_word' id='word_1_95' title='bbox 464 1437 821 1509; x_wconf 89' lang='lat' dir='ltr'><strong>putabamus,</strong></span> <span class='ocrx_word' id='word_1_96' title='bbox 851 1444 906 1493; x_wconf 91' lang='lat' dir='ltr'><strong>et</strong></span> <span class='ocrx_word' id='word_1_97' title='bbox 948 1436 1068 1492; x_wconf 83' lang='lat' dir='ltr'><strong>vani</strong></span> <span class='ocrx_word' id='word_1_98' title='bbox 1108 1437 1519 1503; x_wconf 87' lang='lat' dir='ltr'><strong>accusabamus;</strong></span> <span class='ocrx_word' id='word_1_99' title='bbox 1560 1436 1707 1493; x_wconf 90' lang='lat' dir='ltr'><strong>nefas</strong></span> 
     </span>
    </p>
   </div>
   <div class='ocr_carea' id='block_1_15' title="bbox 168 1527 1708 1601">
    <p class='ocr_par' dir='ltr' id='par_1_15' title="bbox 168 1527 1708 1601">
     <span class='ocr_line' id='line_1_15' title="bbox 168 1527 1708 1601; baseline -0.005 -10"><span class='ocrx_word' id='word_1_100' title='bbox 168 1535 326 1591; x_wconf 83' lang='lat' dir='ltr'><strong>habent</strong></span> <span class='ocrx_word' id='word_1_101' title='bbox 344 1531 479 1588; x_wconf 89' lang='lat' dir='ltr'><strong>docti</strong></span> <span class='ocrx_word' id='word_1_102' title='bbox 498 1530 619 1601; x_wconf 85' lang='lat' dir='ltr'><strong>ejus</strong></span> <span class='ocrx_word' id='word_1_103' title='bbox 645 1529 873 1586; x_wconf 84' lang='lat' dir='ltr'><strong>credere</strong></span> <span class='ocrx_word' id='word_1_104' title='bbox 892 1528 1058 1585; x_wconf 89' lang='lat' dir='ltr'><strong>Deum</strong></span> <span class='ocrx_word' id='word_1_105' title='bbox 1085 1527 1253 1601; x_wconf 86' lang='lat' dir='ltr'><strong>figura</strong></span> <span class='ocrx_word' id='word_1_106' title='bbox 1277 1529 1492 1585; x_wconf 91' lang='lat' dir='ltr'><strong>humani</strong></span> <span class='ocrx_word' id='word_1_107' title='bbox 1518 1544 1708 1599; x_wconf 91' lang='lat' dir='ltr'><strong>corpo-</strong></span> 
     </span>
    </p>
   </div>
   <div class='ocr_carea' id='block_1_16' title="bbox 169 1620 1709 1693">
    <p class='ocr_par' dir='ltr' id='par_1_16' title="bbox 169 1620 1709 1693">
     <span class='ocr_line' id='line_1_16' title="bbox 169 1620 1709 1693; baseline -0.004 -10"><span class='ocrx_word' id='word_1_108' title='bbox 169 1629 226 1683; x_wconf 80' lang='lat' dir='ltr'><strong>ris</strong></span> <span class='ocrx_word' id='word_1_109' title='bbox 244 1624 554 1682; x_wconf 83' lang='lat' dir='ltr'><strong>terminatum</strong></span> <span class='ocrx_word' id='word_1_110' title='bbox 579 1639 595 1676; x_wconf 87' lang='lat'><strong>:</strong></span> <span class='ocrx_word' id='word_1_111' title='bbox 626 1630 685 1677; x_wconf 88' lang='lat' dir='ltr'><strong>et</strong></span> <span class='ocrx_word' id='word_1_112' title='bbox 712 1620 1017 1677; x_wconf 83' lang='lat' dir='ltr'><strong>dubitamus</strong></span> <span class='ocrx_word' id='word_1_113' title='bbox 1039 1621 1250 1692; x_wconf 87' lang='lat' dir='ltr'><strong>pulsare</strong></span> <span class='ocrx_word' id='word_1_114' title='bbox 1275 1636 1382 1693; x_wconf 90' lang='lat' dir='ltr'><strong>quo</strong></span> <span class='ocrx_word' id='word_1_115' title='bbox 1404 1621 1709 1693; x_wconf 86' lang='lat' dir='ltr'><strong>aperiantur</strong></span> 
     </span>
    </p>
   </div>
   <div class='ocr_carea' id='block_1_17' title="bbox 168 1712 1704 1785">
    <p class='ocr_par' dir='ltr' id='par_1_17' title="bbox 168 1712 1704 1785">
     <span class='ocr_line' id='line_1_17' title="bbox 168 1712 1704 1785; baseline -0.003 -11"><span class='ocrx_word' id='word_1_116' title='bbox 168 1717 355 1773; x_wconf 65' lang='lat' dir='ltr'><strong>cetera?</strong></span> <span class='ocrx_word' id='word_1_117' title='bbox 384 1713 835 1771; x_wconf 80' lang='lat' dir='ltr'><strong>Antemeridianis</strong></span> <span class='ocrx_word' id='word_1_118' title='bbox 874 1712 1023 1768; x_wconf 90' lang='lat' dir='ltr'><strong>horis</strong></span> <span class='ocrx_word' id='word_1_119' title='bbox 1056 1714 1074 1745; x_wconf 83' lang='grc'>¹</span> <span class='ocrx_word' id='word_1_120' title='bbox 1112 1712 1359 1785; x_wconf 84' lang='lat' dir='ltr'><strong>discipuli</strong></span> <span class='ocrx_word' id='word_1_121' title='bbox 1397 1723 1655 1784; x_wconf 89' lang='lat' dir='ltr'><strong>occupant</strong></span> <span class='ocrx_word' id='word_1_122' title='bbox 1689 1729 1704 1769; x_wconf 91' lang='lat'><strong>:</strong></span> 
     </span>
    </p>
   </div>
   <div class='ocr_carea' id='block_1_18' title="bbox 168 1803 1709 1879">
    <p class='ocr_par' dir='ltr' id='par_1_18' title="bbox 168 1803 1709 1879">
     <span class='ocr_line' id='line_1_18' title="bbox 168 1803 1709 1879; baseline -0.005 -12"><span class='ocrx_word' id='word_1_123' title='bbox 168 1808 336 1867; x_wconf 66' lang='lat' dir='ltr'><strong>ceteris</strong></span> <span class='ocrx_word' id='word_1_124' title='bbox 354 1806 472 1879; x_wconf 91' lang='lat' dir='ltr'><strong>quid</strong></span> <span class='ocrx_word' id='word_1_125' title='bbox 500 1805 764 1861; x_wconf 75' lang='lat' dir='ltr'><strong>facimus?</strong></span> <span class='ocrx_word' id='word_1_126' title='bbox 790 1820 886 1861; x_wconf 91' lang='lat' dir='ltr'><strong>cur</strong></span> <span class='ocrx_word' id='word_1_127' title='bbox 907 1819 1015 1860; x_wconf 89' lang='lat' dir='ltr'><strong>non</strong></span> <span class='ocrx_word' id='word_1_128' title='bbox 1036 1804 1087 1861; x_wconf 91' lang='lat' dir='ltr'><strong>id</strong></span> <span class='ocrx_word' id='word_1_129' title='bbox 1108 1805 1313 1875; x_wconf 86' lang='lat' dir='ltr'><strong>agimus</strong></span> <span class='ocrx_word' id='word_1_130' title='bbox 1328 1805 1354 1859; x_wconf 91' lang='lat'><strong>?</strong></span> <span class='ocrx_word' id='word_1_131' title='bbox 1371 1803 1473 1861; x_wconf 88' lang='lat' dir='ltr'><strong>Sed</strong></span> <span class='ocrx_word' id='word_1_132' title='bbox 1498 1803 1709 1875; x_wconf 88' lang='lat' dir='ltr'><strong>quando</strong></span> 
     </span>
    </p>
   </div>
   <div class='ocr_carea' id='block_1_19' title="bbox 168 1895 1709 1967">
    <p class='ocr_par' dir='ltr' id='par_1_19' title="bbox 168 1895 1709 1967">
     <span class='ocr_line' id='line_1_19' title="bbox 168 1895 1709 1967; baseline -0.003 -11"><span class='ocrx_word' id='word_1_133' title='bbox 168 1901 407 1956; x_wconf 77' lang='lat' dir='ltr'><strong>salutamus</strong></span> <span class='ocrx_word' id='word_1_134' title='bbox 433 1897 632 1952; x_wconf 89' lang='lat' dir='ltr'><strong>amicos</strong></span> <span class='ocrx_word' id='word_1_135' title='bbox 682 1896 919 1967; x_wconf 83' lang='lat' dir='ltr'><strong>majores</strong></span> <span class='ocrx_word' id='word_1_136' title='bbox 940 1938 956 1963; x_wconf 94' lang='lat'><strong>,</strong></span> <span class='ocrx_word' id='word_1_137' title='bbox 1002 1910 1228 1967; x_wconf 90' lang='lat' dir='ltr'><strong>quorum</strong></span> <span class='ocrx_word' id='word_1_138' title='bbox 1273 1895 1535 1967; x_wconf 84' lang='lat' dir='ltr'><strong>sull‘ragiis</strong></span> <span class='ocrx_word' id='word_1_139' title='bbox 1575 1910 1709 1967; x_wconf 89' lang='lat' dir='ltr'><strong>opus</strong></span> 
     </span>
    </p>
   </div>
   <div class='ocr_carea' id='block_1_20' title="bbox 168 1985 1708 2060">
    <p class='ocr_par' dir='ltr' id='par_1_20' title="bbox 168 1985 1708 2060">
     <span class='ocr_line' id='line_1_20' title="bbox 168 1985 1708 2060; baseline -0.003 -14"><span class='ocrx_word' id='word_1_140' title='bbox 168 1989 414 2046; x_wconf 86' lang='lat' dir='ltr'><strong>habemus?</strong></span> <span class='ocrx_word' id='word_1_141' title='bbox 434 1988 648 2060; x_wconf 83' lang='lat' dir='ltr'><strong>quando</strong></span> <span class='ocrx_word' id='word_1_142' title='bbox 676 2001 1043 2059; x_wconf 63' lang='lat' dir='ltr'><strong>praeparemus</strong></span> <span class='ocrx_word' id='word_1_143' title='bbox 1065 1985 1205 2058; x_wconf 87' lang='lat' dir='ltr'><strong>quod</strong></span> <span class='ocrx_word' id='word_1_144' title='bbox 1224 1995 1403 2042; x_wconf 88' lang='lat' dir='ltr'><strong>emant</strong></span> <span class='ocrx_word' id='word_1_145' title='bbox 1426 1987 1708 2043; x_wconf 87' lang='lat' dir='ltr'><strong>scholasti-</strong></span> 
     </span>
    </p>
   </div>
   <div class='ocr_carea' id='block_1_21' title="bbox 173 2078 1710 2152">
    <p class='ocr_par' dir='ltr' id='par_1_21' title="bbox 173 2078 1710 2152">
     <span class='ocr_line' id='line_1_21' title="bbox 173 2078 1710 2152; baseline 0.001 -16"><span class='ocrx_word' id='word_1_146' title='bbox 173 2079 445 2152; x_wconf 80' lang='lat' dir='ltr'><strong>ci?quando</strong></span> <span class='ocrx_word' id='word_1_147' title='bbox 470 2094 790 2150; x_wconf 86' lang='lat' dir='ltr'><strong>reparamus</strong></span> <span class='ocrx_word' id='word_1_148' title='bbox 828 2092 928 2135; x_wconf 88' lang='lat' dir='ltr'><strong>nos</strong></span> <span class='ocrx_word' id='word_1_149' title='bbox 953 2078 1119 2150; x_wconf 89' lang='lat' dir='ltr'><strong>ipsos,</strong></span> <span class='ocrx_word' id='word_1_150' title='bbox 1147 2078 1386 2135; x_wconf 89' lang='lat' dir='ltr'><strong>animum</strong></span> <span class='ocrx_word' id='word_1_151' title='bbox 1423 2079 1710 2137; x_wconf 80' lang='lat' dir='ltr'><strong>relaxando</strong></span> 
     </span>
    </p>
   </div>
   <div class='ocr_carea' id='block_1_22' title="bbox 170 2170 805 2228">
    <p class='ocr_par' dir='ltr' id='par_1_22' title="bbox 170 2170 805 2228">
     <span class='ocr_line' id='line_1_22' title="bbox 170 2170 805 2228; baseline -0.003 -1"><span class='ocrx_word' id='word_1_152' title='bbox 170 2174 223 2228; x_wconf 86' lang='lat' dir='ltr'><strong>ab</strong></span> <span class='ocrx_word' id='word_1_153' title='bbox 236 2171 492 2228; x_wconf 89' lang='lat' dir='ltr'><strong>intentione</strong></span> <span class='ocrx_word' id='word_1_154' title='bbox 510 2170 805 2226; x_wconf 85' lang='lat' dir='ltr'><strong>curarum?</strong></span> 
     </span>
    </p>
   </div>
   <div class='ocr_carea' id='block_1_23' title="bbox 227 2264 1713 2333">
    <p class='ocr_par' dir='ltr' id='par_1_23' title="bbox 227 2264 1713 2333">
     <span class='ocr_line' id='line_1_23' title="bbox 227 2264 1713 2333; baseline 0.002 -14"><span class='ocrx_word' id='word_1_155' title='bbox 227 2265 298 2321; x_wconf 84' lang='lat' dir='ltr'><strong>l9.</strong></span> <span class='ocrx_word' id='word_1_156' title='bbox 321 2266 535 2321; x_wconf 86' lang='lat' dir='ltr'><strong>Pereant</strong></span> <span class='ocrx_word' id='word_1_157' title='bbox 561 2264 773 2333; x_wconf 87' lang='lat' dir='ltr'><strong>omnia,</strong></span> <span class='ocrx_word' id='word_1_158' title='bbox 802 2274 857 2321; x_wconf 91' lang='lat' dir='ltr'><strong>et</strong></span> <span class='ocrx_word' id='word_1_159' title='bbox 875 2265 1202 2321; x_wconf 83' lang='lat' dir='ltr'><strong>dimittamus</strong></span> <span class='ocrx_word' id='word_1_160' title='bbox 1220 2265 1335 2321; x_wconf 59' lang='lat' dir='ltr'><strong>haec</strong></span> <span class='ocrx_word' id='word_1_161' title='bbox 1359 2279 1491 2321; x_wconf 85' lang='lat' dir='ltr'><strong>vana</strong></span> <span class='ocrx_word' id='word_1_162' title='bbox 1515 2273 1571 2322; x_wconf 91' lang='lat' dir='ltr'><strong>et</strong></span> <span class='ocrx_word' id='word_1_163' title='bbox 1598 2266 1713 2322; x_wconf 85' lang='lat' dir='ltr'><strong>ina-</strong></span> 
     </span>
    </p>
   </div>
   <div class='ocr_carea' id='block_1_24' title="bbox 175 2356 1711 2430">
    <p class='ocr_par' dir='ltr' id='par_1_24' title="bbox 175 2356 1711 2430">
     <span class='ocr_line' id='line_1_24' title="bbox 175 2356 1711 2430; baseline 0.001 -16"><span class='ocrx_word' id='word_1_164' title='bbox 175 2359 241 2414; x_wconf 69' lang='lat' dir='ltr'><strong>nia</strong></span> <span class='ocrx_word' id='word_1_165' title='bbox 263 2374 275 2411; x_wconf 92' lang='lat'><strong>:</strong></span> <span class='ocrx_word' id='word_1_166' title='bbox 299 2356 619 2415; x_wconf 83' lang='lat' dir='ltr'><strong>conferamus</strong></span> <span class='ocrx_word' id='word_1_167' title='bbox 656 2373 760 2414; x_wconf 91' lang='lat' dir='ltr'><strong>nos</strong></span> <span class='ocrx_word' id='word_1_168' title='bbox 788 2357 855 2414; x_wconf 90' lang='lat' dir='ltr'><strong>ad</strong></span> <span class='ocrx_word' id='word_1_169' title='bbox 882 2358 1053 2415; x_wconf 90' lang='lat' dir='ltr'><strong>solam</strong></span> <span class='ocrx_word' id='word_1_170' title='bbox 1095 2359 1487 2430; x_wconf 90' lang='lat' dir='ltr'><strong>inquisitionem</strong></span> <span class='ocrx_word' id='word_1_171' title='bbox 1514 2361 1711 2416; x_wconf 88' lang='lat' dir='ltr'><strong>verita-</strong></span> 
     </span>
    </p>
   </div>
   <div class='ocr_carea' id='block_1_25' title="bbox 173 2449 1710 2518">
    <p class='ocr_par' dir='ltr' id='par_1_25' title="bbox 173 2449 1710 2518">
     <span class='ocr_line' id='line_1_25' title="bbox 173 2449 1710 2518; baseline 0.005 -14"><span class='ocrx_word' id='word_1_172' title='bbox 173 2450 242 2505; x_wconf 85' lang='lat' dir='ltr'><strong>tis.</strong></span> <span class='ocrx_word' id='word_1_173' title='bbox 262 2449 360 2505; x_wconf 76' lang='lat' dir='ltr'><strong>Vita</strong></span> <span class='ocrx_word' id='word_1_174' title='bbox 384 2449 493 2505; x_wconf 57' lang='lat' dir='ltr'><strong>hac</strong></span> <span class='ocrx_word' id='word_1_175' title='bbox 519 2450 724 2507; x_wconf 89' lang='lat' dir='ltr'><strong>misera</strong></span> <span class='ocrx_word' id='word_1_176' title='bbox 755 2458 872 2518; x_wconf 90' lang='lat' dir='ltr'><strong>est;</strong></span> <span class='ocrx_word' id='word_1_177' title='bbox 900 2466 1047 2508; x_wconf 90' lang='lat' dir='ltr'><strong>mors</strong></span> <span class='ocrx_word' id='word_1_178' title='bbox 1080 2452 1298 2509; x_wconf 89' lang='lat' dir='ltr'><strong>incerta.</strong></span> <span class='ocrx_word' id='word_1_179' title='bbox 1329 2452 1385 2509; x_wconf 91' lang='lat' dir='ltr'><strong>Si</strong></span> <span class='ocrx_word' id='word_1_180' title='bbox 1414 2454 1589 2511; x_wconf 90' lang='lat' dir='ltr'><strong>subito</strong></span> <span class='ocrx_word' id='word_1_181' title='bbox 1611 2454 1710 2511; x_wconf 89' lang='lat' dir='ltr'><strong>ob-</strong></span> 
     </span>
    </p>
   </div>
   <div class='ocr_carea' id='block_1_26' title="bbox 173 2540 1712 2612">
    <p class='ocr_par' dir='ltr' id='par_1_26' title="bbox 173 2540 1712 2612">
     <span class='ocr_line' id='line_1_26' title="bbox 173 2540 1712 2612; baseline 0.005 -17"><span class='ocrx_word' id='word_1_182' title='bbox 173 2548 303 2610; x_wconf 81' lang='lat' dir='ltr'><strong>repat,</strong></span> <span class='ocrx_word' id='word_1_183' title='bbox 331 2540 584 2612; x_wconf 90' lang='lat' dir='ltr'><strong>quomodo</strong></span> <span class='ocrx_word' id='word_1_184' title='bbox 610 2542 746 2598; x_wconf 90' lang='lat' dir='ltr'><strong>hinc</strong></span> <span class='ocrx_word' id='word_1_185' title='bbox 768 2543 1071 2600; x_wconf 81' lang='lat' dir='ltr'><strong>exibimus?</strong></span> <span class='ocrx_word' id='word_1_186' title='bbox 1090 2552 1148 2600; x_wconf 92' lang='lat' dir='ltr'><strong>et</strong></span> <span class='ocrx_word' id='word_1_187' title='bbox 1170 2544 1257 2600; x_wconf 89' lang='lat' dir='ltr'><strong>ubi</strong></span> <span class='ocrx_word' id='word_1_188' title='bbox 1283 2546 1435 2601; x_wconf 90' lang='lat' dir='ltr'><strong>nobis</strong></span> <span class='ocrx_word' id='word_1_189' title='bbox 1459 2546 1712 2603; x_wconf 89' lang='lat' dir='ltr'><strong>discenda</strong></span> 
     </span>
    </p>
   </div>
   <div class='ocr_carea' id='block_1_27' title="bbox 172 2632 1714 2711">
    <p class='ocr_par' dir='ltr' id='par_1_27' title="bbox 172 2632 1714 2711">
     <span class='ocr_line' id='line_1_27' title="bbox 172 2632 1714 2711; baseline 0.005 -25"><span class='ocrx_word' id='word_1_190' title='bbox 172 2642 269 2687; x_wconf 82' lang='lat' dir='ltr'><strong>sunt</strong></span> <span class='ocrx_word' id='word_1_191' title='bbox 287 2647 390 2703; x_wconf 77' lang='lat' dir='ltr'><strong>qua:</strong></span> <span class='ocrx_word' id='word_1_192' title='bbox 416 2632 498 2689; x_wconf 90' lang='lat' dir='ltr'><strong>hic</strong></span> <span class='ocrx_word' id='word_1_193' title='bbox 517 2632 900 2705; x_wconf 83' lang='lat' dir='ltr'><strong>negleximus?</strong></span> <span class='ocrx_word' id='word_1_194' title='bbox 924 2634 1007 2691; x_wconf 82' lang='lat' dir='ltr'><strong>An</strong></span> <span class='ocrx_word' id='word_1_195' title='bbox 1038 2651 1143 2691; x_wconf 92' lang='lat' dir='ltr'><strong>non</strong></span> <span class='ocrx_word' id='word_1_196' title='bbox 1172 2637 1346 2708; x_wconf 89' lang='lat' dir='ltr'><strong>potius</strong></span> <span class='ocrx_word' id='word_1_197' title='bbox 1372 2638 1529 2708; x_wconf 87' lang='lat' dir='ltr'><strong>hujus</strong></span> <span class='ocrx_word' id='word_1_198' title='bbox 1550 2639 1714 2711; x_wconf 83' lang='lat' dir='ltr'><strong>negli-</strong></span> 
     </span>
    </p>
   </div>
   <div class='ocr_carea' id='block_1_28' title="bbox 172 2723 1713 2801">
    <p class='ocr_par' dir='ltr' id='par_1_28' title="bbox 172 2723 1713 2801">
     <span class='ocr_line' id='line_1_28' title="bbox 172 2723 1713 2801; baseline 0.006 -23"><span class='ocrx_word' id='word_1_199' title='bbox 172 2723 324 2793; x_wconf 65' lang='lat' dir='ltr'><strong>gentia</strong></span> <span class='ocrx_word' id='word_1_200' title='bbox 344 2725 586 2796; x_wconf 89' lang='lat' dir='ltr'><strong>supplicia</strong></span> <span class='ocrx_word' id='word_1_201' title='bbox 612 2726 815 2782; x_wconf 88' lang='lat' dir='ltr'><strong>luenda</strong></span> <span class='ocrx_word' id='word_1_202' title='bbox 843 2727 1008 2783; x_wconf 89' lang='lat' dir='ltr'><strong>sunt?</strong></span> <span class='ocrx_word' id='word_1_203' title='bbox 1034 2728 1192 2797; x_wconf 86' lang='lat' dir='ltr'><strong>Quid,</strong></span> <span class='ocrx_word' id='word_1_204' title='bbox 1220 2730 1263 2784; x_wconf 92' lang='lat' dir='ltr'><strong>si</strong></span> <span class='ocrx_word' id='word_1_205' title='bbox 1291 2746 1434 2786; x_wconf 91' lang='lat' dir='ltr'><strong>mors</strong></span> <span class='ocrx_word' id='word_1_206' title='bbox 1462 2732 1574 2801; x_wconf 88' lang='lat' dir='ltr'><strong>ipsa</strong></span> <span class='ocrx_word' id='word_1_207' title='bbox 1600 2748 1713 2787; x_wconf 85' lang='lat' dir='ltr'><strong>om—</strong></span> 
     </span>
    </p>
   </div>
   <div class='ocr_carea' id='block_1_29' title="bbox 173 2821 1716 2895">
    <p class='ocr_par' dir='ltr' id='par_1_29' title="bbox 173 2821 1716 2895">
     <span class='ocr_line' id='line_1_29' title="bbox 173 2821 1716 2895; baseline 0.008 -25"><span class='ocrx_word' id='word_1_208' title='bbox 173 2831 269 2871; x_wconf 84' lang='lat' dir='ltr'><strong>nem</strong></span> <span class='ocrx_word' id='word_1_209' title='bbox 292 2832 452 2873; x_wconf 85' lang='lat' dir='ltr'><strong>curam</strong></span> <span class='ocrx_word' id='word_1_210' title='bbox 481 2834 604 2875; x_wconf 91' lang='lat' dir='ltr'><strong>cum</strong></span> <span class='ocrx_word' id='word_1_211' title='bbox 638 2834 810 2876; x_wconf 87' lang='lat' dir='ltr'><strong>sensu</strong></span> <span class='ocrx_word' id='word_1_212' title='bbox 854 2821 1147 2893; x_wconf 84' lang='lat' dir='ltr'><strong>ampulabit</strong></span> <span class='ocrx_word' id='word_1_213' title='bbox 1183 2831 1237 2878; x_wconf 91' lang='lat' dir='ltr'><strong>et</strong></span> <span class='ocrx_word' id='word_1_214' title='bbox 1267 2823 1447 2879; x_wconf 84' lang='lat' dir='ltr'><strong>finiet?</strong></span> <span class='ocrx_word' id='word_1_215' title='bbox 1481 2823 1622 2895; x_wconf 85' lang='lat' dir='ltr'><strong>Ergo</strong></span> <span class='ocrx_word' id='word_1_216' title='bbox 1659 2835 1716 2883; x_wconf 89' lang='lat' dir='ltr'><strong>ct</strong></span> 
     </span>
    </p>
   </div>
   <div class='ocr_carea' id='block_1_30' title="bbox 171 2906 1715 2985">
    <p class='ocr_par' dir='ltr' id='par_1_30' title="bbox 171 2906 1715 2985">
     <span class='ocr_line' id='line_1_30' title="bbox 171 2906 1715 2985; baseline 0.008 -22"><span class='ocrx_word' id='word_1_217' title='bbox 171 2906 250 2966; x_wconf 87' lang='lat' dir='ltr'><strong>hoc</strong></span> <span class='ocrx_word' id='word_1_218' title='bbox 269 2911 609 2980; x_wconf 64' lang='lat' dir='ltr'><strong>querendum.</strong></span> <span class='ocrx_word' id='word_1_219' title='bbox 640 2911 757 2969; x_wconf 90' lang='lat' dir='ltr'><strong>Sed</strong></span> <span class='ocrx_word' id='word_1_220' title='bbox 782 2912 921 2969; x_wconf 89' lang='lat' dir='ltr'><strong>absit</strong></span> <span class='ocrx_word' id='word_1_221' title='bbox 954 2923 1010 2969; x_wconf 92' lang='lat' dir='ltr'><strong>ut</strong></span> <span class='ocrx_word' id='word_1_222' title='bbox 1038 2915 1111 2970; x_wconf 89' lang='lat' dir='ltr'><strong>ita</strong></span> <span class='ocrx_word' id='word_1_223' title='bbox 1148 2915 1238 2971; x_wconf 91' lang='lat' dir='ltr'><strong>sit.</strong></span> <span class='ocrx_word' id='word_1_224' title='bbox 1264 2916 1379 2972; x_wconf 87' lang='lat' dir='ltr'><strong>Non</strong></span> <span class='ocrx_word' id='word_1_225' title='bbox 1407 2926 1577 2985; x_wconf 89' lang='lat' dir='ltr'><strong>vacat,</strong></span> <span class='ocrx_word' id='word_1_226' title='bbox 1606 2934 1715 2976; x_wconf 90' lang='lat' dir='ltr'><strong>non</strong></span> 
     </span>
    </p>
   </div>
   <div class='ocr_carea' id='block_1_31' title="bbox 174 3003 1717 3076">
    <p class='ocr_par' dir='ltr' id='par_1_31' title="bbox 174 3003 1717 3076">
     <span class='ocr_line' id='line_1_31' title="bbox 174 3003 1717 3076; baseline 0.011 -22"><span class='ocrx_word' id='word_1_227' title='bbox 174 3011 235 3056; x_wconf 86' lang='lat' dir='ltr'><strong>est</strong></span> <span class='ocrx_word' id='word_1_228' title='bbox 255 3003 390 3060; x_wconf 88' lang='lat' dir='ltr'><strong>inane</strong></span> <span class='ocrx_word' id='word_1_229' title='bbox 412 3005 551 3076; x_wconf 89' lang='lat' dir='ltr'><strong>quod</strong></span> <span class='ocrx_word' id='word_1_230' title='bbox 579 3014 697 3062; x_wconf 87' lang='lat' dir='ltr'><strong>tam</strong></span> <span class='ocrx_word' id='word_1_231' title='bbox 723 3007 968 3063; x_wconf 90' lang='lat' dir='ltr'><strong>eminens</strong></span> <span class='ocrx_word' id='word_1_232' title='bbox 990 3008 1199 3066; x_wconf 89' lang='lat' dir='ltr'><strong>culmen</strong></span> <span class='ocrx_word' id='word_1_233' title='bbox 1222 3011 1549 3070; x_wconf 85' lang='lat' dir='ltr'><strong>auctoritatis</strong></span> <span class='ocrx_word' id='word_1_234' title='bbox 1573 3013 1717 3070; x_wconf 84' lang='lat' dir='ltr'><strong>chri-</strong></span> 
     </span>
    </p>
   </div>
   <div class='ocr_carea' id='block_1_32' title="bbox 172 3093 1719 3174">
    <p class='ocr_par' dir='ltr' id='par_1_32' title="bbox 172 3093 1719 3174">
     <span class='ocr_line' id='line_1_32' title="bbox 172 3093 1719 3174; baseline 0.008 -25"><span class='ocrx_word' id='word_1_235' title='bbox 172 3093 316 3150; x_wconf 66' lang='lat' dir='ltr'><strong>stiana:</strong></span> <span class='ocrx_word' id='word_1_236' title='bbox 346 3096 455 3152; x_wconf 86' lang='lat' dir='ltr'><strong>dei</strong></span> <span class='ocrx_word' id='word_1_237' title='bbox 488 3106 598 3154; x_wconf 90' lang='lat' dir='ltr'><strong>toto</strong></span> <span class='ocrx_word' id='word_1_238' title='bbox 630 3100 773 3155; x_wconf 88' lang='lat' dir='ltr'><strong>orbe</strong></span> <span class='ocrx_word' id='word_1_239' title='bbox 809 3098 1141 3156; x_wconf 84' lang='lat' dir='ltr'><strong>dill‘unditur.</strong></span> <span class='ocrx_word' id='word_1_240' title='bbox 1178 3101 1457 3174; x_wconf 89' lang='lat' dir='ltr'><strong>Nunquam</strong></span> <span class='ocrx_word' id='word_1_241' title='bbox 1490 3113 1633 3161; x_wconf 88' lang='lat' dir='ltr'><strong>tanta</strong></span> <span class='ocrx_word' id='word_1_242' title='bbox 1662 3118 1719 3163; x_wconf 91' lang='lat' dir='ltr'><strong>et</strong></span> 
     </span>
    </p>
   </div>
   <div class='ocr_carea' id='block_1_33' title="bbox 175 3186 1718 3268">
    <p class='ocr_par' dir='ltr' id='par_1_33' title="bbox 175 3186 1718 3268">
     <span class='ocr_line' id='line_1_33' title="bbox 175 3186 1718 3268; baseline 0.01 -29"><span class='ocrx_word' id='word_1_243' title='bbox 175 3186 267 3242; x_wconf 81' lang='lat' dir='ltr'><strong>talia</strong></span> <span class='ocrx_word' id='word_1_244' title='bbox 290 3203 373 3259; x_wconf 85' lang='lat' dir='ltr'><strong>pro</strong></span> <span class='ocrx_word' id='word_1_245' title='bbox 394 3189 542 3246; x_wconf 90' lang='lat' dir='ltr'><strong>nobis</strong></span> <span class='ocrx_word' id='word_1_246' title='bbox 563 3190 829 3247; x_wconf 87' lang='lat' dir='ltr'><strong>divinitus</strong></span> <span class='ocrx_word' id='word_1_247' title='bbox 868 3202 1170 3263; x_wconf 87' lang='lat' dir='ltr'><strong>agerentur,</strong></span> <span class='ocrx_word' id='word_1_248' title='bbox 1202 3195 1248 3249; x_wconf 90' lang='lat' dir='ltr'><strong>si</strong></span> <span class='ocrx_word' id='word_1_249' title='bbox 1282 3204 1453 3252; x_wconf 90' lang='lat' dir='ltr'><strong>morte</strong></span> <span class='ocrx_word' id='word_1_250' title='bbox 1478 3199 1718 3268; x_wconf 89' lang='lat' dir='ltr'><strong>corporis</strong></span> 
     </span>
    </p>
   </div>
   <div class='ocr_carea' id='block_1_34' title="bbox 176 3278 1717 3362">
    <p class='ocr_par' dir='ltr' id='par_1_34' title="bbox 176 3278 1717 3362">
     <span class='ocr_line' id='line_1_34' title="bbox 176 3278 1717 3362; baseline 0.009 -30"><span class='ocrx_word' id='word_1_251' title='bbox 176 3278 299 3333; x_wconf 85' lang='lat' dir='ltr'><strong>etiam</strong></span> <span class='ocrx_word' id='word_1_252' title='bbox 318 3281 413 3337; x_wconf 89' lang='lat' dir='ltr'><strong>vita</strong></span> <span class='ocrx_word' id='word_1_253' title='bbox 431 3283 622 3339; x_wconf 66' lang='lat' dir='ltr'><strong>animae</strong></span> <span class='ocrx_word' id='word_1_254' title='bbox 656 3293 1084 3341; x_wconf 86' lang='lat' dir='ltr'><strong>consumeretur.</strong></span> <span class='ocrx_word' id='word_1_255' title='bbox 1117 3286 1253 3355; x_wconf 83' lang='lat' dir='ltr'><strong>Quid</strong></span> <span class='ocrx_word' id='word_1_256' title='bbox 1279 3298 1592 3345; x_wconf 86' lang='lat' dir='ltr'><strong>cunctamur</strong></span> <span class='ocrx_word' id='word_1_257' title='bbox 1618 3290 1717 3362; x_wconf 86' lang='lat' dir='ltr'><strong>igi-</strong></span> 
     </span>
    </p>
   </div>
   <div class='ocr_carea' id='block_1_35' title="bbox 180 3373 1720 3451">
    <p class='ocr_par' dir='ltr' id='par_1_35' title="bbox 180 3373 1720 3451">
     <span class='ocr_line' id='line_1_35' title="bbox 180 3373 1720 3451; baseline 0.009 -28"><span class='ocrx_word' id='word_1_258' title='bbox 180 3377 247 3424; x_wconf 86' lang='lat' dir='ltr'><strong>tur</strong></span> <span class='ocrx_word' id='word_1_259' title='bbox 267 3373 426 3428; x_wconf 87' lang='lat' dir='ltr'><strong>relicla</strong></span> <span class='ocrx_word' id='word_1_260' title='bbox 452 3389 547 3446; x_wconf 89' lang='lat' dir='ltr'><strong>spe</strong></span> <span class='ocrx_word' id='word_1_261' title='bbox 574 3375 784 3442; x_wconf 62' lang='lat' dir='ltr'><strong>seculi,</strong></span> <span class='ocrx_word' id='word_1_262' title='bbox 816 3375 1062 3431; x_wconf 89' lang='lat' dir='ltr'><strong>conferre</strong></span> <span class='ocrx_word' id='word_1_263' title='bbox 1089 3392 1185 3433; x_wconf 90' lang='lat' dir='ltr'><strong>nos</strong></span> <span class='ocrx_word' id='word_1_264' title='bbox 1214 3385 1353 3435; x_wconf 91' lang='lat' dir='ltr'><strong>totos</strong></span> <span class='ocrx_word' id='word_1_265' title='bbox 1381 3379 1447 3435; x_wconf 89' lang='lat' dir='ltr'><strong>ad</strong></span> <span class='ocrx_word' id='word_1_266' title='bbox 1476 3396 1720 3451; x_wconf 66' lang='lat' dir='ltr'><strong>quaeren-</strong></span> 
     </span>
    </p>
   </div>
   <div class='ocr_carea' id='block_1_36' title="bbox 174 3461 1719 3546">
    <p class='ocr_par' dir='ltr' id='par_1_36' title="bbox 174 3461 1719 3546">
     <span class='ocr_line' id='line_1_36' title="bbox 174 3461 1719 3546; baseline 0.01 -30"><span class='ocrx_word' id='word_1_267' title='bbox 174 3461 272 3517; x_wconf 85' lang='lat' dir='ltr'><strong>dtuu</strong></span> <span class='ocrx_word' id='word_1_268' title='bbox 294 3464 438 3521; x_wconf 87' lang='lat' dir='ltr'><strong>Deum</strong></span> <span class='ocrx_word' id='word_1_269' title='bbox 468 3478 521 3523; x_wconf 89' lang='lat' dir='ltr'><strong>et</strong></span> <span class='ocrx_word' id='word_1_270' title='bbox 554 3469 724 3523; x_wconf 85' lang='lat' dir='ltr'><strong>vitam</strong></span> <span class='ocrx_word' id='word_1_271' title='bbox 750 3470 999 3526; x_wconf 88' lang='lat' dir='ltr'><strong>beatam?</strong></span> <span class='ocrx_word' id='word_1_272' title='bbox 1031 3472 1136 3528; x_wconf 86' lang='lat' dir='ltr'><strong>Sed</strong></span> <span class='ocrx_word' id='word_1_273' title='bbox 1159 3484 1407 3544; x_wconf 80' lang='lat' dir='ltr'><strong>exspecta</strong></span> <span class='ocrx_word' id='word_1_274' title='bbox 1439 3493 1451 3530; x_wconf 96' lang='lat'>:</span> <span class='ocrx_word' id='word_1_275' title='bbox 1485 3476 1719 3546; x_wconf 86' lang='lat' dir='ltr'><strong>jucunda</strong></span> 
     </span>
    </p>
   </div>
   <div class='ocr_carea' id='block_1_37' title="bbox 177 3558 1715 3635">
    <p class='ocr_par' dir='ltr' id='par_1_37' title="bbox 177 3558 1715 3635">
     <span class='ocr_line' id='line_1_37' title="bbox 177 3558 1715 3635; baseline 0.01 -25"><span class='ocrx_word' id='word_1_276' title='bbox 177 3558 426 3614; x_wconf 87' lang='lat' dir='ltr'><strong>suntetiam</strong></span> <span class='ocrx_word' id='word_1_277' title='bbox 446 3560 573 3629; x_wconf 85' lang='lat' dir='ltr'><strong>ista;</strong></span> <span class='ocrx_word' id='word_1_278' title='bbox 595 3561 801 3618; x_wconf 86' lang='lat' dir='ltr'><strong>habent</strong></span> <span class='ocrx_word' id='word_1_279' title='bbox 820 3578 923 3618; x_wconf 90' lang='lat' dir='ltr'><strong>non</strong></span> <span class='ocrx_word' id='word_1_280' title='bbox 942 3580 1156 3635; x_wconf 89' lang='lat' dir='ltr'><strong>parvam</strong></span> <span class='ocrx_word' id='word_1_281' title='bbox 1177 3565 1508 3624; x_wconf 86' lang='lat' dir='ltr'><strong>dulcedinem</strong></span> <span class='ocrx_word' id='word_1_282' title='bbox 1526 3584 1676 3626; x_wconf 90' lang='lat' dir='ltr'><strong>suam</strong></span> <span class='ocrx_word' id='word_1_283' title='bbox 1700 3586 1715 3625; x_wconf 89' lang='lat'><strong>:</strong></span> 
     </span>
    </p>
   </div>
   <div class='ocr_carea' id='block_1_38' title="bbox 175 3649 1720 3732">
    <p class='ocr_par' dir='ltr' id='par_1_38' title="bbox 175 3649 1720 3732">
     <span class='ocr_line' id='line_1_38' title="bbox 175 3649 1720 3732; baseline 0.011 -31"><span class='ocrx_word' id='word_1_284' title='bbox 175 3662 258 3703; x_wconf 82' lang='lat' dir='ltr'><strong>non</strong></span> <span class='ocrx_word' id='word_1_285' title='bbox 294 3649 427 3708; x_wconf 86' lang='lat' dir='ltr'><strong>facile</strong></span> <span class='ocrx_word' id='word_1_286' title='bbox 452 3652 518 3707; x_wconf 90' lang='lat' dir='ltr'><strong>ab</strong></span> <span class='ocrx_word' id='word_1_287' title='bbox 553 3654 636 3710; x_wconf 90' lang='lat' dir='ltr'><strong>eis</strong></span> <span class='ocrx_word' id='word_1_288' title='bbox 669 3655 1002 3724; x_wconf 76' lang='lat' dir='ltr'><strong>praecidenda</strong></span> <span class='ocrx_word' id='word_1_289' title='bbox 1030 3666 1112 3713; x_wconf 91' lang='lat' dir='ltr'><strong>est</strong></span> <span class='ocrx_word' id='word_1_290' title='bbox 1140 3658 1383 3726; x_wconf 85' lang='lat' dir='ltr'><strong>intentio,</strong></span> <span class='ocrx_word' id='word_1_291' title='bbox 1415 3662 1535 3732; x_wconf 87' lang='lat' dir='ltr'><strong>quia</strong></span> <span class='ocrx_word' id='word_1_292' title='bbox 1565 3670 1720 3732; x_wconf 89' lang='lat' dir='ltr'><strong>turpe</strong></span> 
     </span>
    </p>
   </div>
   <div class='ocr_carea' id='block_1_39' title="bbox 178 3740 1719 3823">
    <p class='ocr_par' dir='ltr' id='par_1_39' title="bbox 178 3740 1719 3823">
     <span class='ocr_line' id='line_1_39' title="bbox 178 3740 1719 3823; baseline 0.014 -31"><span class='ocrx_word' id='word_1_293' title='bbox 178 3748 239 3793; x_wconf 83' lang='lat' dir='ltr'><strong>est</strong></span> <span class='ocrx_word' id='word_1_294' title='bbox 266 3740 322 3795; x_wconf 80' lang='lat' dir='ltr'><strong>ad</strong></span> <span class='ocrx_word' id='word_1_295' title='bbox 353 3757 409 3797; x_wconf 88' lang='lat' dir='ltr'><strong>ea</strong></span> <span class='ocrx_word' id='word_1_296' title='bbox 444 3760 662 3800; x_wconf 89' lang='lat' dir='ltr'><strong>rursum</strong></span> <span class='ocrx_word' id='word_1_297' title='bbox 704 3746 898 3803; x_wconf 91' lang='lat' dir='ltr'><strong>redire.</strong></span> <span class='ocrx_word' id='word_1_298' title='bbox 942 3748 1083 3805; x_wconf 85' lang='lat' dir='ltr'><strong>Ecce</strong></span> <span class='ocrx_word' id='word_1_299' title='bbox 1106 3750 1214 3821; x_wconf 86' lang='lat' dir='ltr'><strong>jam</strong></span> <span class='ocrx_word' id='word_1_300' title='bbox 1244 3761 1497 3823; x_wconf 85' lang='lat' dir='ltr'><strong>quantum</strong></span> <span class='ocrx_word' id='word_1_301' title='bbox 1522 3764 1631 3823; x_wconf 89' lang='lat' dir='ltr'><strong>est,</strong></span> <span class='ocrx_word' id='word_1_302' title='bbox 1663 3766 1719 3813; x_wconf 90' lang='lat' dir='ltr'><strong>ut</strong></span> 
     </span>
    </p>
   </div>
   <div class='ocr_carea' id='block_1_40' title="bbox 178 3830 1717 3915">
    <p class='ocr_par' dir='ltr' id='par_1_40' title="bbox 178 3830 1717 3915">
     <span class='ocr_line' id='line_1_40' title="bbox 178 3830 1717 3915; baseline 0.012 -29"><span class='ocrx_word' id='word_1_303' title='bbox 178 3830 441 3902; x_wconf 80' lang='lat' dir='ltr'><strong>impetretur</strong></span> <span class='ocrx_word' id='word_1_304' title='bbox 467 3837 662 3910; x_wconf 84' lang='lat' dir='ltr'><strong>aliquis</strong></span> <span class='ocrx_word' id='word_1_305' title='bbox 689 3838 904 3895; x_wconf 88' lang='lat' dir='ltr'><strong>honor?</strong></span> <span class='ocrx_word' id='word_1_306' title='bbox 933 3850 985 3896; x_wconf 92' lang='lat' dir='ltr'><strong>et</strong></span> <span class='ocrx_word' id='word_1_307' title='bbox 1018 3842 1144 3913; x_wconf 90' lang='lat' dir='ltr'><strong>quid</strong></span> <span class='ocrx_word' id='word_1_308' title='bbox 1175 3846 1401 3915; x_wconf 86' lang='lat' dir='ltr'><strong>amplius</strong></span> <span class='ocrx_word' id='word_1_309' title='bbox 1430 3848 1481 3901; x_wconf 92' lang='lat' dir='ltr'><strong>in</strong></span> <span class='ocrx_word' id='word_1_310' title='bbox 1514 3847 1596 3904; x_wconf 91' lang='lat' dir='ltr'><strong>his</strong></span> <span class='ocrx_word' id='word_1_311' title='bbox 1620 3849 1717 3905; x_wconf 86' lang='lat' dir='ltr'><strong>de—</strong></span> 
     </span>
    </p>
   </div>
   <div class='ocr_carea' id='block_1_41' title="bbox 177 3922 1721 4010">
    <p class='ocr_par' dir='ltr' id='par_1_41' title="bbox 177 3922 1721 4010">
     <span class='ocr_line' id='line_1_41' title="bbox 177 3922 1721 4010; baseline 0.014 -33"><span class='ocrx_word' id='word_1_312' title='bbox 177 3922 513 3983; x_wconf 83' lang='lat' dir='ltr'><strong>sideraudum?</strong></span> <span class='ocrx_word' id='word_1_313' title='bbox 540 3928 791 4002; x_wconf 84' lang='lat' dir='ltr'><strong>Suppetit</strong></span> <span class='ocrx_word' id='word_1_314' title='bbox 828 3933 1120 3989; x_wconf 89' lang='lat' dir='ltr'><strong>amicorum</strong></span> <span class='ocrx_word' id='word_1_315' title='bbox 1148 3936 1406 4005; x_wconf 88' lang='lat' dir='ltr'><strong>majorum</strong></span> <span class='ocrx_word' id='word_1_316' title='bbox 1447 3941 1597 4010; x_wconf 91' lang='lat' dir='ltr'><strong>copia</strong></span> <span class='ocrx_word' id='word_1_317' title='bbox 1626 3960 1639 3996; x_wconf 93' lang='lat'><strong>:</strong></span> <span class='ocrx_word' id='word_1_318' title='bbox 1663 3949 1721 3998; x_wconf 92' lang='lat' dir='ltr'><strong>ut</strong></span> 
     </span>
    </p>
   </div>
   <div class='ocr_carea' id='block_1_42' title="bbox 176 4016 1719 4099">
    <p class='ocr_par' dir='ltr' id='par_1_42' title="bbox 176 4016 1719 4099">
     <span class='ocr_line' id='line_1_42' title="bbox 176 4016 1719 4099; baseline 0.013 -30"><span class='ocrx_word' id='word_1_319' title='bbox 176 4016 280 4071; x_wconf 84' lang='lat' dir='ltr'><strong>nihil</strong></span> <span class='ocrx_word' id='word_1_320' title='bbox 305 4019 450 4087; x_wconf 88' lang='lat' dir='ltr'><strong>aliud,</strong></span> <span class='ocrx_word' id='word_1_321' title='bbox 472 4031 525 4077; x_wconf 91' lang='lat' dir='ltr'><strong>et</strong></span> <span class='ocrx_word' id='word_1_322' title='bbox 544 4024 771 4079; x_wconf 90' lang='lat' dir='ltr'><strong>multum</strong></span> <span class='ocrx_word' id='word_1_323' title='bbox 796 4025 1124 4091; x_wconf 78' lang='lat' dir='ltr'><strong>festinemus,</strong></span> <span class='ocrx_word' id='word_1_324' title='bbox 1148 4027 1230 4082; x_wconf 85' lang='lat' dir='ltr'><strong>vel</strong></span> <span class='ocrx_word' id='word_1_325' title='bbox 1262 4029 1576 4099; x_wconf 73' lang='lat' dir='ltr'><strong>prmsidatus</strong></span> <span class='ocrx_word' id='word_1_326' title='bbox 1604 4032 1719 4089; x_wconf 88' lang='lat' dir='ltr'><strong>dari</strong></span> 
     </span>
    </p>
   </div>
   <div class='ocr_carea' id='block_1_43' title="bbox 176 4112 1721 4188">
    <p class='ocr_par' dir='ltr' id='par_1_43' title="bbox 176 4112 1721 4188">
     <span class='ocr_line' id='line_1_43' title="bbox 176 4112 1721 4188; baseline 0.011 -25"><span class='ocrx_word' id='word_1_327' title='bbox 176 4116 347 4177; x_wconf 83' lang='lat' dir='ltr'><strong>potest;</strong></span> <span class='ocrx_word' id='word_1_328' title='bbox 366 4121 417 4167; x_wconf 90' lang='lat' dir='ltr'><strong>et</strong></span> <span class='ocrx_word' id='word_1_329' title='bbox 438 4112 678 4169; x_wconf 89' lang='lat' dir='ltr'><strong>ducenda</strong></span> <span class='ocrx_word' id='word_1_330' title='bbox 708 4130 843 4170; x_wconf 80' lang='lat' dir='ltr'><strong>uxor</strong></span> <span class='ocrx_word' id='word_1_331' title='bbox 875 4131 994 4171; x_wconf 89' lang='lat' dir='ltr'><strong>cum</strong></span> <span class='ocrx_word' id='word_1_332' title='bbox 1015 4117 1187 4187; x_wconf 91' lang='lat' dir='ltr'><strong>aliqua</strong></span> <span class='ocrx_word' id='word_1_333' title='bbox 1216 4121 1458 4188; x_wconf 84' lang='lat' dir='ltr'><strong>pecunia,</strong></span> <span class='ocrx_word' id='word_1_334' title='bbox 1490 4137 1556 4177; x_wconf 89' lang='lat' dir='ltr'><strong>ne</strong></span> <span class='ocrx_word' id='word_1_335' title='bbox 1574 4137 1721 4179; x_wconf 91' lang='lat' dir='ltr'><strong>sum-</strong></span> 
     </span>
    </p>
   </div>
   <div class='ocr_carea' id='block_1_44' title="bbox 177 4207 1716 4282">
    <p class='ocr_par' dir='ltr' id='par_1_44' title="bbox 177 4207 1716 4282">
     <span class='ocr_line' id='line_1_44' title="bbox 177 4207 1716 4282; baseline 0.012 -31"><span class='ocrx_word' id='word_1_336' title='bbox 177 4207 296 4267; x_wconf 88' lang='lat' dir='ltr'><strong>ptum</strong></span> <span class='ocrx_word' id='word_1_337' title='bbox 331 4212 556 4260; x_wconf 87' lang='lat' dir='ltr'><strong>nostrum</strong></span> <span class='ocrx_word' id='word_1_338' title='bbox 586 4214 807 4277; x_wconf 84' lang='lat' dir='ltr'><strong>gravet;</strong></span> <span class='ocrx_word' id='word_1_339' title='bbox 837 4215 892 4262; x_wconf 93' lang='lat' dir='ltr'><strong>et</strong></span> <span class='ocrx_word' id='word_1_340' title='bbox 928 4207 1015 4262; x_wconf 90' lang='lat' dir='ltr'><strong>ille</strong></span> <span class='ocrx_word' id='word_1_341' title='bbox 1041 4209 1142 4262; x_wconf 88' lang='lat' dir='ltr'><strong>erit</strong></span> <span class='ocrx_word' id='word_1_342' title='bbox 1171 4210 1360 4265; x_wconf 84' lang='lat' dir='ltr'><strong>modus</strong></span> <span class='ocrx_word' id='word_1_343' title='bbox 1395 4212 1716 4282; x_wconf 87' lang='lat' dir='ltr'><strong>cupiditatis.</strong></span> 
     </span>
    </p>
   </div>
   <div class='ocr_carea' id='block_1_45' title="bbox 176 4288 1720 4375">
    <p class='ocr_par' dir='ltr' id='par_1_45' title="bbox 176 4288 1720 4375">
     <span class='ocr_line' id='line_1_45' title="bbox 176 4288 1720 4375; baseline 0.012 -31"><span class='ocrx_word' id='word_1_344' title='bbox 176 4288 294 4346; x_wconf 85' lang='lat' dir='ltr'><strong>llulti</strong></span> <span class='ocrx_word' id='word_1_345' title='bbox 320 4296 480 4367; x_wconf 84' lang='lat' dir='ltr'><strong>magni</strong></span> <span class='ocrx_word' id='word_1_346' title='bbox 522 4297 625 4352; x_wconf 82' lang='lat' dir='ltr'><strong>viri</strong></span> <span class='ocrx_word' id='word_1_347' title='bbox 669 4307 723 4353; x_wconf 93' lang='lat' dir='ltr'><strong>et</strong></span> <span class='ocrx_word' id='word_1_348' title='bbox 766 4298 1061 4355; x_wconf 90' lang='lat' dir='ltr'><strong>imitatione</strong></span> <span class='ocrx_word' id='word_1_349' title='bbox 1092 4299 1416 4370; x_wconf 89' lang='lat' dir='ltr'><strong>dignissimi,</strong></span> <span class='ocrx_word' id='word_1_350' title='bbox 1448 4305 1720 4375; x_wconf 68' lang='lat' dir='ltr'><strong>sapientiai</strong></span> 
     </span>
    </p>
   </div>
   <div class='ocr_carea' id='block_1_46' title="bbox 176 4384 1233 4461">
    <p class='ocr_par' dir='ltr' id='par_1_46' title="bbox 176 4384 1233 4461">
     <span class='ocr_line' id='line_1_46' title="bbox 176 4384 1233 4461; baseline 0.013 -25"><span class='ocrx_word' id='word_1_351' title='bbox 176 4384 317 4439; x_wconf 82' lang='lat' dir='ltr'><strong>studio</strong></span> <span class='ocrx_word' id='word_1_352' title='bbox 339 4400 449 4442; x_wconf 86' lang='lat' dir='ltr'><strong>cum</strong></span> <span class='ocrx_word' id='word_1_353' title='bbox 476 4390 791 4461; x_wconf 83' lang='lat' dir='ltr'><strong>conjugibus</strong></span> <span class='ocrx_word' id='word_1_354' title='bbox 809 4391 974 4448; x_wconf 89' lang='lat' dir='ltr'><strong>dediti</strong></span> <span class='ocrx_word' id='word_1_355' title='bbox 1001 4392 1233 4450; x_wconf 84' lang='lat' dir='ltr'><strong>fuerunt.</strong></span> 
     </span>
    </p>
   </div>
   <div class='ocr_carea' id='block_1_47' title="bbox 228 4472 1720 4553">
    <p class='ocr_par' dir='ltr' id='par_1_47' title="bbox 228 4472 1720 4553">
     <span class='ocr_line' id='line_1_47' title="bbox 228 4472 1720 4553; baseline 0.015 -22"><span class='ocrx_word' id='word_1_356' title='bbox 228 4472 303 4531; x_wconf 70' lang='lat'><strong>20.</strong></span> <span class='ocrx_word' id='word_1_357' title='bbox 328 4476 449 4534; x_wconf 89' lang='lat' dir='ltr'><strong>Cum</strong></span> <span class='ocrx_word' id='word_1_358' title='bbox 480 4480 597 4538; x_wconf 63' lang='lat' dir='ltr'><strong>haec</strong></span> <span class='ocrx_word' id='word_1_359' title='bbox 630 4483 902 4553; x_wconf 86' lang='lat' dir='ltr'><strong>dicebam,</strong></span> <span class='ocrx_word' id='word_1_360' title='bbox 932 4496 986 4543; x_wconf 88' lang='lat' dir='ltr'><strong>et</strong></span> <span class='ocrx_word' id='word_1_361' title='bbox 1024 4489 1362 4547; x_wconf 89' lang='lat' dir='ltr'><strong>alternabant</strong></span> <span class='ocrx_word' id='word_1_362' title='bbox 1398 4491 1449 4547; x_wconf 91' lang='lat' dir='ltr'><strong>hi</strong></span> <span class='ocrx_word' id='word_1_363' title='bbox 1494 4497 1638 4551; x_wconf 89' lang='lat' dir='ltr'><strong>venti</strong></span> <span class='ocrx_word' id='word_1_364' title='bbox 1665 4505 1720 4553; x_wconf 91' lang='lat' dir='ltr'><strong>et</strong></span> 
     </span>
    </p>
   </div>
   <div class='ocr_carea' id='block_1_48' title="bbox 185 4562 1721 4646">
    <p class='ocr_par' dir='ltr' id='par_1_48' title="bbox 185 4562 1721 4646">
     <span class='ocr_line' id='line_1_48' title="bbox 185 4562 1721 4646; baseline 0.018 -29"><span class='ocrx_word' id='word_1_365' title='bbox 185 4562 477 4636; x_wconf 84' lang='lat' dir='ltr'><strong>impellebant</strong></span> <span class='ocrx_word' id='word_1_366' title='bbox 498 4571 601 4628; x_wconf 89' lang='lat' dir='ltr'><strong>huc</strong></span> <span class='ocrx_word' id='word_1_367' title='bbox 618 4582 776 4645; x_wconf 90' lang='lat' dir='ltr'><strong>atque</strong></span> <span class='ocrx_word' id='word_1_368' title='bbox 798 4576 921 4632; x_wconf 91' lang='lat' dir='ltr'><strong>illuc</strong></span> <span class='ocrx_word' id='word_1_369' title='bbox 936 4593 1030 4633; x_wconf 91' lang='lat' dir='ltr'><strong>cor</strong></span> <span class='ocrx_word' id='word_1_370' title='bbox 1049 4595 1248 4646; x_wconf 91' lang='lat' dir='ltr'><strong>meum,</strong></span> <span class='ocrx_word' id='word_1_371' title='bbox 1275 4584 1566 4640; x_wconf 80' lang='lat' dir='ltr'><strong>transibant</strong></span> <span class='ocrx_word' id='word_1_372' title='bbox 1588 4596 1721 4643; x_wconf 87' lang='lat' dir='ltr'><strong>tem-</strong></span> 
     </span>
    </p>
   </div>
   <div class='ocr_carea' id='block_1_49' title="bbox 182 4663 1719 4743">
    <p class='ocr_par' dir='ltr' id='par_1_49' title="bbox 182 4663 1719 4743">
     <span class='ocr_line' id='line_1_49' title="bbox 182 4663 1719 4743; baseline 0.017 -33"><span class='ocrx_word' id='word_1_373' title='bbox 182 4669 302 4726; x_wconf 88' lang='lat' dir='ltr'><strong>pora,</strong></span> <span class='ocrx_word' id='word_1_374' title='bbox 329 4670 376 4714; x_wconf 85' lang='lat' dir='ltr'><strong>et</strong></span> <span class='ocrx_word' id='word_1_375' title='bbox 403 4663 670 4720; x_wconf 85' lang='lat' dir='ltr'><strong>tardabam</strong></span> <span class='ocrx_word' id='word_1_376' title='bbox 718 4669 955 4723; x_wconf 80' lang='lat' dir='ltr'><strong>converti</strong></span> <span class='ocrx_word' id='word_1_377' title='bbox 983 4670 1049 4725; x_wconf 87' lang='lat' dir='ltr'><strong>ad</strong></span> <span class='ocrx_word' id='word_1_378' title='bbox 1092 4671 1393 4743; x_wconf 88' lang='lat' dir='ltr'><strong>Dominum,</strong></span> <span class='ocrx_word' id='word_1_379' title='bbox 1426 4686 1480 4731; x_wconf 91' lang='lat' dir='ltr'><strong>et</strong></span> <span class='ocrx_word' id='word_1_380' title='bbox 1507 4677 1719 4735; x_wconf 73' lang='lat' dir='ltr'><strong>dill‘ere-</strong></span> 
     </span>
    </p>
   </div>
   <div class='ocr_carea' id='block_1_50' title="bbox 187 4743 1720 4830">
    <p class='ocr_par' dir='ltr' id='par_1_50' title="bbox 187 4743 1720 4830">
     <span class='ocr_line' id='line_1_50' title="bbox 187 4743 1720 4830; baseline 0.016 -27"><span class='ocrx_word' id='word_1_381' title='bbox 187 4743 283 4801; x_wconf 78' lang='lat' dir='ltr'><strong>ham</strong></span> <span class='ocrx_word' id='word_1_382' title='bbox 304 4748 364 4805; x_wconf 90' lang='lat' dir='ltr'><strong>de</strong></span> <span class='ocrx_word' id='word_1_383' title='bbox 400 4751 481 4809; x_wconf 93' lang='lat' dir='ltr'><strong>die</strong></span> <span class='ocrx_word' id='word_1_384' title='bbox 513 4754 570 4810; x_wconf 88' lang='lat' dir='ltr'><strong>in</strong></span> <span class='ocrx_word' id='word_1_385' title='bbox 598 4755 738 4812; x_wconf 89' lang='lat' dir='ltr'><strong>diem</strong></span> <span class='ocrx_word' id='word_1_386' title='bbox 769 4758 948 4814; x_wconf 89' lang='lat' dir='ltr'><strong>vivere</strong></span> <span class='ocrx_word' id='word_1_387' title='bbox 987 4760 1040 4815; x_wconf 92' lang='lat' dir='ltr'><strong>in</strong></span> <span class='ocrx_word' id='word_1_388' title='bbox 1071 4769 1150 4830; x_wconf 92' lang='lat' dir='ltr'><strong>te,</strong></span> <span class='ocrx_word' id='word_1_389' title='bbox 1191 4771 1245 4818; x_wconf 91' lang='lat' dir='ltr'><strong>ct</strong></span> <span class='ocrx_word' id='word_1_390' title='bbox 1282 4780 1387 4820; x_wconf 88' lang='lat' dir='ltr'><strong>non</strong></span> <span class='ocrx_word' id='word_1_391' title='bbox 1414 4766 1720 4827; x_wconf 80' lang='lat' dir='ltr'><strong>diﬂ&#39;erebam</strong></span> 
     </span>
    </p>
   </div>
   <div class='ocr_carea' id='block_1_51' title="bbox 180 4841 1717 4931">
    <p class='ocr_par' dir='ltr' id='par_1_51' title="bbox 180 4841 1717 4931">
     <span class='ocr_line' id='line_1_51' title="bbox 180 4841 1717 4931; baseline 0.017 -38"><span class='ocrx_word' id='word_1_392' title='bbox 180 4841 371 4907; x_wconf 85' lang='lat' dir='ltr'><strong>quotidie</strong></span> <span class='ocrx_word' id='word_1_393' title='bbox 408 4845 458 4900; x_wconf 93' lang='lat' dir='ltr'><strong>in</strong></span> <span class='ocrx_word' id='word_1_394' title='bbox 498 4849 812 4920; x_wconf 89' lang='lat' dir='ltr'><strong>memetipso</strong></span> <span class='ocrx_word' id='word_1_395' title='bbox 854 4853 1008 4907; x_wconf 90' lang='lat' dir='ltr'><strong>mori.</strong></span> <span class='ocrx_word' id='word_1_396' title='bbox 1046 4854 1249 4912; x_wconf 86' lang='lat' dir='ltr'><strong>Amans</strong></span> <span class='ocrx_word' id='word_1_397' title='bbox 1288 4858 1495 4916; x_wconf 85' lang='lat' dir='ltr'><strong>beatam</strong></span> <span class='ocrx_word' id='word_1_398' title='bbox 1534 4863 1717 4931; x_wconf 82' lang='lat' dir='ltr'><strong>vitam,</strong></span> 
     </span>
    </p>
   </div>
   <div class='ocr_carea' id='block_1_52' title="bbox 186 4929 1720 5024">
    <p class='ocr_par' dir='ltr' id='par_1_52' title="bbox 186 4929 1720 5024">
     <span class='ocr_line' id='line_1_52' title="bbox 186 4929 1720 5024; baseline 0.016 -40"><span class='ocrx_word' id='word_1_399' title='bbox 186 4929 394 4991; x_wconf 83' lang='lat' dir='ltr'><strong>timebam</strong></span> <span class='ocrx_word' id='word_1_400' title='bbox 418 4937 556 4993; x_wconf 86' lang='lat' dir='ltr'><strong>illam</strong></span> <span class='ocrx_word' id='word_1_401' title='bbox 583 4940 634 4996; x_wconf 91' lang='lat' dir='ltr'><strong>in</strong></span> <span class='ocrx_word' id='word_1_402' title='bbox 673 4941 800 4997; x_wconf 86' lang='lat' dir='ltr'><strong>sede</strong></span> <span class='ocrx_word' id='word_1_403' title='bbox 825 4957 954 5009; x_wconf 89' lang='lat' dir='ltr'><strong>sua;</strong></span> <span class='ocrx_word' id='word_1_404' title='bbox 983 4953 1037 4999; x_wconf 91' lang='lat' dir='ltr'><strong>et</strong></span> <span class='ocrx_word' id='word_1_405' title='bbox 1062 4945 1130 5000; x_wconf 87' lang='lat' dir='ltr'><strong>ab</strong></span> <span class='ocrx_word' id='word_1_406' title='bbox 1156 4962 1219 5002; x_wconf 89' lang='lat' dir='ltr'><strong>ea</strong></span> <span class='ocrx_word' id='word_1_407' title='bbox 1259 4947 1480 5020; x_wconf 81' lang='lat' dir='ltr'><strong>fugiens,</strong></span> <span class='ocrx_word' id='word_1_408' title='bbox 1510 4929 1720 5024; x_wconf 42' lang='lat' dir='ltr'><strong>quaere;</strong></span> 
     </span>
    </p>
   </div>
   <div class='ocr_carea' id='block_1_53' title="bbox 192 5018 1721 5112">
    <p class='ocr_par' dir='ltr' id='par_1_53' title="bbox 192 5018 1721 5112">
     <span class='ocr_line' id='line_1_53' title="bbox 192 5018 1721 5112; baseline 0.019 -39"><span class='ocrx_word' id='word_1_409' title='bbox 192 5018 287 5076; x_wconf 85' lang='lat' dir='ltr'><strong>bam</strong></span> <span class='ocrx_word' id='word_1_410' title='bbox 306 5038 430 5080; x_wconf 89' lang='lat' dir='ltr'><strong>eam.</strong></span> <span class='ocrx_word' id='word_1_411' title='bbox 465 5028 716 5087; x_wconf 87' lang='lat' dir='ltr'><strong>Putabam</strong></span> <span class='ocrx_word' id='word_1_412' title='bbox 748 5033 887 5088; x_wconf 91' lang='lat' dir='ltr'><strong>enim</strong></span> <span class='ocrx_word' id='word_1_413' title='bbox 918 5051 1003 5091; x_wconf 88' lang='lat' dir='ltr'><strong>me</strong></span> <span class='ocrx_word' id='word_1_414' title='bbox 1032 5037 1286 5094; x_wconf 89' lang='lat' dir='ltr'><strong>miserum</strong></span> <span class='ocrx_word' id='word_1_415' title='bbox 1322 5018 1438 5098; x_wconf 82' lang='lat' dir='ltr'><strong>fore</strong></span> <span class='ocrx_word' id='word_1_416' title='bbox 1465 5045 1643 5112; x_wconf 91' lang='lat' dir='ltr'><strong>nimis,</strong></span> <span class='ocrx_word' id='word_1_417' title='bbox 1674 5048 1721 5102; x_wconf 89' lang='lat' dir='ltr'><strong>si</strong></span> 
     </span>
    </p>
   </div>
   <div class='ocr_carea' id='block_1_54' title="bbox 187 5110 1721 5196">
    <p class='ocr_par' dir='ltr' id='par_1_54' title="bbox 187 5110 1721 5196">
     <span class='ocr_line' id='line_1_54' title="bbox 187 5110 1721 5196; baseline 0.02 -32"><span class='ocrx_word' id='word_1_418' title='bbox 187 5110 357 5171; x_wconf 64' lang='lat' dir='ltr'><strong>feminae</strong></span> <span class='ocrx_word' id='word_1_419' title='bbox 374 5120 601 5188; x_wconf 86' lang='lat' dir='ltr'><strong>privarer</strong></span> <span class='ocrx_word' id='word_1_420' title='bbox 619 5125 971 5196; x_wconf 80' lang='lat' dir='ltr'><strong>amplexibus,</strong></span> <span class='ocrx_word' id='word_1_421' title='bbox 997 5139 1051 5183; x_wconf 92' lang='lat' dir='ltr'><strong>et</strong></span> <span class='ocrx_word' id='word_1_422' title='bbox 1078 5129 1393 5188; x_wconf 85' lang='lat' dir='ltr'><strong>medicinam</strong></span> <span class='ocrx_word' id='word_1_423' title='bbox 1421 5136 1721 5194; x_wconf 87' lang='lat' dir='ltr'><strong>misericor-</strong></span> 
     </span>
    </p>
   </div>
   <div class='ocr_carea' id='block_1_55' title="bbox 185 5199 1721 5301">
    <p class='ocr_par' dir='ltr' id='par_1_55' title="bbox 185 5199 1721 5301">
     <span class='ocr_line' id='line_1_55' title="bbox 185 5199 1721 5301; baseline 0.021 -48"><span class='ocrx_word' id='word_1_424' title='bbox 185 5199 265 5301; x_wconf 70' lang='lat' dir='ltr'><strong>dia:</strong></span> <span class='ocrx_word' id='word_1_425' title='bbox 290 5213 377 5262; x_wconf 80' lang='lat' dir='ltr'><strong>tua:</strong></span> <span class='ocrx_word' id='word_1_426' title='bbox 398 5209 460 5264; x_wconf 88' lang='lat' dir='ltr'><strong>ad</strong></span> <span class='ocrx_word' id='word_1_427' title='bbox 484 5212 721 5269; x_wconf 91' lang='lat' dir='ltr'><strong>eamdem</strong></span> <span class='ocrx_word' id='word_1_428' title='bbox 750 5215 1107 5275; x_wconf 74' lang='lat' dir='ltr'><strong>infirmitatem</strong></span> <span class='ocrx_word' id='word_1_429' title='bbox 1133 5223 1421 5279; x_wconf 88' lang='lat' dir='ltr'><strong>sanandam</strong></span> <span class='ocrx_word' id='word_1_430' title='bbox 1445 5242 1548 5282; x_wconf 91' lang='lat' dir='ltr'><strong>non</strong></span> <span class='ocrx_word' id='word_1_431' title='bbox 1577 5230 1721 5301; x_wconf 82' lang='lat' dir='ltr'><strong>cogi-</strong></span> 
     </span>
    </p>
   </div>
   <div class='ocr_carea' id='block_1_56' title="bbox 191 5291 1719 5384">
    <p class='ocr_par' dir='ltr' id='par_1_56' title="bbox 191 5291 1719 5384">
     <span class='ocr_line' id='line_1_56' title="bbox 191 5291 1719 5384; baseline 0.021 -39"><span class='ocrx_word' id='word_1_432' title='bbox 191 5291 350 5363; x_wconf 83' lang='lat' dir='ltr'><strong>tabam,</strong></span> <span class='ocrx_word' id='word_1_433' title='bbox 369 5301 481 5370; x_wconf 87' lang='lat' dir='ltr'><strong>quia</strong></span> <span class='ocrx_word' id='word_1_434' title='bbox 508 5313 752 5375; x_wconf 78' lang='lat' dir='ltr'><strong>expertus</strong></span> <span class='ocrx_word' id='word_1_435' title='bbox 771 5323 874 5363; x_wconf 91' lang='lat' dir='ltr'><strong>non</strong></span> <span class='ocrx_word' id='word_1_436' title='bbox 900 5324 1044 5366; x_wconf 86' lang='lat' dir='ltr'><strong>eram</strong></span> <span class='ocrx_word' id='word_1_437' title='bbox 1066 5328 1079 5377; x_wconf 93' lang='lat'><strong>;</strong></span> <span class='ocrx_word' id='word_1_438' title='bbox 1104 5321 1158 5367; x_wconf 92' lang='lat' dir='ltr'><strong>et</strong></span> <span class='ocrx_word' id='word_1_439' title='bbox 1179 5315 1509 5384; x_wconf 87' lang='lat' dir='ltr'><strong>propriarum</strong></span> <span class='ocrx_word' id='word_1_440' title='bbox 1531 5291 1719 5377; x_wconf 70' lang='lat' dir='ltr'><strong>viritim</strong></span> 
     </span>
    </p>
   </div>
   <div class='ocr_carea' id='block_1_57' title="bbox 191 5385 1719 5474">
    <p class='ocr_par' dir='ltr' id='par_1_57' title="bbox 191 5385 1719 5474">
     <span class='ocr_line' id='line_1_57' title="bbox 191 5385 1719 5474; baseline 0.017 -32"><span class='ocrx_word' id='word_1_441' title='bbox 191 5385 426 5445; x_wconf 75' lang='lat' dir='ltr'><strong>credebam</strong></span> <span class='ocrx_word' id='word_1_442' title='bbox 465 5408 579 5451; x_wconf 87' lang='lat' dir='ltr'><strong>esse</strong></span> <span class='ocrx_word' id='word_1_443' title='bbox 605 5398 1004 5470; x_wconf 87' lang='lat' dir='ltr'><strong>continentiam,</strong></span> <span class='ocrx_word' id='word_1_444' title='bbox 1035 5419 1258 5474; x_wconf 89' lang='lat' dir='ltr'><strong>quarum</strong></span> <span class='ocrx_word' id='word_1_445' title='bbox 1285 5406 1414 5463; x_wconf 90' lang='lat' dir='ltr'><strong>mihi</strong></span> <span class='ocrx_word' id='word_1_446' title='bbox 1445 5424 1550 5465; x_wconf 92' lang='lat' dir='ltr'><strong>non</strong></span> <span class='ocrx_word' id='word_1_447' title='bbox 1574 5427 1719 5468; x_wconf 90' lang='lat' dir='ltr'><strong>eram</strong></span> 
     </span>
    </p>
   </div>
   <div class='ocr_carea' id='block_1_58' title="bbox 193 5479 1722 5570">
    <p class='ocr_par' dir='ltr' id='par_1_58' title="bbox 193 5479 1722 5570">
     <span class='ocr_line' id='line_1_58' title="bbox 193 5479 1722 5570; baseline 0.018 -37"><span class='ocrx_word' id='word_1_448' title='bbox 193 5479 412 5570; x_wconf 77' lang='lat' dir='ltr'><strong>conscius,</strong></span> <span class='ocrx_word' id='word_1_449' title='bbox 452 5500 568 5542; x_wconf 92' lang='lat' dir='ltr'><strong>cum</strong></span> <span class='ocrx_word' id='word_1_450' title='bbox 594 5498 700 5544; x_wconf 89' lang='lat' dir='ltr'><strong>tam</strong></span> <span class='ocrx_word' id='word_1_451' title='bbox 739 5491 928 5550; x_wconf 88' lang='lat' dir='ltr'><strong>stultus</strong></span> <span class='ocrx_word' id='word_1_452' title='bbox 962 5508 1135 5550; x_wconf 89' lang='lat' dir='ltr'><strong>essem</strong></span> <span class='ocrx_word' id='word_1_453' title='bbox 1162 5506 1220 5552; x_wconf 88' lang='lat' dir='ltr'><strong>ut</strong></span> <span class='ocrx_word' id='word_1_454' title='bbox 1259 5500 1542 5570; x_wconf 89' lang='lat' dir='ltr'><strong>nescirem,</strong></span> <span class='ocrx_word' id='word_1_455' title='bbox 1584 5504 1722 5562; x_wconf 88' lang='lat' dir='ltr'><strong>sicut</strong></span> 
     </span>
    </p>
   </div>
   <div class='ocr_carea' id='block_1_59' title="bbox 191 5568 1719 5660">
    <p class='ocr_par' dir='ltr' id='par_1_59' title="bbox 191 5568 1719 5660">
     <span class='ocr_line' id='line_1_59' title="bbox 191 5568 1719 5660; baseline 0.018 -35"><span class='ocrx_word' id='word_1_456' title='bbox 191 5568 400 5640; x_wconf 79' lang='lat' dir='ltr'><strong>scriptum</strong></span> <span class='ocrx_word' id='word_1_457' title='bbox 425 5588 520 5642; x_wconf 88' lang='lat' dir='ltr'><strong>est,</strong></span> <span class='ocrx_word' id='word_1_458' title='bbox 563 5584 827 5639; x_wconf 89' lang='lat' dir='ltr'><strong>neminem</strong></span> <span class='ocrx_word' id='word_1_459' title='bbox 859 5600 1016 5655; x_wconf 85' lang='lat' dir='ltr'><strong>posse</strong></span> <span class='ocrx_word' id='word_1_460' title='bbox 1042 5602 1165 5645; x_wconf 90' lang='lat' dir='ltr'><strong>esse</strong></span> <span class='ocrx_word' id='word_1_461' title='bbox 1194 5590 1572 5660; x_wconf 87' lang='lat' dir='ltr'><strong>continentem,</strong></span> <span class='ocrx_word' id='word_1_462' title='bbox 1616 5599 1719 5654; x_wconf 88' lang='lat' dir='ltr'><strong>nisi</strong></span> 
     </span>
    </p>
   </div>
   <div class='ocr_carea' id='block_1_60' title="bbox 193 5660 1720 5755">
    <p class='ocr_par' dir='ltr' id='par_1_60' title="bbox 193 5660 1720 5755">
     <span class='ocr_line' id='line_1_60' title="bbox 193 5660 1720 5755; baseline 0.022 -43"><span class='ocrx_word' id='word_1_463' title='bbox 193 5665 241 5715; x_wconf 90' lang='lat' dir='ltr'><strong>tu</strong></span> <span class='ocrx_word' id='word_1_464' title='bbox 260 5660 441 5724; x_wconf 85' lang='lat' dir='ltr'><strong>dederis</strong></span> <span class='ocrx_word' id='word_1_465' title='bbox 469 5670 624 5745; x_wconf 85' lang='lat' dir='ltr'><strong>(Sap.</strong></span> <span class='ocrx_word' id='word_1_466' title='bbox 647 5690 761 5741; x_wconf 78' lang='lat' dir='ltr'><strong>vin,</strong></span> <span class='ocrx_word' id='word_1_467' title='bbox 781 5674 843 5731; x_wconf 75' lang='lat' dir='ltr'><strong>2i</strong></span> <span class='ocrx_word' id='word_1_468' title='bbox 862 5674 904 5750; x_wconf 90' lang='lat'><strong>).</strong></span> <span class='ocrx_word' id='word_1_469' title='bbox 931 5676 1122 5750; x_wconf 83' lang='lat' dir='ltr'><strong>Utique</strong></span> <span class='ocrx_word' id='word_1_470' title='bbox 1141 5681 1318 5751; x_wconf 88' lang='lat' dir='ltr'><strong>dares,</strong></span> <span class='ocrx_word' id='word_1_471' title='bbox 1347 5683 1389 5738; x_wconf 88' lang='lat' dir='ltr'><strong>si</strong></span> <span class='ocrx_word' id='word_1_472' title='bbox 1415 5687 1613 5755; x_wconf 81' lang='lat' dir='ltr'><strong>gemitu</strong></span> <span class='ocrx_word' id='word_1_473' title='bbox 1639 5688 1720 5744; x_wconf 87' lang='lat' dir='ltr'><strong>iu-</strong></span> 
     </span>
    </p>
   </div>
   <div class='ocr_carea' id='block_1_61' title="bbox 246 5794 1717 5878">
    <p class='ocr_par' dir='ltr' id='par_1_61' title="bbox 246 5794 1717 5878">
     <span class='ocr_line' id='line_1_61' title="bbox 246 5794 1717 5878; baseline 0.02 -30"><span class='ocrx_word' id='word_1_474' title='bbox 246 5794 263 5828; x_wconf 82' lang='grc'><strong><em>⁸</em></strong></span> <span class='ocrx_word' id='word_1_475' title='bbox 276 5799 419 5868; x_wconf 74' lang='lat' dir='ltr'><strong>Raris,</strong></span> <span class='ocrx_word' id='word_1_476' title='bbox 434 5804 564 5869; x_wconf 80' lang='lat' dir='ltr'><strong>juxta</strong></span> <span class='ocrx_word' id='word_1_477' title='bbox 575 5814 648 5863; x_wconf 64' lang='grc' dir='ltr'><strong>Β.</strong></span> <span class='ocrx_word' id='word_1_478' title='bbox 668 5811 811 5876; x_wconf 80' lang='lat' dir='ltr'><strong>Lugd.</strong></span> <span class='ocrx_word' id='word_1_479' title='bbox 832 5820 949 5866; x_wconf 76' lang='lat' dir='ltr'><strong>ven.</strong></span> <span class='ocrx_word' id='word_1_480' title='bbox 962 5820 1073 5869; x_wconf 73' lang='grc' dir='ltr'><strong>ιον.</strong></span> <span class='ocrx_word' id='word_1_481' title='bbox 1092 5824 1264 5871; x_wconf 77' lang='lat' dir='ltr'><strong>50mm.</strong></span> <span class='ocrx_word' id='word_1_482' title='bbox 1286 5822 1405 5875; x_wconf 81' lang='lat' dir='ltr'><strong>Flor.</strong></span> <span class='ocrx_word' id='word_1_483' title='bbox 1429 5833 1479 5877; x_wconf 89' lang='lat' dir='ltr'><strong>et</strong></span> <span class='ocrx_word' id='word_1_484' title='bbox 1497 5827 1639 5877; x_wconf 78' lang='lat' dir='ltr'><strong>nona.</strong></span> <span class='ocrx_word' id='word_1_485' title='bbox 1662 5835 1717 5878; x_wconf 77' lang='grc' dir='ltr'><strong>Μ.</strong></span> 
     </span>
    </p>
   </div>
   <div class='ocr_carea' id='block_1_62' title="bbox 3285 309 3395 372">
    <p class='ocr_par' dir='ltr' id='par_1_62' title="bbox 3285 309 3395 372">
     <span class='ocr_line' id='line_1_62' title="bbox 3285 309 3395 372; baseline 0 0"><span class='ocrx_word' id='word_1_486' title='bbox 3285 309 3395 372; x_wconf 71' lang='grc' dir='ltr'>πο</span> 
     </span>
    </p>
   </div>
   <div class='ocr_carea' id='block_1_63' title="bbox 1812 422 3388 503">
    <p class='ocr_par' dir='ltr' id='par_1_63' title="bbox 1812 422 3388 503">
     <span class='ocr_line' id='line_1_63' title="bbox 1812 422 3388 503; baseline 0.008 -26"><span class='ocrx_word' id='word_1_487' title='bbox 1812 430 1966 478; x_wconf 89' lang='lat' dir='ltr'><strong>terno</strong></span> <span class='ocrx_word' id='word_1_488' title='bbox 1989 422 2257 494; x_wconf 87' lang='lat' dir='ltr'><strong>pulsarem</strong></span> <span class='ocrx_word' id='word_1_489' title='bbox 2282 440 2440 485; x_wconf 88' lang='lat' dir='ltr'><strong>aures</strong></span> <span class='ocrx_word' id='word_1_490' title='bbox 2464 433 2604 499; x_wconf 83' lang='lat' dir='ltr'><strong>tuas,</strong></span> <span class='ocrx_word' id='word_1_491' title='bbox 2630 433 2686 489; x_wconf 87' lang='lat' dir='ltr'><strong>et</strong></span> <span class='ocrx_word' id='word_1_492' title='bbox 2716 426 2823 489; x_wconf 82' lang='lat' dir='ltr'><strong>ﬁde</strong></span> <span class='ocrx_word' id='word_1_493' title='bbox 2854 428 3028 489; x_wconf 86' lang='lat' dir='ltr'><strong>solida</strong></span> <span class='ocrx_word' id='word_1_494' title='bbox 3059 427 3118 489; x_wconf 86' lang='lat' dir='ltr'><strong>in</strong></span> <span class='ocrx_word' id='word_1_495' title='bbox 3142 436 3196 489; x_wconf 87' lang='lat' dir='ltr'><strong>te</strong></span> <span class='ocrx_word' id='word_1_496' title='bbox 3217 428 3388 503; x_wconf 78' lang='lat' dir='ltr'><strong>jacta-</strong></span> 
     </span>
    </p>
   </div>
   <div class='ocr_carea' id='block_1_64' title="bbox 1809 529 2354 575">
    <p class='ocr_par' dir='ltr' id='par_1_64' title="bbox 1809 529 2354 575">
     <span class='ocr_line' id='line_1_64' title="bbox 1809 529 2354 575; baseline 0.002 -3"><span class='ocrx_word' id='word_1_497' title='bbox 1809 529 1925 572; x_wconf 87' lang='lat' dir='ltr'><strong>rem</strong></span> <span class='ocrx_word' id='word_1_498' title='bbox 1952 529 2134 572; x_wconf 88' lang='lat' dir='ltr'><strong>curam</strong></span> <span class='ocrx_word' id='word_1_499' title='bbox 2161 532 2354 575; x_wconf 89' lang='lat' dir='ltr'><strong>meam.</strong></span> 
     </span>
    </p>
   </div>
   <div class='ocr_carea' id='block_1_65' title="bbox 2409 589 2791 651">
    <p class='ocr_par' dir='ltr' id='par_1_65' title="bbox 2409 589 2791 651">
     <span class='ocr_line' id='line_1_65' title="bbox 2409 589 2791 651; baseline 0.005 -4"><span class='ocrx_word' id='word_1_500' title='bbox 2409 589 2494 647; x_wconf 85' lang='lat' dir='ltr'><strong>CA</strong></span> <span class='ocrx_word' id='word_1_501' title='bbox 2504 591 2637 649; x_wconf 86' lang='lat' dir='ltr'><strong>PUT</strong></span> <span class='ocrx_word' id='word_1_502' title='bbox 2674 591 2791 651; x_wconf 82' lang='lat' dir='ltr'><strong>XII.</strong></span> 
     </span>
    </p>
   </div>
   <div class='ocr_carea' id='block_1_66' title="bbox 1816 678 3391 757">
    <p class='ocr_par' dir='ltr' id='par_1_66' title="bbox 1816 678 3391 757">
     <span class='ocr_line' id='line_1_66' title="bbox 1816 678 3391 757; baseline 0.008 -22"><span class='ocrx_word' id='word_1_503' title='bbox 1816 678 2075 736; x_wconf 82' lang='lat' dir='ltr'><strong>Contentio</strong></span> <span class='ocrx_word' id='word_1_504' title='bbox 2103 682 2231 738; x_wconf 85' lang='lat' dir='ltr'><strong>inter</strong></span> <span class='ocrx_word' id='word_1_505' title='bbox 2259 682 2498 755; x_wconf 77' lang='lat' dir='ltr'><strong>Alypium</strong></span> <span class='ocrx_word' id='word_1_506' title='bbox 2523 693 2569 739; x_wconf 86' lang='lat' dir='ltr'><strong>et</strong></span> <span class='ocrx_word' id='word_1_507' title='bbox 2596 685 2933 757; x_wconf 77' lang='lat' dir='ltr'><strong>Augustinum</strong></span> <span class='ocrx_word' id='word_1_508' title='bbox 2971 687 3035 744; x_wconf 82' lang='lat' dir='ltr'><strong>de</strong></span> <span class='ocrx_word' id='word_1_509' title='bbox 3069 687 3391 747; x_wconf 82' lang='lat' dir='ltr'><strong>matrimonio</strong></span> 
     </span>
    </p>
   </div>
   <div class='ocr_carea' id='block_1_67' title="bbox 2439 780 2763 835">
    <p class='ocr_par' dir='ltr' id='par_1_67' title="bbox 2439 780 2763 835">
     <span class='ocr_line' id='line_1_67' title="bbox 2439 780 2763 835; baseline 0.009 -4"><span class='ocrx_word' id='word_1_510' title='bbox 2439 787 2487 832; x_wconf 87' lang='lat' dir='ltr'><strong>et</strong></span> <span class='ocrx_word' id='word_1_511' title='bbox 2515 780 2763 835; x_wconf 63' lang='lat' dir='ltr'><strong>caelibatu.</strong></span> 
     </span>
    </p>
   </div>
   <div class='ocr_carea' id='block_1_68' title="bbox 1882 866 3407 945">
    <p class='ocr_par' dir='ltr' id='par_1_68' title="bbox 1882 866 3407 945">
     <span class='ocr_line' id='line_1_68' title="bbox 1882 866 3407 945; baseline 0.007 -25"><span class='ocrx_word' id='word_1_512' title='bbox 1882 866 1941 920; x_wconf 72' lang='lat'><strong>2|</strong></span> <span class='ocrx_word' id='word_1_513' title='bbox 1959 904 1971 920; x_wconf 91' lang='lat'><strong>.</strong></span> <span class='ocrx_word' id='word_1_514' title='bbox 1998 866 2319 925; x_wconf 88' lang='lat' dir='ltr'><strong>Prohibebat</strong></span> <span class='ocrx_word' id='word_1_515' title='bbox 2344 884 2431 925; x_wconf 92' lang='lat' dir='ltr'><strong>me</strong></span> <span class='ocrx_word' id='word_1_516' title='bbox 2455 883 2583 925; x_wconf 89' lang='lat' dir='ltr'><strong>sane</strong></span> <span class='ocrx_word' id='word_1_517' title='bbox 2607 870 2828 943; x_wconf 78' lang='lat' dir='ltr'><strong>Alypius</strong></span> <span class='ocrx_word' id='word_1_518' title='bbox 2852 872 2920 928; x_wconf 89' lang='lat' dir='ltr'><strong>ab</strong></span> <span class='ocrx_word' id='word_1_519' title='bbox 2943 888 3106 930; x_wconf 82' lang='lat' dir='ltr'><strong>uxore</strong></span> <span class='ocrx_word' id='word_1_520' title='bbox 3124 873 3407 945; x_wconf 84' lang='lat' dir='ltr'><strong>ducenda,-</strong></span> 
     </span>
    </p>
   </div>
   <div class='ocr_carea' id='block_1_69' title="bbox 1812 960 3391 1032">
    <p class='ocr_par' dir='ltr' id='par_1_69' title="bbox 1812 960 3391 1032">
     <span class='ocr_line' id='line_1_69' title="bbox 1812 960 3391 1032; baseline 0.007 -21"><span class='ocrx_word' id='word_1_521' title='bbox 1812 971 2039 1014; x_wconf 88' lang='lat' dir='ltr'><strong>causans</strong></span> <span class='ocrx_word' id='word_1_522' title='bbox 2067 960 2082 991; x_wconf 84' lang='grc'>¹</span> <span class='ocrx_word' id='word_1_523' title='bbox 2112 960 2257 1015; x_wconf 90' lang='lat' dir='ltr'><strong>nullo</strong></span> <span class='ocrx_word' id='word_1_524' title='bbox 2286 960 2444 1016; x_wconf 88' lang='lat' dir='ltr'><strong>modo</strong></span> <span class='ocrx_word' id='word_1_525' title='bbox 2472 976 2572 1017; x_wconf 90' lang='lat' dir='ltr'><strong>nos</strong></span> <span class='ocrx_word' id='word_1_526' title='bbox 2596 977 2754 1032; x_wconf 88' lang='lat' dir='ltr'><strong>posse</strong></span> <span class='ocrx_word' id='word_1_527' title='bbox 2783 978 2974 1020; x_wconf 90' lang='lat' dir='ltr'><strong>securo</strong></span> <span class='ocrx_word' id='word_1_528' title='bbox 2999 966 3108 1021; x_wconf 91' lang='lat' dir='ltr'><strong>otio</strong></span> <span class='ocrx_word' id='word_1_529' title='bbox 3136 966 3292 1022; x_wconf 91' lang='lat' dir='ltr'><strong>simul</strong></span> <span class='ocrx_word' id='word_1_530' title='bbox 3335 966 3391 1022; x_wconf 92' lang='lat' dir='ltr'><strong>in</strong></span> 
     </span>
    </p>
   </div>
   <div class='ocr_carea' id='block_1_70' title="bbox 1811 1050 3389 1125">
    <p class='ocr_par' dir='ltr' id='par_1_70' title="bbox 1811 1050 3389 1125">
     <span class='ocr_line' id='line_1_70' title="bbox 1811 1050 3389 1125; baseline 0.004 -21"><span class='ocrx_word' id='word_1_531' title='bbox 1811 1064 1996 1105; x_wconf 83' lang='lat' dir='ltr'><strong>amore</strong></span> <span class='ocrx_word' id='word_1_532' title='bbox 2015 1050 2287 1121; x_wconf 82' lang='lat' dir='ltr'><strong>sapientiae</strong></span> <span class='ocrx_word' id='word_1_533' title='bbox 2303 1052 2505 1120; x_wconf 82' lang='lat' dir='ltr'><strong>vivere,</strong></span> <span class='ocrx_word' id='word_1_534' title='bbox 2524 1053 2661 1109; x_wconf 90' lang='lat' dir='ltr'><strong>sicut</strong></span> <span class='ocrx_word' id='word_1_535' title='bbox 2672 1053 2782 1125; x_wconf 89' lang='lat' dir='ltr'><strong>jam</strong></span> <span class='ocrx_word' id='word_1_536' title='bbox 2799 1053 2891 1111; x_wconf 91' lang='lat' dir='ltr'><strong>diu</strong></span> <span class='ocrx_word' id='word_1_537' title='bbox 2909 1053 3389 1122; x_wconf 81' lang='lat' dir='ltr'><strong>desideraremus&#39;,</strong></span> 
     </span>
    </p>
   </div>
   <div class='ocr_carea' id='block_1_71' title="bbox 1812 1139 3389 1215">
    <p class='ocr_par' dir='ltr' id='par_1_71' title="bbox 1812 1139 3389 1215">
     <span class='ocr_line' id='line_1_71' title="bbox 1812 1139 3389 1215; baseline 0.004 -20"><span class='ocrx_word' id='word_1_538' title='bbox 1812 1140 1856 1195; x_wconf 92' lang='lat' dir='ltr'><strong>si</strong></span> <span class='ocrx_word' id='word_1_539' title='bbox 1884 1140 1936 1195; x_wconf 91' lang='lat' dir='ltr'><strong>id</strong></span> <span class='ocrx_word' id='word_1_540' title='bbox 1962 1139 2227 1198; x_wconf 78' lang='lat' dir='ltr'><strong>fecissem.</strong></span> <span class='ocrx_word' id='word_1_541' title='bbox 2260 1142 2387 1197; x_wconf 85' lang='lat' dir='ltr'><strong>Erat</strong></span> <span class='ocrx_word' id='word_1_542' title='bbox 2407 1143 2548 1199; x_wconf 89' lang='lat' dir='ltr'><strong>enim</strong></span> <span class='ocrx_word' id='word_1_543' title='bbox 2580 1144 2695 1215; x_wconf 88' lang='lat' dir='ltr'><strong>ipse</strong></span> <span class='ocrx_word' id='word_1_544' title='bbox 2722 1145 2775 1200; x_wconf 92' lang='lat' dir='ltr'><strong>in</strong></span> <span class='ocrx_word' id='word_1_545' title='bbox 2801 1161 2864 1202; x_wconf 87' lang='lat' dir='ltr'><strong>ea</strong></span> <span class='ocrx_word' id='word_1_546' title='bbox 2889 1162 2950 1202; x_wconf 93' lang='lat' dir='ltr'><strong>re</strong></span> <span class='ocrx_word' id='word_1_547' title='bbox 2976 1145 3134 1203; x_wconf 90' lang='lat' dir='ltr'><strong>etiam</strong></span> <span class='ocrx_word' id='word_1_548' title='bbox 3160 1155 3283 1202; x_wconf 90' lang='lat' dir='ltr'><strong>tunc</strong></span> <span class='ocrx_word' id='word_1_549' title='bbox 3302 1161 3389 1202; x_wconf 83' lang='lat' dir='ltr'><strong>ca-</strong></span> 
     </span>
    </p>
   </div>
   <div class='ocr_carea' id='block_1_72' title="bbox 1811 1233 3390 1310">
    <p class='ocr_par' dir='ltr' id='par_1_72' title="bbox 1811 1233 3390 1310">
     <span class='ocr_line' id='line_1_72' title="bbox 1811 1233 3390 1310; baseline 0.004 -21"><span class='ocrx_word' id='word_1_550' title='bbox 1811 1233 2109 1301; x_wconf 81' lang='lat' dir='ltr'><strong>stissimus,</strong></span> <span class='ocrx_word' id='word_1_551' title='bbox 2142 1235 2214 1290; x_wconf 90' lang='lat' dir='ltr'><strong>ita</strong></span> <span class='ocrx_word' id='word_1_552' title='bbox 2241 1244 2299 1290; x_wconf 92' lang='lat' dir='ltr'><strong>ut</strong></span> <span class='ocrx_word' id='word_1_553' title='bbox 2326 1236 2519 1291; x_wconf 91' lang='lat' dir='ltr'><strong>mirum</strong></span> <span class='ocrx_word' id='word_1_554' title='bbox 2544 1246 2720 1303; x_wconf 89' lang='lat' dir='ltr'><strong>esset;</strong></span> <span class='ocrx_word' id='word_1_555' title='bbox 2752 1238 2873 1309; x_wconf 89' lang='lat' dir='ltr'><strong>quia</strong></span> <span class='ocrx_word' id='word_1_556' title='bbox 2898 1239 2984 1295; x_wconf 91' lang='lat' dir='ltr'><strong>vel</strong></span> <span class='ocrx_word' id='word_1_557' title='bbox 3011 1239 3390 1310; x_wconf 81' lang='lat' dir='ltr'><strong>experientiam</strong></span> 
     </span>
    </p>
   </div>
   <div class='ocr_carea' id='block_1_73' title="bbox 1811 1328 3391 1402">
    <p class='ocr_par' dir='ltr' id='par_1_73' title="bbox 1811 1328 3391 1402">
     <span class='ocr_line' id='line_1_73' title="bbox 1811 1328 3391 1402; baseline 0.005 -21"><span class='ocrx_word' id='word_1_558' title='bbox 1811 1328 2123 1384; x_wconf 90' lang='lat' dir='ltr'><strong>concubitus</strong></span> <span class='ocrx_word' id='word_1_559' title='bbox 2148 1339 2364 1400; x_wconf 89' lang='lat' dir='ltr'><strong>ceperat</strong></span> <span class='ocrx_word' id='word_1_560' title='bbox 2385 1330 2438 1385; x_wconf 92' lang='lat' dir='ltr'><strong>in</strong></span> <span class='ocrx_word' id='word_1_561' title='bbox 2466 1331 2708 1402; x_wconf 88' lang='lat' dir='ltr'><strong>ingressu</strong></span> <span class='ocrx_word' id='word_1_562' title='bbox 2732 1331 3105 1388; x_wconf 68' lang='lat' dir='ltr'><strong>adolescentiae</strong></span> <span class='ocrx_word' id='word_1_563' title='bbox 3133 1348 3264 1401; x_wconf 82' lang='lat' dir='ltr'><strong>suae,</strong></span> <span class='ocrx_word' id='word_1_564' title='bbox 3294 1331 3391 1389; x_wconf 88' lang='lat' dir='ltr'><strong>sed</strong></span> 
     </span>
    </p>
   </div>
   <div class='ocr_carea' id='block_1_74' title="bbox 1813 1417 3392 1494">
    <p class='ocr_par' dir='ltr' id='par_1_74' title="bbox 1813 1417 3392 1494">
     <span class='ocr_line' id='line_1_74' title="bbox 1813 1417 3392 1494; baseline 0.004 -22"><span class='ocrx_word' id='word_1_565' title='bbox 1813 1433 1920 1473; x_wconf 89' lang='lat' dir='ltr'><strong>non</strong></span> <span class='ocrx_word' id='word_1_566' title='bbox 1937 1417 2191 1487; x_wconf 68' lang='lat' dir='ltr'><strong>haeserat;</strong></span> <span class='ocrx_word' id='word_1_567' title='bbox 2211 1421 2482 1492; x_wconf 86' lang='lat' dir='ltr'><strong>magisque</strong></span> <span class='ocrx_word' id='word_1_568' title='bbox 2498 1421 2736 1478; x_wconf 88' lang='lat' dir='ltr'><strong>doluerat</strong></span> <span class='ocrx_word' id='word_1_569' title='bbox 2752 1431 2805 1477; x_wconf 91' lang='lat' dir='ltr'><strong>et</strong></span> <span class='ocrx_word' id='word_1_570' title='bbox 2821 1432 3113 1494; x_wconf 85' lang='lat' dir='ltr'><strong>spreverat,</strong></span> <span class='ocrx_word' id='word_1_571' title='bbox 3130 1433 3183 1478; x_wconf 90' lang='lat' dir='ltr'><strong>et</strong></span> <span class='ocrx_word' id='word_1_572' title='bbox 3197 1422 3392 1479; x_wconf 90' lang='lat' dir='ltr'><strong>deinde</strong></span> 
     </span>
    </p>
   </div>
   <div class='ocr_carea' id='block_1_75' title="bbox 1807 1509 3392 1585">
    <p class='ocr_par' dir='ltr' id='par_1_75' title="bbox 1807 1509 3392 1585">
     <span class='ocr_line' id='line_1_75' title="bbox 1807 1509 3392 1585; baseline 0.004 -21"><span class='ocrx_word' id='word_1_573' title='bbox 1807 1509 1918 1577; x_wconf 89' lang='lat' dir='ltr'><strong>jam</strong></span> <span class='ocrx_word' id='word_1_574' title='bbox 1958 1512 2412 1568; x_wconf 89' lang='lat' dir='ltr'><strong>continentissime</strong></span> <span class='ocrx_word' id='word_1_575' title='bbox 2448 1514 2676 1570; x_wconf 84' lang='lat' dir='ltr'><strong>vivebat.</strong></span> <span class='ocrx_word' id='word_1_576' title='bbox 2709 1513 2821 1585; x_wconf 86' lang='lat' dir='ltr'><strong>Ego</strong></span> <span class='ocrx_word' id='word_1_577' title='bbox 2858 1524 3034 1571; x_wconf 89' lang='lat' dir='ltr'><strong>autem</strong></span> <span class='ocrx_word' id='word_1_578' title='bbox 3078 1514 3392 1571; x_wconf 89' lang='lat' dir='ltr'><strong>resistebam</strong></span> 
     </span>
    </p>
   </div>
   <div class='ocr_carea' id='block_1_76' title="bbox 1812 1602 3391 1678">
    <p class='ocr_par' dir='ltr' id='par_1_76' title="bbox 1812 1602 3391 1678">
     <span class='ocr_line' id='line_1_76' title="bbox 1812 1602 3391 1678; baseline 0.003 -20"><span class='ocrx_word' id='word_1_579' title='bbox 1812 1602 1921 1670; x_wconf 93' lang='lat' dir='ltr'><strong>illi,</strong></span> <span class='ocrx_word' id='word_1_580' title='bbox 1955 1605 2213 1676; x_wconf 83' lang='lat' dir='ltr'><strong>exemplis</strong></span> <span class='ocrx_word' id='word_1_581' title='bbox 2239 1620 2423 1661; x_wconf 89' lang='lat' dir='ltr'><strong>eorum</strong></span> <span class='ocrx_word' id='word_1_582' title='bbox 2448 1606 2534 1677; x_wconf 87' lang='lat' dir='ltr'><strong>qui</strong></span> <span class='ocrx_word' id='word_1_583' title='bbox 2565 1606 2832 1678; x_wconf 85' lang='lat' dir='ltr'><strong>conjugati</strong></span> <span class='ocrx_word' id='word_1_584' title='bbox 2859 1606 3150 1662; x_wconf 90' lang='lat' dir='ltr'><strong>coluissent</strong></span> <span class='ocrx_word' id='word_1_585' title='bbox 3178 1607 3391 1678; x_wconf 87' lang='lat' dir='ltr'><strong>sapien-</strong></span> 
     </span>
    </p>
   </div>
   <div class='ocr_carea' id='block_1_77' title="bbox 1812 1695 3394 1766">
    <p class='ocr_par' dir='ltr' id='par_1_77' title="bbox 1812 1695 3394 1766">
     <span class='ocr_line' id='line_1_77' title="bbox 1812 1695 3394 1766; baseline 0.004 -17"><span class='ocrx_word' id='word_1_586' title='bbox 1812 1695 1940 1750; x_wconf 90' lang='lat' dir='ltr'><strong>tiam</strong></span> <span class='ocrx_word' id='word_1_587' title='bbox 1960 1737 1974 1761; x_wconf 93' lang='lat'><strong>,</strong></span> <span class='ocrx_word' id='word_1_588' title='bbox 2003 1704 2058 1751; x_wconf 94' lang='lat' dir='ltr'><strong>et</strong></span> <span class='ocrx_word' id='word_1_589' title='bbox 2082 1698 2501 1766; x_wconf 90' lang='lat' dir='ltr'><strong>promeruissent</strong></span> <span class='ocrx_word' id='word_1_590' title='bbox 2526 1697 2693 1752; x_wconf 87' lang='lat' dir='ltr'><strong>Deum</strong></span> <span class='ocrx_word' id='word_1_591' title='bbox 2712 1740 2726 1765; x_wconf 93' lang='lat'><strong>,</strong></span> <span class='ocrx_word' id='word_1_592' title='bbox 2754 1706 2809 1752; x_wconf 90' lang='lat' dir='ltr'><strong>et</strong></span> <span class='ocrx_word' id='word_1_593' title='bbox 2834 1696 3141 1754; x_wconf 88' lang='lat' dir='ltr'><strong>habuissent</strong></span> <span class='ocrx_word' id='word_1_594' title='bbox 3167 1697 3394 1756; x_wconf 86' lang='lat' dir='ltr'><strong>ﬁdeliter</strong></span> 
     </span>
    </p>
   </div>
   <div class='ocr_carea' id='block_1_78' title="bbox 1811 1787 3393 1864">
    <p class='ocr_par' dir='ltr' id='par_1_78' title="bbox 1811 1787 3393 1864">
     <span class='ocr_line' id='line_1_78' title="bbox 1811 1787 3393 1864; baseline 0.005 -23"><span class='ocrx_word' id='word_1_595' title='bbox 1811 1801 1877 1842; x_wconf 92' lang='lat' dir='ltr'><strong>ac</strong></span> <span class='ocrx_word' id='word_1_596' title='bbox 1898 1787 2212 1845; x_wconf 81' lang='lat' dir='ltr'><strong>dilexissem</strong></span> <span class='ocrx_word' id='word_1_597' title='bbox 2234 1790 2453 1845; x_wconf 90' lang='lat' dir='ltr'><strong>amicos.</strong></span> <span class='ocrx_word' id='word_1_598' title='bbox 2479 1790 2525 1845; x_wconf 74' lang='grc' dir='ltr'><strong>Δ</strong></span> <span class='ocrx_word' id='word_1_599' title='bbox 2550 1806 2776 1862; x_wconf 90' lang='lat' dir='ltr'><strong>quorum</strong></span> <span class='ocrx_word' id='word_1_600' title='bbox 2806 1806 2905 1862; x_wconf 82' lang='lat' dir='ltr'><strong>ego</strong></span> <span class='ocrx_word' id='word_1_601' title='bbox 2933 1791 3147 1863; x_wconf 87' lang='lat' dir='ltr'><strong>quidem</strong></span> <span class='ocrx_word' id='word_1_602' title='bbox 3175 1792 3393 1864; x_wconf 89' lang='lat' dir='ltr'><strong>grandi-</strong></span> 
     </span>
    </p>
   </div>
   <div class='ocr_carea' id='block_1_79' title="bbox 1815 1880 3394 1956">
    <p class='ocr_par' dir='ltr' id='par_1_79' title="bbox 1815 1880 3394 1956">
     <span class='ocr_line' id='line_1_79' title="bbox 1815 1880 3394 1956; baseline 0.006 -22"><span class='ocrx_word' id='word_1_603' title='bbox 1815 1887 1921 1935; x_wconf 89' lang='lat' dir='ltr'><strong>tate</strong></span> <span class='ocrx_word' id='word_1_604' title='bbox 1947 1880 2109 1936; x_wconf 88' lang='lat' dir='ltr'><strong>animi</strong></span> <span class='ocrx_word' id='word_1_605' title='bbox 2137 1881 2294 1953; x_wconf 90' lang='lat' dir='ltr'><strong>longe</strong></span> <span class='ocrx_word' id='word_1_606' title='bbox 2322 1883 2537 1940; x_wconf 90' lang='lat' dir='ltr'><strong>aberam</strong></span> <span class='ocrx_word' id='word_1_607' title='bbox 2561 1901 2573 1938; x_wconf 91' lang='lat'>:</span> <span class='ocrx_word' id='word_1_608' title='bbox 2599 1893 2653 1939; x_wconf 90' lang='lat' dir='ltr'><strong>et</strong></span> <span class='ocrx_word' id='word_1_609' title='bbox 2676 1883 2935 1956; x_wconf 87' lang='lat' dir='ltr'><strong>deligatus</strong></span> <span class='ocrx_word' id='word_1_610' title='bbox 2962 1885 2983 1917; x_wconf 87' lang='grc'><em>³</em></span> <span class='ocrx_word' id='word_1_611' title='bbox 3008 1886 3194 1942; x_wconf 89' lang='lat' dir='ltr'><strong>morbo</strong></span> <span class='ocrx_word' id='word_1_612' title='bbox 3217 1888 3394 1945; x_wconf 89' lang='lat' dir='ltr'><strong>carnis</strong></span> 
     </span>
    </p>
   </div>
   <div class='ocr_carea' id='block_1_80' title="bbox 1812 1970 3394 2045">
    <p class='ocr_par' dir='ltr' id='par_1_80' title="bbox 1812 1970 3394 2045">
     <span class='ocr_line' id='line_1_80' title="bbox 1812 1970 3394 2045; baseline 0.006 -19"><span class='ocrx_word' id='word_1_613' title='bbox 1812 1970 2087 2028; x_wconf 87' lang='lat' dir='ltr'><strong>mortifera</strong></span> <span class='ocrx_word' id='word_1_614' title='bbox 2117 1973 2406 2040; x_wconf 85' lang='lat' dir='ltr'><strong>suavitate,</strong></span> <span class='ocrx_word' id='word_1_615' title='bbox 2442 1975 2717 2031; x_wconf 90' lang='lat' dir='ltr'><strong>trahebam</strong></span> <span class='ocrx_word' id='word_1_616' title='bbox 2752 1986 2993 2032; x_wconf 88' lang='lat' dir='ltr'><strong>catenam</strong></span> <span class='ocrx_word' id='word_1_617' title='bbox 3030 1994 3232 2045; x_wconf 90' lang='lat' dir='ltr'><strong>meam,</strong></span> <span class='ocrx_word' id='word_1_618' title='bbox 3259 1979 3394 2035; x_wconf 90' lang='lat' dir='ltr'><strong>solvi</strong></span> 
     </span>
    </p>
   </div>
   <div class='ocr_carea' id='block_1_81' title="bbox 1814 2062 3395 2138">
    <p class='ocr_par' dir='ltr' id='par_1_81' title="bbox 1814 2062 3395 2138">
     <span class='ocr_line' id='line_1_81' title="bbox 1814 2062 3395 2138; baseline 0.006 -21"><span class='ocrx_word' id='word_1_619' title='bbox 1814 2062 2041 2129; x_wconf 88' lang='lat' dir='ltr'><strong>timens,</strong></span> <span class='ocrx_word' id='word_1_620' title='bbox 2080 2071 2135 2118; x_wconf 91' lang='lat' dir='ltr'><strong>et</strong></span> <span class='ocrx_word' id='word_1_621' title='bbox 2179 2065 2332 2135; x_wconf 91' lang='lat' dir='ltr'><strong>quasi</strong></span> <span class='ocrx_word' id='word_1_622' title='bbox 2372 2079 2631 2121; x_wconf 90' lang='lat' dir='ltr'><strong>concusso</strong></span> <span class='ocrx_word' id='word_1_623' title='bbox 2668 2066 2887 2123; x_wconf 91' lang='lat' dir='ltr'><strong>vulnere</strong></span> <span class='ocrx_word' id='word_1_624' title='bbox 2928 2068 3195 2138; x_wconf 90' lang='lat' dir='ltr'><strong>repellens</strong></span> <span class='ocrx_word' id='word_1_625' title='bbox 3233 2069 3395 2127; x_wconf 84' lang='lat' dir='ltr'><strong>verba</strong></span> 
     </span>
    </p>
   </div>
   <div class='ocr_carea' id='block_1_82' title="bbox 1814 2153 3396 2232">
    <p class='ocr_par' dir='ltr' id='par_1_82' title="bbox 1814 2153 3396 2232">
     <span class='ocr_line' id='line_1_82' title="bbox 1814 2153 3396 2232; baseline 0.004 -22"><span class='ocrx_word' id='word_1_626' title='bbox 1814 2153 1953 2210; x_wconf 88' lang='lat' dir='ltr'><strong>bene</strong></span> <span class='ocrx_word' id='word_1_627' title='bbox 1982 2154 2281 2222; x_wconf 88' lang='lat' dir='ltr'><strong>suadentis,</strong></span> <span class='ocrx_word' id='word_1_628' title='bbox 2318 2164 2565 2228; x_wconf 89' lang='lat' dir='ltr'><strong>tanquam</strong></span> <span class='ocrx_word' id='word_1_629' title='bbox 2605 2172 2819 2213; x_wconf 90' lang='lat' dir='ltr'><strong>manum</strong></span> <span class='ocrx_word' id='word_1_630' title='bbox 2862 2158 3137 2214; x_wconf 83' lang='lat' dir='ltr'><strong>solventis.</strong></span> <span class='ocrx_word' id='word_1_631' title='bbox 3176 2158 3396 2232; x_wconf 83' lang='lat' dir='ltr'><strong>insuper</strong></span> 
     </span>
    </p>
   </div>
   <div class='ocr_carea' id='block_1_83' title="bbox 1814 2247 3393 2322">
    <p class='ocr_par' dir='ltr' id='par_1_83' title="bbox 1814 2247 3393 2322">
     <span class='ocr_line' id='line_1_83' title="bbox 1814 2247 3393 2322; baseline 0.003 -19"><span class='ocrx_word' id='word_1_632' title='bbox 1814 2247 1973 2303; x_wconf 89' lang='lat' dir='ltr'><strong>etiam</strong></span> <span class='ocrx_word' id='word_1_633' title='bbox 2004 2262 2101 2317; x_wconf 91' lang='lat' dir='ltr'><strong>per</strong></span> <span class='ocrx_word' id='word_1_634' title='bbox 2126 2262 2212 2304; x_wconf 88' lang='lat' dir='ltr'><strong>me</strong></span> <span class='ocrx_word' id='word_1_635' title='bbox 2238 2248 2339 2319; x_wconf 83' lang='lat' dir='ltr'><strong>ipsi</strong></span> <span class='ocrx_word' id='word_1_636' title='bbox 2363 2263 2572 2319; x_wconf 88' lang='lat' dir='ltr'><strong>quoque</strong></span> <span class='ocrx_word' id='word_1_637' title='bbox 2593 2249 2784 2320; x_wconf 85' lang='lat' dir='ltr'><strong>Alypio</strong></span> <span class='ocrx_word' id='word_1_638' title='bbox 2809 2249 3123 2320; x_wconf 89' lang='lat' dir='ltr'><strong>loquebatur</strong></span> <span class='ocrx_word' id='word_1_639' title='bbox 3149 2267 3393 2322; x_wconf 88' lang='lat' dir='ltr'><strong>serpens,</strong></span> 
     </span>
    </p>
   </div>
   <div class='ocr_carea' id='block_1_84' title="bbox 1815 2340 3397 2414">
    <p class='ocr_par' dir='ltr' id='par_1_84' title="bbox 1815 2340 3397 2414">
     <span class='ocr_line' id='line_1_84' title="bbox 1815 2340 3397 2414; baseline 0.003 -18"><span class='ocrx_word' id='word_1_640' title='bbox 1815 2349 1869 2396; x_wconf 91' lang='lat' dir='ltr'><strong>et</strong></span> <span class='ocrx_word' id='word_1_641' title='bbox 1896 2340 2199 2396; x_wconf 88' lang='lat' dir='ltr'><strong>innectebat</strong></span> <span class='ocrx_word' id='word_1_642' title='bbox 2222 2350 2379 2413; x_wconf 86' lang='lat' dir='ltr'><strong>atque</strong></span> <span class='ocrx_word' id='word_1_643' title='bbox 2403 2342 2683 2414; x_wconf 87' lang='lat' dir='ltr'><strong>spargebat</strong></span> <span class='ocrx_word' id='word_1_644' title='bbox 2705 2358 2799 2413; x_wconf 88' lang='lat' dir='ltr'><strong>per</strong></span> <span class='ocrx_word' id='word_1_645' title='bbox 2823 2342 3053 2414; x_wconf 89' lang='lat' dir='ltr'><strong>linguam</strong></span> <span class='ocrx_word' id='word_1_646' title='bbox 3084 2358 3258 2400; x_wconf 88' lang='lat' dir='ltr'><strong>meam</strong></span> <span class='ocrx_word' id='word_1_647' title='bbox 3277 2342 3397 2401; x_wconf 82' lang='lat' dir='ltr'><strong>dul-</strong></span> 
     </span>
    </p>
   </div>
   <div class='ocr_carea' id='block_1_85' title="bbox 1815 2433 3397 2511">
    <p class='ocr_par' dir='ltr' id='par_1_85' title="bbox 1815 2433 3397 2511">
     <span class='ocr_line' id='line_1_85' title="bbox 1815 2433 3397 2511; baseline 0.004 -22"><span class='ocrx_word' id='word_1_648' title='bbox 1815 2446 1907 2489; x_wconf 88' lang='lat' dir='ltr'><strong>ces</strong></span> <span class='ocrx_word' id='word_1_649' title='bbox 1933 2433 2149 2504; x_wconf 90' lang='lat' dir='ltr'><strong>laqueos</strong></span> <span class='ocrx_word' id='word_1_650' title='bbox 2175 2434 2227 2488; x_wconf 93' lang='lat' dir='ltr'><strong>in</strong></span> <span class='ocrx_word' id='word_1_651' title='bbox 2248 2433 2332 2489; x_wconf 90' lang='lat' dir='ltr'><strong>via</strong></span> <span class='ocrx_word' id='word_1_652' title='bbox 2356 2434 2473 2505; x_wconf 90' lang='lat' dir='ltr'><strong>ejus</strong></span> <span class='ocrx_word' id='word_1_653' title='bbox 2487 2478 2502 2503; x_wconf 93' lang='lat'><strong>,</strong></span> <span class='ocrx_word' id='word_1_654' title='bbox 2525 2435 2716 2506; x_wconf 89' lang='lat' dir='ltr'><strong>quibus</strong></span> <span class='ocrx_word' id='word_1_655' title='bbox 2744 2435 2821 2492; x_wconf 93' lang='lat' dir='ltr'><strong>illi</strong></span> <span class='ocrx_word' id='word_1_656' title='bbox 2846 2434 3056 2494; x_wconf 88' lang='lat' dir='ltr'><strong>honesti</strong></span> <span class='ocrx_word' id='word_1_657' title='bbox 3083 2445 3138 2495; x_wconf 90' lang='lat' dir='ltr'><strong>et</strong></span> <span class='ocrx_word' id='word_1_658' title='bbox 3161 2436 3397 2511; x_wconf 79' lang='lat' dir='ltr'><strong>expediti</strong></span> 
     </span>
    </p>
   </div>
   <div class='ocr_carea' id='block_1_86' title="bbox 1817 2524 3407 2596">
    <p class='ocr_par' dir='ltr' id='par_1_86' title="bbox 1817 2524 3407 2596">
     <span class='ocr_line' id='line_1_86' title="bbox 1817 2524 3407 2596; baseline 0.003 -17"><span class='ocrx_word' id='word_1_659' title='bbox 1817 2524 1980 2595; x_wconf 88' lang='lat' dir='ltr'><strong>pedes</strong></span> <span class='ocrx_word' id='word_1_660' title='bbox 2006 2525 2422 2596; x_wconf 87' lang='lat' dir='ltr'><strong>implicarentur.</strong></span> <span class='ocrx_word' id='word_1_661' title='bbox 3397 2532 3407 2546; x_wconf 91' lang='lat'>&#39;</span> 
     </span>
    </p>
   </div>
   <div class='ocr_carea' id='block_1_87' title="bbox 1887 2615 3399 2696">
    <p class='ocr_par' dir='ltr' id='par_1_87' title="bbox 1887 2615 3399 2696">
     <span class='ocr_line' id='line_1_87' title="bbox 1887 2615 3399 2696; baseline 0.007 -25"><span class='ocrx_word' id='word_1_662' title='bbox 1887 2616 1980 2672; x_wconf 74' lang='lat'><strong>22.</strong></span> <span class='ocrx_word' id='word_1_663' title='bbox 2020 2615 2153 2674; x_wconf 88' lang='lat' dir='ltr'><strong>Cum</strong></span> <span class='ocrx_word' id='word_1_664' title='bbox 2182 2619 2325 2675; x_wconf 90' lang='lat' dir='ltr'><strong>enim</strong></span> <span class='ocrx_word' id='word_1_665' title='bbox 2347 2635 2434 2675; x_wconf 90' lang='lat' dir='ltr'><strong>me</strong></span> <span class='ocrx_word' id='word_1_666' title='bbox 2463 2618 2552 2676; x_wconf 91' lang='lat' dir='ltr'><strong>ille</strong></span> <span class='ocrx_word' id='word_1_667' title='bbox 2579 2620 2884 2690; x_wconf 87' lang='lat' dir='ltr'><strong>miraretur,</strong></span> <span class='ocrx_word' id='word_1_668' title='bbox 2906 2638 3065 2694; x_wconf 91' lang='lat' dir='ltr'><strong>quem</strong></span> <span class='ocrx_word' id='word_1_669' title='bbox 3091 2638 3198 2680; x_wconf 91' lang='lat' dir='ltr'><strong>non</strong></span> <span class='ocrx_word' id='word_1_670' title='bbox 3226 2623 3399 2696; x_wconf 87' lang='lat' dir='ltr'><strong>parvi-</strong></span> 
     </span>
    </p>
   </div>
   <div class='ocr_carea' id='block_1_88' title="bbox 1818 2709 3401 2787">
    <p class='ocr_par' dir='ltr' id='par_1_88' title="bbox 1818 2709 3401 2787">
     <span class='ocr_line' id='line_1_88' title="bbox 1818 2709 3401 2787; baseline 0.006 -22"><span class='ocrx_word' id='word_1_671' title='bbox 1818 2709 2105 2782; x_wconf 87' lang='lat' dir='ltr'><strong>pendcret,</strong></span> <span class='ocrx_word' id='word_1_672' title='bbox 2136 2710 2206 2766; x_wconf 89' lang='lat' dir='ltr'><strong>ita</strong></span> <span class='ocrx_word' id='word_1_673' title='bbox 2234 2710 2440 2767; x_wconf 61' lang='lat' dir='ltr'><strong>haerere</strong></span> <span class='ocrx_word' id='word_1_674' title='bbox 2462 2712 2608 2770; x_wconf 86' lang='lat' dir='ltr'><strong>visco</strong></span> <span class='ocrx_word' id='word_1_675' title='bbox 2633 2714 2774 2770; x_wconf 90' lang='lat' dir='ltr'><strong>illius</strong></span> <span class='ocrx_word' id='word_1_676' title='bbox 2797 2715 3100 2787; x_wconf 90' lang='lat' dir='ltr'><strong>voluptatis,</strong></span> <span class='ocrx_word' id='word_1_677' title='bbox 3124 2726 3182 2774; x_wconf 92' lang='lat' dir='ltr'><strong>ut</strong></span> <span class='ocrx_word' id='word_1_678' title='bbox 3205 2733 3293 2775; x_wconf 90' lang='lat' dir='ltr'><strong>me</strong></span> <span class='ocrx_word' id='word_1_679' title='bbox 3318 2719 3401 2775; x_wconf 79' lang='lat' dir='ltr'><strong>af—</strong></span> 
     </span>
    </p>
   </div>
   <div class='ocr_carea' id='block_1_89' title="bbox 1820 2801 3397 2882">
    <p class='ocr_par' dir='ltr' id='par_1_89' title="bbox 1820 2801 3397 2882">
     <span class='ocr_line' id='line_1_89' title="bbox 1820 2801 3397 2882; baseline 0.008 -25"><span class='ocrx_word' id='word_1_680' title='bbox 1820 2801 2111 2867; x_wconf 83' lang='lat' dir='ltr'><strong>ﬁrmarem,</strong></span> <span class='ocrx_word' id='word_1_681' title='bbox 2135 2807 2571 2877; x_wconf 88' lang='lat' dir='ltr'><strong>quotiescumque</strong></span> <span class='ocrx_word' id='word_1_682' title='bbox 2592 2806 2715 2863; x_wconf 90' lang='lat' dir='ltr'><strong>inde</strong></span> <span class='ocrx_word' id='word_1_683' title='bbox 2737 2807 2875 2864; x_wconf 90' lang='lat' dir='ltr'><strong>inter</strong></span> <span class='ocrx_word' id='word_1_684' title='bbox 2899 2824 2996 2864; x_wconf 92' lang='lat' dir='ltr'><strong>nos</strong></span> <span class='ocrx_word' id='word_1_685' title='bbox 3015 2825 3397 2882; x_wconf 70' lang='lat' dir='ltr'><strong>quaereremus,</strong></span> 
     </span>
    </p>
   </div>
   <div class='ocr_carea' id='block_1_90' title="bbox 1819 2894 3398 2973">
    <p class='ocr_par' dir='ltr' id='par_1_90' title="bbox 1819 2894 3398 2973">
     <span class='ocr_line' id='line_1_90' title="bbox 1819 2894 3398 2973; baseline 0.006 -23"><span class='ocrx_word' id='word_1_686' title='bbox 1819 2894 2059 2951; x_wconf 63' lang='lat' dir='ltr'><strong>caelibem</strong></span> <span class='ocrx_word' id='word_1_687' title='bbox 2086 2895 2249 2949; x_wconf 88' lang='lat' dir='ltr'><strong>vitam</strong></span> <span class='ocrx_word' id='word_1_688' title='bbox 2287 2895 2431 2950; x_wconf 88' lang='lat' dir='ltr'><strong>nullo</strong></span> <span class='ocrx_word' id='word_1_689' title='bbox 2472 2896 2633 2952; x_wconf 91' lang='lat' dir='ltr'><strong>modo</strong></span> <span class='ocrx_word' id='word_1_690' title='bbox 2671 2913 2828 2969; x_wconf 91' lang='lat' dir='ltr'><strong>posse</strong></span> <span class='ocrx_word' id='word_1_691' title='bbox 2866 2898 3095 2971; x_wconf 87' lang='lat' dir='ltr'><strong>degere;</strong></span> <span class='ocrx_word' id='word_1_692' title='bbox 3125 2908 3283 2973; x_wconf 88' lang='lat' dir='ltr'><strong>atque</strong></span> <span class='ocrx_word' id='word_1_693' title='bbox 3324 2902 3398 2960; x_wconf 90' lang='lat' dir='ltr'><strong>ita</strong></span> 
     </span>
    </p>
   </div>
   <div class='ocr_carea' id='block_1_91' title="bbox 1821 2986 3404 3062">
    <p class='ocr_par' dir='ltr' id='par_1_91' title="bbox 1821 2986 3404 3062">
     <span class='ocr_line' id='line_1_91' title="bbox 1821 2986 3404 3062; baseline 0.004 -18"><span class='ocrx_word' id='word_1_694' title='bbox 1821 3003 1908 3044; x_wconf 89' lang='lat' dir='ltr'><strong>me</strong></span> <span class='ocrx_word' id='word_1_695' title='bbox 1948 2986 2328 3056; x_wconf 87' lang='lat' dir='ltr'><strong>defenderem,</strong></span> <span class='ocrx_word' id='word_1_696' title='bbox 2368 3004 2491 3044; x_wconf 91' lang='lat' dir='ltr'><strong>cum</strong></span> <span class='ocrx_word' id='word_1_697' title='bbox 2531 2989 2678 3045; x_wconf 90' lang='lat' dir='ltr'><strong>illum</strong></span> <span class='ocrx_word' id='word_1_698' title='bbox 2714 2991 2996 3048; x_wconf 89' lang='lat' dir='ltr'><strong>mirantem</strong></span> <span class='ocrx_word' id='word_1_699' title='bbox 3043 2992 3314 3062; x_wconf 88' lang='lat' dir='ltr'><strong>viderem,</strong></span> <span class='ocrx_word' id='word_1_700' title='bbox 3344 3004 3404 3052; x_wconf 91' lang='lat' dir='ltr'><strong>ut</strong></span> 
     </span>
    </p>
   </div>
   <div class='ocr_carea' id='block_1_92' title="bbox 1820 3079 3403 3158">
    <p class='ocr_par' dir='ltr' id='par_1_92' title="bbox 1820 3079 3403 3158">
     <span class='ocr_line' id='line_1_92' title="bbox 1820 3079 3403 3158; baseline 0.006 -24"><span class='ocrx_word' id='word_1_701' title='bbox 1820 3079 2056 3139; x_wconf 87' lang='lat' dir='ltr'><strong>dicerem</strong></span> <span class='ocrx_word' id='word_1_702' title='bbox 2077 3080 2299 3135; x_wconf 92' lang='lat' dir='ltr'><strong>multum</strong></span> <span class='ocrx_word' id='word_1_703' title='bbox 2327 3080 2586 3137; x_wconf 89' lang='lat' dir='ltr'><strong>interesse</strong></span> <span class='ocrx_word' id='word_1_704' title='bbox 2609 3082 2748 3140; x_wconf 92' lang='lat' dir='ltr'><strong>inter</strong></span> <span class='ocrx_word' id='word_1_705' title='bbox 2769 3083 2898 3139; x_wconf 92' lang='lat' dir='ltr'><strong>illud</strong></span> <span class='ocrx_word' id='word_1_706' title='bbox 2911 3084 3053 3157; x_wconf 88' lang='lat' dir='ltr'><strong>quod</strong></span> <span class='ocrx_word' id='word_1_707' title='bbox 3075 3085 3189 3156; x_wconf 89' lang='lat' dir='ltr'><strong>ipse</strong></span> <span class='ocrx_word' id='word_1_708' title='bbox 3207 3086 3403 3158; x_wconf 87' lang='lat' dir='ltr'><strong>raptim</strong></span> 
     </span>
    </p>
   </div>
   <div class='ocr_carea' id='block_1_93' title="bbox 1821 3169 3402 3245">
    <p class='ocr_par' dir='ltr' id='par_1_93' title="bbox 1821 3169 3402 3245">
     <span class='ocr_line' id='line_1_93' title="bbox 1821 3169 3402 3245; baseline 0.006 -21"><span class='ocrx_word' id='word_1_709' title='bbox 1821 3180 1875 3225; x_wconf 89' lang='lat' dir='ltr'><strong>et</strong></span> <span class='ocrx_word' id='word_1_710' title='bbox 1900 3169 2081 3225; x_wconf 90' lang='lat' dir='ltr'><strong>furtim</strong></span> <span class='ocrx_word' id='word_1_711' title='bbox 2110 3178 2361 3241; x_wconf 84' lang='lat' dir='ltr'><strong>expertus</strong></span> <span class='ocrx_word' id='word_1_712' title='bbox 2386 3179 2550 3241; x_wconf 90' lang='lat' dir='ltr'><strong>esset,</strong></span> <span class='ocrx_word' id='word_1_713' title='bbox 2572 3172 2713 3244; x_wconf 88' lang='lat' dir='ltr'><strong>quod</strong></span> <span class='ocrx_word' id='word_1_714' title='bbox 2736 3189 2874 3244; x_wconf 90' lang='lat' dir='ltr'><strong>pene</strong></span> <span class='ocrx_word' id='word_1_715' title='bbox 2896 3176 3009 3245; x_wconf 89' lang='lat' dir='ltr'><strong>jam</strong></span> <span class='ocrx_word' id='word_1_716' title='bbox 3034 3190 3101 3231; x_wconf 92' lang='lat' dir='ltr'><strong>ne</strong></span> <span class='ocrx_word' id='word_1_717' title='bbox 3125 3176 3402 3233; x_wconf 83' lang='lat' dir='ltr'><strong>meminis-</strong></span> 
     </span>
    </p>
   </div>
   <div class='ocr_carea' id='block_1_94' title="bbox 1821 3261 3402 3335">
    <p class='ocr_par' dir='ltr' id='par_1_94' title="bbox 1821 3261 3402 3335">
     <span class='ocr_line' id='line_1_94' title="bbox 1821 3261 3402 3335; baseline 0.005 -17"><span class='ocrx_word' id='word_1_718' title='bbox 1821 3270 1904 3318; x_wconf 89' lang='lat' dir='ltr'><strong>set</strong></span> <span class='ocrx_word' id='word_1_719' title='bbox 1931 3261 2180 3333; x_wconf 88' lang='lat' dir='ltr'><strong>quidem,</strong></span> <span class='ocrx_word' id='word_1_720' title='bbox 2212 3272 2369 3335; x_wconf 90' lang='lat' dir='ltr'><strong>atque</strong></span> <span class='ocrx_word' id='word_1_721' title='bbox 2417 3263 2538 3319; x_wconf 91' lang='lat' dir='ltr'><strong>ideo</strong></span> <span class='ocrx_word' id='word_1_722' title='bbox 2584 3265 2727 3321; x_wconf 90' lang='lat' dir='ltr'><strong>nulla</strong></span> <span class='ocrx_word' id='word_1_723' title='bbox 2764 3266 3009 3323; x_wconf 87' lang='lat' dir='ltr'><strong>molestia</strong></span> <span class='ocrx_word' id='word_1_724' title='bbox 3036 3266 3189 3325; x_wconf 86' lang='lat' dir='ltr'><strong>facile</strong></span> <span class='ocrx_word' id='word_1_725' title='bbox 3213 3278 3402 3326; x_wconf 84' lang='lat' dir='ltr'><strong>conte-</strong></span> 
     </span>
    </p>
   </div>
   <div class='ocr_carea' id='block_1_95' title="bbox 1821 3352 3406 3431">
    <p class='ocr_par' dir='ltr' id='par_1_95' title="bbox 1821 3352 3406 3431">
     <span class='ocr_line' id='line_1_95' title="bbox 1821 3352 3406 3431; baseline 0.006 -22"><span class='ocrx_word' id='word_1_726' title='bbox 1821 3364 2050 3421; x_wconf 89' lang='lat' dir='ltr'><strong>mneret,</strong></span> <span class='ocrx_word' id='word_1_727' title='bbox 2065 3362 2118 3409; x_wconf 91' lang='lat' dir='ltr'><strong>et</strong></span> <span class='ocrx_word' id='word_1_728' title='bbox 2141 3352 2520 3410; x_wconf 88' lang='lat' dir='ltr'><strong>delectationes</strong></span> <span class='ocrx_word' id='word_1_729' title='bbox 2536 3355 2937 3413; x_wconf 87' lang='lat' dir='ltr'><strong>consuetudinis</strong></span> <span class='ocrx_word' id='word_1_730' title='bbox 2957 3372 3113 3427; x_wconf 65' lang='lat' dir='ltr'><strong>mem,</strong></span> <span class='ocrx_word' id='word_1_731' title='bbox 3126 3357 3193 3414; x_wconf 89' lang='lat' dir='ltr'><strong>ad</strong></span> <span class='ocrx_word' id='word_1_732' title='bbox 3208 3374 3344 3431; x_wconf 90' lang='lat' dir='ltr'><strong>quas</strong></span> <span class='ocrx_word' id='word_1_733' title='bbox 3358 3360 3406 3418; x_wconf 89' lang='lat' dir='ltr'><strong>si</strong></span> 
     </span>
    </p>
   </div>
   <div class='ocr_carea' id='block_1_96' title="bbox 1822 3445 3406 3521">
    <p class='ocr_par' dir='ltr' id='par_1_96' title="bbox 1822 3445 3406 3521">
     <span class='ocr_line' id='line_1_96' title="bbox 1822 3445 3406 3521; baseline 0.006 -20"><span class='ocrx_word' id='word_1_734' title='bbox 1822 3446 2141 3503; x_wconf 89' lang='lat' dir='ltr'><strong>accessisset</strong></span> <span class='ocrx_word' id='word_1_735' title='bbox 2185 3445 2469 3503; x_wconf 88' lang='lat' dir='ltr'><strong>honestum</strong></span> <span class='ocrx_word' id='word_1_736' title='bbox 2506 3462 2701 3505; x_wconf 88' lang='lat' dir='ltr'><strong>nomen</strong></span> <span class='ocrx_word' id='word_1_737' title='bbox 2742 3451 3064 3508; x_wconf 83' lang='lat' dir='ltr'><strong>matrimonii</strong></span> <span class='ocrx_word' id='word_1_738' title='bbox 3083 3493 3099 3521; x_wconf 92' lang='lat'><strong>,</strong></span> <span class='ocrx_word' id='word_1_739' title='bbox 3139 3467 3246 3509; x_wconf 89' lang='lat' dir='ltr'><strong>non</strong></span> <span class='ocrx_word' id='word_1_740' title='bbox 3281 3467 3406 3510; x_wconf 90' lang='lat' dir='ltr'><strong>eum</strong></span> 
     </span>
    </p>
   </div>
   <div class='ocr_carea' id='block_1_97' title="bbox 1822 3540 3405 3618">
    <p class='ocr_par' dir='ltr' id='par_1_97' title="bbox 1822 3540 3405 3618">
     <span class='ocr_line' id='line_1_97' title="bbox 1822 3540 3405 3618; baseline 0.005 -22"><span class='ocrx_word' id='word_1_741' title='bbox 1822 3540 2005 3597; x_wconf 88' lang='lat' dir='ltr'><strong>mirari</strong></span> <span class='ocrx_word' id='word_1_742' title='bbox 2034 3548 2315 3612; x_wconf 89' lang='lat' dir='ltr'><strong>oportere,</strong></span> <span class='ocrx_word' id='word_1_743' title='bbox 2344 3556 2440 3597; x_wconf 89' lang='lat' dir='ltr'><strong>cur</strong></span> <span class='ocrx_word' id='word_1_744' title='bbox 2465 3556 2564 3613; x_wconf 79' lang='lat' dir='ltr'><strong>ego</strong></span> <span class='ocrx_word' id='word_1_745' title='bbox 2591 3543 2736 3599; x_wconf 89' lang='lat' dir='ltr'><strong>illam</strong></span> <span class='ocrx_word' id='word_1_746' title='bbox 2763 3543 2926 3600; x_wconf 88' lang='lat' dir='ltr'><strong>vitam</strong></span> <span class='ocrx_word' id='word_1_747' title='bbox 2956 3546 3231 3617; x_wconf 89' lang='lat' dir='ltr'><strong>nequirem</strong></span> <span class='ocrx_word' id='word_1_748' title='bbox 3254 3560 3405 3618; x_wconf 86' lang='lat' dir='ltr'><strong>sper-</strong></span> 
     </span>
    </p>
   </div>
   <div class='ocr_carea' id='block_1_98' title="bbox 1821 3631 3406 3709">
    <p class='ocr_par' dir='ltr' id='par_1_98' title="bbox 1821 3631 3406 3709">
     <span class='ocr_line' id='line_1_98' title="bbox 1821 3631 3406 3709; baseline 0.004 -23"><span class='ocrx_word' id='word_1_749' title='bbox 1821 3645 1953 3687; x_wconf 89' lang='lat' dir='ltr'><strong>nere</strong></span> <span class='ocrx_word' id='word_1_750' title='bbox 1978 3649 1992 3684; x_wconf 91' lang='lat'><strong>:</strong></span> <span class='ocrx_word' id='word_1_751' title='bbox 2019 3639 2257 3701; x_wconf 63' lang='lat' dir='ltr'><strong>coeperat</strong></span> <span class='ocrx_word' id='word_1_752' title='bbox 2285 3640 2340 3687; x_wconf 92' lang='lat' dir='ltr'><strong>et</strong></span> <span class='ocrx_word' id='word_1_753' title='bbox 2367 3631 2482 3701; x_wconf 90' lang='lat' dir='ltr'><strong>ipse</strong></span> <span class='ocrx_word' id='word_1_754' title='bbox 2506 3631 2812 3689; x_wconf 89' lang='lat' dir='ltr'><strong>desiderare</strong></span> <span class='ocrx_word' id='word_1_755' title='bbox 2839 3634 3141 3707; x_wconf 90' lang='lat' dir='ltr'><strong>coujugium</strong></span> <span class='ocrx_word' id='word_1_756' title='bbox 3157 3678 3173 3705; x_wconf 94' lang='lat'><strong>,</strong></span> <span class='ocrx_word' id='word_1_757' title='bbox 3204 3651 3406 3709; x_wconf 87' lang='lat' dir='ltr'><strong>nequa-</strong></span> 
     </span>
    </p>
   </div>
   <div class='ocr_carea' id='block_1_99' title="bbox 1822 3720 3404 3795">
    <p class='ocr_par' dir='ltr' id='par_1_99' title="bbox 1822 3720 3404 3795">
     <span class='ocr_line' id='line_1_99' title="bbox 1822 3720 3404 3795; baseline 0.006 -19"><span class='ocrx_word' id='word_1_758' title='bbox 1822 3737 1980 3792; x_wconf 86' lang='lat' dir='ltr'><strong>quam</strong></span> <span class='ocrx_word' id='word_1_759' title='bbox 2010 3722 2182 3777; x_wconf 89' lang='lat' dir='ltr'><strong>victus</strong></span> <span class='ocrx_word' id='word_1_760' title='bbox 2210 3720 2431 3778; x_wconf 90' lang='lat' dir='ltr'><strong>libidine</strong></span> <span class='ocrx_word' id='word_1_761' title='bbox 2462 3722 2581 3779; x_wconf 89' lang='lat' dir='ltr'><strong>talis</strong></span> <span class='ocrx_word' id='word_1_762' title='bbox 2602 3724 2918 3795; x_wconf 87' lang='lat' dir='ltr'><strong>voluptatis,</strong></span> <span class='ocrx_word' id='word_1_763' title='bbox 2941 3725 3035 3783; x_wconf 90' lang='lat' dir='ltr'><strong>sed</strong></span> <span class='ocrx_word' id='word_1_764' title='bbox 3063 3727 3404 3786; x_wconf 88' lang='lat' dir='ltr'><strong>curiositatis.</strong></span> 
     </span>
    </p>
   </div>
   <div class='ocr_carea' id='block_1_100' title="bbox 1823 3813 3404 3887">
    <p class='ocr_par' dir='ltr' id='par_1_100' title="bbox 1823 3813 3404 3887">
     <span class='ocr_line' id='line_1_100' title="bbox 1823 3813 3404 3887; baseline 0.006 -20"><span class='ocrx_word' id='word_1_765' title='bbox 1823 3813 2044 3869; x_wconf 87' lang='lat' dir='ltr'><strong>Dicebat</strong></span> <span class='ocrx_word' id='word_1_766' title='bbox 2072 3814 2216 3868; x_wconf 90' lang='lat' dir='ltr'><strong>enim</strong></span> <span class='ocrx_word' id='word_1_767' title='bbox 2258 3813 2399 3869; x_wconf 90' lang='lat' dir='ltr'><strong>scire</strong></span> <span class='ocrx_word' id='word_1_768' title='bbox 2433 3829 2493 3871; x_wconf 90' lang='lat' dir='ltr'><strong>se</strong></span> <span class='ocrx_word' id='word_1_769' title='bbox 2530 3829 2728 3885; x_wconf 88' lang='lat' dir='ltr'><strong>cupere</strong></span> <span class='ocrx_word' id='word_1_770' title='bbox 2764 3816 3015 3887; x_wconf 88' lang='lat' dir='ltr'><strong>quidnam</strong></span> <span class='ocrx_word' id='word_1_771' title='bbox 3054 3828 3195 3875; x_wconf 86' lang='lat' dir='ltr'><strong>esset</strong></span> <span class='ocrx_word' id='word_1_772' title='bbox 3241 3820 3404 3886; x_wconf 89' lang='lat' dir='ltr'><strong>illud,</strong></span> 
     </span>
    </p>
   </div>
   <div class='ocr_carea' id='block_1_101' title="bbox 1822 3904 3406 3982">
    <p class='ocr_par' dir='ltr' id='par_1_101' title="bbox 1822 3904 3406 3982">
     <span class='ocr_line' id='line_1_101' title="bbox 1822 3904 3406 3982; baseline 0.004 -22"><span class='ocrx_word' id='word_1_773' title='bbox 1822 3905 1939 3960; x_wconf 90' lang='lat' dir='ltr'><strong>sine</strong></span> <span class='ocrx_word' id='word_1_774' title='bbox 1966 3920 2071 3975; x_wconf 91' lang='lat' dir='ltr'><strong>quo</strong></span> <span class='ocrx_word' id='word_1_775' title='bbox 2091 3904 2197 3960; x_wconf 90' lang='lat' dir='ltr'><strong>vita</strong></span> <span class='ocrx_word' id='word_1_776' title='bbox 2223 3920 2343 3961; x_wconf 88' lang='lat' dir='ltr'><strong>mea</strong></span> <span class='ocrx_word' id='word_1_777' title='bbox 2369 3920 2488 3976; x_wconf 73' lang='lat' dir='ltr'><strong>qua:</strong></span> <span class='ocrx_word' id='word_1_778' title='bbox 2514 3906 2588 3961; x_wconf 93' lang='lat' dir='ltr'><strong>illi</strong></span> <span class='ocrx_word' id='word_1_779' title='bbox 2614 3907 2692 3962; x_wconf 92' lang='lat' dir='ltr'><strong>sic</strong></span> <span class='ocrx_word' id='word_1_780' title='bbox 2712 3908 2972 3978; x_wconf 88' lang='lat' dir='ltr'><strong>placebat,</strong></span> <span class='ocrx_word' id='word_1_781' title='bbox 2993 3924 3098 3965; x_wconf 90' lang='lat' dir='ltr'><strong>non</strong></span> <span class='ocrx_word' id='word_1_782' title='bbox 3125 3909 3257 3966; x_wconf 91' lang='lat' dir='ltr'><strong>mihi</strong></span> <span class='ocrx_word' id='word_1_783' title='bbox 3277 3912 3406 3982; x_wconf 88' lang='lat' dir='ltr'><strong>vita,</strong></span> 
     </span>
    </p>
   </div>
   <div class='ocr_carea' id='block_1_102' title="bbox 1823 3996 3407 4069">
    <p class='ocr_par' dir='ltr' id='par_1_102' title="bbox 1823 3996 3407 4069">
     <span class='ocr_line' id='line_1_102' title="bbox 1823 3996 3407 4069; baseline 0.004 -16"><span class='ocrx_word' id='word_1_784' title='bbox 1823 3997 1917 4053; x_wconf 85' lang='lat' dir='ltr'><strong>sed</strong></span> <span class='ocrx_word' id='word_1_785' title='bbox 1947 4013 2103 4068; x_wconf 60' lang='lat' dir='ltr'><strong>paena</strong></span> <span class='ocrx_word' id='word_1_786' title='bbox 2137 3996 2423 4053; x_wconf 88' lang='lat' dir='ltr'><strong>videretur.</strong></span> <span class='ocrx_word' id='word_1_787' title='bbox 2454 3997 2714 4069; x_wconf 89' lang='lat' dir='ltr'><strong>Stupebat</strong></span> <span class='ocrx_word' id='word_1_788' title='bbox 2740 4000 2882 4056; x_wconf 89' lang='lat' dir='ltr'><strong>enim</strong></span> <span class='ocrx_word' id='word_1_789' title='bbox 2913 4001 3050 4058; x_wconf 90' lang='lat' dir='ltr'><strong>liber</strong></span> <span class='ocrx_word' id='word_1_790' title='bbox 3075 4002 3144 4057; x_wconf 87' lang='lat' dir='ltr'><strong>ab</strong></span> <span class='ocrx_word' id='word_1_791' title='bbox 3170 4002 3263 4059; x_wconf 92' lang='lat' dir='ltr'><strong>illo</strong></span> <span class='ocrx_word' id='word_1_792' title='bbox 3286 4004 3407 4061; x_wconf 83' lang='lat' dir='ltr'><strong>vin-</strong></span> 
     </span>
    </p>
   </div>
   <div class='ocr_carea' id='block_1_103' title="bbox 1822 4089 3406 4162">
    <p class='ocr_par' dir='ltr' id='par_1_103' title="bbox 1822 4089 3406 4162">
     <span class='ocr_line' id='line_1_103' title="bbox 1822 4089 3406 4162; baseline 0.003 -16"><span class='ocrx_word' id='word_1_793' title='bbox 1822 4089 1942 4146; x_wconf 86' lang='lat' dir='ltr'><strong>culo</strong></span> <span class='ocrx_word' id='word_1_794' title='bbox 1956 4090 2167 4145; x_wconf 90' lang='lat' dir='ltr'><strong>animus</strong></span> <span class='ocrx_word' id='word_1_795' title='bbox 2182 4090 2492 4146; x_wconf 90' lang='lat' dir='ltr'><strong>servitutem</strong></span> <span class='ocrx_word' id='word_1_796' title='bbox 2520 4105 2716 4159; x_wconf 89' lang='lat' dir='ltr'><strong>meam,</strong></span> <span class='ocrx_word' id='word_1_797' title='bbox 2736 4099 2792 4147; x_wconf 92' lang='lat' dir='ltr'><strong>et</strong></span> <span class='ocrx_word' id='word_1_798' title='bbox 2810 4092 3074 4162; x_wconf 82' lang='lat' dir='ltr'><strong>stupende</strong></span> <span class='ocrx_word' id='word_1_799' title='bbox 3094 4092 3202 4149; x_wconf 89' lang='lat' dir='ltr'><strong>ibat</strong></span> <span class='ocrx_word' id='word_1_800' title='bbox 3228 4093 3283 4149; x_wconf 92' lang='lat' dir='ltr'><strong>in</strong></span> <span class='ocrx_word' id='word_1_801' title='bbox 3309 4108 3406 4151; x_wconf 82' lang='lat' dir='ltr'><strong>ex-</strong></span> 
     </span>
    </p>
   </div>
   <div class='ocr_carea' id='block_1_104' title="bbox 1824 4179 3403 4255">
    <p class='ocr_par' dir='ltr' id='par_1_104' title="bbox 1824 4179 3403 4255">
     <span class='ocr_line' id='line_1_104' title="bbox 1824 4179 3403 4255; baseline 0.002 -18"><span class='ocrx_word' id='word_1_802' title='bbox 1824 4180 2064 4253; x_wconf 88' lang='lat' dir='ltr'><strong>periendi</strong></span> <span class='ocrx_word' id='word_1_803' title='bbox 2089 4179 2413 4251; x_wconf 88' lang='lat' dir='ltr'><strong>cupidinem,</strong></span> <span class='ocrx_word' id='word_1_804' title='bbox 2441 4189 2696 4237; x_wconf 87' lang='lat' dir='ltr'><strong>venturus</strong></span> <span class='ocrx_word' id='word_1_805' title='bbox 2720 4182 2773 4237; x_wconf 90' lang='lat' dir='ltr'><strong>in</strong></span> <span class='ocrx_word' id='word_1_806' title='bbox 2805 4184 2975 4254; x_wconf 90' lang='lat' dir='ltr'><strong>ipsam</strong></span> <span class='ocrx_word' id='word_1_807' title='bbox 3002 4185 3403 4255; x_wconf 82' lang='lat' dir='ltr'><strong>experientiam,</strong></span> 
     </span>
    </p>
   </div>
   <div class='ocr_carea' id='block_1_105' title="bbox 1822 4270 3408 4348">
    <p class='ocr_par' dir='ltr' id='par_1_105' title="bbox 1822 4270 3408 4348">
     <span class='ocr_line' id='line_1_105' title="bbox 1822 4270 3408 4348; baseline 0.005 -22"><span class='ocrx_word' id='word_1_808' title='bbox 1822 4282 1982 4343; x_wconf 89' lang='lat' dir='ltr'><strong>atque</strong></span> <span class='ocrx_word' id='word_1_809' title='bbox 2020 4270 2145 4327; x_wconf 86' lang='lat' dir='ltr'><strong>inde</strong></span> <span class='ocrx_word' id='word_1_810' title='bbox 2186 4270 2413 4329; x_wconf 82' lang='lat' dir='ltr'><strong>fortasse</strong></span> <span class='ocrx_word' id='word_1_811' title='bbox 2456 4273 2699 4344; x_wconf 88' lang='lat' dir='ltr'><strong>lapsurus</strong></span> <span class='ocrx_word' id='word_1_812' title='bbox 2739 4274 2792 4328; x_wconf 90' lang='lat' dir='ltr'><strong>in</strong></span> <span class='ocrx_word' id='word_1_813' title='bbox 2828 4289 2946 4330; x_wconf 90' lang='lat' dir='ltr'><strong>eam</strong></span> <span class='ocrx_word' id='word_1_814' title='bbox 2974 4290 3133 4347; x_wconf 89' lang='lat' dir='ltr'><strong>quam</strong></span> <span class='ocrx_word' id='word_1_815' title='bbox 3161 4276 3408 4348; x_wconf 87' lang='lat' dir='ltr'><strong>stupebat</strong></span> 
     </span>
    </p>
   </div>
   <div class='ocr_carea' id='block_1_106' title="bbox 1823 4365 3407 4437">
    <p class='ocr_par' dir='ltr' id='par_1_106' title="bbox 1823 4365 3407 4437">
     <span class='ocr_line' id='line_1_106' title="bbox 1823 4365 3407 4437; baseline 0.004 -16"><span class='ocrx_word' id='word_1_816' title='bbox 1823 4366 2166 4431; x_wconf 88' lang='lat' dir='ltr'><strong>servitutem;</strong></span> <span class='ocrx_word' id='word_1_817' title='bbox 2198 4365 2447 4437; x_wconf 88' lang='lat' dir='ltr'><strong>quoniam</strong></span> <span class='ocrx_word' id='word_1_818' title='bbox 2477 4370 2818 4437; x_wconf 88' lang='lat' dir='ltr'><strong>sponsionem</strong></span> <span class='ocrx_word' id='word_1_819' title='bbox 2846 4366 3059 4423; x_wconf 90' lang='lat' dir='ltr'><strong>volebat</strong></span> <span class='ocrx_word' id='word_1_820' title='bbox 3086 4369 3258 4426; x_wconf 85' lang='lat' dir='ltr'><strong>facere</strong></span> <span class='ocrx_word' id='word_1_821' title='bbox 3285 4386 3407 4427; x_wconf 88' lang='lat' dir='ltr'><strong>cum</strong></span> 
     </span>
    </p>
   </div>
   <div class='ocr_carea' id='block_1_107' title="bbox 1824 4458 3409 4530">
    <p class='ocr_par' dir='ltr' id='par_1_107' title="bbox 1824 4458 3409 4530">
     <span class='ocr_line' id='line_1_107' title="bbox 1824 4458 3409 4530; baseline 0.004 -17"><span class='ocrx_word' id='word_1_822' title='bbox 1824 4469 2030 4525; x_wconf 86' lang='lat' dir='ltr'><strong>morte;</strong></span> <span class='ocrx_word' id='word_1_823' title='bbox 2058 4469 2112 4514; x_wconf 91' lang='lat' dir='ltr'><strong>et</strong></span> <span class='ocrx_word' id='word_1_824' title='bbox 2136 4458 2227 4530; x_wconf 92' lang='lat' dir='ltr'><strong>qui</strong></span> <span class='ocrx_word' id='word_1_825' title='bbox 2253 4466 2397 4514; x_wconf 90' lang='lat' dir='ltr'><strong>amat</strong></span> <span class='ocrx_word' id='word_1_826' title='bbox 2416 4458 2709 4530; x_wconf 89' lang='lat' dir='ltr'><strong>periculum</strong></span> <span class='ocrx_word' id='word_1_827' title='bbox 2731 4501 2747 4525; x_wconf 93' lang='lat'><strong>,</strong></span> <span class='ocrx_word' id='word_1_828' title='bbox 2777 4459 2973 4517; x_wconf 87' lang='lat' dir='ltr'><strong>incidet</strong></span> <span class='ocrx_word' id='word_1_829' title='bbox 3002 4462 3054 4517; x_wconf 90' lang='lat' dir='ltr'><strong>in</strong></span> <span class='ocrx_word' id='word_1_830' title='bbox 3081 4461 3231 4518; x_wconf 89' lang='lat' dir='ltr'><strong>illud.</strong></span> <span class='ocrx_word' id='word_1_831' title='bbox 3263 4460 3409 4519; x_wconf 84' lang='lat' dir='ltr'><strong>Neu-</strong></span> 
     </span>
    </p>
   </div>
   <div class='ocr_carea' id='block_1_108' title="bbox 1826 4551 3524 4625">
    <p class='ocr_par' dir='ltr' id='par_1_108' title="bbox 1826 4551 3524 4625">
     <span class='ocr_line' id='line_1_108' title="bbox 1826 4551 3524 4625; baseline 0.005 -20"><span class='ocrx_word' id='word_1_832' title='bbox 1826 4560 1965 4607; x_wconf 90' lang='lat' dir='ltr'><strong>trum</strong></span> <span class='ocrx_word' id='word_1_833' title='bbox 1996 4551 2135 4606; x_wconf 88' lang='lat' dir='ltr'><strong>cuim</strong></span> <span class='ocrx_word' id='word_1_834' title='bbox 2167 4559 2431 4618; x_wconf 90' lang='lat' dir='ltr'><strong>nostrum,</strong></span> <span class='ocrx_word' id='word_1_835' title='bbox 2460 4551 2504 4606; x_wconf 91' lang='lat' dir='ltr'><strong>si</strong></span> <span class='ocrx_word' id='word_1_836' title='bbox 2532 4552 2674 4621; x_wconf 87' lang='lat' dir='ltr'><strong>quod</strong></span> <span class='ocrx_word' id='word_1_837' title='bbox 2712 4560 2795 4608; x_wconf 92' lang='lat' dir='ltr'><strong>est</strong></span> <span class='ocrx_word' id='word_1_838' title='bbox 2833 4553 3108 4625; x_wconf 79' lang='lat' dir='ltr'><strong>coniugale</strong></span> <span class='ocrx_word' id='word_1_839' title='bbox 3147 4553 3314 4612; x_wconf 80' lang='lat' dir='ltr'><strong>decus</strong></span> <span class='ocrx_word' id='word_1_840' title='bbox 3353 4557 3410 4612; x_wconf 90' lang='lat' dir='ltr'><strong>in</strong></span> <span class='ocrx_word' id='word_1_841' title='bbox 3514 4574 3524 4582; x_wconf 74' lang='lat'><strong><em>&#39;</em></strong></span> 
     </span>
    </p>
   </div>
   <div class='ocr_carea' id='block_1_109' title="bbox 1826 4642 3411 4716">
    <p class='ocr_par' dir='ltr' id='par_1_109' title="bbox 1826 4642 3411 4716">
     <span class='ocr_line' id='line_1_109' title="bbox 1826 4642 3411 4716; baseline 0.006 -19"><span class='ocrx_word' id='word_1_842' title='bbox 1826 4642 2001 4698; x_wconf 82' lang='lat' dir='ltr'><strong>cilicio</strong></span> <span class='ocrx_word' id='word_1_843' title='bbox 2038 4642 2254 4714; x_wconf 89' lang='lat' dir='ltr'><strong>regendi</strong></span> <span class='ocrx_word' id='word_1_844' title='bbox 2293 4644 2616 4699; x_wconf 88' lang='lat' dir='ltr'><strong>matrimonii</strong></span> <span class='ocrx_word' id='word_1_845' title='bbox 2646 4654 2701 4701; x_wconf 93' lang='lat' dir='ltr'><strong>et</strong></span> <span class='ocrx_word' id='word_1_846' title='bbox 2729 4645 3185 4716; x_wconf 91' lang='lat' dir='ltr'><strong>suscipiendorum</strong></span> <span class='ocrx_word' id='word_1_847' title='bbox 3214 4647 3411 4707; x_wconf 88' lang='lat' dir='ltr'><strong>libero-</strong></span> 
     </span>
    </p>
   </div>
   <div class='ocr_carea' id='block_1_110' title="bbox 1824 4734 3413 4813">
    <p class='ocr_par' dir='ltr' id='par_1_110' title="bbox 1824 4734 3413 4813">
     <span class='ocr_line' id='line_1_110' title="bbox 1824 4734 3413 4813; baseline 0.005 -22"><span class='ocrx_word' id='word_1_848' title='bbox 1824 4751 1966 4803; x_wconf 90' lang='lat' dir='ltr'><strong>rum,</strong></span> <span class='ocrx_word' id='word_1_849' title='bbox 1989 4734 2233 4801; x_wconf 88' lang='lat' dir='ltr'><strong>ducebat,</strong></span> <span class='ocrx_word' id='word_1_850' title='bbox 2258 4736 2362 4791; x_wconf 89' lang='lat' dir='ltr'><strong>nisi</strong></span> <span class='ocrx_word' id='word_1_851' title='bbox 2388 4736 2637 4792; x_wconf 90' lang='lat' dir='ltr'><strong>tenuiter.</strong></span> <span class='ocrx_word' id='word_1_852' title='bbox 2662 4736 2849 4809; x_wconf 88' lang='lat' dir='ltr'><strong>Magna</strong></span> <span class='ocrx_word' id='word_1_853' title='bbox 2869 4749 3045 4795; x_wconf 89' lang='lat' dir='ltr'><strong>autem</strong></span> <span class='ocrx_word' id='word_1_854' title='bbox 3071 4756 3137 4796; x_wconf 81' lang='lat' dir='ltr'><strong>ex</strong></span> <span class='ocrx_word' id='word_1_855' title='bbox 3156 4752 3312 4813; x_wconf 85' lang='lat' dir='ltr'><strong>parte</strong></span> <span class='ocrx_word' id='word_1_856' title='bbox 3330 4754 3413 4799; x_wconf 88' lang='lat' dir='ltr'><strong>at-</strong></span> 
     </span>
    </p>
   </div>
   <div class='ocr_carea' id='block_1_111' title="bbox 1825 4826 3414 4899">
    <p class='ocr_par' dir='ltr' id='par_1_111' title="bbox 1825 4826 3414 4899">
     <span class='ocr_line' id='line_1_111' title="bbox 1825 4826 3414 4899; baseline 0.007 -18"><span class='ocrx_word' id='word_1_857' title='bbox 1825 4844 1927 4899; x_wconf 84' lang='lat' dir='ltr'><strong>que</strong></span> <span class='ocrx_word' id='word_1_858' title='bbox 1950 4826 2297 4883; x_wconf 87' lang='lat' dir='ltr'><strong>vehementer</strong></span> <span class='ocrx_word' id='word_1_859' title='bbox 2316 4827 2645 4885; x_wconf 87' lang='lat' dir='ltr'><strong>consuetudo</strong></span> <span class='ocrx_word' id='word_1_860' title='bbox 2670 4829 2924 4887; x_wconf 76' lang='lat' dir='ltr'><strong>satiandae</strong></span> <span class='ocrx_word' id='word_1_861' title='bbox 2951 4832 3263 4892; x_wconf 87' lang='lat' dir='ltr'><strong>insatiabilis</strong></span> <span class='ocrx_word' id='word_1_862' title='bbox 3285 4850 3414 4892; x_wconf 89' lang='lat' dir='ltr'><strong>cou-</strong></span> 
     </span>
    </p>
   </div>
   <div class='ocr_carea' id='block_1_112' title="bbox 1825 4919 3412 4992">
    <p class='ocr_par' dir='ltr' id='par_1_112' title="bbox 1825 4919 3412 4992">
     <span class='ocr_line' id='line_1_112' title="bbox 1825 4919 3412 4992; baseline 0.004 -15"><span class='ocrx_word' id='word_1_863' title='bbox 1825 4919 2168 4992; x_wconf 71' lang='lat' dir='ltr'><strong>cupiscentia:</strong></span> <span class='ocrx_word' id='word_1_864' title='bbox 2215 4936 2302 4976; x_wconf 92' lang='lat' dir='ltr'><strong>me</strong></span> <span class='ocrx_word' id='word_1_865' title='bbox 2355 4927 2568 4987; x_wconf 85' lang='lat' dir='ltr'><strong>captum</strong></span> <span class='ocrx_word' id='word_1_866' title='bbox 2621 4922 2998 4978; x_wconf 78' lang='lat' dir='ltr'><strong>excruciabat:</strong></span> <span class='ocrx_word' id='word_1_867' title='bbox 3032 4924 3180 4980; x_wconf 92' lang='lat' dir='ltr'><strong>illum</strong></span> <span class='ocrx_word' id='word_1_868' title='bbox 3234 4938 3412 4984; x_wconf 86' lang='lat' dir='ltr'><strong>autem</strong></span> 
     </span>
    </p>
   </div>
   <div class='ocr_carea' id='block_1_113' title="bbox 1824 5011 3408 5089">
    <p class='ocr_par' dir='ltr' id='par_1_113' title="bbox 1824 5011 3408 5089">
     <span class='ocr_line' id='line_1_113' title="bbox 1824 5011 3408 5089; baseline 0.004 -22"><span class='ocrx_word' id='word_1_869' title='bbox 1824 5011 2106 5068; x_wconf 87' lang='lat' dir='ltr'><strong>admiratio</strong></span> <span class='ocrx_word' id='word_1_870' title='bbox 2129 5011 2444 5082; x_wconf 89' lang='lat' dir='ltr'><strong>capiendum</strong></span> <span class='ocrx_word' id='word_1_871' title='bbox 2470 5012 2734 5069; x_wconf 88' lang='lat' dir='ltr'><strong>trahebat.</strong></span> <span class='ocrx_word' id='word_1_872' title='bbox 2758 5013 2849 5070; x_wconf 91' lang='lat' dir='ltr'><strong>Sic</strong></span> <span class='ocrx_word' id='word_1_873' title='bbox 2873 5030 3108 5084; x_wconf 91' lang='lat' dir='ltr'><strong>eramus,</strong></span> <span class='ocrx_word' id='word_1_874' title='bbox 3136 5016 3309 5077; x_wconf 90' lang='lat' dir='ltr'><strong>donec</strong></span> <span class='ocrx_word' id='word_1_875' title='bbox 3334 5029 3408 5089; x_wconf 89' lang='lat' dir='ltr'><strong>tu,</strong></span> 
     </span>
    </p>
   </div>
   <div class='ocr_carea' id='block_1_114' title="bbox 1825 5103 3414 5177">
    <p class='ocr_par' dir='ltr' id='par_1_114' title="bbox 1825 5103 3414 5177">
     <span class='ocr_line' id='line_1_114' title="bbox 1825 5103 3414 5177; baseline 0.008 -18"><span class='ocrx_word' id='word_1_876' title='bbox 1825 5103 2096 5159; x_wconf 80' lang='lat' dir='ltr'><strong>Altissime</strong></span> <span class='ocrx_word' id='word_1_877' title='bbox 2120 5144 2134 5168; x_wconf 91' lang='lat'><strong>,</strong></span> <span class='ocrx_word' id='word_1_878' title='bbox 2162 5118 2267 5158; x_wconf 90' lang='lat' dir='ltr'><strong>non</strong></span> <span class='ocrx_word' id='word_1_879' title='bbox 2297 5103 2551 5161; x_wconf 89' lang='lat' dir='ltr'><strong>deserens</strong></span> <span class='ocrx_word' id='word_1_880' title='bbox 2580 5104 2799 5162; x_wconf 89' lang='lat' dir='ltr'><strong>humum</strong></span> <span class='ocrx_word' id='word_1_881' title='bbox 2829 5117 3062 5164; x_wconf 90' lang='lat' dir='ltr'><strong>nostram</strong></span> <span class='ocrx_word' id='word_1_882' title='bbox 3083 5151 3101 5177; x_wconf 93' lang='lat'><strong>,</strong></span> <span class='ocrx_word' id='word_1_883' title='bbox 3131 5112 3414 5170; x_wconf 80' lang='lat' dir='ltr'><strong>miseratus</strong></span> 
     </span>
    </p>
   </div>
   <div class='ocr_carea' id='block_1_115' title="bbox 1825 5196 3148 5265">
    <p class='ocr_par' dir='ltr' id='par_1_115' title="bbox 1825 5196 3148 5265">
     <span class='ocr_line' id='line_1_115' title="bbox 1825 5196 3148 5265; baseline 0.006 -12"><span class='ocrx_word' id='word_1_884' title='bbox 1825 5196 2071 5265; x_wconf 87' lang='lat' dir='ltr'><strong>miseros,</strong></span> <span class='ocrx_word' id='word_1_885' title='bbox 2102 5196 2414 5254; x_wconf 88' lang='lat' dir='ltr'><strong>subvenires</strong></span> <span class='ocrx_word' id='word_1_886' title='bbox 2443 5197 2594 5255; x_wconf 91' lang='lat' dir='ltr'><strong>miris</strong></span> <span class='ocrx_word' id='word_1_887' title='bbox 2622 5209 2676 5256; x_wconf 89' lang='lat' dir='ltr'><strong>et</strong></span> <span class='ocrx_word' id='word_1_888' title='bbox 2703 5202 2929 5259; x_wconf 84' lang='lat' dir='ltr'><strong>occultis</strong></span> <span class='ocrx_word' id='word_1_889' title='bbox 2958 5202 3148 5261; x_wconf 88' lang='lat' dir='ltr'><strong>modis.</strong></span> 
     </span>
    </p>
   </div>
   <div class='ocr_carea' id='block_1_116' title="bbox 2431 5309 2840 5371">
    <p class='ocr_par' dir='ltr' id='par_1_116' title="bbox 2431 5309 2840 5371">
     <span class='ocr_line' id='line_1_116' title="bbox 2431 5309 2840 5371; baseline 0.005 -4"><span class='ocrx_word' id='word_1_890' title='bbox 2431 5309 2658 5369; x_wconf 79' lang='lat' dir='ltr'><strong>CAPUT</strong></span> <span class='ocrx_word' id='word_1_891' title='bbox 2698 5313 2840 5371; x_wconf 83' lang='lat' dir='ltr'><strong>XIII.</strong></span> 
     </span>
    </p>
   </div>
   <div class='ocr_carea' id='block_1_117' title="bbox 2254 5381 2987 5457">
    <p class='ocr_par' dir='ltr' id='par_1_117' title="bbox 2254 5381 2987 5457">
     <span class='ocr_line' id='line_1_117' title="bbox 2254 5381 2987 5457; baseline 0.003 -19"><span class='ocrx_word' id='word_1_892' title='bbox 2254 5381 2398 5438; x_wconf 68' lang='lat' dir='ltr'><strong>Uxor</strong></span> <span class='ocrx_word' id='word_1_893' title='bbox 2421 5385 2664 5454; x_wconf 64' lang='lat' dir='ltr'><strong>quaeritur</strong></span> <span class='ocrx_word' id='word_1_894' title='bbox 2687 5385 2987 5457; x_wconf 78' lang='lat' dir='ltr'><strong>Augustino.</strong></span> 
     </span>
    </p>
   </div>
   <div class='ocr_carea' id='block_1_118' title="bbox 1895 5473 3407 5549">
    <p class='ocr_par' dir='ltr' id='par_1_118' title="bbox 1895 5473 3407 5549">
     <span class='ocr_line' id='line_1_118' title="bbox 1895 5473 3407 5549; baseline 0.004 -21"><span class='ocrx_word' id='word_1_895' title='bbox 1895 5474 1986 5529; x_wconf 75' lang='grc'><strong>25.</strong></span> <span class='ocrx_word' id='word_1_896' title='bbox 2014 5473 2082 5530; x_wconf 86' lang='lat' dir='ltr'><strong>Et</strong></span> <span class='ocrx_word' id='word_1_897' title='bbox 2109 5473 2403 5531; x_wconf 88' lang='lat' dir='ltr'><strong>instabatur</strong></span> <span class='ocrx_word' id='word_1_898' title='bbox 2426 5476 2653 5549; x_wconf 87' lang='lat' dir='ltr'><strong>impigre</strong></span> <span class='ocrx_word' id='word_1_899' title='bbox 2676 5486 2732 5533; x_wconf 94' lang='lat' dir='ltr'><strong>ut</strong></span> <span class='ocrx_word' id='word_1_900' title='bbox 2756 5477 3003 5534; x_wconf 90' lang='lat' dir='ltr'><strong>ducerem</strong></span> <span class='ocrx_word' id='word_1_901' title='bbox 3031 5489 3270 5533; x_wconf 81' lang='lat' dir='ltr'><strong>uxorem.</strong></span> <span class='ocrx_word' id='word_1_902' title='bbox 3287 5476 3407 5535; x_wconf 83' lang='lat' dir='ltr'><strong>Jam</strong></span> 
     </span>
    </p>
   </div>
   <div class='ocr_carea' id='block_1_119' title="bbox 1889 5587 3178 5650">
    <p class='ocr_par' dir='ltr' id='par_1_119' title="bbox 1889 5587 3178 5650">
     <span class='ocr_line' id='line_1_119' title="bbox 1889 5587 3178 5650; baseline -0.002 -13"><span class='ocrx_word' id='word_1_903' title='bbox 1889 5588 1905 5619; x_wconf 71' lang='grc' dir='ltr'><strong><em>ι</em></strong></span> <span class='ocrx_word' id='word_1_904' title='bbox 1924 5591 2131 5650; x_wconf 71' lang='lat' dir='ltr'><strong>Cautum</strong></span> <span class='ocrx_word' id='word_1_905' title='bbox 2143 5624 2157 5648; x_wconf 93' lang='lat'><strong>,</strong></span> <span class='ocrx_word' id='word_1_906' title='bbox 2172 5588 2313 5650; x_wconf 84' lang='lat' dir='ltr'><strong>juxta</strong></span> <span class='ocrx_word' id='word_1_907' title='bbox 2328 5593 2438 5639; x_wconf 83' lang='lat' dir='ltr'><strong>Arn.</strong></span> <span class='ocrx_word' id='word_1_908' title='bbox 2459 5587 2578 5639; x_wconf 77' lang='lat' dir='ltr'><strong>Flor.</strong></span> <span class='ocrx_word' id='word_1_909' title='bbox 2603 5596 2656 5641; x_wconf 90' lang='lat' dir='ltr'><strong>et</strong></span> <span class='ocrx_word' id='word_1_910' title='bbox 2670 5595 2800 5639; x_wconf 74' lang='lat' dir='ltr'><strong>start.</strong></span> <span class='ocrx_word' id='word_1_911' title='bbox 2822 5600 2887 5639; x_wconf 82' lang='lat' dir='ltr'><strong>ex</strong></span> <span class='ocrx_word' id='word_1_912' title='bbox 2903 5588 2935 5637; x_wconf 89' lang='lat'><strong>6</strong></span> <span class='ocrx_word' id='word_1_913' title='bbox 2948 5593 3055 5650; x_wconf 62' lang='lat' dir='ltr'><strong>uss.</strong></span> <span class='ocrx_word' id='word_1_914' title='bbox 3122 5593 3178 5636; x_wconf 77' lang='lat' dir='ltr'><strong>It.</strong></span> 
     </span>
    </p>
   </div>
   <div class='ocr_carea' id='block_1_120' title="bbox 1823 5648 3407 5760">
    <p class='ocr_par' dir='ltr' id='par_1_120' title="bbox 1823 5648 3407 5760">
     <span class='ocr_line' id='line_1_120' title="bbox 1823 5648 3407 5760; baseline 0.003 -62"><span class='ocrx_word' id='word_1_915' title='bbox 1823 5648 2409 5760; x_wconf 44' lang='grc' dir='ltr'><strong>Μεἰςικξεςιέὶιέιενιιῦθναιηιιδ,</strong></span> <span class='ocrx_word' id='word_1_916' title='bbox 2449 5651 2590 5714; x_wconf 78' lang='lat' dir='ltr'><strong>juxta</strong></span> <span class='ocrx_word' id='word_1_917' title='bbox 2630 5657 2802 5700; x_wconf 77' lang='lat' dir='ltr'><strong>somni.</strong></span> <span class='ocrx_word' id='word_1_918' title='bbox 2839 5649 2981 5699; x_wconf 80' lang='lat' dir='ltr'><strong>ttond.</strong></span> <span class='ocrx_word' id='word_1_919' title='bbox 3027 5653 3078 5699; x_wconf 89' lang='lat' dir='ltr'><strong>et</strong></span> <span class='ocrx_word' id='word_1_920' title='bbox 3109 5654 3239 5699; x_wconf 77' lang='lat' dir='ltr'><strong>Hart.</strong></span> <span class='ocrx_word' id='word_1_921' title='bbox 3276 5662 3343 5700; x_wconf 81' lang='lat' dir='ltr'><strong>ex</strong></span> <span class='ocrx_word' id='word_1_922' title='bbox 3373 5650 3407 5702; x_wconf 77' lang='lat'><strong>3</strong></span> 
     </span>
    </p>
   </div>
   <div class='ocr_carea' id='block_1_121' title="bbox 1889 5746 3407 5835">
    <p class='ocr_par' dir='ltr' id='par_1_121' title="bbox 1889 5746 3407 5835">
     <span class='ocr_line' id='line_1_121' title="bbox 1889 5746 3407 5835; baseline 0.016 -16"><span class='ocrx_word' id='word_1_923' title='bbox 1889 5746 2176 5822; x_wconf 32' lang='lat' dir='ltr'><strong>3&quot;numidas.</strong></span> <span class='ocrx_word' id='word_1_924' title='bbox 2212 5772 2519 5835; x_wconf 72' lang='lat' dir='ltr'><strong>cumaliqllol</strong></span> <span class='ocrx_word' id='word_1_925' title='bbox 2534 5768 2928 5835; x_wconf 61' lang='grc' dir='ltr'><strong>Μξεονάειίοαιιιδτ</strong></span> <span class='ocrx_word' id='word_1_926' title='bbox 2960 5777 3130 5821; x_wconf 64' lang='grc' dir='ltr'><strong>δουλω-</strong></span> <span class='ocrx_word' id='word_1_927' title='bbox 3150 5777 3259 5819; x_wconf 68' lang='grc' dir='ltr'><strong>Αη·</strong></span> <span class='ocrx_word' id='word_1_928' title='bbox 3280 5772 3407 5827; x_wconf 45' lang='lat' dir='ltr'><strong>de!“</strong></span> 
     </span>
    </p>
   </div>
   <div class='ocr_carea' id='block_1_122' title="bbox 1826 5832 3291 5897">
    <p class='ocr_par' dir='ltr' id='par_1_122' title="bbox 1826 5832 3291 5897">
     <span class='ocr_line' id='line_1_122' title="bbox 1826 5832 3291 5897; baseline -0.001 -13"><span class='ocrx_word' id='word_1_929' title='bbox 1826 5836 1998 5886; x_wconf 73' lang='lat' dir='ltr'><strong>elatus.</strong></span> <span class='ocrx_word' id='word_1_930' title='bbox 2020 5840 2153 5886; x_wconf 79' lang='lat' dir='ltr'><strong>Stant</strong></span> <span class='ocrx_word' id='word_1_931' title='bbox 2170 5847 2290 5886; x_wconf 86' lang='lat' dir='ltr'><strong>vero</strong></span> <span class='ocrx_word' id='word_1_932' title='bbox 2306 5847 2394 5897; x_wconf 80' lang='lat' dir='ltr'><strong>pro</strong></span> <span class='ocrx_word' id='word_1_933' title='bbox 2410 5832 2572 5885; x_wconf 78' lang='lat' dir='ltr'><strong>nostra</strong></span> <span class='ocrx_word' id='word_1_934' title='bbox 2588 5832 2799 5885; x_wconf 84' lang='lat' dir='ltr'><strong>lectione</strong></span> <span class='ocrx_word' id='word_1_935' title='bbox 2816 5832 3030 5887; x_wconf 80' lang='lat' dir='ltr'><strong>melioris</strong></span> <span class='ocrx_word' id='word_1_936' title='bbox 3045 5839 3171 5885; x_wconf 68' lang='lat' dir='ltr'><strong>nota?</strong></span> <span class='ocrx_word' id='word_1_937' title='bbox 3185 5837 3291 5884; x_wconf 79' lang='lat' dir='ltr'><strong>Mss.</strong></span> 
     </span>
    </p>
   </div>
  </div>
