1963 3136
282 159 332 188 ’151

280 215 421 252 petebam,
439 215 495 251 jam
517 215 734 252 promittebatur,
750 217 865 245 maxime
887 220 973 245 matre
991 216 1072 244 dante

282 269 402 297 operam,
416 269 469 297 quo
482 269 524 289 me
535 261 589 297 jam
605 261 774 301 coniugatum
786 263 935 297 Baptismus
948 263 1071 290 salutaris

282 308 410 341 ablueret,
425 316 477 344 quo
490 316 533 335 me
546 308 572 335 in
582 308 640 335 dies
651 308 783 348 gaudebat
795 309 895 344 aptari,
912 313 938 336 et
950 313 1008 336 vota
1023 316 1070 336 sua

281 360 313 381 ac
323 354 452 389 promissa
466 357 510 381 tua
520 354 546 380 in
559 361 617 381 mea
629 353 680 382 iide
692 354 819 389 compleri
830 355 1067 383 animadvertebat.

280 399 346 428 Cum
357 407 420 427 sane
428 404 454 427 et
464 404 557 435 rogatu
567 408 628 428 meo
638 403 665 428 et
674 400 806 428 desiderio
816 408 874 433 suo,
883 400 942 428 forti
953 401 1070 429 clamore

280 445 370 473 cordis
383 445 430 473 abs
445 450 471 473 te
483 445 672 481 deprecantur
686 445 816 481 quotidie,
835 450 865 473 ut
884 447 908 474 ei
923 454 972 482 per
983 447 1068 474 visum

280 491 437 519 ostenderes
454 491 553 528 aliquid
575 490 609 519 de
630 490 718 519 futuro
732 492 900 519 matrimonio
913 500 987 524 meo;
1002 500 1069 519 nun-

280 545 359 574 quam
378 538 492 565 voluisti.
512 538 544 566 Et
562 537 667 566 videbat
685 539 805 574 quaedam
822 546 889 566 vana
909 543 937 566 et
955 539 1068 575 phanta-

279 583 356 615 stica,
364 590 416 618 quo
427 582 537 618 cogehat
547 583 662 618 impetus
670 582 703 610 de
714 583 763 611 hac
772 591 801 611 re
811 584 953 619 satagentis
960 584 1068 612 humani

278 628 397 663 spiritus,
410 633 436 657 et
448 629 572 656 narrabat
585 629 648 656 mihi
657 651 664 662 ,
680 637 732 657 non
748 637 808 657 cum
822 630 917 658 ilducia
930 638 981 666 qua
995 631 1066 659 sole-

279 675 335 711 bat,
344 684 404 703 cum
415 681 441 704 tu
449 676 648 704 demonstrares
655 677 690 709 ei,
700 677 746 705 sed
754 682 927 706 contemnens
938 685 980 706 ea.
990 678 1066 706 Dice-

279 721 325 749 bat
339 722 410 750 enim
421 723 571 751 discernere
582 731 611 751 se
621 724 712 751 nescio
720 731 772 759 quo
780 731 884 759 sapore,
892 732 969 759 quem
980 724 1066 753 verbis

279 768 412 802 explicare
421 776 472 796 non
482 772 595 803 poterat,
607 769 668 804 quid
678 769 818 797 interesset
830 770 898 797 inter
907 771 1066 799 revelantcm

279 816 322 847 te,
340 818 367 840 et
384 814 499 841 animam
512 821 585 841 suam
599 814 784 842 somniantem.
799 814 947 843 lnstabatur
961 820 1064 851 tamen,

279 865 307 887 et
321 861 407 895 puella
423 861 571 896 petebatur,
587 862 662 897 cujus
675 866 740 890 mlas
755 862 839 890 ferme
860 862 965 890 biennio
978 864 1065 892 minus

279 913 359 943 quam
369 907 464 935 nubilis
477 912 550 940 erat;
563 913 590 935 et
602 909 661 944 quia
674 916 703 936 ea
716 909 843 943 placebat.
854 910 1063 944 exspectabatur.

575 963 686 994 CAPUT
704 964 771 992 XIV.

340 996 380 1024 De
393 997 443 1024 vita
457 999 582 1025 communi
593 999 690 1034 agenda
705 1007 760 1026 cum
776 1002 863 1029 amicis
875 1001 1003 1030 deliberat.

310 1040 356 1069 24.
373 1041 406 1069 Et
421 1042 494 1070 multi
515 1043 591 1071 amici
611 1044 806 1079 agitaveramus
825 1047 922 1081 animo,
938 1052 965 1075 et
981 1048 1063 1076 collo-

277 1091 387 1121 quentes
399 1095 430 1115 ac
444 1088 605 1117 detestantes
618 1089 784 1118 turbulentas
797 1091 918 1119 humana:
932 1093 993 1120 vita:
1006 1101 1063 1121 mo-

276 1131 375 1165 lestias,
389 1140 456 1167 pene
468 1133 520 1168 iam
535 1133 734 1163 ﬁrmaveramus
748 1138 842 1164 remoti
855 1145 870 1164 a
884 1138 968 1165 turbis
980 1139 1064 1167 otiose

275 1178 364 1206 vivere
380 1187 387 1205 :
404 1179 428 1207 id
444 1180 525 1208 otium
541 1181 579 1208 sic
594 1182 692 1214 moliti,
708 1187 737 1210 ut
749 1184 770 1210 si
785 1184 847 1219 quid
863 1185 959 1213 habere
974 1193 1064 1221 po>se-

274 1231 349 1257 inus,
360 1225 542 1253 conferremus
555 1227 581 1253 in
597 1227 712 1255 medium
721 1249 728 1261 ,
740 1236 871 1264 unamque
884 1238 940 1258 rem
954 1230 1064 1258 familia-

275 1276 331 1296 rem
345 1269 521 1298 conilaremus
536 1279 569 1299 ex
586 1273 726 1306 omnibus;
741 1279 768 1301 ut
782 1282 828 1309 per
839 1276 961 1304 amicitia:
975 1277 1062 1305 since-

275 1316 381 1344 ritatem
403 1325 457 1345 non
483 1323 556 1347 esset
576 1319 646 1347 aliud
670 1320 748 1356 hujus
769 1326 796 1349 et
818 1323 889 1350 aliud
913 1323 999 1357 illius;
1016 1324 1063 1352 sed

274 1363 345 1398 quod
354 1371 386 1392 ex
396 1365 498 1392 cunctis
508 1365 584 1393 ﬁeret
595 1374 687 1399 unum,
697 1372 723 1395 et
734 1367 884 1396 universum
898 1370 1062 1405 singulorum

273 1414 361 1443 esset,
377 1414 403 1438 et
416 1411 504 1438 omnia
520 1412 637 1440 omnium
653 1422 658 1439 :
673 1421 734 1441 cum
751 1414 900 1443 videremur
913 1416 989 1443 nobis
1002 1424 1063 1445 esse

273 1462 353 1490 posse
366 1454 458 1483 decem
476 1455 560 1484 ferme
573 1457 694 1486 homines
710 1459 734 1486 in
750 1460 842 1487 eadem
862 1460 1003 1495 societate,
1017 1469 1062 1489 es-

274 1505 385 1535 sentque
406 1501 476 1529 inter
495 1510 545 1530 nos
567 1503 732 1537 praedivites,
752 1505 930 1533 llomanianus
948 1507 1062 1535 maxime

236 1567 244 1571 .
272 1547 471 1582 communiceps
486 1552 592 1582 HOSICI',
608 1557 686 1583 quem
703 1554 764 1577 tunc
778 1558 872 1585 graves
886 1557 966 1579 ωειιιε
979 1560 1061 1588 nego-

273 1591 371 1619 tiorum
386 1599 496 1620 suorum
510 1593 543 1621 ad
558 1595 712 1622 comitatum
724 1600 895 1631 attraxerant,
908 1598 941 1625 ab
955 1599 1062 1627 ineunte

275 1642 353 1665 relate
365 1638 429 1665 mihi
442 1638 679 1672 familiarissimus;
694 1641 737 1675 qui
749 1642 862 1669 maxime
877 1644 991 1671 instabat
1003 1645 1063 1673 huic

274 1683 329 1716 rei,
344 1689 370 1711 et
392 1692 514 1720 magnam
530 1685 556 1712 in
576 1685 712 1714 suadendo
732 1687 843 1716 habebat
860 1691 1060 1724 auctoritatem,

274 1729 345 1763 quod
360 1730 445 1764 ampla
460 1738 502 1758 res
517 1731 573 1765 ejus
585 1732 695 1759 multum
709 1733 813 1761 caneris
825 1735 940 1762 anteibat
953 1745 958 1762 :
971 1741 996 1764 et
1007 1737 1062 1772 pla-

274 1780 366 1802 cuerat
376 1775 451 1802 nobis
463 1780 491 1803 ut
502 1776 554 1803 bini
568 1777 647 1804 annui
660 1781 783 1813 tauquam
796 1781 963 1815 magistratus
973 1783 1061 1811 omnia

273 1820 423 1848 necessaria
438 1826 561 1849 curarent
570 1843 577 1855 ,
589 1823 692 1850 caeteris
706 1824 810 1858 quietis.
825 1825 877 1853 Sed
892 1832 1060 1864 posteaquam

274 1865 355 1900 capit
374 1866 482 1901 cogitari
498 1872 585 1894 utrum
605 1867 654 1895 hoc
673 1869 834 1897 mulierculae
848 1871 982 1905 sinerent,
996 1882 1061 1909 quas

272 1915 298 1937 et
312 1911 356 1938 alii
372 1916 490 1939 nostrum
503 1913 558 1947 jam
574 1912 723 1948 habebant,
738 1919 764 1942 et
778 1923 826 1943 nos
841 1916 937 1944 habere
952 1919 1059 1946 voleba-

274 1964 349 1990 mus,
365 1962 448 1985 totum
463 1958 527 1986 illud
540 1958 664 1994 placitum
678 1960 748 1995 quod
764 1960 830 1988 bene
847 1961 1025 1991 formabamus
1039 1966 1058 1998 ³,

270 2002 385 2030 dissiluit
405 2004 430 2030 in
450 2005 586 2038 manibus,
604 2009 682 2041 atque
699 2006 862 2034 confractum
882 2013 909 2036 et
928 2009 1058 2043 objectum

271 2053 321 2076 est.
339 2049 400 2077 inde
414 2050 447 2076 ad
463 2050 576 2085 suspiria
595 2055 622 2079 et
639 2052 752 2086 gemitus
765 2053 785 2086 ',
800 2058 824 2081 et
839 2061 945 2088 gressus
966 2056 999 2083 ad
1018 2064 1059 2084 se-

270 2095 388 2130 quendas
408 2096 474 2123 latas
495 2101 522 2124 et
541 2097 616 2124 tritas
635 2097 690 2125 vias
710 2099 816 2132 saeculi,
831 2100 954 2134 quoniam
971 2102 1059 2129 multis

270 2143 445 2178 cogitationes
458 2149 534 2171 erant
550 2144 577 2171 in
592 2145 672 2172 corde
688 2149 795 2179 nostro;
810 2147 949 2174 consilium
970 2153 1057 2176 autem

270 2192 343 2216 tuum
357 2194 447 2217 manet
461 2191 485 2217 in
496 2194 624 2218 :eternum
640 2190 724 2227 (Paul.
735 2200 823 2225 xxxn,
832 2193 871 2228 9).
883 2193 921 2221 Ex
934 2202 987 2229 quo
995 2202 1059 2223 con-

269 2234 329 2261 silio
342 2234 482 2263 deridebas
496 2240 603 2270 nostra,
619 2240 646 2264 et
661 2241 703 2264 tua
720 2239 885 2273 praeparabat;
895 2260 902 2272 ,
919 2239 994 2267 nobis
1008 2240 1056 2268 da-

271 2284 344 2307 turus
350 2287 438 2308 escam
447 2281 473 2308 in
480 2282 688 2316 Opportunitato,
695 2287 722 2311 et
729 2287 867 2318 aperturus
873 2292 978 2312 manum
986 2289 1056 2313 tuam

270 2329 348 2361 atque
361 2327 518 2361 impleturus
530 2329 632 2356 animas
650 2334 755 2357 nostras
773 2330 955 2359 benedictione
970 2330 1054 2368 (Paul.

270 2378 360 2405 cxuv,
376 2373 419 2406 t5,
432 2373 487 2408 l6).
614 2408 725 2438 “PUT
739 2410 786 2438 xv

341 2452 376 2480 In
387 2453 469 2482 locum
483 2454 630 2483 discedentia
645 2457 788 2484 concubina:
802 2458 853 2486 alia
865 2459 984 2488 succedit.

304 2509 349 2539 Ili.
361 2510 463 2539 Interea
476 2517 583 2547 peccata
595 2521 655 2541 mea
667 2514 917 2549 multiplicabautur,
929 2520 956 2544 et
965 2517 1055 2545 avulsa

599 2581 909 2620 xetvaamaediuwes
925 2586 951 2609 ει
966 2583 1056 2620 aliquot

268 2611 322 2634 Im.
333 2609 666 2642 PmﬂnnaveritmusJuxta
674 2609 734 2637 Flor.
767 2616 794 2637 Μ.
823 2609 826 2610 ⁷
845 2609 849 2611 ’
968 2609 971 2611 ’
1006 2609 1012 2620 ¹
1026 2609 1028 2611 ⁷

318 2640 408 2671 Codex,
417 2640 468 2678 Alh:
478 2644 504 2666 et
511 2642 659 2678 antiquiores
667 2642 721 2669 ΕΜ,
733 2651 739 2669 :
754 2644 811 2669 Inde
819 2643 852 2669 ad
863 2643 967 2676 suspiria
978 2648 1000 2669 ct
1012 2651 1036 2669 αι

269 2672 340 2698 utitur
348 2672 550 2703 convertebatur,
559 2672 582 2699 εἳ
590 2679 693 2709 gressus.

856 157 1111 189 CONF‘EBSIONUH
1133 160 1160 188 Β.
1182 161 1364 190 AUGUSTlNl

1782 2205 1950 2327 ﬂ

1647 2327 1780 2357 mes-

1642 2387 1645 2396 .
1658 2375 1722 2406 ecca
1732 2368 1806 2406 adesa

1643 2327 1950 2466 etiamsi

1124 225 1138 243 a
1149 218 1231 246 latere
1242 226 1302 246 meo
1317 225 1440 255 tanquam
1454 221 1643 257 impedimento
1651 225 1767 262 coniugii,
1776 234 1830 258 QII
1838 237 1879 266 qua

1122 264 1221 292 cubare
1234 266 1326 293 solitus
1340 275 1423 301 erum,
1440 275 1487 296 cor
1500 269 1543 297 ubi
1557 270 1716 306 adhaerebat.
1728 264 1880 307 concisum-et

1122 310 1289 338 vulneratum
1305 312 1368 339 mihi
1384 317 1450 347 erat,
1464 318 1491 341 et
1507 315 1626 343 trahebat
1639 318 1793 353 sanguinem.
1803 320 1833 348 Et
1843 322 1879 353 lib

1122 355 1148 382 in
1160 356 1274 383 Africam
1286 358 1409 391 redierat,
1423 368 1520 388 vovens
1533 361 1579 388 tibi
1593 362 1674 390 alium
1684 371 1713 391 se
1723 364 1801 393 virum
1810 368 1881 396 Iud-

1123 405 1207 428 turam
1219 423 1225 435 ,
1241 403 1332 430 relicto
1347 405 1414 439 apud
1428 413 1470 432 me
1484 407 1596 435 naturali
1608 415 1642 436 ex
1655 409 1699 436 illa
1718 409 1770 438 lilio
1780 418 1841 440 meo.
1852 413 1883 444 Δι

1122 455 1171 482 ego
1185 448 1273 476 infelix
1289 458 1337 477 nec
1352 451 1456 479 femina:
1472 453 1596 486 imitator,
1610 454 1740 484 dilationis
1752 457 1881 495 impatiens,

1122 497 1244 527 tanquam
1273 500 1333 530 post
1359 496 1491 524 biennium
1517 503 1673 533 accepturus
1693 508 1750 528 eam
1763 509 1883 540 quampa-

1122 539 1207 566 tebam
1216 559 1223 572 ,
1239 541 1298 574 quia
1315 549 1367 568 non
1381 548 1483 571 amator
1495 545 1608 581 conjuin
1622 546 1668 574 sed
1683 547 1794 576 libidinis

1120 593 1209 618 cram;
1226 589 1363 621 procuravi
1385 589 1479 623 aliam,
1501 598 1552 618 non
1575 592 1666 627 utique
1683 594 1882 633 coniugemque

1120 635 1244 667 tanquam
1266 639 1459 663 sustentaretur
1469 641 1496 663 et
1512 637 1699 672 perduceretur
1707 640 1746 668 vel
1755 641 1882 677 iulegervd

1119 679 1220 704 auctior
1239 680 1349 707 morbus
1369 682 1464 709 animae
1487 691 1569 716 mea},
1593 685 1719 713 satellitio
1739 687 1880 721 perdunntit

1118 726 1332 760 consmetudinis,
1354 728 1380 755 in
1403 736 1514 763 regnum
1538 731 1669 759 uxorium.
1691 732 1745 760 Nec
1762 734 1882 764 sanabatar

1119 771 1212 798 vulnus
1233 772 1295 800 illud
1317 781 1405 801 meum
1427 775 1496 810 quod
1517 777 1612 811 prioris
1632 778 1785 813 princisione
1800 779 1880 809 factum

1118 818 1212 851 fuerat,
1227 819 1272 846 sed
1287 825 1346 854 post
1359 821 1488 849 fervorem
1501 822 1673 859 doloremque
1687 825 1833 854 acerrimum
1843 834 1883 862 pu-

1118 865 1259 899 trescebat,
1274 871 1300 893 et
1314 868 1388 902 quasi
1403 868 1531 903 frigidius,
1549 869 1595 897 sed
1609 870 1771 905 desperatius
1783 871 1879 902 dolebat.

1409 946 1520 976 CAPUT
1541 948 1608 976 XVI.

1204 1011 1292 1039 Mortis
1307 1018 1329 1040 et
1339 1013 1431 1049 judicii
1446 1019 1538 1042 metum
1554 1024 1682 1051 nunquam
1696 1016 1813 1053 deposuit.

1151 1081 1194 1108 96.
1215 1082 1272 1109 Tibi
1295 1083 1370 1115 laus,
1396 1084 1440 1111 tibi
1460 1084 1558 1119 gloria,
1579 1085 1638 1113 fons
1652 1086 1879 1119 misericordium.

1116 1128 1170 1162 Ego
1186 1129 1277 1156 ﬁebam
1294 1130 1430 1163 miserior,
1448 1135 1474 1158 ot
1495 1135 1520 1159 tu
1541 1132 1724 1167 propinquior.
1738 1132 1876 1170 Mentit-

1113 1173 1220 1208 jamque
1234 1174 1341 1202 dextcra
1359 1180 1400 1203 tua
1415 1181 1520 1210 raptura
1537 1185 1579 1204 me
1594 1177 1627 1205 de
1641 1185 1730 1212 cauto,
1744 1182 1771 1209 et
1781 1178 1879 1214 ablatam

1115 1227 1175 1251 me;
1191 1224 1218 1247 et
1239 1220 1399 1255 ignorabam.
1419 1222 1472 1249 Nec
1490 1231 1534 1251 me
1552 1224 1721 1253 revocabat:
1735 1224 1890 1260 profundim'

1114 1266 1278 1300 voluptatum
1300 1268 1443 1295 carnalium
1461 1270 1579 1304 gurgite,
1598 1270 1648 1299 nisi
1669 1275 1758 1302 metus
1771 1271 1882 1302 non“

1115 1311 1193 1340 futuri
1214 1312 1305 1347 jndicii
1327 1314 1380 1346 tui,
1403 1315 1447 1348 qui
1463 1322 1509 1349 per
1523 1316 1608 1343 varias
1623 1316 1730 1351 quidem
1744 1317 1892 1353 opilliallr

1115 1365 1247 1392 nunquam
1264 1363 1350 1386 tamen
1364 1361 1475 1388 recessit
1488 1361 1521 1389 de
1535 1366 1642 1396 pectora
1655 1369 1726 1391 meo.
1738 1362 1776 1393 Et
1785 1361 1905 1399 diwti

1115 1403 1174 1430 bam
1190 1411 1248 1431 cum
1264 1405 1356 1433 amicis
1373 1406 1438 1434 meis
1454 1407 1548 1443 Alypio
1569 1413 1596 1436 et
1616 1408 1741 1439 Nebridio
1752 1409 1790 1440 de
1802 1408 1893 1442 inita?

1114 1448 1242 1476 bonorum
1266 1455 1292 1478 et
1314 1451 1457 1484 malorum,
1472 1453 1614 1487 Epicurum
1636 1454 1889 1490 acceptume

1114 1495 1226 1530 palmum
1252 1496 1276 1522 in
1300 1497 1388 1524 animo
1410 1505 1483 1532 luco,
1505 1499 1553 1526 nisi
1574 1507 1624 1534 ego
1646 1499 1877 1537 credidisulﬂ

1114 1546 1226 1569 mortem
1243 1547 1342 1569 restare
1357 1543 1450 1570 animm
1470 1545 1549 1572 vitam
1560 1566 1567 1578 ,
1582 1550 1608 1572 ct
1622 1550 1720 1575 tractus
1733 1545 1874 1582 tum

1114 1586 1182 1621 quod
1197 1586 1325 1620 Epirurus
1340 1588 1448 1616 crcdrre
1462 1589 1554 1617 noluit.
1568 1590 1601 1619 Et
1615 1591 1776 1626 qurerebom.
1789 1590 1890 1626 lima»

1114 1639 1172 1658 mus
1186 1632 1346 1660 immortales
1359 1638 1385 1660 et
1398 1634 1422 1660 in
1435 1640 1558 1669 perpetua
1570 1637 1690 1671 corporis
1700 1635 1886 1677 voluptatsﬂg

1114 1674 1167 1700 ullo
1182 1675 1331 1702 amissionis
1351 1680 1451 1703 terrore
1470 1678 1632 1712 viveremus,
1652 1687 1700 1707 cur
1714 1687 1765 1708 non
1778 1674 1891 1715 ms

1114 1719 1200 1751 1›οῃιί,
1217 1724 1261 1746 aut
1273 1721 1333 1755 quid
1349 1722 1418 1749 aliud
1433 1724 1632 1762 quaarcrcmus?
1644 1724 1772 1755 Nesciente

1113 1765 1145 1791 ad
1166 1774 1284 1800 magnam
1304 1767 1436 1795 miseriam
1458 1770 1591 1804 pertinere
1602 1792 1609 1803 ,
1624 1771 1696 1807 quod
1711 1771 1746 1801 ita
1759 1771 1894 1806 me

1113 1815 1137 1837 et
1159 1818 1244 1839 arcus
1267 1814 1382 1848 cogitare
1405 1822 1454 1841 non
1477 1823 1579 1850 possem
1599 1816 1688 1846 lumen
1710 1817 1892 1853 bonum!!!

1113 1858 1194 1894 gratis
1213 1859 1401 1893 amplectenda:
1419 1861 1636 1896 pulchritudinis,
1656 1871 1736 1900 quam
1754 1871 1804 1901 {ton

1113 1904 1205 1931 oculus
1216 1905 1312 1937 carnis,
1324 1910 1350 1932 et
1360 1906 1463 1934 videtur
1473 1915 1504 1934 ex
1520 1908 1622 1936 intimo.
1631 1908 1687 1939 Nec
1697 1909 1799 1939 conside

1112 1950 1203 1983 miser,
1219 1959 1250 1977 ex
1265 1959 1314 1986 qua
1335 1960 1397 1979 vena
1421 1952 1483 1980 mihi
1507 1959 1640 1989 manaret,
1662 1955 1734 1991 quod
1755 1955 1802 1987 ista

1113 1994 1180 2022 foeda
1198 2001 1298 2029 tamen,
1318 2005 1377 2024 cum
1402 1999 1493 2026 amicis
1515 1999 1627 2028 dulciter
1648 1994 1880 2039 conterebant“

1112 2051 1171 2070 esse
1193 2043 1250 2070 sine
1272 2044 1362 2071 amicis
1383 2049 1500 2079 poteram
1520 2045 1626 2080 beatus,
1649 2047 1730 2077 etiam

1112 2096 1217 2118 sensum
1232 2096 1309 2124 quem
1331 2093 1390 2116 tunc
1407 2089 1534 2118 habebam
1548 2091 1573 2118 in
1586 2091 1751 2126 quantalibet

1111 2134 1254 2163 carnalium
1271 2135 1440 2169 voluptatum.
1457 2135 1528 2170 Quos
1542 2137 1632 2172 utiqtle
1646 2139 1746 2169 amicos

1112 2178 1234 2213 iigebam,
1247 2179 1414 2216 vicissimque
1424 2181 1458 2210 ab
1467 2182 1506 2208 eis
1516 2190 1558 2210 me
1566 2182 1637 2219 diligi
1647 2183 1729 2222 gratis

1110 2225 1132 2253 Ο
1142 2230 1272 2253 tortuosas
1284 2226 1352 2253 vias!
1367 2226 1409 2253 Vae
1419 2227 1514 2255 anima:
1528 2227 1621 2257 audaci
1635 2236 1696 2264 qua

1111 2276 1135 2299 te
1151 2272 1312 2306 recessisset,
1329 2280 1357 2300 se
1371 2273 1468 2309 aliquid
1484 2274 1578 2303 melius
1591 2273 1755 2307 habituram!
1770 2272 1895 2309 VM

1108 2411 1184 2438 beras
1196 2418 1210 2437 a
1223 2411 1416 2440 miserabilibus
1430 2400 1579 2448 erroribus,
1597 2417 1625 2443 et

1108 2457 1149 2483 via
1163 2461 1206 2484 tua
1218 2478 1224 2489 ,
1242 2462 1268 2485 et
1279 2458 1424 2487 consolaris
1433 2479 1440 2491 ,
1456 2463 1483 2488 et
1495 2458 1561 2488 dicis
1574 2468 1582 2489 :
1595 2459 1716 2498 Currite;
1726 2457 1876 2514 ’μιμῇ

1108 2508 1133 2531 et
1146 2511 1195 2539 ego
1210 2504 1362 2539 perducant,
1378 2509 1404 2533 et
1418 2505 1453 2533 ibi
1466 2513 1515 2542 ego
1529 2506 1612 2537 teram
1625 2507 1645 2537 ‘.

1139 2595 1147 2610 ι
1158 2597 1182 2618 tn
1191 2595 1285 2628 Lyrcnsi
1294 2595 1332 2626 (xi.
1341 2611 1348 2625 ,
1361 2597 1384 2620 et
1399 2600 1442 2629 ego
1451 2593 1484 2623 ibt
1495 2593 1609 2624 hbet-atto.
