3880 6372
132 404 215 465 πε
1454 395 1656 457 LIBER
1691 394 2043 459 SEPTIMUS.

131 531 3333 567 NW

1002 631 1489 742 LIBER
1566 628 1850 739 SEP
1873 629 2173 738 TIM
2192 632 2397 741 US.

169 823 386 876 traditum
406 832 508 872 suae
525 818 814 885 iuventutis,
839 818 888 868 id
911 829 965 885 es

303 884 454 961 '1'“!
486 878 1494 961 ΨΨᾸἯἯἚΨΨᾼΞἮΞ

839 817 888 868 id
911 824 987 881 est
1007 831 1184 881 annum
1206 818 1362 868 aetatis
1390 815 1703 881 trigesiman
1717 814 1940 881 primum,
1963 813 2227 881 ob_mentis
2249 814 2416 866 oculos
2439 815 2646 881 reducit.
2680 824 2845 881 Narrat
2863 830 2919 868 se
2942 816 3023 869 illa
3046 824 3191 881 aetate
3213 818 3335 881 den.
3397 836 3405 851 ι

1495 889 1531 952 es
1549 876 1797 952 εξηέλξιΡΨ
1813 876 1947 952 sm
2080 884 2318 952 astutam:
2351 892 2541 950 ξλεοιιοη
2563 878 2690 928 εῖναι
2711 880 2951 952 munem
2972 879 3101 952 tua".
3114 883 3175 952 in
3195 876 3335 952 milis

122 936 221 961 —v-:
245 936 463 1060 WE:
480 936 749 1060 3:333
777 944 973 1001 modum
1000 943 1233 1011 Nam.
1563 936 1761 998 tandem
1779 937 1842 997 ad
1861 938 2186 1003 cognitionem
2225 936 2311 993 Dei
2331 941 2602 1005 sincemm;
2625 936 2847 1008 quamvis
2868 936 3334 1011 Italidum'dtsne'de

1506 1102 1868 1163 8W3

561 1242 788 1301 CAPUT
825 1239 1111 1298 Ριωιωι.

123 1364 245 1420 Doris
266 1362 438 1435 cogitat
472 1371 712 1431 tanquam
752 1356 949 1426 aliquid
981 1369 1276 1426 corporeum
1315 1369 1403 1424 per
1441 1352 1642 1424 inﬁnita

617 1452 785 1523 spatia
812 1448 1075 1517 diﬂ'usum.

170 1568 332 1626 1.13m
364 1574 568 1625 mortua
603 1575 719 1623 erat
744 1562 1102 1620 adolescentia
1138 1576 1255 1623 mea
1280 1560 1420 1622 mala
1452 1568 1504 1617 et
1542 1575 1637 1621 ne-

116 1661 258 1727 fanda,
288 1671 336 1717 et
370 1659 505 1719 ibam
541 1659 595 1719 in
622 1658 954 1730 juventutem
975 1698 991 1726 ,
1030 1661 1230 1729 quanto
1265 1660 1421 1715 aetate
1448 1652 1634 1723 major,

118 1762 223 1815 tanto
240 1751 450 1805 vanitate
474 1748 705 1821 turpior.
726 1747 827 1821 Qui
848 1746 1085 1819 cogitare
1113 1743 1308 1818 aliquid
1328 1742 1637 1803 substantia:

116 1847 187 1902 nisi
220 1846 306 1901 tale
329 1860 427 1903 non
468 1852 711 1921 poteram
732 1883 748 1909 ,
782 1840 938 1913 quale
977 1854 1073 1917 per
1114 1838 1212 1894 hos
1241 1838 1422 1895 oculos
1468 1835 1636 1892 videri

115 1938 239 2003 solet;
274 1953 367 1992 non
397 1945 446 1990 te
468 1934 844 2006 cogitabam},
876 1933 1017 1988 Deus
1038 1973 1052 1998 ,
1095 1930 1149 1985 in
1192 1929 1355 2001 ﬁgura
1396 1929 1637 2000 corporis

115 2028 310 2101 humani,
350 2043 408 2084 ex
446 2043 554 2101 quo
584 2026 772 2083 audire
796 2024 997 2101 aliquid
1044 2024 1113 2079 de
1157 2023 1415 2095 sapientia
1459 2022 1633 2092 C(Bpi;

114 2135 275 2191 semper
306 2118 396 2173 hoc
431 2117 574 2191 fugi:
608 2126 665 2174 et
703 2116 994 2191 gaudebam
1027 2131 1111 2172 me
1150 2114 1252 2173 hoc
1279 2114 1548 2191 reperisse
1583 2114 1634 2168 in

116 2211 190 2269 title
210 2210 463 2285 spiritualis
487 2210 678 2271 matris
706 2218 901 2265 nostrae
924 2206 1210 2264 Catholicae
1232 2215 1354 2261 tuae.
1378 2203 1483 2263 Sed
1510 2204 1636 2276 quid

118 2312 154 2358 te
171 2302 282 2358 aliud
313 2302 595 2375 cogitarem
628 2319 738 2363 non
769 2301 1112 2367 occurrebat;
1146 2309 1200 2356 et
1226 2300 1457 2355 conabar
1486 2299 1631 2370 cogi-

116 2406 199 2452 tare
213 2408 253 2452 te
273 2396 435 2462 homo,
463 2406 517 2453 et
547 2396 670 2451 talis
694 2395 876 2463 homo,
905 2410 1173 2455 summum
1197 2401 1250 2448 et
1271 2393 1440 2448 solum
1467 2401 1519 2449 et
1545 2407 1636 2449 ve-

116 2503 200 2544 rum
222 2487 363 2544 Deum
388 2508 399 2543 :
429 2497 480 2545 et
505 2497 556 2545 te
582 2486 1069 2558 incorruptibilem,
1097 2495 1151 2542 et
1177 2483 1553 2552 inviolabilem,
1583 2493 1637 2547 et

114 2578 527 2639 bcommutabilcm
544 2624 562 2653 ,
589 2582 720 2641 totis
748 2580 993 2641 medullis
1023 2579 1335 2647 credebam;
1358 2581 1476 2651 quia
1495 2622 1510 2646 ,
1539 2594 1633 2635 ue-

115 2670 247 2728 scieus
272 2672 398 2729 unde
435 2682 490 2730 et
524 2671 820 2747 quomodo,
863 2673 1020 2747 plane
1072 2682 1251 2733 tamen
1296 2671 1536 2731 videbam
1582 2680 1638 2729 et

114 2769 249 2818 certus
267 2780 431 2831 eram,
455 2764 506 2820 id
537 2764 689 2838 quod
721 2765 989 2843 corrumpi
1024 2774 1227 2836 potest,
1254 2764 1488 2825 deterius
1516 2778 1637 2825 esse

115 2868 230 2925 quam
251 2855 293 2912 id
313 2857 439 2931 quod
468 2873 573 2917 non
602 2867 813 2932 potest;
843 2867 895 2915 et
921 2857 1061 2933 quod
1094 2858 1281 2915 violari
1303 2874 1411 2917 non
1439 2867 1634 2929 potest,

115 2945 413 3009 incunctanter
448 2951 832 3029 praeponebam
871 2950 1139 3017 violabili;
1168 2959 1224 3007 et
1261 2950 1402 3025 quod
1438 2951 1637 3012 nullam

116 3039 262 3104 patitur
297 3043 669 3112 mutationem,
715 3043 901 3099 melius
931 3058 1051 3098 esse
1078 3058 1235 3113 quam
1267 3042 1317 3101 id
1345 3042 1488 3115 quod
1516 3057 1635 3099 mu-

118 3129 187 3183 tari
217 3142 384 3205 petest.
425 3133 707 3190 Clamabat
738 3134 999 3189 violenter
1035 3149 1128 3189 cor
1170 3149 1346 3189 meum
1384 3133 1639 3193 adversus

119 3221 249 3276 cuiuis
269 3222 617 3293 phantasmata
647 3240 788 3292 mea,
805 3234 858 3279 et
883 3224 985 3281 hoc
1010 3240 1118 3285 uno
1136 3224 1240 3280 ictu
1262 3224 1493 3283 conabar
1520 3224 1638 3285 abi-

123 3323 215 3377 gere
251 3313 702 3371 circumvolantem
760 3315 968 3371 turbam
1022 3314 1370 3377 immunditiae
1401 3315 1469 3370 ab
1524 3315 1640 3371 acie

119 3403 264 3458 mentis
284 3421 432 3473 metr;
468 3417 523 3463 et
561 3409 655 3462 vix
689 3407 888 3465 dimota
931 3408 981 3461 iu
1014 3407 1121 3462 ictu
1149 3408 1319 3475 oculi,
1350 3422 1476 3465 ecce
1505 3421 1637 3462 con-

117 3492 275 3561 globata
298 3514 463 3553 rursus
482 3500 695 3566 aderat,
726 3510 779 3554 et
806 3499 1040 3555 irruebat
1068 3499 1119 3554 in
1148 3507 1416 3569 aspectum
1440 3514 1634 3563 meum,

118 3594 156 3638 rt
182 3586 475 3647 obnubilabat
504 3610 629 3648 eum
660 3611 672 3646 :
707 3599 766 3647 ut
791 3593 1031 3669 quamvis
1073 3606 1177 3646 non
1210 3591 1379 3647 forma
1421 3591 1640 3651 humani

118 3680 327 3746 corporis,
369 3699 686 3753 corporeum
730 3692 904 3739 tamen
952 3682 1151 3757 aliquid
1200 3684 1433 3755 cogitare
1473 3698 1638 3754 coge-

120 3780 182 3821 rer
215 3784 291 3840 per
327 3775 482 3846 spatia
512 3776 789 3839 loCorum,
836 3775 948 3831 sive
983 3774 1211 3829 infusum
1262 3774 1480 3841 mundo,
1527 3773 1639 3830 sive

120 3857 237 3913 etiam
270 3872 403 3918 extra
454 3866 715 3925 mundum
764 3881 861 3941 per
909 3864 1109 3920 infinita
1148 3864 1435 3932 tliil‘usum,
1479 3866 1639 3923 etiam

120 3948 246 4018 ipsum
270 3955 653 4033 iucorruptibile
683 3967 737 4015 ct
765 3958 1069 4014 inviolabile
1102 3968 1156 4014 et
1185 3959 1634 4024 incommutabile,

120 4044 226 4111 quod
245 4051 546 4123 corruptibili
575 4062 635 4108 et
676 4051 903 4107 violabili
935 4062 990 4106 et
1031 4051 1392 4107 commutabili
1433 4065 1641 4122 pracpo-

119 4134 292 4204 nehatn;
329 4144 566 4213 quoniam
595 4142 853 4215 quidquid
891 4141 1163 4212 privabam
1200 4142 1387 4212 Spatiis
1418 4141 1637 4207 talibus,

121 4226 220 4283 nihil
242 4231 353 4288 mihi
375 4250 487 4292 esse
504 4236 790 4299 videbatur
814 4255 826 4293 :
857 4237 949 4292 sed
975 4250 1192 4307 prorsus
1211 4236 1366 4303 nihil,
1395 4252 1462 4293 ne
1483 4236 1641 4299 inane

121 4317 312 4390 quidem;
336 4332 570 4401 tanquam
603 4327 649 4383 si
680 4342 875 4401 corpus
900 4326 1168 4387 auferatur
1190 4328 1329 4395 loco,
1359 4334 1643 4389 etmaneat

125 4408 237 4468 locus
255 4418 378 4475 omni
402 4435 627 4493 corpore
654 4430 927 4487 vacuatus,
953 4429 1006 4481 et
1035 4430 1246 4481 terreno
1270 4429 1324 4479 et
1349 4421 1564 4483 humido
1588 4430 1645 4483 et

124 4515 245 4561 aereo
265 4517 312 4563 et
331 4512 519 4569 ctelesti
537 4555 552 4585 ,
582 4512 680 4570 sed
717 4522 890 4568 tamen
921 4511 989 4569 sit
1015 4512 1164 4569 locus
1193 4511 1365 4571 inanis
1391 4520 1643 4587 tanquam

126 4599 354 4666 smmum
377 4605 519 4665 nihil.

177 4689 220 4745 2.
240 4693 335 4766 Ego
356 4697 523 4770 itaque
553 4699 878 4761 incrassatus
912 4695 1109 4763 corde,
1157 4711 1257 4761 nec
1296 4696 1643 4769 mihimctipsi

129 4777 194 4834 vel
206 4780 300 4853 ipse
315 4789 638 4863 conspicuus,
661 4787 915 4867 quidquid
942 4802 1051 4847 non
1074 4803 1168 4858 per
1188 4788 1452 4859 aliquanta
1473 4788 1645 4858 spatia

130 4870 391 4945 tenderetur,
424 4879 505 4941 vel
532 4879 938 4946 diffunderetur,
972 4879 1060 4936 vel
1099 4879 1526 4951 conglobaretur,
1558 4880 1643 4939 vel

131 4963 335 5035 mitteret,
362 4968 437 5025 vel
466 4971 567 5029 tale
593 4968 790 5041 aliquid
817 4980 1062 5043 caperet,
1094 4978 1185 5025 aut
1211 4984 1403 5040 capere
1428 4980 1640 5045 posset,

132 5046 228 5137 nihil
250 5068 444 5123 prorsus
468 5075 584 5116 esse
602 5058 916 5125 arbitrabar.
946 5060 1049 5121 Per
1071 5061 1257 5137 quales
1283 5062 1425 5117 enim
1447 5061 1645 5125 fortnas

134 5136 346 5202 iresolcnt
361 5149 491 5215 oculi
506 5152 627 5219 mei,
643 5166 739 5229 per
761 5150 890 5211 tales
910 5136 1168 5229 imagines
1189 5150 1297 5209 ibat
1315 5167 1408 5213 cor
1429 5167 1604 5213 meum
1628 5172 1641 5211 :

135 5244 210 5332 nec
242 5237 456 5332 videbam
491 5241 628 5305 hanc
668 5243 910 5305 eamdem
958 5244 1341 5317 intentionem,
1385 5260 1488 5323 qua
1526 5245 1647 5309 illas

138 5329 245 5397 lpus
264 5329 496 5409 imagines
520 5333 829 5402 iormabam,
855 5350 960 5396 non
982 5350 1102 5395 esse
1130 5334 1234 5391 tale
1262 5335 1496 5407 aliquid;
1526 5353 1647 5411 qua:

140 5418 273 5501 tamen
299 5421 425 5497 ipsas
449 5441 551 5487 non
575 5426 842 5493 iormaret,
866 5427 965 5483 nisi
987 5434 1128 5482 esset
1151 5441 1397 5501 magnum
1423 5416 1652 5498 aliquid.

139 5498 197 5605 ita
214 5508 349 5567 etiam
371 5524 438 5582 te,
457 5517 560 5573 vita
587 5517 704 5574 vitae
726 5533 879 5585 meae,
902 5519 1155 5590 grandem
1184 5498 1278 5590 per
1298 5520 1500 5575 intinita
1525 5533 1646 5590 spa-

142 5602 195 5650 tia
216 5603 413 5676 undique
436 5610 721 5681 cogitabam
741 5621 1020 5689 penetrare
1040 5619 1203 5668 totam
1224 5611 1406 5667 mundi
1428 5611 1644 5681 molem,

143 5692 186 5745 ει
212 5701 336 5761 tm
365 5711 477 5765 eam
519 5715 932 5775 quaquaversum
975 5718 1070 5775 per
1098 5702 1358 5771 immensa
1395 5701 1513 5767 sine
1539 5710 1647 5767 tor-

195 5842 1250 5924 ’III.Am.etxr.:NMumteoogitabm.

1749 1230 1924 1298 mino;
1957 1240 2015 1287 ut
2039 1231 2260 1290 haberet
2288 1241 2341 1290 te
2362 1241 2536 1302 terra,
2573 1235 2792 1292 haberet
2815 1238 3040 1305 omium,
3072 1238 3329 1297 haberent

1750 1323 2016 1391 omnia,et
2038 1324 2125 1380 illa
2153 1324 2433 1382 ﬁnirentur
2456 1326 2511 1383 in
2535 1336 2608 1392 te,
2625 1337 2679 1384 tu
2698 1338 2877 1386 autem
2894 1346 3174 1402 nusquam.
3204 1331 3325 1389 Slo-

1747 1423 1806 1470 ut
1830 1423 2009 1471 autem
2034 1417 2141 1477 luci
2179 1417 2309 1473 solis
2353 1432 2459 1473 non
2489 1419 2774 1477 obsisteret
2797 1434 2991 1493 corpus
3011 1423 3150 1478 aeris
3174 1422 3332 1494 hujus

1744 1508 1837 1579 qui
1862 1522 2023 1579 supra
2053 1517 2252 1566 terram
2277 1519 2379 1578 est,
2410 1512 2697 1583 quominus
2730 1529 2825 1584 per
2852 1529 2975 1570 eum
3005 1515 3334 1585 trajiceretur

1744 1609 2028 1671 penetrans
2057 1618 2203 1670 eum,
2234 1619 2340 1660 non
2367 1603 2723 1676 dirumpendo
2738 1615 2828 1663 aut
2849 1608 3200 1676 ooncidendo,
3231 1608 3329 1665 sed

1744 1694 2017 1765 implendo
2041 1710 2167 1752 eum
2214 1704 2423 1755 totum:
2465 1697 2547 1753 sic
2584 1698 2678 1754 tibi
2708 1699 2961 1768 putabam
3003 1713 3113 1755 non
3158 1698 3333 1757 solum

1742 1786 1867 1842 eali
1893 1795 1947 1843 ct
1971 1787 2111 1843 seris
2136 1796 2191 1845 et
2228 1788 2427 1855 maris,
2461 1787 2558 1845 sed
2591 1789 2754 1845 etiam
2788 1798 2945 1846 terras
2985 1805 3183 1861 corpus
3211 1806 3334 1862 per-

1743 1879 1922 1944 vium,
1965 1887 2020 1935 et
2044 1895 2109 1935 ex
2140 1881 2386 1937 omnibus
2427 1881 2678 1938 maximis
2716 1882 3059 1954 minimisque
3095 1882 3334 1954 partibus

1744 1972 2072 2043 penetrabile
2103 1972 2171 2028 ad
2210 1974 2523 2045 capiendam
2554 1974 2892 2045 prmeentiam
2920 1982 3096 2043 tuam,
3127 1974 3333 2031 occulta

1743 2063 2091 2134 inspiratione
2111 2064 2434 2121 intrinsecus
2452 2074 2507 2122 et
2522 2065 2853 2122 extrinsecus
2873 2065 3332 2122 administrantem

1742 2156 1918 2212 omnia
1941 2172 2061 2228 qua:
2079 2155 2295 2214 creasti.
2326 2156 2402 2213 Ita
2430 2156 2760 2227 suspicabar,
2783 2158 2906 2227 quia
2921 2157 3159 2228 cogitare
3180 2156 3327 2213 aliud

1741 2263 1847 2304 non
1869 2259 2141 2318 poteram;
2169 2264 2291 2304 nam
2311 2247 2502 2306 falsum
2526 2257 2659 2304 erat.
2686 2249 2785 2305 Illo
2801 2249 2947 2305 enim
2969 2248 3131 2305 modo
3151 2248 3327 2320 major

1741 2353 1864 2410 pars
1895 2347 2051 2397 terrae
2077 2339 2338 2410 majorem
2367 2340 2439 2395 tui
2469 2347 2671 2409 partem
2699 2338 2957 2408 haberet,
2989 2348 3044 2396 et
3068 2341 3329 2396 minorem

1740 2433 1952 2490 minor:
1980 2441 2140 2504 atque
2168 2434 2240 2489 ita
2267 2443 2319 2490 te
2343 2432 2499 2505 plena
2539 2439 2721 2490 essem
2752 2433 2930 2488 omnia
2951 2474 2966 2501 ,
3009 2441 3069 2488 ut
3099 2432 3328 2503 amplius

1742 2524 1816 2580 tui
1841 2533 2057 2593 caperet
2078 2523 2349 2594 elephanti
2374 2538 2573 2594 corpus
2590 2538 2752 2594 quam
2779 2523 3031 2593 passeris,
3061 2537 3167 2593 quo
3187 2530 3333 2578 esset

1742 2615 1844 2675 isto
1866 2615 2138 2686 grandius,
2164 2614 2615 2686 grandioremque
2637 2622 2920 2686 occuparet
2941 2615 3146 2681 locum;
3171 2623 3331 2685 atque

1742 2707 1815 2767 ita
1844 2706 2108 2765 frustatim
2135 2708 2375 2778 partibus
2403 2708 2587 2766 mundi
2604 2749 2620 2773 ,
2646 2709 2852 2779 magnis
2880 2723 3120 2778 magnas,
3151 2708 3329 2769 brevi.

1733 2802 1843 2861 bus
1862 2801 2049 2857 breves
2079 2809 2257 2871 partes
2287 2810 2412 2858 tuas
2432 2810 2725 2873 praesentes
2749 2800 2975 2858 iaceres.
3004 2801 3121 2857 Non
3147 2815 3208 2857 es
3230 2815 3328 2856 su-

1743 2903 1851 2953 tem
1883 2892 1973 2953 ita.
2005 2892 2111 2948 Sed
2139 2892 2371 2949 nondum
2393 2892 2790 2949 illumiuavcras
2818 2892 3064 2951 tenebras
3084 2906 3250 2955 meas.

2361 3008 2586 3066 CAPUT
2624 3008 2688 3064 ll.
2716 3006 2724 3013 ’

1834 3124 2147 3187 Momentum
2171 3139 2268 3195 quo
2297 3122 2570 3181 Nebridius
2589 3126 2877 3198 confutarat
2905 3122 3237 3187 Manichwos.

1815 3242 1867 3296 5.
1898 3240 1993 3299 Sat
2018 3247 2134 3299 erat
2158 3238 2290 3301 mihi
2311 3281 2328 3305 ,
2359 3239 2610 3304 Domine,
2643 3237 2901 3299 adversus
2934 3236 3182 3310 deceptos
3211 3238 3331 3299 illos

1745 3341 1800 3393 et
1825 3332 2166 3403 deceptores,
2195 3340 2248 3387 et
2273 3331 2523 3401 loquaces
2558 3338 2734 3385 mutos
2764 3329 2804 3394 ί.
2845 3328 3095 3400 quoniam
3127 3343 3233 3385 non
3264 3343 3329 3389 ex

1745 3424 1825 3485 eis
1850 3424 2075 3483 sonabat
2114 3423 2335 3483 verbum
2382 3430 2566 3478 tuum:
2594 3429 2677 3477 sat
2719 3428 2835 3481 erat
2879 3434 3006 3491 ergo
3032 3419 3160 3477 illud
3187 3418 3329 3491 qucti

1740 3515 1944 3589 jamdiu
1971 3515 2040 3573 ab
2071 3529 2237 3585 usque
2265 3513 2585 3583 Carthagine
2624 3526 2653 3566 a
2693 3509 2947 3569 Nebridio
2974 3509 3197 3585 proponi
3238 3523 3331 3569 so-p

1746 3606 1907 3671 lebat,
1939 3614 1993 3661 et
2016 3620 2204 3667 omnes
2231 3605 2322 3676 qui
2343 3603 2682 3661 audieramus
2705 3601 2950 3663 concussi
2967 3617 3169 3663 sumus.
3192 3599 3329 3673 Quid

1746 3705 1863 3755 erat
1889 3695 1983 3755 tibi
2011 3694 2214 3753 factura
2246 3695 2426 3752 nescio
2454 3710 2571 3767 quae
2599 3708 2731 3766 gens
2768 3693 3103 3755 tenebrarum
3124 3733 3140 3759 ,
3170 3707 3331 3765 quam

1746 3805 1810 3846 ex
1839 3789 2061 3847 adversa
2090 3789 2229 3849 mole
2259 3789 2434 3850 solent
2453 3802 2721 3865 opponere
2742 3828 2758 3855 ,
2797 3787 2841 3849 si
2883 3794 2938 3845 tu
2978 3801 3099 3845 eum
3125 3800 3185 3845 ea
3230 3800 3332 3857 pu-

1745 3897 1910 3952 gnare
1956 3880 2295 3939 noluisses“!
2340 3878 2397 3936 Si
2444 3879 2585 3937 enim
2638 3877 3073 3949 responderetur,
3132 3876 3333 3949 aliquid

1749 3974 1912 4030 fuisse
1938 3975 2233 4030 nocituram
2250 4014 2264 4039 ,
2285 3972 2547 4029 violabilis
2560 3980 2611 4027 tu
2630 3979 2685 4031 et
2708 3970 3070 4047 corruptibilis
3094 3969 3254 4029 fores.
3270 3968 3328 4033 Si

1746 4075 1923 4122 autem
1956 4065 2087 4123 nihil
2115 4081 2176 4120 ca
2207 4079 2400 4121 nocere
2431 4062 2664 4134 potuisse
2691 4061 2976 4127 diceretur,
3003 4060 3147 4123 nulla
3175 4060 3333 4125 metu

1747 4168 1894 4217 retur
1915 4173 2075 4215 causa
2103 4154 2403 4227 pugnandi,
2452 4164 2505 4211 et
2546 4154 2618 4211 ita
2649 4152 2947 4224 pugnandi,
2988 4163 3045 4209 ut
3086 4150 3330 4223 quaedam

1749 4250 1923 4322 portio
1950 4258 2036 4305 tua
2063 4257 2117 4306 et
2143 4247 2438 4305 membrum
2462 4258 2631 4315 tuum,
2662 4244 2749 4307 vel
2770 4245 2951 4318 proles
2976 4244 3045 4301 de
3071 4244 3183 4321 ipsa
3204 4243 3333 4306 sub-

1748 4341 1940 4399 stantia
1971 4350 2092 4407 tua,
2135 4339 2449 4396 misceretur
2477 4336 2717 4397 adversis
2744 4336 3094 4407 potestatibus
3129 4342 3186 4397 et
3222 4349 3331 4401 non

1747 4426 1778 4488 ε
1819 4442 1869 4487 te
1895 4432 2089 4488 creatis
2119 4430 2350 4495 naturis,
2381 4439 2539 4500 atque
2564 4429 2617 4484 in
2647 4436 2851 4483 tantum
2879 4426 2946 4482 ab
2970 4426 3049 4482 eis
3082 4439 3329 4481 corrum-

1749 4534 1966 4595 peretur
1994 4532 2045 4578 et
2075 4528 2492 4584 commutaretur
2513 4520 2566 4577 in
2587 4518 2843 4585 deterius,
2867 4526 2978 4579 uta
3002 4516 3333 4579 beatitudine

1750 4617 1806 4673 in
1836 4615 2104 4673 miseriam
2131 4622 2448 4678 verteretur,
2479 4621 2536 4673 et
2564 4610 2825 4682 indigeret
2861 4610 3057 4673 auxilio
3082 4624 3190 4689 que
3216 4612 3334 4675 erui

1750 4707 2068 4779 purgarique
2112 4712 2330 4779 posset:
2364 4713 2420 4763 et
2460 4704 2594 4761 hanc
2630 4717 2751 4761 esse
2792 4701 3052 4769 animam.
3085 4701 3172 4765 cui
3212 4710 3336 4767 tuus

1751 4813 1946 4863 sermo,
1980 4795 2231 4857 servienti
2259 4794 2414 4861 liber,
2443 4802 2497 4850 et
2523 4792 2898 4851 contaminata
2924 4809 3108 4867 purus,
3138 4804 3188 4857 et
3215 4809 3335 4859 eor-

1751 4897 1920 4959 ruptze
1951 4887 2154 4959 integer
2197 4884 2534 4952 subveniret;
2578 4885 2673 4940 sed
2697 4894 2748 4942 et
2790 4884 2904 4956 ipse
2939 4886 3332 4965 corruptibilis,

1750 4979 1873 5051 quia
1899 4994 1964 5034 ex
1991 4992 2095 5033 una
2123 4976 2417 5049 eademque
2445 4977 2759 5037 substantia.
2786 4976 2989 5057 itaque,
3014 4979 3155 5053 site,
3185 4979 3339 5061 quid:

1751 5069 1875 5142 quid
1900 5084 1978 5135 es,
2012 5068 2063 5124 id
2093 5079 2198 5136 est,
2229 5068 2578 5129 substantiam
2610 5076 2753 5131 tuam
2784 5084 2886 5153 qua
2912 5085 2990 5134 es,
3020 5070 3338 5151 incorrupti.

1750 5163 1912 5219 bilem
1938 5161 2211 5229 dicerent;
2246 5159 2377 5219 falsa
2407 5175 2526 5223 esse
2550 5160 2640 5217 illa
2668 5161 2844 5223 omnia
2869 5170 2925 5225 et
2950 5164 3335 5231 exsecrabilis;

1751 5255 1796 5310 si
1820 5263 1999 5309 autem
2024 5252 2451 5325 corruptibilem;
2479 5252 2708 5324 idipsum
2729 5252 2839 5327 jam
2867 5253 3057 5317 falsum
3086 5262 3141 5313 et
3168 5254 3338 5335 prima

1752 5362 1884 5403 voce
1912 5345 2347 5407 abominandum.
2377 5345 2471 5402 Sat
2499 5360 2627 5418 ergo
2650 5354 2765 5415 erat
2794 5345 2937 5408 istud
2965 5346 3220 5407 adversus
3243 5358 3338 5407 eos

1754 5436 2064 5496 omnimodo
2104 5436 2430 5494 cvomendos
2455 5452 2483 5490 a
2518 5452 2763 5506 pressura
2791 5436 3047 5507 pectoris;
3079 5432 3198 5504 quia
3230 5448 3336 5488 non

1753 5532 2023 5591 habebant
2048 5545 2152 5611 qua
2185 5531 2395 5586 exirent
2431 5529 2549 5589 sine
2590 5527 2830 5584 horribili
2854 5525 3133 5606 sacrilegio
3159 5522 3339 5589 cordia
3388 5509 3408 5552 ³·

1756 5635 1811 5685 et
1840 5626 2052 5703 linquis,
2078 5623 2359 5696 sentiendo
2384 5621 2454 5689 de
2479 5631 2532 5689 te
2553 5621 2657 5688 ista
2679 5628 2735 5681 et
2756 5617 3040 5689 loquendo.

2362 5799 2531 5855 unitos,
2550 5798 2606 5855 et
2626 5791 2685 5842 ob
2699 5789 2788 5841 hoc
2804 5787 3247 5855 "adempturumse.

2328 5856 2453 5918 apud
2469 5849 2578 5904 Βόα.
2598 5860 2671 5902 Er.
2691 5859 2864 5902 80mm.
2891 5857 2944 5902 et
