1963 3136
288 141 341 174 755

597 201 710 231 CAPUT
729 200 773 229 lll.

443 248 560 277 Liberum
571 247 702 275 arbitrium
714 255 791 274 causa
804 247 908 282 peccati.

320 295 347 324 ι.
360 295 413 324 Sed
424 299 452 324 et
464 302 514 330 ego
528 294 624 327 adhuc,
639 293 759 329 quamvis
773 292 1031 320 incontaminabilcm
1046 295 1073 320 et

284 339 521 374 inconvertibilem,
534 345 561 368 et
571 340 642 368 nulla
652 348 684 368 ex
696 343 770 374 parte
780 338 933 366 mutabilem
944 338 1070 372 dicerem,

283 388 410 423 ﬁrmaque
424 388 550 415 sentirem
572 386 712 414 Dominum
725 390 845 413 nostrum
864 385 948 412 Deum
967 392 1070 418 verum,

282 435 327 471 qui
340 435 425 464 fecisti
436 442 489 463 non
504 434 589 462 solum
605 433 708 461 animas
720 436 823 460 nostras
832 453 839 466 ,
855 431 901 460 sed
915 431 994 459 etiam
1009 437 1070 458 cor-

282 488 358 517 pora,
372 488 422 508 nec
434 484 535 508 tantum
548 479 650 507 animas
663 482 766 506 nostras
778 482 805 505 et
817 485 940 513 corpora,
953 476 1002 504 sed
1013 484 1071 504 om-

282 517 330 556 nes
342 532 370 556 et
384 527 490 560 omnia;
513 533 567 554 non
581 525 703 554 tenebam
722 524 872 560 explicitam
887 528 914 550 et
930 522 1070 550 enodatam

281 581 387 602 causam
401 573 462 601 mali
474 582 481 600 :
495 579 667 608 quacumque
679 575 767 598 tamen
781 574 862 603 esset,
877 569 915 597 sic
926 576 985 596 eam
996 576 1069 603 qua:-

281 619 390 648 rendam
400 618 530 650 videbam,
540 621 570 645 ut
580 624 632 645 non
644 624 692 652 per
702 616 772 644 illam
780 615 976 650 constringerer
987 614 1070 641 Deum

281 664 524 694 incommutabilem
539 662 692 691 mutabilem
706 661 832 695 credere,
852 669 885 688 ne
900 661 956 696 ipse
978 655 1069 687 ﬁerem

280 712 351 748 quod
370 711 530 747 quarebam.
551 709 640 745 Itaque
661 716 771 737 securus
785 716 844 736 eam
863 707 1028 743 quzcrebam,
1043 710 1070 734 et

280 763 370 787 certus
389 766 443 786 non
455 765 514 786 esse
527 764 618 785 verum
631 756 701 791 quod
721 756 757 783 illi
775 755 911 788 dicerent,
934 761 1001 789 quos
1014 758 1069 781 toto

282 805 371 832 animo
383 803 531 838 fugiebam;
546 802 607 838 quia
618 801 754 834 videbam,
769 800 912 837 quaerendo
927 799 995 827 unde
1010 807 1067 826 ma-

281 851 335 878 lum
346 871 354 884 ,
374 850 491 885 repletos
505 849 619 882 malitia,
635 856 686 884 qua
704 848 876 884 opinarentur
891 851 962 875 tuam
983 847 1068 882 potius

280 896 455 924 substantiam
471 895 541 923 male
555 895 625 931 pati.
638 902 718 930 quam
731 901 806 922 suam
819 893 888 921 male
900 893 996 921 facere.

316 943 342 970 5.
357 942 390 970 Et
403 941 570 970 intendebam
585 945 613 969 ut
624 948 762 969 cernerem
780 940 851 976 quod
865 939 1018 972 audiebam,
1035 940 1067 967 li-

280 988 374 1016 berum
385 987 526 1016 voluntatis
538 986 676 1014 arbitrium
689 993 795 1014 causam
807 992 866 1014 esse
879 990 907 1013 ut
918 985 988 1013 male
997 985 1068 1013 face<

280 1042 379 1067 remus,
394 1039 421 1062 et
450 1038 551 1063 rectum
574 1033 704 1069 judicium
727 1038 799 1060 tuum
815 1036 844 1060 ut
860 1036 1027 1068 pateremur;
1041 1036 1069 1060 et

279 1089 340 1109 eam
355 1081 479 1117 liquidam
495 1082 504 1097 ί
519 1088 630 1109 cernere
650 1087 703 1108 non
724 1079 856 1107 valebam.
878 1079 969 1114 itaque
984 1079 1068 1107 aciem

279 1128 376 1156 mentis
393 1128 427 1155 de
447 1127 579 1163 profundo
592 1127 705 1155 educere
719 1131 830 1154 conatus
840 1147 848 1160 ,
864 1126 1002 1162 mergebar
1018 1126 1067 1153 ite-

279 1183 337 1203 rum
348 1183 355 1208 ;
365 1178 392 1203 et
401 1182 473 1210 sape
483 1177 603 1208 conatus,
616 1173 755 1209 margebar
765 1174 861 1201 iterum
872 1177 951 1208 atque
961 1173 1066 1200 iterum.

278 1220 439 1249 Sublevabat
451 1220 522 1248 enim
536 1227 579 1247 me
587 1220 612 1247 in
624 1219 709 1247 lucem
721 1223 791 1247 tuam
801 1218 872 1255 quod
884 1224 935 1246 tam
946 1227 989 1247 me
1001 1219 1069 1247 scie-

279 1266 341 1295 bam
353 1267 452 1295 habere
464 1267 636 1299 voluntatem,
651 1273 730 1301 quam
740 1273 783 1293 me
794 1265 892 1294 vivere.
904 1265 994 1301 Itaque
1007 1273 1067 1293 cum

280 1313 379 1349 aliquid
393 1313 486 1341 vellem
498 1317 544 1340 aut
556 1312 652 1341 nollem
662 1333 670 1346 ,
685 1320 737 1340 non
752 1313 832 1340 alium
847 1320 925 1348 quam
945 1320 988 1340 me
1001 1312 1069 1340 velle

280 1366 313 1387 ac
327 1359 399 1387 nolle
411 1359 576 1387 certissimus
589 1366 673 1391 eram,
688 1363 715 1386 et
728 1359 764 1386 ibi
778 1366 838 1387 esse
849 1366 956 1387 causam
968 1358 1068 1393 peccati

280 1406 332 1433 mei
343 1406 397 1441 jam
407 1406 513 1442 jamque
523 1405 774 1434 animadvertebam.
786 1405 862 1440 Quod
871 1410 960 1433 autem
970 1405 1068 1433 invitus

279 1451 394 1480 facerem
404 1472 412 1485 ,
430 1452 483 1487 pati
497 1459 539 1479 me
554 1452 640 1487 potius
654 1459 734 1487 quam
747 1451 834 1480 facere
848 1452 986 1484 videbam;
1001 1456 1027 1479 et
1042 1451 1068 1479 id

279 1505 333 1525 non
346 1498 461 1533 culpam,
475 1497 521 1525 sed
534 1505 640 1533 poenam
654 1498 881 1533 essejudicabam,
897 1506 948 1533 qua
963 1505 1005 1525 me
1015 1505 1068 1525 non

279 1543 377 1578 injuste
395 1543 488 1578 plecti,
509 1547 535 1572 te
550 1544 650 1579 justum
664 1543 800 1579 cogitans,
820 1544 874 1571 cito
888 1543 998 1571 fatebar.
1016 1543 1069 1571 Sed

280 1596 373 1617 rursus
387 1589 506 1617 dicebam
519 1598 525 1616 :
545 1589 609 1623 Quis
628 1589 690 1617 fecit
703 1590 763 1617 me?
776 1590 869 1617 Nonne
895 1591 963 1618 Deus
977 1598 1067 1624 meus,

280 1642 334 1662 non
352 1639 452 1662 tantum
473 1635 572 1669 bonus,
593 1634 641 1662 sed
661 1635 746 1670 ipsum
760 1635 878 1663 bonum?
897 1635 973 1663 Unde
992 1636 1070 1671 igitur

280 1680 345 1708 mihi
356 1681 423 1708 male
434 1680 502 1708 velle
512 1685 539 1707 et
552 1681 618 1708 bene
631 1680 710 1714 nolle,
724 1685 752 1708 ut
760 1685 831 1708 esset
841 1681 967 1716 eurjuste
978 1689 1069 1716 poenas

280 1726 473 1761 luerem1Quis
487 1727 513 1754 in
527 1735 569 1755 me
582 1727 632 1755 hoc
645 1728 741 1762 posuit,
754 1732 780 1755 et
792 1728 886 1755 insevit
897 1728 1070 1763 milti’planta-

282 1774 351 1802 rium
364 1774 558 1808 amaritudinis,
571 1782 630 1802 cum
646 1779 715 1802 totus
726 1775 815 1803 ﬁerem
828 1783 842 1802 a
852 1776 1005 1804 dulcissimo
1016 1777 1069 1804 Deo

282 1821 363 1848 meo?
377 1820 405 1848 Si
417 1820 538 1849 diabolus
556 1825 658 1854 auctor,
675 1822 744 1850 unde
766 1822 822 1857 ipse
839 1822 979 1850 diabolus?
993 1823 1069 1857 Quod

281 1867 304 1895 si
317 1871 344 1894 et
362 1867 419 1902 ipse
431 1875 554 1903 perversa
567 1868 702 1895 voluntate
713 1876 746 1896 ex
762 1867 832 1896 bono
842 1868 936 1904 angelo
948 1869 1069 1897 diabolus

280 1913 365 1941 factus
380 1918 437 1947 est;
458 1913 528 1942 unde
542 1919 568 1942 et
583 1914 609 1942 in
626 1914 683 1950 ipso
697 1914 818 1942 voluntas
830 1915 898 1942 mala
912 1923 963 1950 qua
975 1915 1068 1943 diabo-

279 1959 321 1987 lus
337 1959 428 1993 ﬁeret,
448 1960 554 1995 quando
569 1964 640 1987 totus
653 1960 762 1996 angelus
781 1968 796 1987 a
814 1960 950 1988 conditore
969 1962 1070 1996 optimo

279 2005 364 2033 factus
378 2009 449 2033 esset
464 2005 550 2033 bonus
562 2005 591 2033 ’ἲ
611 2005 658 2033 llis
678 2005 882 2041 cogitationibus
902 2006 1070 2041 deprimebar

279 2049 374 2077 iterum
394 2055 421 2077 et
433 2050 600 2078 suti‘ocabar:
616 2050 663 2079 sed
678 2058 730 2078 non
747 2058 830 2086 usque
843 2051 877 2079 ad
895 2051 968 2079 illum
986 2051 1069 2079 infer-

280 2104 343 2124 num
364 2096 531 2125 subducebar
543 2097 659 2131 erroris,
679 2097 722 2125 ubi
744 2105 822 2125 nemo
842 2097 984 2125 conﬁtetur
1005 2098 1066 2130 tibi,

279 2142 341 2170 dum
356 2146 385 2170 tu
399 2143 487 2178 potius
499 2142 569 2170 mala
585 2143 648 2178 pati,
663 2150 741 2178 quam
758 2143 837 2171 homo
850 2143 937 2171 facere
952 2148 1067 2179 putatur.

597 2199 709 2228 CAPUT
728 2200 770 2227 ιν.

425 2234 508 2263 Deum
519 2235 734 2271 incomtptibiiem
749 2244 802 2263 esse
814 2241 921 2272 oportet.

315 2281 341 2309 ϐ.
355 2280 400 2309 Sic
413 2281 485 2309 enim
499 2281 602 2309 nitebar
620 2288 716 2309 excierit
736 2282 870 2315 invenire,
889 2287 919 2310 ut
929 2283 983 2318 jam
997 2283 1071 2312 iuve-

280 2334 372 2354 neram
387 2327 482 2354 melius
494 2334 553 2354 esse
563 2327 773 2363 incorruptibile,
789 2336 868 2364 quam
881 2330 1068 2364 corruptibile;

280 2376 308 2399 et
320 2371 380 2399 ideo
394 2375 431 2405 te,
445 2372 571 2407 quidquid
585 2381 675 2406 8:505.
690 2381 749 2401 esse
762 2374 989 2409 incorruptibilem
1005 2382 1070 2402 con-

282 2418 387 2446 ﬁtebar.
399 2417 490 2453 Neque
504 2419 575 2446 enim
587 2419 639 2446 ulla
653 2420 740 2447 anima
755 2428 871 2456 unquam
885 2422 979 2456 potuit,
994 2425 1069 2456 pote-

281 2464 349 2492 ritve
358 2463 476 2498 cogitare
486 2464 584 2499 aliquid
595 2465 664 2500 quod
674 2466 709 2493 sit
722 2470 748 2493 te
761 2466 865 2500 melius,
879 2467 923 2502 qui
937 2475 1069 2495 summum

279 2515 308 2539 et
327 2511 457 2546 optimum
476 2510 574 2538 bonum
592 2518 631 2539 es.
652 2511 717 2539 Cum
732 2516 820 2539 autem
835 2512 972 2540 verissime
991 2519 1070 2550 atque

283 2557 431 2585 certissime
441 2556 640 2593 incorruptibilc
647 2557 811 2592 corruptibili
826 2564 1005 2594 prmponatur,
1016 2561 1069 2589 sic-

281 2607 311 2630 ut
328 2603 383 2638 jam
402 2610 453 2638 ego
471 2602 675 2638 praeponebam,
698 2608 817 2638 poteram
832 2604 888 2640 jam
910 2606 1070 2642 cogitatione

278 2649 380 2685 aliquid
398 2653 528 2685 attingere
541 2649 612 2685 quod
624 2654 696 2678 esset
708 2650 804 2678 melius
823 2651 877 2679 Deo
891 2659 963 2684 meo,
979 2653 1028 2680 nisi
1043 2657 1069 2681 tu

285 2704 288 2707 Δ
314 2716 324 2732 ¹
331 2717 369 2753 sic
374 2720 428 2742 Is.
438 2716 506 2748 Angl.
518 2719 544 2742 et
552 2717 629 2753 posui
635 2723 714 2753 prope
723 2724 809 2743 omnes
816 2721 870 2743 Mss.
880 2722 907 2744 Et
915 2719 991 2753 paulo,
1003 2725 1069 2752 post,

279 2747 410 2783 non_alium
417 2747 490 2783 quam
497 2753 544 2783 me.
552 2747 622 2783 [Eum
632 2747 722 2783 liquide
733 2754 860 2783 cernere,
870 2747 991 2777 non'aliud
999 2747 1071 2783 quani

231 2814 233 2816 _
279 2778 497 2816 ’ζιελ-Ληιξυξζῐ.
503 2778 564 2804 Flor.
571 2778 917 2807 etBond.cumnonn\llllsllss.
925 2788 931 2806 :
940 2786 989 2808 Non
998 2778 1070 2809 etiam

281 2815 355 2841 quam
362 2816 409 2841 me,
457 2813 486 2835 II.

279 2840 450 2896 “geminum
472 2841 545 2869 bonus
559 2841 584 2868 in
596 2845 651 2868 Mss.
662 2842 762 2875 Benign.
771 2841 920 2872 Theoderica
939 2848 964 2872 et
981 2846 1071 2878 aliquot

846 136 1103 170 CONFESSIONUM
1120 136 1150 167 S.
1169 136 1352 168 AUGUSTlNl

1860 139 1903 170 736

1127 205 1200 226 esses
1219 199 1436 235 incorruptibilis.
1454 200 1503 229 Ubi
1523 201 1603 237 igitur
1615 200 1738 229 videbam
1756 200 1904 237 incorrupti-

1125 243 1178 272 bile
1188 245 1352 280 corruptibili
1364 253 1423 274 esse
1436 246 1638 281 prreferendum,
1653 247 1687 275 ibi
1699 251 1725 274 te
1738 254 1854 282 qumrere
1865 247 1904 275 de-

1124 291 1237 323 bebam.
1257 297 1337 328 atque
1353 292 1414 321 inde
1434 292 1573 321 advertere
1587 293 1658 321 unde
1673 294 1682 310 ί
1697 294 1732 321 sit
1754 293 1863 326 malum,
1882 294 1902 322 id

1124 343 1176 371 est,
1190 338 1262 367 unde
1273 339 1309 367 sit
1322 340 1379 375 ipsa
1389 341 1535 376 corruptio,
1546 349 1598 376 qua
1608 341 1700 369 violari
1713 341 1856 368 substantia
1868 346 1901 369 tu:

1124 385 1197 413 nullo
1215 386 1294 414 modo
1317 391 1413 422 potest.
1435 386 1513 415 Nullo
1527 387 1599 415 enim
1619 394 1729 422 prorsus
1742 387 1821 414 modo
1835 387 1904 415 violat

1123 432 1258 466 corruptio
1271 432 1353 460 Deum
1376 436 1513 464 nostrum;
1530 433 1601 461 nulla
1614 433 1767 465 voluntate,
1784 432 1853 460 nulla
1866 441 1904 460 ne-

1124 477 1260 510 cessitate,
1283 478 1356 506 nullo
1379 479 1523 514 improviso
1544 486 1624 512 casu;
1645 479 1774 515 quoniam
1799 478 1853 513 ipse
1870 485 1903 507 est

1123 523 1208 557 Deus,
1222 528 1249 551 et
1261 524 1332 559 quod
1353 524 1403 553 sibi
1417 525 1472 552 vult
1484 525 1582 553 bonum
1597 530 1654 558 est,
1676 530 1704 553 et
1718 525 1777 560 ipse
1790 529 1831 552 est
1844 526 1903 554 idem

1124 568 1221 596 bonum
1235 578 1242 596 :
1256 570 1390 605 corrumpi
1400 575 1488 598 autem
1503 578 1556 598 non
1569 575 1611 598 est
1621 571 1732 598 bonum.
1747 570 1803 598 Nec
1812 571 1902 605 cogeris

1122 614 1219 642 invitus
1237 614 1270 642 ad
1289 615 1403 650 aliquid,
1424 616 1485 651 quia
1504 617 1627 644 voluntas
1642 621 1686 644 tua
1699 624 1755 644 non
1774 622 1816 644 est
1830 617 1902 652 major

1121 667 1199 694 quam
1214 639 1400 695 potentiajtua.
1420 639 1498 689 Esset
1510 667 1598 690 autem
1619 662 1715 697 major.
1730 663 1753 690 si
1767 666 1794 689 te
1810 639 1902 697 ipso—“tn
1938 639 1939 682 ι

1121 704 1178 739 ipse
1188 705 1273 739 major
1282 713 1355 734 esses
1368 715 1375 734 :
1390 706 1511 735 voluntas
1523 708 1593 735 enim
1607 712 1635 736 et
1644 709 1764 743 potentia
1776 708 1831 741 Dei,
1842 708 1902 737 Deus
1938 728 1939 732 η

1121 749 1177 784 ipse
1192 755 1242 778 est.
1256 751 1289 778 Et
1303 752 1365 787 quid
1380 752 1551 788 improvisum
1571 754 1617 781 tibi
1630 755 1673 789 qui
1690 755 1760 781 nosti
1776 755 1868 786 oumia,
1880 761 1902 782 et

1120 795 1192 823 nulla
1203 801 1295 824 natura
1308 802 1360 831 est,
1377 798 1426 826 nisi
1437 799 1498 834 quia
1509 800 1577 826 nosti
1588 800 1665 827 eam?
1682 801 1712 827 Et
1727 800 1819 835 utquid
1830 800 1900 827 multa

1120 840 1245 875 dicimus,
1257 850 1303 870 cur
1314 850 1366 870 non
1380 844 1415 871 sit
1424 845 1602 880 corruptibilis
1615 846 1764 873 substantia
1775 854 1832 881 qua:
1842 846 1900 873 Deus

1120 891 1171 920 eSt,
1185 888 1290 923 quando
1305 889 1327 916 si
1341 889 1391 917 hoc
1402 895 1483 924 esset,
1498 899 1551 918 non
1565 897 1634 919 esset
1648 892 1735 919 Deus?

1438 947 1550 976 CAPUT
1571 948 1602 976 ν.

1181 982 1277 1014 Quaerit
1290 982 1378 1009 iterum
1391 984 1457 1010 unde
1468 984 1571 1015 malum.
1586 990 1608 1010 ct
1624 993 1681 1019 (Iure
1696 984 1774 1010 radix
1788 985 1847 1019 ejus.

1157 1027 1179 1054 'l.
1199 1027 1231 1054 Et
1247 1028 1397 1062 quaerebam
1414 1028 1483 1057 unde
1496 1030 1603 1061 malum,
1617 1035 1642 1056 et
1659 1030 1727 1057 male
1741 1031 1893 1065 qumrebam;

1121 1078 1147 1101 et
1160 1073 1185 1100 in
1200 1074 1255 1108 ipsa
1271 1074 1439 1110 inquisitione
1454 1083 1513 1103 mea
1535 1083 1587 1103 non
1603 1076 1724 1103 videbam
1754 1077 1855 1104 malum.
1869 1077 1894 1103 Et

1120 1119 1311 1147 constituebam
1335 1120 1361 1147 in
1388 1125 1532 1156 conspectu
1547 1122 1655 1156 spiritus
1681 1123 1733 1148 mei
1763 1122 1894 1149 universam

1120 1169 1281 1200 creaturam,
1296 1166 1422 1202 quidquid
1435 1167 1462 1194 in
1481 1174 1512 1194 ea
1525 1174 1636 1195 cernere
1662 1175 1818 1202 posmmus;
1833 1169 1893 1195 sicuti

1120 1216 1160 1239 est
1170 1216 1249 1245 terra,
1264 1216 1291 1239 et
1302 1220 1384 1246 mare,
1400 1218 1488 1246 etaer,
1503 1218 1530 1241 et
1543 1213 1639 1247 sidera,
1651 1219 1679 1241 et
1692 1215 1811 1247 arbores,
1819 1215 1893 1242 etaui-

1120 1257 1198 1284 tnalia
1210 1259 1329 1285 mortalia
1342 1267 1348 1291 ;
1367 1263 1393 1286 et
1411 1259 1537 1295 quidquid
1549 1259 1576 1286 in
1588 1267 1619 1287 ea
1631 1267 1684 1287 non
1699 1260 1828 1293 videmus,
1839 1260 1892 1287 sicut

1120 1304 1316 1332 ﬁrmamentum
1329 1305 1399 1339 coeli,
1409 1305 1517 1341 insuper
1528 1311 1554 1334 et
1566 1307 1783 1342 omnesAngelos
1804 1312 1828 1333 et
1840 1314 1891 1333 cnn-

1120 1356 1161 1378 cta
1178 1352 1322 1385 spiritualiu
1347 1360 1419 1386 eius,
1436 1352 1482 1378 sed
1510 1353 1587 1380 etiam
1614 1353 1680 1387 ipsa,
1701 1354 1776 1388 quasi
1799 1361 1890 1388 corpora

1121 1403 1219 1430 essent,
1232 1399 1295 1424 locis
1306 1403 1332 1425 et
1345 1399 1407 1425 locis
1421 1399 1550 1426 ordinavit
1560 1400 1713 1434 imaginatio
1728 1408 1784 1427 mea
1799 1410 1804 1428 :
1817 1406 1839 1427 et
1851 1399 1889 1427 feci

1122 1452 1199 1470 unum
1215 1453 1327 1470 massam
1343 1445 1468 1479 grandem
1489 1446 1638 1473 distinctam
1653 1446 1794 1481 generibus
1811 1453 1887 1481 corpo-

1121 1498 1178 1516 l‘Ulll
1194 1495 1339 1517 creaturam
1354 1495 1423 1517 luant
1440 1492 1448 1505 ³
1466 1500 1471 1523 ;
1488 1492 1541 1518 sive
1553 1500 1612 1526 quin
1626 1500 1686 1518 vera
1699 1499 1804 1527 corpora
1815 1496 1885 1523 erant,

1122 1537 1175 1563 sive
1187 1545 1245 1571 qua:
1272 1537 1327 1571 ipse
1349 1546 1395 1571 pro
1419 1537 1553 1571 spiritibus
1574 1537 1701 1564 iinxeram
1716 1547 1721 1564 :
1738 1542 1764 1565 et
1784 1545 1834 1565 eam
1845 1537 1887 1564 ieci

1121 1583 1256 1618 gt‘ﬂlltit'ltl,
1272 1592 1322 1610 non
1338 1589 1462 1617 quantum
1473 1588 1538 1615 erat,
1551 1584 1620 1618 quod
1631 1585 1699 1611 scire
1714 1593 1763 1611 non
1774 1588 1886 1619 poteram;

1121 1629 1166 1655 Sed
1182 1634 1305 1662 quantum
1322 1630 1406 1661 libuit,
1422 1630 1643 1664 umliqucversutn
1667 1638 1731 1657 sane
1745 1630 1846 1657 ﬁnitam.
1858 1629 1887 1656 Te

1121 1680 1219 1707 autem,
1245 1676 1363 1706 nurnine,
1388 1684 1419 1701 ex
1435 1675 1507 1701 omni
1532 1680 1607 1709 parte
1627 1676 1785 1703 ambientem
1802 1682 1853 1702 eam
1868 1678 1887 1702 cl

1122 1726 1313 1755 pem-traulem,
1329 1722 1374 1748 sed
1389 1722 1716 1756 insiluequaqneittﬁnitum
1733 1731 1738 1748 ;
1753 1720 1887 1757 tanquamsi

1121 1774 1193 1792 mare
1208 1772 1277 1793 esset
1291 1768 1395 1801 tibique,
1412 1772 1438 1794 et
1453 1767 1567 1802 undique
1582 1775 1628 1802 per
1641 1767 1767 1794 immensa
1776 1767 1850 1802 spatia
1858 1767 1887 1793 in-

1123 1812 1222 1839 ﬁnitum
1246 1814 1330 1840 solum
1353 1822 1435 1845 mare,
1453 1820 1478 1841 et
1494 1814 1603 1841 haberet
1624 1815 1694 1841 intra
1719 1823 1747 1842 se
1772 1814 1886 1850 spongiam

1122 1859 1264 1893 quamlibet
1287 1868 1418 1893 mngruun,
1436 1860 1482 1887 scd
1506 1860 1605 1886 ﬁnilnnt
1629 1865 1732 1893 tamen;
1748 1861 1819 1895 plena
1831 1862 1887 1888 esset

1123 1905 1211 1938 ulique
1224 1906 1331 1939 spongia
1343 1906 1385 1932 illa
1397 1914 1428 1932 ex
1443 1906 1513 1932 onmi
1525 1914 1571 1933 sua
1584 1910 1657 1940 parte
1668 1914 1700 1933 ex
1711 1907 1832 1934 imtnenso
1843 1913 1886 1934 tn:-

1122 1950 1142 1976 ri
1160 1959 1165 1975 :
1181 1951 1217 1976 sic
1231 1956 1376 1977 creaturam
1392 1956 1460 1977 tuam
1477 1952 1575 1978 linitant
1594 1955 1619 1978 te
1635 1951 1737 1979 inﬁnito
1751 1952 1886 1987 plenamptt-

1123 1995 1219 2026 tabam,
1237 2001 1261 2021 el
1277 1996 1395 2023 dicebam
1410 2007 1414 2021 :
1432 1997 1500 2024 Ecre
1525 1998 1602 2028 Deus,
1617 2003 1644 2025 et
1659 2005 1725 2025 ecce
1738 2006 1793 2034 quae
1805 1997 1885 2026 crearit
1938 1982 1942 2032 ii

1123 2040 1202 2073 Deus,
1218 2046 1243 2067 et
1257 2041 1340 2068 bonus
1354 2046 1393 2068 est
1416 2042 1495 2074 Deus,
1523 2047 1601 2077 atque
1619 2043 1660 2070 his
1675 2043 1831 2071 validissime
1842 2042 1887 2070 lon-

1121 2087 1280 2121 gissimeque
1296 2089 1461 2121 prurstantior
1473 2098 1479 2121 ;
1496 2089 1541 2115 sed
1558 2093 1645 2116 tamen
1658 2089 1742 2116 bonus
1754 2089 1816 2117 bona
1828 2095 1886 2117 crea-

1122 2133 1169 2163 vit,
1183 2138 1209 2159 et
1225 2141 1285 2159 ecce
1302 2134 1524 2167 quonmdoambit
1535 2139 1613 2168 atque
1628 2135 1722 2169 implet
1730 2143 1770 2162 ea.
1783 2135 1827 2163 Ubi
1837 2139 1885 2169 ergo

1122 2178 1231 2211 malum,
1247 2185 1271 2205 et
1283 2179 1360 2211 unde,
1378 2184 1403 2206 et
1418 2187 1467 2213 qua
1484 2179 1534 2206 huc
1544 2180 1669 2214 irrepsit?
1682 2180 1746 2214 anc
1756 2179 1822 2207 radix
1833 2179 1884 2215 ejus.

1122 2229 1149 2252 et
1162 2225 1230 2259 quod
1255 2233 1346 2251 semen
1371 2226 1446 2259 ejus?
1460 2226 1499 2252 An
1521 2226 1627 2252 omnino
1643 2234 1695 2253 non
1709 2227 1767 2254 est?
1779 2227 1826 2254 Cur
1836 2231 1885 2260 ergo

1123 2271 1247 2298 timemus
1268 2276 1291 2297 et
1308 2279 1430 2298 cavemus
1453 2271 1522 2306 quod
1537 2280 1588 2298 non
1612 2272 1670 2299 est?
1686 2272 1740 2299 Aut
1758 2272 1779 2300 si
1793 2269 1885 2299 inaniter

1124 2317 1256 2348 timemus,
1273 2321 1344 2343 certe
1356 2317 1396 2343 vel
1410 2317 1488 2343 timor
1503 2317 1558 2352 ipse
1569 2317 1667 2344 malum
1682 2323 1732 2352 est,
1744 2325 1794 2353 quo
1815 2317 1884 2344 ineas.

1122 2370 1180 2389 sum
1201 2363 1350 2389 stimulatur
1365 2368 1389 2390 et
1413 2364 1582 2390 excruciatur
1595 2370 1642 2391 cor
1657 2372 1664 2390 :
1680 2368 1707 2391 et
1721 2367 1791 2391 tanto
1801 2361 1884 2398 gravius

1122 2410 1231 2441 malum,
1240 2415 1338 2443 quanto
1347 2417 1398 2436 non
1409 2415 1448 2437 est
1456 2410 1526 2445 quod
1536 2410 1685 2443 timeamus,
1696 2414 1722 2437 et
1732 2405 1884 2437 timemuthl-
1897 2422 1919 2427 μ
1937 2425 1942 2431 ιη

1123 2456 1193 2483 circo
1208 2461 1298 2482 antcst
1310 2456 1407 2482 malum
1421 2456 1489 2491 quod
1505 2456 1637 2489 timemus,
1647 2460 1692 2483 ant
1704 2456 1754 2483 boe
1763 2455 1884 2483 malumcst

1123 2500 1183 2534 quia
1198 2502 1329 2528 timemus.
1346 2501 1421 2528 Unde
1436 2506 1476 2528 est
1497 2502 1584 2535 igitur,
1609 2501 1732 2536 quoniam
1755 2501 1818 2528 Deus
1835 2497 1882 2527 καί

1123 2546 1180 2573 lucc
1203 2547 1300 2579 omnia,
1318 2546 1401 2573 bonus
1416 2546 1501 2573 bona?
1513 2546 1595 2580 Majus
1610 2546 1715 2581 quidem
1726 2550 1752 2574 et
1772 2549 1882 2573 summm

1123 2592 1219 2620 bonmu
1234 2593 1335 2619 minora
1344 2592 1406 2618 fecit
1416 2592 1493 2623 bona.
1506 2591 1551 2619 sed
1565 2597 1652 2620 tamen
1663 2594 1815 2620 etcreansct
1824 2595 1882 2617 ctu-

1123 2643 1148 2665 ta
1164 2639 1230 2666 bona
1247 2639 1413 2665 suntonmia.
1431 2638 1506 2665 Unde
1516 2642 1557 2665 est
1571 2637 1688 2665 malum?
1701 2637 1740 2664 An
1754 2635 1817 2664 unde
1834 2632 1881 2662 iecit

1123 2692 1153 2712 ea
1167 2684 1192 2717 ³,
1212 2684 1337 2711 materies
1360 2684 1446 2719 aliqua
1462 2684 1530 2711 mala
1553 2688 1621 2718 erat,
1637 2687 1665 2711 et
1683 2681 1795 2711 formavit
1817 2683 1879 2715 atque

1156 2755 1163 2768 ι
1174 2756 1197 2777 tn
1208 2756 1241 2783 θη
1251 2752 1299 2777 ubi.
1310 2752 1421 2783 Plerique
1430 2752 1484 2776 Μὰ.
1496 2751 1566 2777 imde.
1617 2755 1645 2777 at.

1155 2786 1164 2799 ²
1175 2788 1278 2812 Quatuor
1287 2787 1340 2808 Mss.
1351 2787 1518 2809 creaturarum
1528 2787 1632 2808 tuarum.

1156 2816 1165 2830 ³
1175 2808 1207 2839 lia
1216 2819 1268 2839 Mss.
1279 2822 1333 2839 cum
1344 2815 1397 2839 Had.
1409 2819 1434 2839 et
1443 2818 1511 2847 Arn,;
1526 2815 1658 2847 μίμημ’.
1668 2808 1878 2847 Dyme

1123 2834 1268 2876 puniit-oili”;
1277 2834 1436 2871 ὢῐὶὲὶίῖἷῖιιὶὶὶ
1443 2834 1511 2870 ita;
1517 2834 1742 2876 [Ec'ii'e—a'fmatem‘
1669 2834 1696 2837 “’
1704 2834 1822 2873 ’⁵⁷”ὸιίφι
1828 2834 1876 2863 IIII

1122 2881 1181 2902 erit].
1646 2901 1650 2904 .
