3880 6386
597 367 701 437 i139

593 496 1100 562 ronstellationibus,
1138 494 1461 561 dicerentur,
1488 508 1595 548 non
1613 500 1729 547 arte
1749 490 1874 559 dici,
1896 490 1991 547 sed
2005 497 2172 555 sorte;

592 605 714 662 quae
761 599 937 646 autem
984 589 1147 657 falsi,
1203 602 1308 643 non
1360 588 1492 643 artis
1536 584 1832 656 imperitia,
1876 582 1973 640 sed
2012 583 2175 639 sortis

591 683 887 740 mendacio.

665 774 751 830 io.
785 775 917 831 Hinc
948 783 1124 831 autem
1160 784 1379 847 accepto
1407 774 1555 830 aditu
1578 776 1619 841 ⁸,
1652 775 1768 846 ipse
1796 789 2005 831 mecum
2044 774 2172 831 talia

596 865 933 933 ruminando,
965 881 1033 922 ne
1054 867 1175 937 quis
1198 866 1510 922 earumdem
1552 867 1847 923 delirorum
1877 868 1967 938 qui
2008 867 2170 922 talem

597 967 856 1030 quastum
893 967 1263 1028 sequerentur,
1307 973 1439 1030 quos
1472 959 1581 1030 iam
1635 959 1852 1031 jamque
1897 960 2168 1028 invadere,

598 1059 758 1122 atque
779 1049 965 1105 irrisus
1008 1050 1252 1105 refellere
1280 1051 1576 1120 cupiebam,
1625 1051 1753 1105 mihi
1777 1052 1851 1106 ita
1874 1051 2168 1117 resisteret,

594 1140 745 1210 quasi
762 1148 856 1195 aut
893 1138 1160 1195 Firminus
1180 1139 1329 1203 mihi,
1352 1149 1443 1193 aut
1470 1140 1547 1194 illi
1580 1149 1729 1209 pater
1755 1141 1882 1196 falsa
1912 1148 2168 1196 narrave-

603 1231 702 1297 rit;
720 1229 922 1286 intendi
938 1230 1415 1287 considerationem
1439 1231 1489 1285 in
1506 1244 1600 1286 eos
1616 1232 1705 1301 qui
1722 1232 1921 1302 gemini
1943 1246 2172 1287 nascun-

591 1329 677 1376 tur
706 1338 720 1376 :
746 1335 972 1392 quorum
1008 1322 1246 1392 plerique
1283 1321 1353 1376 ita
1382 1330 1503 1392 post
1527 1322 1751 1378 invicem
1780 1322 2075 1379 funduntur
2098 1338 2169 1379 ex

595 1420 771 1475 utcm,
796 1420 855 1466 ut
879 1425 1098 1481 parvum
1134 1412 1305 1479 ipsum
1343 1414 1601 1483 temporis
1626 1414 1979 1482 intervallum,
2001 1429 2171 1486 quan-

593 1502 831 1560 tamlibet
848 1504 953 1558 vim
978 1505 1033 1558 iu
1054 1518 1229 1559 rerum
1253 1515 1437 1559 natura
1465 1504 1661 1562 habere
1682 1506 2029 1569 contendant,
2049 1507 2167 1562 col-

592 1595 684 1665 ligi
714 1603 886 1651 tamen
914 1597 1146 1652 humana
1185 1596 1557 1655 observatione
1584 1613 1693 1654 non
1717 1600 1904 1669 possit,
1947 1599 2167 1656 litteris-

593 1700 699 1757 que
742 1686 941 1757 signari
971 1690 1187 1744 omnino
1216 1702 1320 1744 non
1363 1689 1556 1756 valeat,
1588 1705 1723 1761 quas
1764 1690 2169 1748 mathematicus

592 1778 925 1849 inspecturus
957 1789 1060 1846 est,
1105 1790 1163 1836 ut
1207 1796 1331 1837 vera
1382 1782 1702 1851 pronuntiet.
1746 1781 1815 1837 Et
1860 1790 2170 1845 nouerunt

591 1885 733 1937 vera,
765 1871 887 1942 quia
926 1872 1139 1928 easdem
1168 1873 1370 1929 litteras
1417 1873 1720 1943 inspiciens,
1768 1875 1956 1930 eadem
1984 1874 2170 1931 debuit

589 1961 771 2019 dicere
789 1964 856 2020 de
876 1965 1012 2019 Esau
1032 1975 1087 2020 et
1100 1964 1264 2021 Jacob
1284 1983 1299 2032 ;
1329 1968 1423 2022 sed
1451 1983 1555 2022 non
1574 1967 1761 2022 eadem
1785 1968 1999 2038 utrique
2019 1971 2164 2026 accio

589 2053 800 2110 derunt.
819 2053 970 2111 Falsa
990 2070 1115 2127 ergo
1132 2055 1365 2112 diceret:
1386 2066 1478 2114 aut
1494 2059 1538 2113 si
1555 2074 1679 2114 vera
1698 2059 1919 2126 diceret,
1944 2075 2049 2116 non
2069 2075 2167 2116 en-

589 2146 711 2203 dem
735 2147 956 2216 diceret,
970 2149 1177 2204 etiamsi
1195 2149 1382 2206 eadem
1410 2152 1432 2184 ³
1462 2151 1765 2222 inspiceret.
1794 2152 1909 2208 Non
1930 2167 2060 2223 ergo
2079 2168 2169 2209 ar-

594 2246 668 2303 te,
709 2237 802 2295 sed
838 2247 986 2295 sorte
1010 2254 1131 2295 vera
1155 2240 1376 2297 diceret.
1418 2241 1496 2297 Tu
1511 2243 1677 2311 enim,
1707 2244 1949 2312 Domine,
1980 2245 2168 2316 justis-

587 2330 723 2386 sime
752 2330 1055 2386 moderator
1081 2332 1469 2401 universitatis,
1519 2335 1923 2392 consulentibus
1948 2337 2168 2393 consul-

588 2423 761 2494 tisque
776 2424 1132 2480 nescientibus
1149 2426 1361 2481 occulto
1383 2427 1634 2483 instinctu
1659 2429 1790 2499 agis,
1811 2436 1869 2483 ut
1884 2429 2011 2485 dum
2029 2430 2170 2500 quis~

587 2528 692 2583 que
735 2514 986 2582 consulit,
1034 2515 1135 2571 hoc
1160 2517 1338 2571 audiat
1360 2517 1502 2588 quod
1546 2534 1669 2573 eum
1722 2528 1936 2591 oportet
1984 2520 2170 2578 audire

587 2605 813 2660 occultis
840 2606 1045 2663 meritis
1061 2607 1377 2674 animarum,
1409 2624 1474 2665 ex
1495 2609 1688 2681 abysso
1708 2610 1833 2680 justi
1854 2609 2039 2681 judicii
2069 2612 2166 2678 tui,

587 2696 670 2750 cui
700 2711 807 2751 non
840 2696 981 2752 dicat
1009 2700 1168 2753 homo
1199 2718 1212 2754 :
1242 2700 1377 2768 Quid
1406 2713 1487 2756 est
1529 2701 1672 2758 hoc?
1695 2704 1877 2775 utquid
1893 2703 2027 2761 hoc?
2052 2703 2170 2761 Non

587 2786 748 2855 dicat,
774 2803 878 2844 non
897 2789 1038 2845 dicat
1056 2789 1237 2856 ;homo
1262 2801 1347 2848 est
1369 2794 1530 2848 enim.

1183 2903 1407 2962 CAPUT
1443 2903 1556 2965 VII.

762 2993 945 3052 Misere
976 3006 1230 3068 torquetur
1245 3000 1501 3070 inquirens
1528 3000 1665 3057 unde
1693 3002 1756 3057 sit
1779 3004 1986 3057 malum.

660 3084 745 3139 li.
773 3084 887 3140 iam
933 3088 1109 3158 itaque
1147 3102 1267 3155 me,
1314 3090 1525 3161 adjutor
1555 3107 1739 3161 meus,
1788 3092 1890 3150 illis
1946 3093 2169 3150 vinculis

586 3178 821 3233 solveras
847 3220 862 3245 ,
918 3189 971 3234 et
1013 3182 1314 3251 quaerebam
1355 3184 1499 3239 unde
1529 3185 1726 3240 malum
1750 3228 1764 3250 ,
1796 3195 1850 3242 et
1903 3201 2010 3242 non
2053 3195 2171 3244 erat

586 3269 780 3324 exitus.
807 3269 913 3325 Sed
945 3286 1029 3326 me
1060 3286 1166 3327 non
1195 3273 1408 3329 sinebas
1436 3274 1559 3330 ullis
1598 3276 1844 3333 [luctibus
1890 3277 2168 3348 cogitatio-

589 3361 671 3417 nis
692 3362 884 3418 auferri
906 3364 974 3418 ab
998 3378 1060 3420 ea
1088 3364 1190 3421 fide
1208 3381 1310 3437 qua
1334 3366 1615 3424 credebam
1641 3378 1693 3425 et
1716 3384 1835 3426 esse
1861 3379 1913 3427 te
1935 3413 1948 3437 ,
1971 3381 2025 3427 ct
2050 3384 2172 3430 esse

587 3453 1074 3512 incommutabilem
1101 3457 1445 3515 substantiam
1469 3468 1646 3528 tuam,
1677 3472 1731 3517 et
1759 3477 1878 3519 esse
1907 3463 1974 3519 de
2001 3464 2171 3520 homi-

587 3543 744 3603 nibus
764 3561 945 3602 curam
976 3559 1029 3604 et
1051 3547 1304 3618 judicium
1334 3556 1501 3618 tuum,
1530 3562 1584 3607 et
1607 3553 1658 3607 in
1684 3553 1896 3609 Christo
1924 3552 2056 3611 Filio
2077 3565 2169 3612 tuo

590 3637 819 3693 Domino
849 3649 1033 3693 nostro
1057 3657 1071 3706 ;
1103 3649 1263 3712 atque
1293 3642 1343 3697 in
1373 3642 1659 3713 Scripturis
1685 3645 1883 3702 sanctis
1909 3662 2039 3718 quas
2060 3646 2167 3704 Ec-

587 3729 764 3785 clesim
790 3738 891 3787 tua:
916 3730 1189 3788 catholica:
1216 3735 1615 3792 commendaret
1661 3739 1947 3795 auctoritas
1974 3783 1988 3805 ,
2024 3741 2165 3796 viam

589 3826 640 3877 te
670 3821 910 3892 posuisse
929 3822 1111 3879 salutis
1131 3823 1380 3881 humanm
1400 3868 1415 3893 ,
1446 3826 1512 3882 ad
1529 3842 1645 3883 eam
1672 3828 1833 3884 vitam
1853 3871 1866 3896 ,
1901 3846 2019 3902 quae
2047 3836 2167 3902 post

587 3912 723 3969 hanc
751 3921 979 3970 mortem
1009 3914 1184 3971 futura
1206 3925 1306 3973 est.
1336 3915 1432 3973 His
1459 3918 1639 3990 itaque
1663 3918 1825 3977 salvis
1849 3963 1863 3988 ,
1894 3929 2052 3994 atque
2079 3922 2165 3979 in-

586 4016 845 4061 concusse
871 4004 1132 4060 roboretis
1163 4006 1214 4062 in
1234 4008 1414 4064 animo
1440 4023 1579 4076 meo,
1608 4011 1912 4081 quazrebam
1935 4022 2165 4070 aestuans

584 4094 725 4151 unde
752 4096 821 4151 sit
845 4097 1061 4152 malum.
1093 4096 1226 4166 Quae
1261 4097 1351 4154 illa
1383 4105 1646 4157 tormenta
1671 4104 2014 4172 parturientis
2040 4119 2164 4160 cor-

583 4185 668 4242 dis
692 4187 833 4241 mei!
864 4186 954 4256 qui
984 4189 1214 4259 gemitus
1238 4231 1252 4257 ,
1298 4189 1439 4246 Deus
1468 4192 1654 4248 mensi
1699 4192 1765 4248 Et
1788 4192 1864 4249 ibi
1887 4204 2037 4250 erant
2066 4210 2163 4251 au-

585 4288 673 4335 res
703 4286 803 4333 tum
826 4319 841 4344 ,
889 4279 1163 4336 nesciente
1190 4294 1295 4336 me.
1326 4279 1396 4336 Et
1437 4295 1557 4338 cum
1602 4283 1656 4338 in
1706 4284 1921 4340 silentio
1960 4286 2165 4343 fortiter

586 4384 880 4442 quaererem
907 4412 921 4438 ,
964 4386 1171 4444 magna:
1221 4386 1381 4431 voces
1425 4384 1579 4431 erant
1622 4376 1691 4433 ad
1744 4378 2162 4437 misericordiam

584 4466 753 4530 tuam,
778 4465 950 4521 tacita;
978 4466 1328 4524 contritiones
1347 4466 1508 4523 animi
1536 4470 1663 4525 mei.
1695 4470 1775 4527 Tu
1800 4472 2007 4531 sciebas
2034 4474 2161 4546 quid

582 4556 839 4626 patiebar,
891 4565 948 4614 et
996 4557 1171 4615 nullus
1219 4558 1511 4617 hominum.
1563 4562 1830 4630 Quantum
1868 4566 2007 4621 enim
2047 4572 2163 4624 erat

582 4647 721 4718 quod
750 4648 874 4705 inde
913 4650 1252 4723 digerebatur
1303 4669 1399 4727 per
1427 4655 1658 4729 linguam
1707 4672 1879 4715 meam
1908 4661 1960 4715 in
2003 4676 2160 4719 aures

583 4737 1115 4801 familiarissimorum
1141 4760 1383 4805 meorum
1403 4750 1708 4823 ?Numquid
1735 4761 1876 4810 totus
1904 4755 2160 4813 tumultus

586 4829 777 4886 animm
797 4844 933 4889 meat
957 4876 973 4901 ,
1016 4835 1103 4891 cui
1130 4849 1231 4893 nec
1272 4846 1542 4911 tempora,
1574 4856 1673 4899 nec
1699 4856 1760 4898 os
1810 4858 1988 4900 meum
2012 4845 2161 4902 sum.

582 4919 759 4976 ciebat
782 4960 800 4989 ,
836 4924 1065 4980 sonabat
1097 4927 1211 4983 eis?
1253 4928 1445 4986 Totum
1489 4939 1665 4988 tamen
1695 4933 1804 4990 ibat
1838 4934 1893 4991 in
1923 4936 2158 4993 auditum

584 5017 732 5068 tuum
746 5053 761 5080 ,
792 5014 934 5086 quod
954 5018 1224 5088 rugiebam
1246 5032 1275 5075 a
1297 5021 1493 5093 gemitu
1514 5024 1691 5081 cordis
1710 5027 1843 5093 mei,
1876 5035 1932 5085 et
1955 5036 2077 5086 ante
2104 5036 2159 5086 te

584 5113 704 5159 erat
727 5100 1051 5162 desiderium
1095 5124 1270 5165 meum
1292 5154 1306 5179 ,
1329 5120 1386 5168 et
1411 5113 1588 5171 lumen
1616 5117 1886 5175 oculorum
1916 5134 2156 5177 meorum

582 5206 694 5253 non
719 5206 839 5254 erat
880 5212 1091 5257 mecum
1129 5201 1305 5274 (Psal.
1361 5219 1567 5274 xxxvii,
1612 5206 1795 5280 9-H).
1846 5210 1988 5267 intus
2014 5215 2155 5270 enim

578 5298 704 5345 erat
723 5330 738 5356 ,
767 5304 869 5361 ego
894 5299 1071 5346 autem
1097 5291 1247 5349 foris.
1274 5288 1383 5350 Nec
1408 5292 1460 5350 in
1512 5297 1631 5353 loco
1671 5298 1798 5356 illud
1825 5320 1837 5355 :
1865 5310 1922 5357 at
1947 5318 2047 5374 ego
2077 5305 2158 5359 in-

576 5379 866 5437 tendebam
902 5382 953 5437 in
981 5394 1043 5437 ea
1070 5396 1188 5453 qua:
1214 5384 1345 5440 locis
1367 5386 1725 5458 continentur,
1766 5399 1819 5446 et
1842 5403 1949 5447 non
1980 5394 2050 5450 ibi
2076 5394 2157 5451 in-

574 5471 859 5531 veniebam
880 5470 1056 5530 locum
1081 5475 1146 5531 ad
1162 5477 1600 5547 requiescendum
1625 5497 1641 5546 ;
1672 5496 1770 5538 nec
1795 5485 2119 5557 recipiebant
2135 5488 2156 5523 ³

641 5629 657 5692 t
694 5628 785 5692 uad
810 5634 909 5679 Αιιι.
927 5634 1002 5679 Er.
1028 5638 1078 5681 et
1095 5632 1126 5681 5
1149 5638 1273 5692 5:35.,
1291 5632 1476 5685 auditu.

579 5689 932 5773 “aggerati
959 5696 1162 5773 eadem,
1189 5689 1326 5773 justo
1348 5703 1419 5773 ξς.
1442 5698 1586 5761 Lugd.
1621 5708 1687 5753 et.
1711 5711 1825 5754 \‘en.
1880 5713 1925 5757 ιι
1956 5709 2147 5773 eadem,

575 5759 716 5814 )utta
738 5760 909 5814 solum.
932 5766 1039 5804 arn.
1063 5764 1111 5805 et
1132 5762 1256 5806 t'art.
1358 5766 1407 5808 tl.

580 5811 595 5847 έν
638 5811 1044 5880 οοωθιιιειιιειι.
1059 5853 1075 5880 ,
1093 5816 1353 5883 manu.

1738 359 2245 429 commoueat
2275 366 2337 424 δ.
2377 366 2741 428 ΑυρυεΤιΝι
3700 388 3780 452 πο

2280 503 2369 544 me
2398 489 2497 543 ista
2536 498 2595 544 ut
2620 488 3007 557 dicerem,Sat
3046 502 3163 560 est,
3210 501 3268 550 et
3310 495 3439 553 bene
3473 507 3782 566 esttneedi.

2279 580 2565 637 mittebant
2591 582 2767 638 redire
2790 623 2805 649 ,
2856 581 2946 639 ubi
2997 582 3127 639 mihi
3172 585 3301 641 satis
3323 597 3459 644 esset
3480 589 3616 649 bene.
3639 594 3781 668 Supe»

2280 674 2391 729 rior
2406 673 2549 729 enim
2574 688 2720 730 eram
2749 674 2862 731 istis
2880 715 2896 740 ,
2925 684 2977 731 te
3000 690 3129 732 vero
3154 675 3368 733 inferior
3388 695 3404 746 ;
3428 689 3479 737 et
3502 691 3554 738 tu
3572 685 3781 756 gaudium

2280 780 2462 821 verum
2493 764 2623 820 mihi
2643 765 2854 822 subdito
2881 766 3003 834 tibi,
3050 776 3106 824 et
3140 777 3199 824 tu
3224 770 3356 827 mihi
3393 773 3667 844 Subieceras
3687 797 3782 853 qua

2280 854 2416 912 infra
2445 871 2531 911 me
2556 856 2769 913 creasti.
2812 857 2884 913 Et
2930 857 3032 915 hoc
3074 869 3189 915 erat
3210 868 3409 919 rectum
3447 872 3780 937 templumea.

2283 956 2392 1003 tum
2419 988 2433 1013 ,
2474 958 2528 1005 et
2555 948 2730 1006 media
2783 951 2930 1022 regio
2962 951 3149 1009 salutis
3193 950 3356 1022 meas,
3396 964 3452 1014 ut
3474 972 3711 1019 manerem
3730 966 3781 1022 ad

2278 1040 2561 1113 imaginem
2592 1052 2735 1098 tuam
2757 1083 2772 1107 ,
2804 1050 2858 1099 et
2889 1043 2982 1103 tibi
3019 1044 3257 1101 serviens
3279 1045 3567 1106 dominarer
3589 1057 3781 1125 corpori.
3814 1086 3821 1095 ι

2276 1130 2383 1188 Sed
2423 1147 2544 1188 eum
2585 1133 2813 1204 superbe
2839 1144 3023 1193 contra
3067 1144 3121 1195 te
3149 1151 3416 1209 sul-gerem
3436 1180 3453 1206 ,
3480 1150 3533 1197 et
3554 1156 3781 1204 cursorem

2275 1221 2529 1279 adversus
2576 1223 2855 1281 Dominum
2914 1226 2964 1282 in
3030 1227 3237 1284 cervice
3301 1243 3476 1289 crassa
3540 1235 3661 1293 scuti
3698 1238 3781 1294 mei

2280 1312 2399 1384 (Job
2424 1329 2514 1381 xv,
2533 1313 2650 1386 26),
2678 1315 2838 1373 etiam
2860 1315 2957 1372 ista
2977 1314 3157 1375 intima
3176 1333 3335 1388 supra
3354 1336 3442 1381 me
3463 1319 3587 1381 facta
3605 1335 3726 1393 sunt,
3742 1340 3784 1385 et

2275 1405 2622 1475 premebant,
2650 1415 2705 1462 et
2732 1421 2991 1478 nusquam
3018 1417 3133 1464 erat
3159 1407 3505 1469 laxamentum
3528 1424 3580 1470 et
3598 1417 3783 1486 respira-

2276 1504 2531 1551 mentum.
2561 1495 2677 1568 ipsa
2692 1496 3042 1555 occurrebant
3064 1498 3297 1572 undique
3322 1504 3591 1563 acervatim
3617 1515 3664 1563 et
3684 1522 3784 1565 con-

2274 1586 2524 1659 globatim
2551 1588 2831 1656 cernenti;
2880 1591 3129 1663 cogitanti
3161 1602 3345 1651 autem
3367 1594 3605 1667 imagines
3625 1613 3781 1672 corpo-

2274 1693 2390 1733 rum
2416 1719 2431 1744 ,
2462 1682 2589 1752 ipsm
2614 1682 3014 1753 Opponebautur
3044 1685 3283 1743 redeunti
3309 1727 3325 1754 ,
3355 1689 3501 1758 quasi
3531 1690 3782 1750 diceretur:

2274 1771 2392 1839 Quo
2420 1772 2465 1829 is
2486 1814 2503 1841 ,
2546 1772 2760 1845 indigne
2787 1786 2840 1832 et
2862 1777 3109 1834 sordide?
3136 1779 3207 1835 Et
3237 1780 3352 1839 haec
3378 1782 3444 1839 de
3477 1783 3668 1841 vulnere
3687 1801 3781 1843 meo

2272 1878 2593 1934 creverant,
2629 1869 2750 1940 quia
2782 1869 3062 1929 lmmiliasti
3093 1882 3346 1944 tanquam
3375 1874 3778 1946 vulneratum,su-
3850 1869 3851 1946 ἰ

2274 1960 2508 2029 perbum
2542 1962 2712 2037 (Prol.
2740 1981 3002 2032 uxxvm,
3038 1965 3157 2038 il);
3185 1977 3242 2023 et
3264 1977 3466 2027 tumore
3486 1985 3595 2027 meo
3616 1986 3782 2042 sepem-

2273 2054 2370 2112 bar
2390 2056 2490 2113 abs
2513 2064 2585 2124 te,
2614 2066 2670 2114 et
2695 2058 2852 2116 nimis
2895 2058 3076 2118 inilata
3122 2059 3291 2119 facies
3344 2061 3607 2123 claudebat
3640 2065 3780 2123 oculos

2272 2164 2442 2205 ’ποθ’
2856 2219 3080 2281 CAPUT
3118 2220 3256 2281 vtu.

2348 2311 2610 2378 Quomodo
2630 2314 2797 2369 divina
2819 2314 3159 2372 misericordia
3180 2317 3457 2374 subvenerit
3475 2316 3721 2392 Augustino.

2347 2403 2435 2459 12.
2466 2403 2544 2459 Tu
2586 2418 2752 2475 vero,
2823 2405 3044 2465 Domine
3071 2452 3085 2475 ,
3140 2407 3194 2464 in
3249 2421 3500 2467 aeternum
3542 2420 3776 2480 manes,et

2275 2510 2380 2552 non
2407 2497 2460 2552 in
2489 2506 2747 2555 mternum
2776 2500 3022 2557 irasceris
3057 2502 3249 2559 nobis:
3282 2503 3520 2575 quoniam
3559 2505 3772 2563 miseratus

2274 2605 2334 2645 es
2371 2598 2563 2646 terram
2592 2598 2646 2647 et
2693 2592 2924 2650 cinerem
2945 2635 2960 2661 ,
3004 2601 3059 2649 et
3107 2569 3314 2665 placuil
3347 2595 3397 2651 in
3430 2605 3676 2668 conspectu
3709 2606 3770 2651 tuo

2274 2681 2565 2739 reformare
2588 2681 2841 2738 deformia
2867 2698 2983 2741 mea
3008 2701 3021 2752 ;
3054 2694 3107 2742 et
3128 2684 3360 2744 Stimulis
3379 2686 3579 2744 internis
3596 2687 3769 2760 agitabas

2275 2786 2363 2827 me
2385 2813 2400 2837 ,
2432 2779 2489 2827 ut
2518 2773 2797 2844 impatiens
2821 2789 3028 2844 essem,
3056 2775 3231 2833 donec
3261 2776 3388 2834 mihi
3416 2794 3502 2850 per
3534 2778 3767 2835 interiorem

2275 2871 2553 2934 aspectum
2603 2874 2779 2921 certus
2806 2878 2973 2922 esses.
3003 2858 3068 2922 Et
3094 2869 3368 2926 residebat
3395 2878 3558 2925 tumor
3588 2884 3703 2925 meus
3720 2884 3764 2923 ex

2276 2954 2479 3009 occulta
2509 2970 2665 3011 manu
2705 2956 2979 3013 medicinae
3008 2968 3110 3015 tute
3130 3001 3145 3028 ,
3199 2961 3443 3030 aciesque
3465 2960 3714 3016 conturbata
3731 2967 3769 3012 et

2272 3045 2650 3115 contenebrata
2698 3049 2890 3104 mentis
2942 3062 3100 3116 mete,
3162 3052 3274 3106 acri
3311 3050 3523 3124 collyrio
3547 3047 3764 3106 salubtium

2274 3133 2519 3192 dolorum
2547 3137 2615 3194 de
2641 3138 2726 3195 die
2752 3140 2804 3194 in
2840 3139 2979 3196 diem
3007 3141 3315 3198 sanabatur.

2277 3341 2343 3399 In
2371 3341 2748 3401 Platonicorum
2798 3347 2937 3404 libris
2974 3348 3121 3405 Verbi
3143 3352 3323 3408 wterni
3358 3353 3658 3417 divinitatem,
3695 3366 3765 3404 non

2632 3439 2879 3495 incantati
2914 3441 3250 3498 humilitatem
3292 3443 3489 3502 invenit.

2347 3528 2433 3585 l3.
2462 3528 2528 3586 Et
2550 3530 2722 3602 primo
2757 3531 2942 3587 volens
2965 3534 3251 3590 ostendere
3280 3535 3407 3591 mihi
3432 3549 3572 3608 quam
3607 3531 3768 3589 resistas

2275 3621 2538 3690 superbis,
2573 3621 2857 3680 humilibus
2880 3632 3054 3679 autem
3071 3623 3169 3680 des
3194 3627 3414 3697 gratiam
3440 3621 3629 3697 (lPetr.
3651 3638 3689 3687 ι,
3710 3621 3767 3691 5).

2272 3721 2326 3767 et
2351 3722 2542 3783 quanta
2571 3714 2933 3771 misericordia
2961 3725 3047 3772 tua
3076 3716 3434 3774 demonstrata
3455 3717 3516 3774 sit
3537 3714 3769 3806 hominibus

2272 3805 2355 3860 via
2384 3803 2699 3863 humilitatis
2718 3847 2733 3871 ,
2764 3807 2907 3879 quod
2934 3805 3168 3864 Verbum
3201 3818 3346 3866 tuum
3371 3822 3490 3866 caro
3514 3803 3674 3864 factum
3694 3813 3766 3866 est.

2271 3906 2326 3954 et
2345 3897 2599 3955 habitavit
2626 3900 2764 3957 inter
2783 3900 3060 3968 homines;
3085 3903 3377 3972 procurasti
3397 3900 3514 3957 mihi
3534 3912 3615 3972 per
3631 3910 3770 3970 quem-

2199 3998 2207 4004 ‘
2272 3990 2392 4046 dam
2420 3991 2688 4048 hominem
2734 3994 3115 4051 immanissimo
3167 3994 3332 4069 typho
3357 3994 3621 4067 turgidum,
3652 4004 3769 4062 ιιυοεα

2269 4080 2392 4138 dam
2428 4082 2823 4140 Platonicorum
2853 4084 3020 4142 libros
3052 4101 3116 4142 ex
3142 4102 3316 4158 graeca
3341 4087 3505 4159 lingua
3538 4084 3585 4141 in
3605 4082 3767 4138 latinam

2268 4186 2457 4230 versos
2491 4192 2506 4231 :
2536 4185 2591 4232 et
2618 4176 2687 4232 ibi
2719 4175 2819 4249 legi
2847 4220 2863 4245 ,
2908 4191 3017 4232 non
3049 4176 3264 4248 quidem
3295 4176 3376 4233 his
3396 4172 3581 4243 verbis,
3607 4170 3767 4230 sedhoc

2269 4264 2409 4322 idem
2438 4267 2659 4323 omnino
2687 4268 2867 4325 multis
2895 4278 2950 4325 et
2987 4268 3362 4340 multiplicibus
3384 4265 3577 4326 suaderi
3599 4261 3767 4321 rationi-

2268 4355 2400 4424 bus,
2429 4358 2568 4429 quod
2597 4360 2649 4414 in
2681 4359 2941 4431 principio
2967 4368 3083 4416 erat
3105 4358 3333 4418 Verbum
3353 4402 3367 4427 ,
3394 4368 3446 4418 et
3465 4356 3665 4416 Verbum
3685 4358 3767 4409 erat

2268 4449 2408 4520 apud
2434 4447 2623 4519 Deum,
2648 4456 2701 4507 et
2730 4448 2869 4508 Deus
2900 4462 3022 4509 erat
3046 4450 3280 4510 Verbum
3305 4469 3318 4509 :
3346 4453 3444 4511 hoc
3467 4458 3570 4510 erat
3593 4451 3635 4506 io
3655 4446 3765 4520 prin-

2267 4542 2406 4614 cipio
2452 4543 2590 4614 apud
2646 4545 2842 4611 Deum;
2890 4546 3080 4602 omnia
3129 4561 3224 4617 per
3275 4542 3443 4618 ipsum
3493 4542 3611 4600 facta
3642 4542 3759 4601 sunt,

2264 4641 2320 4689 et
2348 4633 2463 4690 sine
2493 4634 2608 4706 ipso
2630 4635 2824 4691 factum
2848 4644 2931 4691 est
2954 4636 3087 4692 nihil
3116 4637 3258 4708 quod
3286 4634 3469 4694 factum
3511 4641 3585 4691 est
3607 4647 3621 4686 :
3642 4630 3683 4685 in
3716 4641 3764 4681 eo

2264 4727 2369 4781 vita
2410 4734 2520 4790 est,
2549 4734 2604 4782 et
2646 4727 2749 4782 vita
2778 4737 2893 4783 erat
2943 4726 3032 4783 lux
3068 4726 3373 4791 hominum.
3412 4732 3461 4784 et
3484 4720 3629 4781 lnxin
3654 4727 3762 4775 tene

2264 4817 2374 4873 bris
2400 4816 2544 4873 lucet
2561 4858 2575 4882 ,
2603 4825 2657 4873 ct
2687 4817 2916 4874 tenebrae
2938 4834 3057 4875 eam
3086 4836 3192 4876 non
3208 4812 3690 4892 comprehenderunt.
3713 4804 3763 4863 Εῑ

2262 4907 2385 4978 quia
2411 4906 2640 4962 hominis
2660 4907 2833 4963 anima
2872 4911 3113 4981 quamvis
3160 4910 3501 4968 testimonium
3542 4899 3762 4978 ρσιιίῢαι

2262 4998 2331 5055 de
2358 4999 2585 5066 lumine,
2617 5012 2722 5055 non
2753 5011 2835 5057 est
2865 5008 3045 5059 tamen
3093 5003 3204 5075 ipsa
3230 5004 3438 5067 lumen;
3468 4994 3550 5056 sed
3572 4992 3757 5052 Verbum

2264 5090 2356 5145 Dei
2383 5129 2399 5156 ,
2426 5090 2590 5159 Deus,
2616 5097 2703 5147 est
2738 5091 2919 5149 lumen
2944 5106 3127 5149 verum
3153 5091 3289 5165 quod
3324 5090 3560 5148 illuminat
3587 5092 3755 5140 omnem

2264 5182 2533 5241 hominem
2551 5185 2850 5241 venientem
2870 5191 2924 5241 in
2956 5187 3095 5242 hunc
3117 5186 3384 5243 mundum.
3414 5180 3475 5238 Et
3494 5180 3598 5253 quia
3616 5176 3660 5231 in
3677 5171 3754 5226 hoc

2260 5275 2461 5330 mundo
2488 5285 2639 5343 erat,
2670 5285 2725 5331 ct
2778 5276 3008 5332 mundus
3057 5292 3154 5348 per
3186 5278 3350 5348 ipsum
3396 5272 3547 5328 factus
3586 5271 3679 5331 est.
3711 5266 3752 5315 ⁸⁸

2261 5365 2492 5423 mundus
2519 5382 2639 5424 eum
2687 5382 2795 5423 non
2848 5369 3116 5440 cognovit.
3165 5368 3292 5436 Quia
3332 5378 3449 5422 vero
3476 5361 3523 5417 in
3547 5368 3627 5415 sua
3656 5362 3749 5426 ρων

2260 5458 2375 5529 pria
2416 5460 2599 5526 venit,
2646 5469 2701 5514 et
2754 5461 2837 5515 sui
2876 5474 3005 5516 eum
3049 5474 3154 5518 non
3182 5460 3505 5529 receperunt:
3542 5448 3744 5546 quo???

2260 5558 2436 5604 autem
2465 5559 2784 5620 receperunt
2818 5562 2941 5606 eum
2967 5592 2983 5617 ,
3022 5552 3167 5608 dedit
3211 5552 3286 5606 eis
3328 5532 3741 5632 potestatemin?

2265 5641 2354 5696 Dei
2395 5641 2507 5697 ﬁeri
2530 5683 2544 5706 ,
2583 5640 2924 5699 credentibus
2952 5645 3004 5699 in
3035 5645 3243 5700 noniine
3268 5645 3378 5713 ejus
3404 5657 3416 5692 :
3442 5651 3535 5693 non
3567 5630 3622 5685 ibi
3643 5626 3733 5692 lesi-

2334 5736 2417 5789 H.
2444 5734 2572 5790 item
2605 5735 2673 5790 ibi
2703 5737 2803 5807 legi
2827 5738 2948 5807 quia
2984 5738 3121 5794 Deus
3145 5738 3379 5801 Verlutm,
3408 5744 3498 5788 non
3518 5742 3571 5784 ex
3594 5732 3727 5779 came.

2270 5845 2374 5883 non
2404 5844 2467 5883 ex
2513 5830 2765 5899 sanguine
2787 5872 2800 5899 ,
2834 5846 2936 5885 non
2968 5846 3032 5891 ex
3088 5832 3341 5889 Voluntate
3368 5822 3452 5881 viri
3472 5865 3485 5889 ι
3526 5824 3661 5886 ιιαιυθ
3679 5819 3725 5861 ⁸³
