  <div class='ocr_page' id='page_1' title='image "/cluster/home/n/w/nwhite01/storage/ocr_20150623/32/uva.x000669813/380.png"; bbox 0 0 3880 6478; ppageno 0'>
   <div class='ocr_carea' id='block_1_1' title="bbox 39 3103 64 3196">
    <p class='ocr_par' dir='ltr' id='par_1_1' title="bbox 39 3103 64 3196">
     <span class='ocr_line' id='line_1_1' title="bbox 39 3103 64 3196; baseline 0 0"><span class='ocrx_word' id='word_1_1' title='bbox 39 3103 64 3196; x_wconf 75' lang='grc' dir='ltr'><strong>ἱ]</strong></span> 
     </span>
    </p>
   </div>
   <div class='ocr_carea' id='block_1_2' title="bbox 1460 424 2046 510">
    <p class='ocr_par' dir='ltr' id='par_1_2' title="bbox 1460 424 2046 510">
     <span class='ocr_line' id='line_1_2' title="bbox 1460 424 2046 510; baseline -0.024 1"><span class='ocrx_word' id='word_1_2' title='bbox 1460 430 1658 510; x_wconf 59' lang='grc' dir='ltr'>ιιιιιίιι</span> <span class='ocrx_word' id='word_1_3' title='bbox 1695 424 2046 505; x_wconf 75' lang='lat' dir='ltr'><strong>SEPTIMUS.</strong></span> 
     </span>
    </p>
   </div>
   <div class='ocr_carea' id='block_1_3' title="bbox 179 637 3413 746">
    <p class='ocr_par' dir='ltr' id='par_1_3' title="bbox 179 637 3413 746">
     <span class='ocr_line' id='line_1_3' title="bbox 179 637 3413 746; baseline -0.018 0"><span class='ocrx_word' id='word_1_4' title='bbox 179 637 425 746; x_wconf 50' lang='lat' dir='ltr'><strong>mw</strong></span> <span class='ocrx_word' id='word_1_5' title='bbox 889 637 975 729; x_wconf 72' lang='lat' dir='ltr'><strong>est</strong></span> <span class='ocrx_word' id='word_1_6' title='bbox 995 711 1009 736; x_wconf 87' lang='lat'><strong>,</strong></span> <span class='ocrx_word' id='word_1_7' title='bbox 1070 676 1128 724; x_wconf 89' lang='lat' dir='ltr'><strong>et</strong></span> <span class='ocrx_word' id='word_1_8' title='bbox 1178 662 1432 721; x_wconf 72' lang='lat' dir='ltr'><strong>habitavit</strong></span> <span class='ocrx_word' id='word_1_9' title='bbox 1485 660 1538 714; x_wconf 87' lang='lat' dir='ltr'><strong>in</strong></span> <span class='ocrx_word' id='word_1_10' title='bbox 1585 654 1739 711; x_wconf 84' lang='lat' dir='ltr'><strong>nobis</strong></span> <span class='ocrx_word' id='word_1_11' title='bbox 1841 652 1949 716; x_wconf 84' lang='lat'><strong>22;</strong></span> <span class='ocrx_word' id='word_1_12' title='bbox 1994 657 2047 703; x_wconf 89' lang='lat' dir='ltr'><strong>et</strong></span> <span class='ocrx_word' id='word_1_13' title='bbox 2077 663 2153 712; x_wconf 70' lang='grc' dir='ltr'><strong>ιι,</strong></span> <span class='ocrx_word' id='word_1_14' title='bbox 2183 644 2269 718; x_wconf 89' lang='lat'><strong>2).</strong></span> <span class='ocrx_word' id='word_1_15' title='bbox 2300 642 2547 715; x_wconf 88' lang='lat' dir='ltr'><strong>quoniam</strong></span> <span class='ocrx_word' id='word_1_16' title='bbox 2576 651 2721 695; x_wconf 89' lang='lat' dir='ltr'><strong>tuum</strong></span> <span class='ocrx_word' id='word_1_17' title='bbox 2749 647 2902 704; x_wconf 86' lang='lat' dir='ltr'><strong>erat,</strong></span> <span class='ocrx_word' id='word_1_18' title='bbox 2933 637 3251 706; x_wconf 86' lang='lat' dir='ltr'><strong>ubicumque</strong></span> <span class='ocrx_word' id='word_1_19' title='bbox 3278 643 3413 690; x_wconf 88' lang='lat' dir='ltr'><strong>erat.</strong></span> 
     </span>
    </p>
   </div>
   <div class='ocr_carea' id='block_1_4' title="bbox 190 725 3415 859">
    <p class='ocr_par' dir='ltr' id='par_1_4' title="bbox 190 725 3415 859">
     <span class='ocr_line' id='line_1_4' title="bbox 190 725 3415 859; baseline -0.017 -23"><span class='ocrx_word' id='word_1_20' title='bbox 1044 757 1293 830; x_wconf 73' lang='lat' dir='ltr'><strong>indagavi</strong></span> <span class='ocrx_word' id='word_1_21' title='bbox 1331 754 1525 826; x_wconf 81' lang='lat' dir='ltr'><strong>quippe</strong></span> <span class='ocrx_word' id='word_1_22' title='bbox 1550 751 1602 806; x_wconf 91' lang='lat' dir='ltr'><strong>in</strong></span> <span class='ocrx_word' id='word_1_23' title='bbox 1632 746 1738 803; x_wconf 89' lang='lat' dir='ltr'><strong>illis</strong></span> <span class='ocrx_word' id='word_1_24' title='bbox 1844 743 1914 798; x_wconf 88' lang='lat' dir='ltr'><strong>Et</strong></span> <span class='ocrx_word' id='word_1_25' title='bbox 1936 739 2115 843; x_wconf 79' lang='lat' dir='ltr'><strong>dixisti</strong></span> <span class='ocrx_word' id='word_1_26' title='bbox 2156 734 2570 793; x_wconf 75' lang='lat' dir='ltr'><strong>Atheniensibus</strong></span> <span class='ocrx_word' id='word_1_27' title='bbox 2608 747 2704 803; x_wconf 89' lang='lat' dir='ltr'><strong>per</strong></span> <span class='ocrx_word' id='word_1_28' title='bbox 2732 730 3045 802; x_wconf 86' lang='lat' dir='ltr'><strong>Apostoinm</strong></span> <span class='ocrx_word' id='word_1_29' title='bbox 3075 739 3243 859; x_wconf 58' lang='lat' dir='ltr'><strong>tuum,</strong></span> <span class='ocrx_word' id='word_1_30' title='bbox 3271 725 3415 859; x_wconf 46' lang='lat' dir='ltr'><strong>qrt‘t’od</strong></span> 
     </span>
     <span class='ocr_line' id='line_1_5' title="bbox 994 820 3415 859; baseline 0 0"><span class='ocrx_word' id='word_1_31' title='bbox 994 857 1003 859; x_wconf 18' lang='grc' dir='ltr'>ξ</span> <span class='ocrx_word' id='word_1_32' title='bbox 1034 856 1045 859; x_wconf 73' lang='grc'><em>,</em></span> <span class='ocrx_word' id='word_1_33' title='bbox 1225 850 1260 859; x_wconf 88' lang='grc'><strong>-.</strong></span> <span class='ocrx_word' id='word_1_34' title='bbox 1482 845 1493 859; x_wconf 93' lang='grc'><em>.</em></span> <span class='ocrx_word' id='word_1_35' title='bbox 1572 843 1604 859; x_wconf 84' lang='grc'>.,</span> <span class='ocrx_word' id='word_1_36' title='bbox 1650 838 1710 859; x_wconf 63' lang='grc' dir='ltr'><strong>ηε</strong></span> <span class='ocrx_word' id='word_1_37' title='bbox 1845 835 1897 859; x_wconf 69' lang='grc' dir='ltr'>ε,</span> <span class='ocrx_word' id='word_1_38' title='bbox 1927 843 1976 859; x_wconf 61' lang='grc' dir='ltr'>,η</span> <span class='ocrx_word' id='word_1_39' title='bbox 1997 833 2225 859; x_wconf 72' lang='lat'><strong>..:..........</strong></span> <span class='ocrx_word' id='word_1_40' title='bbox 2270 837 2317 859; x_wconf 67' lang='grc' dir='ltr'><strong>ι..</strong></span> <span class='ocrx_word' id='word_1_41' title='bbox 2346 840 2620 859; x_wconf 50' lang='lat' dir='ltr'><strong>mnum...</strong></span> <span class='ocrx_word' id='word_1_42' title='bbox 2644 833 2694 859; x_wconf 69' lang='grc' dir='ltr'><strong>ο.</strong></span> <span class='ocrx_word' id='word_1_43' title='bbox 2716 838 2895 859; x_wconf 49' lang='lat' dir='ltr'><strong>summ</strong></span> <span class='ocrx_word' id='word_1_44' title='bbox 2920 840 2934 859; x_wconf 84' lang='lat'><strong>.</strong></span> <span class='ocrx_word' id='word_1_45' title='bbox 2965 821 3075 859; x_wconf 65' lang='grc' dir='ltr'><strong>εει...</strong></span> <span class='ocrx_word' id='word_1_46' title='bbox 3122 830 3171 859; x_wconf 77' lang='lat' dir='ltr'><strong>nl</strong></span> <span class='ocrx_word' id='word_1_47' title='bbox 3202 820 3292 859; x_wconf 76' lang='grc' dir='ltr'><strong>ηηι</strong></span> <span class='ocrx_word' id='word_1_48' title='bbox 3366 834 3415 859; x_wconf 63' lang='grc' dir='ltr'><strong>..ι</strong></span> 
     </span>
    </p>
   </div>
   <div class='ocr_carea' id='block_1_5' title="bbox 192 819 3419 933">
    <p class='ocr_par' dir='ltr' id='par_1_5' title="bbox 192 819 3419 933">
     <span class='ocr_line' id='line_1_6' title="bbox 192 819 3419 933; baseline -0.017 -6"><span class='ocrx_word' id='word_1_49' title='bbox 898 819 1080 914; x_wconf 55' lang='lat' dir='ltr'><strong>multis</strong></span> <span class='ocrx_word' id='word_1_50' title='bbox 1120 819 1292 909; x_wconf 61' lang='lat' dir='ltr'><strong>modis</strong></span> <span class='ocrx_word' id='word_1_51' title='bbox 1308 888 1326 917; x_wconf 93' lang='lat'><strong>,</strong></span> <span class='ocrx_word' id='word_1_52' title='bbox 1349 819 1496 919; x_wconf 75' lang='lat' dir='ltr'><strong>quod</strong></span> <span class='ocrx_word' id='word_1_53' title='bbox 1541 843 1610 899; x_wconf 89' lang='lat' dir='ltr'><strong>sit</strong></span> <span class='ocrx_word' id='word_1_54' title='bbox 1650 838 1742 895; x_wconf 86' lang='lat' dir='ltr'><strong>Fi-</strong></span> <span class='ocrx_word' id='word_1_55' title='bbox 1845 835 1899 890; x_wconf 91' lang='lat' dir='ltr'><strong>in</strong></span> <span class='ocrx_word' id='word_1_56' title='bbox 1926 843 1978 890; x_wconf 91' lang='lat' dir='ltr'><strong>te</strong></span> <span class='ocrx_word' id='word_1_57' title='bbox 1997 831 2229 887; x_wconf 77' lang='lat' dir='ltr'><strong>vivimus</strong></span> <span class='ocrx_word' id='word_1_58' title='bbox 2268 837 2323 887; x_wconf 91' lang='lat' dir='ltr'><strong>et</strong></span> <span class='ocrx_word' id='word_1_59' title='bbox 2345 840 2620 883; x_wconf 83' lang='lat' dir='ltr'><strong>movemur</strong></span> <span class='ocrx_word' id='word_1_60' title='bbox 2644 833 2699 881; x_wconf 90' lang='lat' dir='ltr'><strong>et</strong></span> <span class='ocrx_word' id='word_1_61' title='bbox 2715 838 2936 889; x_wconf 77' lang='lat' dir='ltr'><strong>sumus;</strong></span> <span class='ocrx_word' id='word_1_62' title='bbox 2965 821 3102 878; x_wconf 88' lang='lat' dir='ltr'><strong>sicut</strong></span> <span class='ocrx_word' id='word_1_63' title='bbox 3122 830 3177 877; x_wconf 89' lang='lat' dir='ltr'><strong>et</strong></span> <span class='ocrx_word' id='word_1_64' title='bbox 3202 819 3419 892; x_wconf 80' lang='lat' dir='ltr'><strong>quidam</strong></span> 
     </span>
    </p>
   </div>
   <div class='ocr_carea' id='block_1_6' title="bbox 1848 908 3419 989">
    <p class='ocr_par' dir='ltr' id='par_1_6' title="bbox 1848 908 3419 989">
     <span class='ocr_line' id='line_1_7' title="bbox 1848 908 3419 989; baseline -0.011 -6"><span class='ocrx_word' id='word_1_65' title='bbox 1848 923 2138 983; x_wconf 75' lang='lat' dir='ltr'><strong>secundum</strong></span> <span class='ocrx_word' id='word_1_66' title='bbox 2187 935 2283 977; x_wconf 87' lang='lat' dir='ltr'><strong>eos</strong></span> <span class='ocrx_word' id='word_1_67' title='bbox 2332 918 2582 975; x_wconf 78' lang='lat' dir='ltr'><strong>dixerunt</strong></span> <span class='ocrx_word' id='word_1_68' title='bbox 2606 915 2739 989; x_wconf 79' lang='lat' dir='ltr'><strong>(Act.</strong></span> <span class='ocrx_word' id='word_1_69' title='bbox 2773 929 2890 968; x_wconf 72' lang='lat' dir='ltr'><strong>xvu</strong></span> <span class='ocrx_word' id='word_1_70' title='bbox 2912 952 2927 979; x_wconf 96' lang='lat'><strong>,</strong></span> <span class='ocrx_word' id='word_1_71' title='bbox 2963 912 3055 985; x_wconf 86' lang='lat'><strong>28)</strong></span> <span class='ocrx_word' id='word_1_72' title='bbox 3091 929 3105 966; x_wconf 85' lang='lat'><strong>:</strong></span> <span class='ocrx_word' id='word_1_73' title='bbox 3136 920 3192 966; x_wconf 90' lang='lat' dir='ltr'><strong>et</strong></span> <span class='ocrx_word' id='word_1_74' title='bbox 3239 908 3419 979; x_wconf 82' lang='lat' dir='ltr'><strong>utique</strong></span> 
     </span>
    </p>
   </div>
   <div class='ocr_carea' id='block_1_7' title="bbox 1850 1000 3421 1073">
    <p class='ocr_par' dir='ltr' id='par_1_7' title="bbox 1850 1000 3421 1073">
     <span class='ocr_line' id='line_1_8' title="bbox 1850 1000 3421 1073; baseline -0.013 0"><span class='ocrx_word' id='word_1_75' title='bbox 1850 1017 1971 1073; x_wconf 84' lang='lat' dir='ltr'><strong>inde</strong></span> <span class='ocrx_word' id='word_1_76' title='bbox 2015 1022 2171 1073; x_wconf 87' lang='lat' dir='ltr'><strong>erant</strong></span> <span class='ocrx_word' id='word_1_77' title='bbox 2204 1013 2279 1070; x_wconf 84' lang='lat' dir='ltr'><strong>illi</strong></span> <span class='ocrx_word' id='word_1_78' title='bbox 2308 1011 2447 1066; x_wconf 85' lang='lat' dir='ltr'><strong>libri.</strong></span> <span class='ocrx_word' id='word_1_79' title='bbox 2496 1009 2563 1064; x_wconf 75' lang='lat' dir='ltr'><strong>Et</strong></span> <span class='ocrx_word' id='word_1_80' title='bbox 2608 1022 2714 1063; x_wconf 83' lang='lat' dir='ltr'><strong>non</strong></span> <span class='ocrx_word' id='word_1_81' title='bbox 2742 1004 2944 1061; x_wconf 85' lang='lat' dir='ltr'><strong>attendi</strong></span> <span class='ocrx_word' id='word_1_82' title='bbox 2984 1005 3039 1059; x_wconf 88' lang='lat' dir='ltr'><strong>in</strong></span> <span class='ocrx_word' id='word_1_83' title='bbox 3083 1002 3221 1058; x_wconf 89' lang='lat' dir='ltr'><strong>idola</strong></span> <span class='ocrx_word' id='word_1_84' title='bbox 3254 1000 3421 1073; x_wconf 66' lang='lat' dir='ltr'><strong>Egy-</strong></span> 
     </span>
    </p>
   </div>
   <div class='ocr_carea' id='block_1_8' title="bbox 1852 1092 3421 1181">
    <p class='ocr_par' dir='ltr' id='par_1_8' title="bbox 1852 1092 3421 1181">
     <span class='ocr_line' id='line_1_9' title="bbox 1852 1092 3421 1181; baseline -0.011 -16"><span class='ocrx_word' id='word_1_85' title='bbox 1852 1111 2112 1181; x_wconf 90' lang='lat' dir='ltr'><strong>ptiorum,</strong></span> <span class='ocrx_word' id='word_1_86' title='bbox 2169 1105 2362 1176; x_wconf 85' lang='lat' dir='ltr'><strong>quibus</strong></span> <span class='ocrx_word' id='word_1_87' title='bbox 2410 1101 2483 1157; x_wconf 88' lang='lat' dir='ltr'><strong>de</strong></span> <span class='ocrx_word' id='word_1_88' title='bbox 2523 1114 2654 1156; x_wconf 83' lang='lat' dir='ltr'><strong>auro</strong></span> <span class='ocrx_word' id='word_1_89' title='bbox 2710 1106 2801 1154; x_wconf 87' lang='lat' dir='ltr'><strong>tuo</strong></span> <span class='ocrx_word' id='word_1_90' title='bbox 2864 1094 3274 1159; x_wconf 83' lang='lat' dir='ltr'><strong>ministrabant,</strong></span> <span class='ocrx_word' id='word_1_91' title='bbox 3328 1092 3421 1164; x_wconf 87' lang='lat' dir='ltr'><strong>qui</strong></span> 
     </span>
    </p>
   </div>
   <div class='ocr_carea' id='block_1_9' title="bbox 1853 1190 3427 1258">
    <p class='ocr_par' dir='ltr' id='par_1_9' title="bbox 1853 1190 3427 1258">
     <span class='ocr_line' id='line_1_10' title="bbox 1853 1190 3427 1258; baseline -0.01 1"><span class='ocrx_word' id='word_1_92' title='bbox 1853 1206 2336 1258; x_wconf 79' lang='lat' dir='ltr'><strong>transmutaverunt</strong></span> <span class='ocrx_word' id='word_1_93' title='bbox 2386 1195 2662 1252; x_wconf 83' lang='lat' dir='ltr'><strong>veritatem</strong></span> <span class='ocrx_word' id='word_1_94' title='bbox 2712 1191 2807 1247; x_wconf 89' lang='lat' dir='ltr'><strong>Dei</strong></span> <span class='ocrx_word' id='word_1_95' title='bbox 2866 1191 2919 1246; x_wconf 89' lang='lat' dir='ltr'><strong>in</strong></span> <span class='ocrx_word' id='word_1_96' title='bbox 2966 1190 3298 1246; x_wconf 89' lang='lat' dir='ltr'><strong>mendacium</strong></span> <span class='ocrx_word' id='word_1_97' title='bbox 3317 1227 3334 1254; x_wconf 91' lang='lat'><strong>,</strong></span> <span class='ocrx_word' id='word_1_98' title='bbox 3370 1196 3427 1244; x_wconf 84' lang='lat' dir='ltr'><strong>et</strong></span> 
     </span>
    </p>
   </div>
   <div class='ocr_carea' id='block_1_10' title="bbox 1851 1279 3425 1358">
    <p class='ocr_par' dir='ltr' id='par_1_10' title="bbox 1851 1279 3425 1358">
     <span class='ocr_line' id='line_1_11' title="bbox 1851 1279 3425 1358; baseline -0.01 -9"><span class='ocrx_word' id='word_1_99' title='bbox 1851 1294 2161 1358; x_wconf 85' lang='lat' dir='ltr'><strong>coluerunt,</strong></span> <span class='ocrx_word' id='word_1_100' title='bbox 2195 1299 2250 1347; x_wconf 89' lang='lat' dir='ltr'><strong>et</strong></span> <span class='ocrx_word' id='word_1_101' title='bbox 2273 1286 2574 1345; x_wconf 83' lang='lat' dir='ltr'><strong>servierunt</strong></span> <span class='ocrx_word' id='word_1_102' title='bbox 2596 1292 2854 1339; x_wconf 73' lang='lat' dir='ltr'><strong>creatura:</strong></span> <span class='ocrx_word' id='word_1_103' title='bbox 2876 1283 3055 1352; x_wconf 86' lang='lat' dir='ltr'><strong>potius</strong></span> <span class='ocrx_word' id='word_1_104' title='bbox 3077 1295 3234 1353; x_wconf 88' lang='lat' dir='ltr'><strong>quam</strong></span> <span class='ocrx_word' id='word_1_105' title='bbox 3261 1279 3425 1340; x_wconf 82' lang='lat' dir='ltr'><strong>Crea-</strong></span> 
     </span>
    </p>
   </div>
   <div class='ocr_carea' id='block_1_11' title="bbox 1851 1378 2380 1456">
    <p class='ocr_par' dir='ltr' id='par_1_11' title="bbox 1851 1378 2380 1456">
     <span class='ocr_line' id='line_1_12' title="bbox 1851 1378 2380 1456; baseline -0.015 -15"><span class='ocrx_word' id='word_1_106' title='bbox 1851 1384 1954 1441; x_wconf 85' lang='lat' dir='ltr'><strong>tori</strong></span> <span class='ocrx_word' id='word_1_107' title='bbox 1996 1382 2169 1456; x_wconf 86' lang='lat' dir='ltr'><strong>(Rom.</strong></span> <span class='ocrx_word' id='word_1_108' title='bbox 2201 1396 2239 1448; x_wconf 88' lang='lat' dir='ltr'><strong>t,</strong></span> <span class='ocrx_word' id='word_1_109' title='bbox 2261 1378 2380 1454; x_wconf 78' lang='lat'><strong>25).</strong></span> 
     </span>
    </p>
   </div>
   <div class='ocr_carea' id='block_1_12' title="bbox 2465 1466 2796 1526">
    <p class='ocr_par' dir='ltr' id='par_1_12' title="bbox 2465 1466 2796 1526">
     <span class='ocr_line' id='line_1_13' title="bbox 2465 1466 2796 1526; baseline -0.021 1"><span class='ocrx_word' id='word_1_110' title='bbox 2465 1468 2689 1526; x_wconf 69' lang='lat' dir='ltr'><strong>CM’UT</strong></span> <span class='ocrx_word' id='word_1_111' title='bbox 2728 1466 2796 1523; x_wconf 65' lang='grc' dir='ltr'><strong>Χ.</strong></span> 
     </span>
    </p>
   </div>
   <div class='ocr_carea' id='block_1_13' title="bbox 2048 1554 3229 1632">
    <p class='ocr_par' dir='ltr' id='par_1_13' title="bbox 2048 1554 3229 1632">
     <span class='ocr_line' id='line_1_14' title="bbox 2048 1554 3229 1632; baseline -0.014 -9"><span class='ocrx_word' id='word_1_112' title='bbox 2048 1565 2250 1624; x_wconf 79' lang='lat' dir='ltr'><strong>Clarius</strong></span> <span class='ocrx_word' id='word_1_113' title='bbox 2270 1567 2584 1620; x_wconf 76' lang='lat' dir='ltr'><strong>innotescunt</strong></span> <span class='ocrx_word' id='word_1_114' title='bbox 2599 1562 2713 1632; x_wconf 86' lang='lat' dir='ltr'><strong>jam</strong></span> <span class='ocrx_word' id='word_1_115' title='bbox 2732 1557 3014 1629; x_wconf 72' lang='lat' dir='ltr'><strong>Augustino</strong></span> <span class='ocrx_word' id='word_1_116' title='bbox 3038 1554 3229 1610; x_wconf 78' lang='lat' dir='ltr'><strong>diuina.</strong></span> 
     </span>
    </p>
   </div>
   <div class='ocr_carea' id='block_1_14' title="bbox 1932 1644 3434 1716">
    <p class='ocr_par' dir='ltr' id='par_1_14' title="bbox 1932 1644 3434 1716">
     <span class='ocr_line' id='line_1_15' title="bbox 1932 1644 3434 1716; baseline -0.008 -2"><span class='ocrx_word' id='word_1_117' title='bbox 1932 1659 2022 1714; x_wconf 85' lang='lat' dir='ltr'><strong>l6.</strong></span> <span class='ocrx_word' id='word_1_118' title='bbox 2061 1658 2131 1714; x_wconf 86' lang='lat' dir='ltr'><strong>Et</strong></span> <span class='ocrx_word' id='word_1_119' title='bbox 2151 1657 2274 1713; x_wconf 88' lang='lat' dir='ltr'><strong>inde</strong></span> <span class='ocrx_word' id='word_1_120' title='bbox 2296 1654 2600 1711; x_wconf 78' lang='lat' dir='ltr'><strong>admonitus</strong></span> <span class='ocrx_word' id='word_1_121' title='bbox 2631 1649 2807 1706; x_wconf 89' lang='lat' dir='ltr'><strong>redire</strong></span> <span class='ocrx_word' id='word_1_122' title='bbox 2832 1647 2900 1703; x_wconf 86' lang='lat' dir='ltr'><strong>ad</strong></span> <span class='ocrx_word' id='word_1_123' title='bbox 2923 1646 3288 1716; x_wconf 75' lang='lat' dir='ltr'><strong>&quot;temetipsum</strong></span> <span class='ocrx_word' id='word_1_124' title='bbox 3307 1688 3320 1710; x_wconf 91' lang='lat'><strong>,</strong></span> <span class='ocrx_word' id='word_1_125' title='bbox 3350 1644 3434 1702; x_wconf 80' lang='lat' dir='ltr'><strong>in-</strong></span> 
     </span>
    </p>
   </div>
   <div class='ocr_carea' id='block_1_15' title="bbox 1861 1736 3437 1814">
    <p class='ocr_par' dir='ltr' id='par_1_15' title="bbox 1861 1736 3437 1814">
     <span class='ocr_line' id='line_1_16' title="bbox 1861 1736 3437 1814; baseline -0.01 -6"><span class='ocrx_word' id='word_1_126' title='bbox 1861 1752 1993 1809; x_wconf 88' lang='lat' dir='ltr'><strong>travi</strong></span> <span class='ocrx_word' id='word_1_127' title='bbox 2020 1752 2071 1806; x_wconf 90' lang='lat' dir='ltr'><strong>in</strong></span> <span class='ocrx_word' id='word_1_128' title='bbox 2101 1750 2281 1805; x_wconf 89' lang='lat' dir='ltr'><strong>intima</strong></span> <span class='ocrx_word' id='word_1_129' title='bbox 2307 1763 2445 1814; x_wconf 72' lang='lat' dir='ltr'><strong>tinea,</strong></span> <span class='ocrx_word' id='word_1_130' title='bbox 2469 1746 2602 1801; x_wconf 90' lang='lat' dir='ltr'><strong>duce</strong></span> <span class='ocrx_word' id='word_1_131' title='bbox 2619 1752 2704 1808; x_wconf 87' lang='lat' dir='ltr'><strong>te;</strong></span> <span class='ocrx_word' id='word_1_132' title='bbox 2727 1750 2780 1799; x_wconf 90' lang='lat' dir='ltr'><strong>et</strong></span> <span class='ocrx_word' id='word_1_133' title='bbox 2805 1739 2974 1812; x_wconf 84' lang='lat' dir='ltr'><strong>potui,</strong></span> <span class='ocrx_word' id='word_1_134' title='bbox 3001 1741 3248 1811; x_wconf 87' lang='lat' dir='ltr'><strong>quoniam</strong></span> <span class='ocrx_word' id='word_1_135' title='bbox 3265 1736 3437 1795; x_wconf 72' lang='lat' dir='ltr'><strong>lactus</strong></span> 
     </span>
    </p>
   </div>
   <div class='ocr_carea' id='block_1_16' title="bbox 1859 1832 3438 1916">
    <p class='ocr_par' dir='ltr' id='par_1_16' title="bbox 1859 1832 3438 1916">
     <span class='ocr_line' id='line_1_17' title="bbox 1859 1832 3438 1916; baseline -0.009 -14"><span class='ocrx_word' id='word_1_136' title='bbox 1859 1861 1920 1902; x_wconf 83' lang='lat' dir='ltr'><strong>es</strong></span> <span class='ocrx_word' id='word_1_137' title='bbox 1946 1845 2157 1916; x_wconf 84' lang='lat' dir='ltr'><strong>adjutor</strong></span> <span class='ocrx_word' id='word_1_138' title='bbox 2182 1857 2353 1897; x_wconf 90' lang='lat' dir='ltr'><strong>meus.</strong></span> <span class='ocrx_word' id='word_1_139' title='bbox 2384 1838 2600 1905; x_wconf 86' lang='lat' dir='ltr'><strong>lntravi,</strong></span> <span class='ocrx_word' id='word_1_140' title='bbox 2631 1844 2688 1891; x_wconf 88' lang='lat' dir='ltr'><strong>et</strong></span> <span class='ocrx_word' id='word_1_141' title='bbox 2722 1833 2827 1889; x_wconf 86' lang='lat' dir='ltr'><strong>vidi</strong></span> <span class='ocrx_word' id='word_1_142' title='bbox 2870 1833 3242 1904; x_wconf 79' lang='lat' dir='ltr'><strong>qualicumque</strong></span> <span class='ocrx_word' id='word_1_143' title='bbox 3283 1832 3438 1888; x_wconf 86' lang='lat' dir='ltr'><strong>oculo</strong></span> 
     </span>
    </p>
   </div>
   <div class='ocr_carea' id='block_1_17' title="bbox 1861 1924 3438 2003">
    <p class='ocr_par' dir='ltr' id='par_1_17' title="bbox 1861 1924 3438 2003">
     <span class='ocr_line' id='line_1_18' title="bbox 1861 1924 3438 2003; baseline -0.008 -11"><span class='ocrx_word' id='word_1_144' title='bbox 1861 1936 2052 1992; x_wconf 63' lang='lat' dir='ltr'><strong>extima;</strong></span> <span class='ocrx_word' id='word_1_145' title='bbox 2079 1949 2230 1999; x_wconf 70' lang='lat' dir='ltr'><strong>mete,</strong></span> <span class='ocrx_word' id='word_1_146' title='bbox 2259 1946 2417 2003; x_wconf 82' lang='lat' dir='ltr'><strong>supra</strong></span> <span class='ocrx_word' id='word_1_147' title='bbox 2444 1928 2691 1985; x_wconf 88' lang='lat' dir='ltr'><strong>eumdem</strong></span> <span class='ocrx_word' id='word_1_148' title='bbox 2718 1924 2929 1981; x_wconf 90' lang='lat' dir='ltr'><strong>oculum</strong></span> <span class='ocrx_word' id='word_1_149' title='bbox 2953 1925 3146 1979; x_wconf 66' lang='lat' dir='ltr'><strong>animas</strong></span> <span class='ocrx_word' id='word_1_150' title='bbox 3169 1937 3323 1991; x_wconf 68' lang='lat' dir='ltr'><strong>meat,</strong></span> <span class='ocrx_word' id='word_1_151' title='bbox 3343 1937 3438 1979; x_wconf 82' lang='lat' dir='ltr'><strong>su-</strong></span> 
     </span>
    </p>
   </div>
   <div class='ocr_carea' id='block_1_18' title="bbox 1862 2015 3440 2099">
    <p class='ocr_par' dir='ltr' id='par_1_18' title="bbox 1862 2015 3440 2099">
     <span class='ocr_line' id='line_1_19' title="bbox 1862 2015 3440 2099; baseline -0.008 -15"><span class='ocrx_word' id='word_1_152' title='bbox 1862 2043 1955 2099; x_wconf 91' lang='lat' dir='ltr'><strong>pra</strong></span> <span class='ocrx_word' id='word_1_153' title='bbox 1993 2034 2224 2083; x_wconf 89' lang='lat' dir='ltr'><strong>mentem</strong></span> <span class='ocrx_word' id='word_1_154' title='bbox 2266 2038 2473 2091; x_wconf 86' lang='lat' dir='ltr'><strong>meam,</strong></span> <span class='ocrx_word' id='word_1_155' title='bbox 2518 2022 2689 2076; x_wconf 83' lang='lat' dir='ltr'><strong>lucem</strong></span> <span class='ocrx_word' id='word_1_156' title='bbox 2719 2019 2734 2050; x_wconf 84' lang='grc'>¹</span> <span class='ocrx_word' id='word_1_157' title='bbox 2767 2015 3283 2083; x_wconf 82' lang='lat' dir='ltr'><strong>incommutabilem;</strong></span> <span class='ocrx_word' id='word_1_158' title='bbox 3331 2030 3440 2073; x_wconf 88' lang='lat' dir='ltr'><strong>non</strong></span> 
     </span>
    </p>
   </div>
   <div class='ocr_carea' id='block_1_19' title="bbox 1869 2108 3441 2189">
    <p class='ocr_par' dir='ltr' id='par_1_19' title="bbox 1869 2108 3441 2189">
     <span class='ocr_line' id='line_1_20' title="bbox 1869 2108 3441 2189; baseline -0.006 -13"><span class='ocrx_word' id='word_1_159' title='bbox 1869 2120 2008 2176; x_wconf 87' lang='lat' dir='ltr'><strong>bane</strong></span> <span class='ocrx_word' id='word_1_160' title='bbox 2038 2119 2305 2189; x_wconf 74' lang='lat' dir='ltr'><strong>vulgarem</strong></span> <span class='ocrx_word' id='word_1_161' title='bbox 2336 2126 2390 2171; x_wconf 90' lang='lat' dir='ltr'><strong>ct</strong></span> <span class='ocrx_word' id='word_1_162' title='bbox 2415 2114 2754 2184; x_wconf 78' lang='lat' dir='ltr'><strong>conspicuam</strong></span> <span class='ocrx_word' id='word_1_163' title='bbox 2783 2110 2928 2167; x_wconf 88' lang='lat' dir='ltr'><strong>omni</strong></span> <span class='ocrx_word' id='word_1_164' title='bbox 2955 2108 3140 2164; x_wconf 85' lang='lat' dir='ltr'><strong>carni:</strong></span> <span class='ocrx_word' id='word_1_165' title='bbox 3168 2124 3268 2167; x_wconf 89' lang='lat' dir='ltr'><strong>nec</strong></span> <span class='ocrx_word' id='word_1_166' title='bbox 3288 2109 3441 2181; x_wconf 82' lang='lat' dir='ltr'><strong>quasi</strong></span> 
     </span>
    </p>
   </div>
   <div class='ocr_carea' id='block_1_20' title="bbox 1864 2205 3444 2283">
    <p class='ocr_par' dir='ltr' id='par_1_20' title="bbox 1864 2205 3444 2283">
     <span class='ocr_line' id='line_1_21' title="bbox 1864 2205 3444 2283; baseline -0.006 -13"><span class='ocrx_word' id='word_1_167' title='bbox 1864 2230 1927 2270; x_wconf 79' lang='lat' dir='ltr'><strong>ex</strong></span> <span class='ocrx_word' id='word_1_168' title='bbox 1953 2211 2141 2270; x_wconf 88' lang='lat' dir='ltr'><strong>eodem</strong></span> <span class='ocrx_word' id='word_1_169' title='bbox 2166 2226 2362 2283; x_wconf 85' lang='lat' dir='ltr'><strong>genere</strong></span> <span class='ocrx_word' id='word_1_170' title='bbox 2382 2207 2633 2280; x_wconf 73' lang='lat' dir='ltr'><strong>grandior</strong></span> <span class='ocrx_word' id='word_1_171' title='bbox 2653 2215 2787 2273; x_wconf 87' lang='lat' dir='ltr'><strong>erat,</strong></span> <span class='ocrx_word' id='word_1_172' title='bbox 2809 2213 3058 2275; x_wconf 80' lang='lat' dir='ltr'><strong>tauquam</strong></span> <span class='ocrx_word' id='word_1_173' title='bbox 3082 2205 3127 2260; x_wconf 88' lang='lat' dir='ltr'><strong>si</strong></span> <span class='ocrx_word' id='word_1_174' title='bbox 3154 2205 3254 2261; x_wconf 88' lang='lat' dir='ltr'><strong>ista</strong></span> <span class='ocrx_word' id='word_1_175' title='bbox 3277 2205 3444 2261; x_wconf 88' lang='lat' dir='ltr'><strong>multo</strong></span> 
     </span>
    </p>
   </div>
   <div class='ocr_carea' id='block_1_21' title="bbox 1866 2303 3446 2376">
    <p class='ocr_par' dir='ltr' id='par_1_21' title="bbox 1866 2303 3446 2376">
     <span class='ocr_line' id='line_1_22' title="bbox 1866 2303 3446 2376; baseline -0.005 -13"><span class='ocrx_word' id='word_1_176' title='bbox 1866 2306 2136 2376; x_wconf 87' lang='lat' dir='ltr'><strong>multoque</strong></span> <span class='ocrx_word' id='word_1_177' title='bbox 2190 2304 2386 2360; x_wconf 87' lang='lat' dir='ltr'><strong>clarius</strong></span> <span class='ocrx_word' id='word_1_178' title='bbox 2427 2303 2778 2362; x_wconf 85' lang='lat' dir='ltr'><strong>claresceret,</strong></span> <span class='ocrx_word' id='word_1_179' title='bbox 2837 2308 3111 2370; x_wconf 88' lang='lat' dir='ltr'><strong>totumque</strong></span> <span class='ocrx_word' id='word_1_180' title='bbox 3158 2307 3446 2369; x_wconf 81' lang='lat' dir='ltr'><strong>occuparet</strong></span> 
     </span>
    </p>
   </div>
   <div class='ocr_carea' id='block_1_22' title="bbox 1866 2389 3446 2470">
    <p class='ocr_par' dir='ltr' id='par_1_22' title="bbox 1866 2389 3446 2470">
     <span class='ocr_line' id='line_1_23' title="bbox 1866 2389 3446 2470; baseline -0.007 -14"><span class='ocrx_word' id='word_1_181' title='bbox 1866 2398 2251 2470; x_wconf 78' lang='lat' dir='ltr'><strong>magnitudine.</strong></span> <span class='ocrx_word' id='word_1_182' title='bbox 2279 2394 2393 2451; x_wconf 82' lang='lat' dir='ltr'><strong>Non</strong></span> <span class='ocrx_word' id='word_1_183' title='bbox 2421 2392 2521 2448; x_wconf 88' lang='lat' dir='ltr'><strong>hoc</strong></span> <span class='ocrx_word' id='word_1_184' title='bbox 2545 2392 2628 2447; x_wconf 85' lang='lat' dir='ltr'><strong>illa</strong></span> <span class='ocrx_word' id='word_1_185' title='bbox 2646 2399 2795 2455; x_wconf 87' lang='lat' dir='ltr'><strong>erat;</strong></span> <span class='ocrx_word' id='word_1_186' title='bbox 2823 2389 2915 2446; x_wconf 87' lang='lat' dir='ltr'><strong>sed</strong></span> <span class='ocrx_word' id='word_1_187' title='bbox 2944 2390 3108 2457; x_wconf 87' lang='lat' dir='ltr'><strong>aliud,</strong></span> <span class='ocrx_word' id='word_1_188' title='bbox 3129 2390 3272 2446; x_wconf 81' lang='lat' dir='ltr'><strong>aliud</strong></span> <span class='ocrx_word' id='word_1_189' title='bbox 3294 2389 3446 2445; x_wconf 86' lang='lat' dir='ltr'><strong>valde</strong></span> 
     </span>
    </p>
   </div>
   <div class='ocr_carea' id='block_1_23' title="bbox 1867 2486 3447 2554">
    <p class='ocr_par' dir='ltr' id='par_1_23' title="bbox 1867 2486 3447 2554">
     <span class='ocr_line' id='line_1_24' title="bbox 1867 2486 3447 2554; baseline -0.008 -5"><span class='ocrx_word' id='word_1_190' title='bbox 1867 2493 1938 2549; x_wconf 86' lang='lat' dir='ltr'><strong>ab</strong></span> <span class='ocrx_word' id='word_1_191' title='bbox 1970 2492 2086 2549; x_wconf 82' lang='lat' dir='ltr'><strong>istis</strong></span> <span class='ocrx_word' id='word_1_192' title='bbox 2123 2489 2390 2546; x_wconf 87' lang='lat' dir='ltr'><strong>omnibus.</strong></span> <span class='ocrx_word' id='word_1_193' title='bbox 2432 2486 2539 2543; x_wconf 84' lang='lat' dir='ltr'><strong>Nec</strong></span> <span class='ocrx_word' id='word_1_194' title='bbox 2578 2486 2647 2541; x_wconf 88' lang='lat' dir='ltr'><strong>ita</strong></span> <span class='ocrx_word' id='word_1_195' title='bbox 2685 2493 2801 2541; x_wconf 87' lang='lat' dir='ltr'><strong>erat</strong></span> <span class='ocrx_word' id='word_1_196' title='bbox 2826 2499 2983 2554; x_wconf 80' lang='lat' dir='ltr'><strong>supra</strong></span> <span class='ocrx_word' id='word_1_197' title='bbox 3010 2491 3243 2538; x_wconf 86' lang='lat' dir='ltr'><strong>mentem</strong></span> <span class='ocrx_word' id='word_1_198' title='bbox 3268 2497 3447 2537; x_wconf 85' lang='lat' dir='ltr'><strong>meam</strong></span> 
     </span>
    </p>
   </div>
   <div class='ocr_carea' id='block_1_24' title="bbox 1870 2575 3449 2651">
    <p class='ocr_par' dir='ltr' id='par_1_24' title="bbox 1870 2575 3449 2651">
     <span class='ocr_line' id='line_1_25' title="bbox 1870 2575 3449 2651; baseline -0.008 -10"><span class='ocrx_word' id='word_1_199' title='bbox 1870 2586 2006 2641; x_wconf 86' lang='lat' dir='ltr'><strong>sicut</strong></span> <span class='ocrx_word' id='word_1_200' title='bbox 2032 2583 2212 2640; x_wconf 90' lang='lat' dir='ltr'><strong>oleum</strong></span> <span class='ocrx_word' id='word_1_201' title='bbox 2235 2596 2395 2651; x_wconf 83' lang='lat' dir='ltr'><strong>super</strong></span> <span class='ocrx_word' id='word_1_202' title='bbox 2418 2593 2631 2650; x_wconf 81' lang='lat' dir='ltr'><strong>aquam,</strong></span> <span class='ocrx_word' id='word_1_203' title='bbox 2661 2591 2759 2633; x_wconf 88' lang='lat' dir='ltr'><strong>nec</strong></span> <span class='ocrx_word' id='word_1_204' title='bbox 2778 2576 2914 2632; x_wconf 81' lang='lat' dir='ltr'><strong>sicut</strong></span> <span class='ocrx_word' id='word_1_205' title='bbox 2936 2575 3126 2631; x_wconf 78' lang='lat' dir='ltr'><strong>emtum</strong></span> <span class='ocrx_word' id='word_1_206' title='bbox 3146 2589 3306 2645; x_wconf 84' lang='lat' dir='ltr'><strong>super</strong></span> <span class='ocrx_word' id='word_1_207' title='bbox 3337 2585 3449 2629; x_wconf 87' lang='lat' dir='ltr'><strong>ter-</strong></span> 
     </span>
    </p>
   </div>
   <div class='ocr_carea' id='block_1_25' title="bbox 1872 2664 3449 2745">
    <p class='ocr_par' dir='ltr' id='par_1_25' title="bbox 1872 2664 3449 2745">
     <span class='ocr_line' id='line_1_26' title="bbox 1872 2664 3449 2745; baseline -0.008 -12"><span class='ocrx_word' id='word_1_208' title='bbox 1872 2692 2021 2743; x_wconf 86' lang='lat' dir='ltr'><strong>ram;</strong></span> <span class='ocrx_word' id='word_1_209' title='bbox 2050 2676 2145 2733; x_wconf 89' lang='lat' dir='ltr'><strong>sed</strong></span> <span class='ocrx_word' id='word_1_210' title='bbox 2174 2674 2437 2745; x_wconf 82' lang='lat' dir='ltr'><strong>superior,</strong></span> <span class='ocrx_word' id='word_1_211' title='bbox 2459 2672 2584 2743; x_wconf 85' lang='lat' dir='ltr'><strong>quia</strong></span> <span class='ocrx_word' id='word_1_212' title='bbox 2611 2670 2723 2742; x_wconf 70' lang='lat' dir='ltr'><strong>ipsa</strong></span> <span class='ocrx_word' id='word_1_213' title='bbox 2752 2667 2874 2724; x_wconf 73' lang='lat' dir='ltr'><strong>fecit</strong></span> <span class='ocrx_word' id='word_1_214' title='bbox 2892 2681 2998 2734; x_wconf 85' lang='lat' dir='ltr'><strong>me,</strong></span> <span class='ocrx_word' id='word_1_215' title='bbox 3017 2676 3191 2736; x_wconf 63' lang='lat' dir='ltr'><strong>etqo</strong></span> <span class='ocrx_word' id='word_1_216' title='bbox 3212 2664 3449 2731; x_wconf 78' lang='lat' dir='ltr'><strong>inferior,</strong></span> 
     </span>
    </p>
   </div>
   <div class='ocr_carea' id='block_1_26' title="bbox 1873 2755 3457 2841">
    <p class='ocr_par' dir='ltr' id='par_1_26' title="bbox 1873 2755 3457 2841">
     <span class='ocr_line' id='line_1_27' title="bbox 1873 2755 3457 2841; baseline -0.008 -16"><span class='ocrx_word' id='word_1_217' title='bbox 1873 2771 1993 2841; x_wconf 87' lang='lat' dir='ltr'><strong>quia</strong></span> <span class='ocrx_word' id='word_1_218' title='bbox 2034 2767 2210 2824; x_wconf 82' lang='lat' dir='ltr'><strong>factus</strong></span> <span class='ocrx_word' id='word_1_219' title='bbox 2255 2780 2372 2821; x_wconf 90' lang='lat' dir='ltr'><strong>sum</strong></span> <span class='ocrx_word' id='word_1_220' title='bbox 2413 2767 2481 2819; x_wconf 84' lang='lat' dir='ltr'><strong>ab</strong></span> <span class='ocrx_word' id='word_1_221' title='bbox 2520 2778 2603 2819; x_wconf 88' lang='lat' dir='ltr'><strong>ea.</strong></span> <span class='ocrx_word' id='word_1_222' title='bbox 2645 2760 2746 2829; x_wconf 89' lang='lat' dir='ltr'><strong>Qui</strong></span> <span class='ocrx_word' id='word_1_223' title='bbox 2776 2760 2924 2815; x_wconf 86' lang='lat' dir='ltr'><strong>novit</strong></span> <span class='ocrx_word' id='word_1_224' title='bbox 2950 2759 3261 2823; x_wconf 79' lang='lat' dir='ltr'><strong>veritatem,</strong></span> <span class='ocrx_word' id='word_1_225' title='bbox 3310 2755 3457 2812; x_wconf 89' lang='lat' dir='ltr'><strong>novit</strong></span> 
     </span>
    </p>
   </div>
   <div class='ocr_carea' id='block_1_27' title="bbox 1874 2846 3456 2929">
    <p class='ocr_par' dir='ltr' id='par_1_27' title="bbox 1874 2846 3456 2929">
     <span class='ocr_line' id='line_1_28' title="bbox 1874 2846 3456 2929; baseline -0.009 -12"><span class='ocrx_word' id='word_1_226' title='bbox 1874 2876 2028 2928; x_wconf 85' lang='lat' dir='ltr'><strong>eam;</strong></span> <span class='ocrx_word' id='word_1_227' title='bbox 2071 2867 2128 2915; x_wconf 86' lang='lat' dir='ltr'><strong>et</strong></span> <span class='ocrx_word' id='word_1_228' title='bbox 2169 2858 2261 2929; x_wconf 88' lang='lat' dir='ltr'><strong>qui</strong></span> <span class='ocrx_word' id='word_1_229' title='bbox 2300 2857 2447 2912; x_wconf 84' lang='lat' dir='ltr'><strong>novit</strong></span> <span class='ocrx_word' id='word_1_230' title='bbox 2470 2870 2608 2920; x_wconf 89' lang='lat' dir='ltr'><strong>eam,</strong></span> <span class='ocrx_word' id='word_1_231' title='bbox 2640 2852 2788 2908; x_wconf 86' lang='lat' dir='ltr'><strong>novit</strong></span> <span class='ocrx_word' id='word_1_232' title='bbox 2813 2850 3183 2907; x_wconf 65' lang='lat' dir='ltr'><strong>aeternitatem.</strong></span> <span class='ocrx_word' id='word_1_233' title='bbox 3210 2846 3456 2905; x_wconf 80' lang='lat' dir='ltr'><strong>Charitas</strong></span> 
     </span>
    </p>
   </div>
   <div class='ocr_carea' id='block_1_28' title="bbox 1877 2940 3461 3029">
    <p class='ocr_par' dir='ltr' id='par_1_28' title="bbox 1877 2940 3461 3029">
     <span class='ocr_line' id='line_1_29' title="bbox 1877 2940 3461 3029; baseline -0.01 -18"><span class='ocrx_word' id='word_1_234' title='bbox 1877 2954 2025 3011; x_wconf 89' lang='lat' dir='ltr'><strong>novit</strong></span> <span class='ocrx_word' id='word_1_235' title='bbox 2040 2968 2181 3011; x_wconf 80' lang='lat' dir='ltr'><strong>eam.</strong></span> <span class='ocrx_word' id='word_1_236' title='bbox 2199 2952 2243 3008; x_wconf 92' lang='grc' dir='ltr'><strong>Ο</strong></span> <span class='ocrx_word' id='word_1_237' title='bbox 2269 2961 2466 3029; x_wconf 62' lang='lat' dir='ltr'><strong>aeterna</strong></span> <span class='ocrx_word' id='word_1_238' title='bbox 2491 2948 2708 3013; x_wconf 84' lang='lat' dir='ltr'><strong>veritas,</strong></span> <span class='ocrx_word' id='word_1_239' title='bbox 2730 2955 2787 3001; x_wconf 90' lang='lat' dir='ltr'><strong>et</strong></span> <span class='ocrx_word' id='word_1_240' title='bbox 2806 2959 2928 3000; x_wconf 87' lang='lat' dir='ltr'><strong>vera</strong></span> <span class='ocrx_word' id='word_1_241' title='bbox 2949 2942 3202 3009; x_wconf 84' lang='lat' dir='ltr'><strong>charitas,</strong></span> <span class='ocrx_word' id='word_1_242' title='bbox 3221 2949 3278 2999; x_wconf 90' lang='lat' dir='ltr'><strong>et</strong></span> <span class='ocrx_word' id='word_1_243' title='bbox 3295 2940 3461 2996; x_wconf 85' lang='lat' dir='ltr'><strong>chara</strong></span> 
     </span>
    </p>
   </div>
   <div class='ocr_carea' id='block_1_29' title="bbox 1879 3032 3458 3104">
    <p class='ocr_par' dir='ltr' id='par_1_29' title="bbox 1879 3032 3458 3104">
     <span class='ocr_line' id='line_1_30' title="bbox 1879 3032 3458 3104; baseline -0.011 -2"><span class='ocrx_word' id='word_1_244' title='bbox 1879 3044 2151 3103; x_wconf 60' lang='lat' dir='ltr'><strong>atternitas</strong></span> <span class='ocrx_word' id='word_1_245' title='bbox 2178 3042 2191 3097; x_wconf 91' lang='lat' dir='ltr'><strong>l</strong></span> <span class='ocrx_word' id='word_1_246' title='bbox 2225 3052 2278 3097; x_wconf 92' lang='lat' dir='ltr'><strong>tu</strong></span> <span class='ocrx_word' id='word_1_247' title='bbox 2305 3055 2365 3097; x_wconf 91' lang='lat' dir='ltr'><strong>es</strong></span> <span class='ocrx_word' id='word_1_248' title='bbox 2390 3040 2529 3094; x_wconf 85' lang='lat' dir='ltr'><strong>Deus</strong></span> <span class='ocrx_word' id='word_1_249' title='bbox 2554 3051 2738 3103; x_wconf 84' lang='lat' dir='ltr'><strong>meus;</strong></span> <span class='ocrx_word' id='word_1_250' title='bbox 2762 3035 2853 3091; x_wconf 91' lang='lat' dir='ltr'><strong>tibi</strong></span> <span class='ocrx_word' id='word_1_251' title='bbox 2870 3033 3079 3104; x_wconf 85' lang='lat' dir='ltr'><strong>suspiro</strong></span> <span class='ocrx_word' id='word_1_252' title='bbox 3095 3032 3180 3088; x_wconf 88' lang='lat' dir='ltr'><strong>die</strong></span> <span class='ocrx_word' id='word_1_253' title='bbox 3198 3047 3262 3087; x_wconf 88' lang='lat' dir='ltr'><strong>ae</strong></span> <span class='ocrx_word' id='word_1_254' title='bbox 3282 3039 3458 3099; x_wconf 84' lang='lat' dir='ltr'><strong>nocte.</strong></span> 
     </span>
    </p>
   </div>
   <div class='ocr_carea' id='block_1_30' title="bbox 1882 3123 3461 3207">
    <p class='ocr_par' dir='ltr' id='par_1_30' title="bbox 1882 3123 3461 3207">
     <span class='ocr_line' id='line_1_31' title="bbox 1882 3123 3461 3207; baseline -0.011 -13"><span class='ocrx_word' id='word_1_255' title='bbox 1882 3137 2089 3194; x_wconf 89' lang='lat' dir='ltr'><strong>Etcum</strong></span> <span class='ocrx_word' id='word_1_256' title='bbox 2122 3144 2173 3191; x_wconf 91' lang='lat' dir='ltr'><strong>te</strong></span> <span class='ocrx_word' id='word_1_257' title='bbox 2195 3134 2426 3207; x_wconf 84' lang='lat' dir='ltr'><strong>primum</strong></span> <span class='ocrx_word' id='word_1_258' title='bbox 2447 3129 2695 3201; x_wconf 88' lang='lat' dir='ltr'><strong>cognovi,</strong></span> <span class='ocrx_word' id='word_1_259' title='bbox 2726 3138 2780 3183; x_wconf 89' lang='lat' dir='ltr'><strong>tu</strong></span> <span class='ocrx_word' id='word_1_260' title='bbox 2807 3125 3137 3197; x_wconf 81' lang='lat' dir='ltr'><strong>assumpsisti</strong></span> <span class='ocrx_word' id='word_1_261' title='bbox 3167 3139 3271 3191; x_wconf 89' lang='lat' dir='ltr'><strong>me,</strong></span> <span class='ocrx_word' id='word_1_262' title='bbox 3301 3132 3361 3178; x_wconf 92' lang='lat' dir='ltr'><strong>ut</strong></span> <span class='ocrx_word' id='word_1_263' title='bbox 3380 3123 3461 3178; x_wconf 88' lang='lat' dir='ltr'><strong>vi-</strong></span> 
     </span>
    </p>
   </div>
   <div class='ocr_carea' id='block_1_31' title="bbox 1883 3217 3465 3296">
    <p class='ocr_par' dir='ltr' id='par_1_31' title="bbox 1883 3217 3465 3296">
     <span class='ocr_line' id='line_1_32' title="bbox 1883 3217 3465 3296; baseline -0.009 -10"><span class='ocrx_word' id='word_1_264' title='bbox 1883 3230 2065 3286; x_wconf 89' lang='lat' dir='ltr'><strong>derem</strong></span> <span class='ocrx_word' id='word_1_265' title='bbox 2093 3242 2212 3284; x_wconf 89' lang='lat' dir='ltr'><strong>esse</strong></span> <span class='ocrx_word' id='word_1_266' title='bbox 2239 3224 2379 3296; x_wconf 92' lang='lat' dir='ltr'><strong>quod</strong></span> <span class='ocrx_word' id='word_1_267' title='bbox 2407 3223 2661 3285; x_wconf 80' lang='lat' dir='ltr'><strong>viderem,</strong></span> <span class='ocrx_word' id='word_1_268' title='bbox 2690 3229 2745 3275; x_wconf 90' lang='lat' dir='ltr'><strong>et</strong></span> <span class='ocrx_word' id='word_1_269' title='bbox 2764 3218 2997 3275; x_wconf 89' lang='lat' dir='ltr'><strong>nondum</strong></span> <span class='ocrx_word' id='word_1_270' title='bbox 3024 3233 3110 3274; x_wconf 90' lang='lat' dir='ltr'><strong>me</strong></span> <span class='ocrx_word' id='word_1_271' title='bbox 3137 3233 3256 3274; x_wconf 86' lang='lat' dir='ltr'><strong>esse</strong></span> <span class='ocrx_word' id='word_1_272' title='bbox 3276 3217 3366 3289; x_wconf 93' lang='lat' dir='ltr'><strong>qui</strong></span> <span class='ocrx_word' id='word_1_273' title='bbox 3388 3217 3465 3271; x_wconf 89' lang='lat' dir='ltr'><strong>vi-</strong></span> 
     </span>
    </p>
   </div>
   <div class='ocr_carea' id='block_1_32' title="bbox 1885 3308 3467 3380">
    <p class='ocr_par' dir='ltr' id='par_1_32' title="bbox 1885 3308 3467 3380">
     <span class='ocr_line' id='line_1_33' title="bbox 1885 3308 3467 3380; baseline -0.009 -3"><span class='ocrx_word' id='word_1_274' title='bbox 1885 3321 2090 3378; x_wconf 88' lang='lat' dir='ltr'><strong>derem.</strong></span> <span class='ocrx_word' id='word_1_275' title='bbox 2137 3318 2202 3373; x_wconf 88' lang='lat' dir='ltr'><strong>Et</strong></span> <span class='ocrx_word' id='word_1_276' title='bbox 2247 3314 2596 3372; x_wconf 87' lang='lat' dir='ltr'><strong>reverberasti</strong></span> <span class='ocrx_word' id='word_1_277' title='bbox 2646 3310 3003 3367; x_wconf 77' lang='lat' dir='ltr'><strong>inﬁrmitatem</strong></span> <span class='ocrx_word' id='word_1_278' title='bbox 3044 3318 3288 3380; x_wconf 85' lang='lat' dir='ltr'><strong>aspectus</strong></span> <span class='ocrx_word' id='word_1_279' title='bbox 3330 3308 3467 3373; x_wconf 90' lang='lat' dir='ltr'><strong>mei,</strong></span> 
     </span>
    </p>
   </div>
   <div class='ocr_carea' id='block_1_33' title="bbox 1887 3400 3474 3469">
    <p class='ocr_par' dir='ltr' id='par_1_33' title="bbox 1887 3400 3474 3469">
     <span class='ocr_line' id='line_1_34' title="bbox 1887 3400 3474 3469; baseline -0.009 -1"><span class='ocrx_word' id='word_1_280' title='bbox 1887 3413 2101 3469; x_wconf 88' lang='lat' dir='ltr'><strong>radians</strong></span> <span class='ocrx_word' id='word_1_281' title='bbox 2138 3411 2192 3465; x_wconf 91' lang='lat' dir='ltr'><strong>in</strong></span> <span class='ocrx_word' id='word_1_282' title='bbox 2232 3425 2318 3464; x_wconf 90' lang='lat' dir='ltr'><strong>me</strong></span> <span class='ocrx_word' id='word_1_283' title='bbox 2357 3404 2728 3468; x_wconf 73' lang='lat' dir='ltr'><strong>vehementer,</strong></span> <span class='ocrx_word' id='word_1_284' title='bbox 2762 3411 2816 3457; x_wconf 88' lang='lat' dir='ltr'><strong>et</strong></span> <span class='ocrx_word' id='word_1_285' title='bbox 2857 3400 3155 3458; x_wconf 90' lang='lat' dir='ltr'><strong>contremui</strong></span> <span class='ocrx_word' id='word_1_286' title='bbox 3194 3414 3376 3454; x_wconf 86' lang='lat' dir='ltr'><strong>amore</strong></span> <span class='ocrx_word' id='word_1_287' title='bbox 3418 3406 3474 3454; x_wconf 87' lang='lat' dir='ltr'><strong>et</strong></span> 
     </span>
    </p>
   </div>
   <div class='ocr_carea' id='block_1_34' title="bbox 1891 3488 3473 3569">
    <p class='ocr_par' dir='ltr' id='par_1_34' title="bbox 1891 3488 3473 3569">
     <span class='ocr_line' id='line_1_35' title="bbox 1891 3488 3473 3569; baseline -0.011 -9"><span class='ocrx_word' id='word_1_288' title='bbox 1891 3507 2144 3569; x_wconf 86' lang='lat' dir='ltr'><strong>horrore;</strong></span> <span class='ocrx_word' id='word_1_289' title='bbox 2174 3510 2227 3556; x_wconf 87' lang='lat' dir='ltr'><strong>et</strong></span> <span class='ocrx_word' id='word_1_290' title='bbox 2251 3498 2425 3554; x_wconf 86' lang='lat' dir='ltr'><strong>inveni</strong></span> <span class='ocrx_word' id='word_1_291' title='bbox 2454 3497 2610 3567; x_wconf 85' lang='lat' dir='ltr'><strong>longe</strong></span> <span class='ocrx_word' id='word_1_292' title='bbox 2641 3510 2725 3550; x_wconf 88' lang='lat' dir='ltr'><strong>me</strong></span> <span class='ocrx_word' id='word_1_293' title='bbox 2759 3506 2877 3550; x_wconf 89' lang='lat' dir='ltr'><strong>esse</strong></span> <span class='ocrx_word' id='word_1_294' title='bbox 2905 3506 2934 3546; x_wconf 91' lang='lat' dir='ltr'><strong>a</strong></span> <span class='ocrx_word' id='word_1_295' title='bbox 2965 3499 3017 3547; x_wconf 89' lang='lat' dir='ltr'><strong>te</strong></span> <span class='ocrx_word' id='word_1_296' title='bbox 3042 3489 3094 3546; x_wconf 90' lang='lat' dir='ltr'><strong>in</strong></span> <span class='ocrx_word' id='word_1_297' title='bbox 3123 3490 3337 3562; x_wconf 89' lang='lat' dir='ltr'><strong>regione</strong></span> <span class='ocrx_word' id='word_1_298' title='bbox 3364 3488 3473 3545; x_wconf 91' lang='lat' dir='ltr'><strong>dis-</strong></span> 
     </span>
    </p>
   </div>
   <div class='ocr_carea' id='block_1_35' title="bbox 1892 3578 3480 3660">
    <p class='ocr_par' dir='ltr' id='par_1_35' title="bbox 1892 3578 3480 3660">
     <span class='ocr_line' id='line_1_36' title="bbox 1892 3578 3480 3660; baseline -0.012 -7"><span class='ocrx_word' id='word_1_299' title='bbox 1892 3593 2273 3660; x_wconf 85' lang='lat' dir='ltr'><strong>similitudinis,</strong></span> <span class='ocrx_word' id='word_1_300' title='bbox 2300 3598 2550 3660; x_wconf 83' lang='lat' dir='ltr'><strong>tanquam</strong></span> <span class='ocrx_word' id='word_1_301' title='bbox 2572 3584 2808 3643; x_wconf 86' lang='lat' dir='ltr'><strong>audirem</strong></span> <span class='ocrx_word' id='word_1_302' title='bbox 2835 3598 3020 3640; x_wconf 85' lang='lat' dir='ltr'><strong>vocem</strong></span> <span class='ocrx_word' id='word_1_303' title='bbox 3046 3588 3188 3639; x_wconf 88' lang='lat' dir='ltr'><strong>tuam</strong></span> <span class='ocrx_word' id='word_1_304' title='bbox 3212 3581 3276 3637; x_wconf 86' lang='lat' dir='ltr'><strong>de</strong></span> <span class='ocrx_word' id='word_1_305' title='bbox 3302 3578 3480 3637; x_wconf 80' lang='lat' dir='ltr'><strong>excel-</strong></span> 
     </span>
    </p>
   </div>
   <div class='ocr_carea' id='block_1_36' title="bbox 1895 3673 3475 3754">
    <p class='ocr_par' dir='ltr' id='par_1_36' title="bbox 1895 3673 3475 3754">
     <span class='ocr_line' id='line_1_37' title="bbox 1895 3673 3475 3754; baseline -0.011 -10"><span class='ocrx_word' id='word_1_306' title='bbox 1895 3704 1956 3745; x_wconf 92' lang='lat' dir='ltr'><strong>so</strong></span> <span class='ocrx_word' id='word_1_307' title='bbox 1985 3704 1997 3743; x_wconf 89' lang='lat'><strong>:</strong></span> <span class='ocrx_word' id='word_1_308' title='bbox 2023 3685 2185 3743; x_wconf 86' lang='lat' dir='ltr'><strong>Cibus</strong></span> <span class='ocrx_word' id='word_1_309' title='bbox 2205 3699 2321 3739; x_wconf 86' lang='lat' dir='ltr'><strong>sum</strong></span> <span class='ocrx_word' id='word_1_310' title='bbox 2344 3680 2654 3754; x_wconf 83' lang='lat' dir='ltr'><strong>grandium;</strong></span> <span class='ocrx_word' id='word_1_311' title='bbox 2684 3693 2885 3740; x_wconf 83' lang='lat' dir='ltr'><strong>cresce.</strong></span> <span class='ocrx_word' id='word_1_312' title='bbox 2919 3686 2972 3732; x_wconf 93' lang='lat' dir='ltr'><strong>et</strong></span> <span class='ocrx_word' id='word_1_313' title='bbox 3002 3673 3344 3730; x_wconf 85' lang='lat' dir='ltr'><strong>manducabis</strong></span> <span class='ocrx_word' id='word_1_314' title='bbox 3372 3687 3475 3727; x_wconf 84' lang='lat' dir='ltr'><strong>tuo.</strong></span> 
     </span>
    </p>
   </div>
   <div class='ocr_carea' id='block_1_37' title="bbox 1896 3758 3483 3837">
    <p class='ocr_par' dir='ltr' id='par_1_37' title="bbox 1896 3758 3483 3837">
     <span class='ocr_line' id='line_1_38' title="bbox 1896 3758 3483 3837; baseline -0.013 0"><span class='ocrx_word' id='word_1_315' title='bbox 1896 3780 2006 3837; x_wconf 88' lang='lat' dir='ltr'><strong>Nec</strong></span> <span class='ocrx_word' id='word_1_316' title='bbox 2036 3788 2090 3833; x_wconf 94' lang='lat' dir='ltr'><strong>tu</strong></span> <span class='ocrx_word' id='word_1_317' title='bbox 2118 3790 2205 3832; x_wconf 90' lang='lat' dir='ltr'><strong>me</strong></span> <span class='ocrx_word' id='word_1_318' title='bbox 2235 3774 2285 3829; x_wconf 92' lang='lat' dir='ltr'><strong>in</strong></span> <span class='ocrx_word' id='word_1_319' title='bbox 2315 3765 2639 3836; x_wconf 81' lang='lat' dir='ltr'><strong>temutabis,</strong></span> <span class='ocrx_word' id='word_1_320' title='bbox 2671 3770 2807 3825; x_wconf 83' lang='lat' dir='ltr'><strong>sicut</strong></span> <span class='ocrx_word' id='word_1_321' title='bbox 2830 3767 3008 3823; x_wconf 87' lang='lat' dir='ltr'><strong>cibum</strong></span> <span class='ocrx_word' id='word_1_322' title='bbox 3030 3767 3206 3821; x_wconf 86' lang='lat' dir='ltr'><strong>carnis</strong></span> <span class='ocrx_word' id='word_1_323' title='bbox 3228 3774 3327 3820; x_wconf 77' lang='lat' dir='ltr'><strong>tua:</strong></span> <span class='ocrx_word' id='word_1_324' title='bbox 3349 3778 3363 3830; x_wconf 91' lang='lat'><strong>;</strong></span> <span class='ocrx_word' id='word_1_325' title='bbox 3388 3758 3483 3819; x_wconf 88' lang='lat' dir='ltr'><strong>sed</strong></span> 
     </span>
    </p>
   </div>
   <div class='ocr_carea' id='block_1_38' title="bbox 1897 3856 3483 3935">
    <p class='ocr_par' dir='ltr' id='par_1_38' title="bbox 1897 3856 3483 3935">
     <span class='ocr_line' id='line_1_39' title="bbox 1897 3856 3483 3935; baseline -0.012 -5"><span class='ocrx_word' id='word_1_326' title='bbox 1897 3882 1955 3930; x_wconf 85' lang='lat' dir='ltr'><strong>tu</strong></span> <span class='ocrx_word' id='word_1_327' title='bbox 1983 3869 2276 3928; x_wconf 87' lang='lat' dir='ltr'><strong>mulaberis</strong></span> <span class='ocrx_word' id='word_1_328' title='bbox 2307 3868 2358 3922; x_wconf 90' lang='lat' dir='ltr'><strong>in</strong></span> <span class='ocrx_word' id='word_1_329' title='bbox 2386 3881 2486 3922; x_wconf 90' lang='lat' dir='ltr'><strong>me.</strong></span> <span class='ocrx_word' id='word_1_330' title='bbox 2536 3864 2599 3919; x_wconf 87' lang='lat' dir='ltr'><strong>Et</strong></span> <span class='ocrx_word' id='word_1_331' title='bbox 2632 3862 2851 3935; x_wconf 80' lang='lat' dir='ltr'><strong>cognovi</strong></span> <span class='ocrx_word' id='word_1_332' title='bbox 2883 3860 3132 3931; x_wconf 88' lang='lat' dir='ltr'><strong>quoniatu</strong></span> <span class='ocrx_word' id='word_1_333' title='bbox 3166 3872 3261 3929; x_wconf 87' lang='lat' dir='ltr'><strong>pro</strong></span> <span class='ocrx_word' id='word_1_334' title='bbox 3290 3856 3483 3927; x_wconf 83' lang='lat' dir='ltr'><strong>iniqui-</strong></span> 
     </span>
    </p>
   </div>
   <div class='ocr_carea' id='block_1_39' title="bbox 1903 3948 3487 4022">
    <p class='ocr_par' dir='ltr' id='par_1_39' title="bbox 1903 3948 3487 4022">
     <span class='ocr_line' id='line_1_40' title="bbox 1903 3948 3487 4022; baseline -0.013 -1"><span class='ocrx_word' id='word_1_335' title='bbox 1903 3972 2011 4021; x_wconf 86' lang='lat' dir='ltr'><strong>tate</strong></span> <span class='ocrx_word' id='word_1_336' title='bbox 2040 3956 2261 4018; x_wconf 83' lang='lat' dir='ltr'><strong>crudisli</strong></span> <span class='ocrx_word' id='word_1_337' title='bbox 2295 3958 2584 4022; x_wconf 87' lang='lat' dir='ltr'><strong>hominem,</strong></span> <span class='ocrx_word' id='word_1_338' title='bbox 2616 3964 2669 4009; x_wconf 93' lang='lat' dir='ltr'><strong>et</strong></span> <span class='ocrx_word' id='word_1_339' title='bbox 2698 3952 2970 4008; x_wconf 87' lang='lat' dir='ltr'><strong>tabescere</strong></span> <span class='ocrx_word' id='word_1_340' title='bbox 2997 3948 3165 4005; x_wconf 83' lang='lat' dir='ltr'><strong>fecisti</strong></span> <span class='ocrx_word' id='word_1_341' title='bbox 3194 3948 3333 4004; x_wconf 86' lang='lat' dir='ltr'><strong>sicut</strong></span> <span class='ocrx_word' id='word_1_342' title='bbox 3364 3962 3487 4002; x_wconf 81' lang='lat' dir='ltr'><strong>ara-</strong></span> 
     </span>
    </p>
   </div>
   <div class='ocr_carea' id='block_1_40' title="bbox 1907 4039 3486 4117">
    <p class='ocr_par' dir='ltr' id='par_1_40' title="bbox 1907 4039 3486 4117">
     <span class='ocr_line' id='line_1_41' title="bbox 1907 4039 3486 4117; baseline -0.011 -5"><span class='ocrx_word' id='word_1_343' title='bbox 1907 4070 2059 4112; x_wconf 87' lang='lat' dir='ltr'><strong>neam</strong></span> <span class='ocrx_word' id='word_1_344' title='bbox 2100 4052 2330 4108; x_wconf 86' lang='lat' dir='ltr'><strong>animam</strong></span> <span class='ocrx_word' id='word_1_345' title='bbox 2377 4064 2547 4106; x_wconf 81' lang='lat' dir='ltr'><strong>meum</strong></span> <span class='ocrx_word' id='word_1_346' title='bbox 2591 4044 2759 4117; x_wconf 78' lang='lat' dir='ltr'><strong>(Psal.</strong></span> <span class='ocrx_word' id='word_1_347' title='bbox 2795 4056 3040 4105; x_wconf 76' lang='lat' dir='ltr'><strong>xxxviii,</strong></span> <span class='ocrx_word' id='word_1_348' title='bbox 3078 4040 3199 4114; x_wconf 79' lang='lat' dir='ltr'><strong>i2);</strong></span> <span class='ocrx_word' id='word_1_349' title='bbox 3250 4048 3303 4096; x_wconf 90' lang='lat' dir='ltr'><strong>et</strong></span> <span class='ocrx_word' id='word_1_350' title='bbox 3340 4039 3486 4095; x_wconf 76' lang='lat' dir='ltr'><strong>dixi:</strong></span> 
     </span>
    </p>
   </div>
   <div class='ocr_carea' id='block_1_41' title="bbox 1915 4131 3488 4217">
    <p class='ocr_par' dir='ltr' id='par_1_41' title="bbox 1915 4131 3488 4217">
     <span class='ocr_line' id='line_1_42' title="bbox 1915 4131 3488 4217; baseline -0.011 -14"><span class='ocrx_word' id='word_1_351' title='bbox 1915 4144 2177 4217; x_wconf 80' lang='lat' dir='ltr'><strong>Numquid</strong></span> <span class='ocrx_word' id='word_1_352' title='bbox 2206 4141 2334 4198; x_wconf 88' lang='lat' dir='ltr'><strong>nihil</strong></span> <span class='ocrx_word' id='word_1_353' title='bbox 2364 4148 2447 4196; x_wconf 91' lang='lat' dir='ltr'><strong>est</strong></span> <span class='ocrx_word' id='word_1_354' title='bbox 2470 4140 2685 4204; x_wconf 87' lang='lat' dir='ltr'><strong>veritas,</strong></span> <span class='ocrx_word' id='word_1_355' title='bbox 2714 4136 2962 4206; x_wconf 86' lang='lat' dir='ltr'><strong>quoniam</strong></span> <span class='ocrx_word' id='word_1_356' title='bbox 2987 4147 3156 4203; x_wconf 90' lang='lat' dir='ltr'><strong>neque</strong></span> <span class='ocrx_word' id='word_1_357' title='bbox 3185 4146 3277 4203; x_wconf 90' lang='lat' dir='ltr'><strong>per</strong></span> <span class='ocrx_word' id='word_1_358' title='bbox 3307 4131 3450 4186; x_wconf 88' lang='lat' dir='ltr'><strong>tiuita</strong></span> <span class='ocrx_word' id='word_1_359' title='bbox 3473 4173 3488 4198; x_wconf 96' lang='lat'><strong>,</strong></span> 
     </span>
    </p>
   </div>
   <div class='ocr_carea' id='block_1_42' title="bbox 1912 4220 3490 4309">
    <p class='ocr_par' dir='ltr' id='par_1_42' title="bbox 1912 4220 3490 4309">
     <span class='ocr_line' id='line_1_43' title="bbox 1912 4220 3490 4309; baseline -0.013 -14"><span class='ocrx_word' id='word_1_360' title='bbox 1912 4250 2084 4309; x_wconf 84' lang='lat' dir='ltr'><strong>neque</strong></span> <span class='ocrx_word' id='word_1_361' title='bbox 2108 4250 2205 4306; x_wconf 89' lang='lat' dir='ltr'><strong>per</strong></span> <span class='ocrx_word' id='word_1_362' title='bbox 2230 4231 2432 4287; x_wconf 76' lang='lat' dir='ltr'><strong>infinita</strong></span> <span class='ocrx_word' id='word_1_363' title='bbox 2459 4229 2692 4283; x_wconf 85' lang='lat' dir='ltr'><strong>locorum</strong></span> <span class='ocrx_word' id='word_1_364' title='bbox 2723 4225 2890 4295; x_wconf 78' lang='lat' dir='ltr'><strong>Spatia</strong></span> <span class='ocrx_word' id='word_1_365' title='bbox 2916 4222 3103 4278; x_wconf 78' lang='lat' dir='ltr'><strong>diﬁ&#39;usa</strong></span> <span class='ocrx_word' id='word_1_366' title='bbox 3131 4222 3248 4277; x_wconf 86' lang='lat' dir='ltr'><strong>est?</strong></span> <span class='ocrx_word' id='word_1_367' title='bbox 3286 4220 3351 4276; x_wconf 81' lang='lat' dir='ltr'><strong>Et</strong></span> <span class='ocrx_word' id='word_1_368' title='bbox 3378 4220 3490 4275; x_wconf 77' lang='lat' dir='ltr'><strong>cia-</strong></span> 
     </span>
    </p>
   </div>
   <div class='ocr_carea' id='block_1_43' title="bbox 1913 4308 3491 4396">
    <p class='ocr_par' dir='ltr' id='par_1_43' title="bbox 1913 4308 3491 4396">
     <span class='ocr_line' id='line_1_44' title="bbox 1913 4308 3491 4396; baseline -0.013 -9"><span class='ocrx_word' id='word_1_369' title='bbox 1913 4308 2069 4387; x_wconf 83' lang='lat' dir='ltr'><strong>masti</strong></span> <span class='ocrx_word' id='word_1_370' title='bbox 2091 4326 2155 4381; x_wconf 90' lang='lat' dir='ltr'><strong>de</strong></span> <span class='ocrx_word' id='word_1_371' title='bbox 2173 4323 2456 4396; x_wconf 84' lang='lat' dir='ltr'><strong>longinquo</strong></span> <span class='ocrx_word' id='word_1_372' title='bbox 2482 4339 2495 4376; x_wconf 89' lang='lat'>:</span> <span class='ocrx_word' id='word_1_373' title='bbox 2520 4319 2629 4373; x_wconf 87' lang='lat' dir='ltr'><strong>imo</strong></span> <span class='ocrx_word' id='word_1_374' title='bbox 2649 4330 2793 4381; x_wconf 86' lang='lat' dir='ltr'><strong>vero,</strong></span> <span class='ocrx_word' id='word_1_375' title='bbox 2816 4313 2926 4387; x_wconf 79' lang='lat' dir='ltr'><strong>Ego</strong></span> <span class='ocrx_word' id='word_1_376' title='bbox 2945 4328 3057 4370; x_wconf 84' lang='lat' dir='ltr'><strong>sum</strong></span> <span class='ocrx_word' id='word_1_377' title='bbox 3070 4310 3153 4384; x_wconf 77' lang='lat' dir='ltr'><strong>qui</strong></span> <span class='ocrx_word' id='word_1_378' title='bbox 3166 4328 3275 4368; x_wconf 79' lang='lat' dir='ltr'><strong>sum</strong></span> <span class='ocrx_word' id='word_1_379' title='bbox 3299 4308 3491 4381; x_wconf 76' lang='lat' dir='ltr'><strong>(Exod.</strong></span> 
     </span>
    </p>
   </div>
   <div class='ocr_carea' id='block_1_44' title="bbox 1916 4404 3493 4495">
    <p class='ocr_par' dir='ltr' id='par_1_44' title="bbox 1916 4404 3493 4495">
     <span class='ocr_line' id='line_1_45' title="bbox 1916 4404 3493 4495; baseline -0.013 -15"><span class='ocrx_word' id='word_1_380' title='bbox 1916 4438 1992 4491; x_wconf 89' lang='grc' dir='ltr'>ιιι,</span> <span class='ocrx_word' id='word_1_381' title='bbox 2029 4419 2142 4495; x_wconf 75' lang='grc' dir='ltr'><strong>Η).</strong></span> <span class='ocrx_word' id='word_1_382' title='bbox 2173 4418 2238 4474; x_wconf 82' lang='lat' dir='ltr'><strong>Et</strong></span> <span class='ocrx_word' id='word_1_383' title='bbox 2268 4412 2442 4473; x_wconf 84' lang='lat' dir='ltr'><strong>audivi</strong></span> <span class='ocrx_word' id='word_1_384' title='bbox 2474 4414 2609 4470; x_wconf 88' lang='lat' dir='ltr'><strong>sicut</strong></span> <span class='ocrx_word' id='word_1_385' title='bbox 2637 4406 2847 4466; x_wconf 87' lang='lat' dir='ltr'><strong>auditur</strong></span> <span class='ocrx_word' id='word_1_386' title='bbox 2876 4408 2930 4463; x_wconf 91' lang='lat' dir='ltr'><strong>in</strong></span> <span class='ocrx_word' id='word_1_387' title='bbox 2959 4404 3139 4473; x_wconf 87' lang='lat' dir='ltr'><strong>corde,</strong></span> <span class='ocrx_word' id='word_1_388' title='bbox 3171 4412 3225 4462; x_wconf 89' lang='lat' dir='ltr'><strong>et</strong></span> <span class='ocrx_word' id='word_1_389' title='bbox 3252 4420 3354 4461; x_wconf 90' lang='lat' dir='ltr'><strong>non</strong></span> <span class='ocrx_word' id='word_1_390' title='bbox 3382 4413 3493 4460; x_wconf 84' lang='lat' dir='ltr'><strong>erat</strong></span> 
     </span>
    </p>
   </div>
   <div class='ocr_carea' id='block_1_45' title="bbox 83 940 1741 1025">
    <p class='ocr_par' dir='ltr' id='par_1_45' title="bbox 83 940 1741 1025">
     <span class='ocr_line' id='line_1_46' title="bbox 83 940 1741 1025; baseline -0.024 2"><span class='ocrx_word' id='word_1_391' title='bbox 83 940 115 1025; x_wconf 68' lang='grc' dir='ltr'><strong>ἶ</strong></span> <span class='ocrx_word' id='word_1_392' title='bbox 199 970 355 1025; x_wconf 71' lang='lat' dir='ltr'><strong>limiti</strong></span> <span class='ocrx_word' id='word_1_393' title='bbox 400 960 574 1018; x_wconf 72' lang='lat' dir='ltr'><strong>tortus</strong></span> <span class='ocrx_word' id='word_1_394' title='bbox 603 956 809 1020; x_wconf 78' lang='lat' dir='ltr'><strong>Patris,</strong></span> <span class='ocrx_word' id='word_1_395' title='bbox 870 965 977 1007; x_wconf 88' lang='lat' dir='ltr'><strong>non</strong></span> <span class='ocrx_word' id='word_1_396' title='bbox 1014 946 1255 1019; x_wconf 77' lang='lat' dir='ltr'><strong>rapinam</strong></span> <span class='ocrx_word' id='word_1_397' title='bbox 1308 940 1593 996; x_wconf 81' lang='lat' dir='ltr'><strong>arbitratus</strong></span> <span class='ocrx_word' id='word_1_398' title='bbox 1621 947 1741 1025; x_wconf 85' lang='lat' dir='ltr'><strong>esse</strong></span> 
     </span>
    </p>
   </div>
   <div class='ocr_carea' id='block_1_46' title="bbox 81 1024 1742 1130">
    <p class='ocr_par' dir='ltr' id='par_1_46' title="bbox 81 1024 1742 1130">
     <span class='ocr_line' id='line_1_47' title="bbox 81 1024 1742 1130; baseline -0.022 -13"><span class='ocrx_word' id='word_1_399' title='bbox 81 1024 115 1130; x_wconf 67' lang='grc' dir='ltr'><strong>Ι</strong></span> <span class='ocrx_word' id='word_1_400' title='bbox 202 1056 385 1130; x_wconf 67' lang='lat' dir='ltr'><strong>aqualis</strong></span> <span class='ocrx_word' id='word_1_401' title='bbox 410 1053 519 1109; x_wconf 89' lang='lat' dir='ltr'><strong>Deo</strong></span> <span class='ocrx_word' id='word_1_402' title='bbox 544 1092 559 1117; x_wconf 92' lang='lat'><strong>,</strong></span> <span class='ocrx_word' id='word_1_403' title='bbox 601 1050 725 1119; x_wconf 88' lang='lat' dir='ltr'><strong>quia</strong></span> <span class='ocrx_word' id='word_1_404' title='bbox 755 1042 1062 1100; x_wconf 84' lang='lat' dir='ltr'><strong>naturaliter</strong></span> <span class='ocrx_word' id='word_1_405' title='bbox 1089 1037 1316 1108; x_wconf 84' lang='lat' dir='ltr'><strong>idipsum</strong></span> <span class='ocrx_word' id='word_1_406' title='bbox 1350 1040 1451 1088; x_wconf 88' lang='lat' dir='ltr'><strong>est.</strong></span> <span class='ocrx_word' id='word_1_407' title='bbox 1481 1026 1587 1086; x_wconf 82' lang='lat' dir='ltr'><strong>Sed</strong></span> <span class='ocrx_word' id='word_1_408' title='bbox 1614 1024 1742 1095; x_wconf 85' lang='lat' dir='ltr'><strong>quia</strong></span> 
     </span>
    </p>
   </div>
   <div class='ocr_carea' id='block_1_47' title="bbox 202 1120 1743 1219">
    <p class='ocr_par' dir='ltr' id='par_1_47' title="bbox 202 1120 1743 1219">
     <span class='ocr_line' id='line_1_48' title="bbox 202 1120 1743 1219; baseline -0.023 -11"><span class='ocrx_word' id='word_1_409' title='bbox 202 1120 509 1219; x_wconf 70' lang='lat' dir='ltr'><strong>semetipsum</strong></span> <span class='ocrx_word' id='word_1_410' title='bbox 532 1140 823 1200; x_wconf 78' lang='lat' dir='ltr'><strong>exinanivit</strong></span> <span class='ocrx_word' id='word_1_411' title='bbox 844 1136 1069 1192; x_wconf 79' lang='lat' dir='ltr'><strong>formam</strong></span> <span class='ocrx_word' id='word_1_412' title='bbox 1096 1130 1236 1187; x_wconf 85' lang='lat' dir='ltr'><strong>servi</strong></span> <span class='ocrx_word' id='word_1_413' title='bbox 1257 1126 1522 1198; x_wconf 89' lang='lat' dir='ltr'><strong>accipiens</strong></span> <span class='ocrx_word' id='word_1_414' title='bbox 1543 1166 1558 1190; x_wconf 96' lang='lat'><strong>,</strong></span> <span class='ocrx_word' id='word_1_415' title='bbox 1589 1123 1639 1176; x_wconf 92' lang='lat' dir='ltr'><strong>in</strong></span> <span class='ocrx_word' id='word_1_416' title='bbox 1672 1120 1743 1175; x_wconf 85' lang='lat' dir='ltr'><strong>si-</strong></span> 
     </span>
    </p>
   </div>
   <div class='ocr_carea' id='block_1_48' title="bbox 206 1218 1747 1299">
    <p class='ocr_par' dir='ltr' id='par_1_48' title="bbox 206 1218 1747 1299">
     <span class='ocr_line' id='line_1_49' title="bbox 206 1218 1747 1299; baseline -0.021 -1"><span class='ocrx_word' id='word_1_417' title='bbox 206 1218 520 1299; x_wconf 72' lang='lat' dir='ltr'><strong>nilitutiinem</strong></span> <span class='ocrx_word' id='word_1_418' title='bbox 555 1233 829 1290; x_wconf 86' lang='lat' dir='ltr'><strong>hominum</strong></span> <span class='ocrx_word' id='word_1_419' title='bbox 857 1227 1057 1289; x_wconf 78' lang='lat' dir='ltr'><strong>factus,</strong></span> <span class='ocrx_word' id='word_1_420' title='bbox 1087 1227 1142 1279; x_wconf 87' lang='lat' dir='ltr'><strong>et</strong></span> <span class='ocrx_word' id='word_1_421' title='bbox 1191 1220 1369 1276; x_wconf 85' lang='lat' dir='ltr'><strong>habitu</strong></span> <span class='ocrx_word' id='word_1_422' title='bbox 1400 1218 1647 1272; x_wconf 82' lang='lat' dir='ltr'><strong>inventus</strong></span> <span class='ocrx_word' id='word_1_423' title='bbox 1687 1219 1747 1266; x_wconf 80' lang='lat' dir='ltr'><strong>ut</strong></span> 
     </span>
    </p>
   </div>
   <div class='ocr_carea' id='block_1_49' title="bbox 210 1306 1740 1397">
    <p class='ocr_par' dir='ltr' id='par_1_49' title="bbox 210 1306 1740 1397">
     <span class='ocr_line' id='line_1_50' title="bbox 210 1306 1740 1397; baseline -0.024 -5"><span class='ocrx_word' id='word_1_424' title='bbox 210 1334 362 1397; x_wconf 72' lang='lat' dir='ltr'><strong>homo;</strong></span> <span class='ocrx_word' id='word_1_425' title='bbox 376 1324 668 1385; x_wconf 84' lang='lat' dir='ltr'><strong>humiliavit</strong></span> <span class='ocrx_word' id='word_1_426' title='bbox 685 1338 747 1379; x_wconf 89' lang='lat' dir='ltr'><strong>se</strong></span> <span class='ocrx_word' id='word_1_427' title='bbox 767 1321 939 1376; x_wconf 77' lang='lat' dir='ltr'><strong>factus</strong></span> <span class='ocrx_word' id='word_1_428' title='bbox 958 1314 1210 1373; x_wconf 86' lang='lat' dir='ltr'><strong>obediens</strong></span> <span class='ocrx_word' id='word_1_429' title='bbox 1232 1323 1402 1381; x_wconf 89' lang='lat' dir='ltr'><strong>usque</strong></span> <span class='ocrx_word' id='word_1_430' title='bbox 1414 1306 1482 1363; x_wconf 87' lang='lat' dir='ltr'><strong>ad</strong></span> <span class='ocrx_word' id='word_1_431' title='bbox 1496 1312 1740 1397; x_wconf 85' lang='lat' dir='ltr'><strong>mortem,</strong></span> 
     </span>
    </p>
   </div>
   <div class='ocr_carea' id='block_1_50' title="bbox 211 1393 1749 1484">
    <p class='ocr_par' dir='ltr' id='par_1_50' title="bbox 211 1393 1749 1484">
     <span class='ocr_line' id='line_1_51' title="bbox 211 1393 1749 1484; baseline -0.023 -1"><span class='ocrx_word' id='word_1_432' title='bbox 211 1393 399 1484; x_wconf 62' lang='lat' dir='ltr'><strong>mortem</strong></span> <span class='ocrx_word' id='word_1_433' title='bbox 423 1428 600 1476; x_wconf 89' lang='lat' dir='ltr'><strong>autem</strong></span> <span class='ocrx_word' id='word_1_434' title='bbox 633 1413 811 1471; x_wconf 85' lang='lat' dir='ltr'><strong>crucis</strong></span> <span class='ocrx_word' id='word_1_435' title='bbox 841 1431 855 1466; x_wconf 89' lang='lat'><strong>:</strong></span> <span class='ocrx_word' id='word_1_436' title='bbox 881 1417 1100 1482; x_wconf 81' lang='lat' dir='ltr'><strong>propter</strong></span> <span class='ocrx_word' id='word_1_437' title='bbox 1121 1402 1266 1477; x_wconf 88' lang='lat' dir='ltr'><strong>quod</strong></span> <span class='ocrx_word' id='word_1_438' title='bbox 1294 1401 1435 1457; x_wconf 87' lang='lat' dir='ltr'><strong>Deus</strong></span> <span class='ocrx_word' id='word_1_439' title='bbox 1459 1412 1584 1454; x_wconf 90' lang='lat' dir='ltr'><strong>eum</strong></span> <span class='ocrx_word' id='word_1_440' title='bbox 1603 1393 1749 1452; x_wconf 78' lang='lat' dir='ltr'><strong>exal-</strong></span> 
     </span>
    </p>
   </div>
   <div class='ocr_carea' id='block_1_51' title="bbox 211 1493 1751 1574">
    <p class='ocr_par' dir='ltr' id='par_1_51' title="bbox 211 1493 1751 1574">
     <span class='ocr_line' id='line_1_52' title="bbox 211 1493 1751 1574; baseline -0.018 -2"><span class='ocrx_word' id='word_1_441' title='bbox 211 1518 318 1573; x_wconf 82' lang='lat' dir='ltr'><strong>tavit</strong></span> <span class='ocrx_word' id='word_1_442' title='bbox 339 1531 365 1568; x_wconf 93' lang='lat' dir='ltr'><strong>a</strong></span> <span class='ocrx_word' id='word_1_443' title='bbox 388 1511 608 1569; x_wconf 83' lang='lat' dir='ltr'><strong>mortuis</strong></span> <span class='ocrx_word' id='word_1_444' title='bbox 632 1549 647 1574; x_wconf 94' lang='lat'><strong>,</strong></span> <span class='ocrx_word' id='word_1_445' title='bbox 674 1515 731 1563; x_wconf 87' lang='lat' dir='ltr'><strong>et</strong></span> <span class='ocrx_word' id='word_1_446' title='bbox 755 1503 971 1561; x_wconf 88' lang='lat' dir='ltr'><strong>donavit</strong></span> <span class='ocrx_word' id='word_1_447' title='bbox 997 1500 1047 1556; x_wconf 84' lang='lat' dir='ltr'><strong>ei</strong></span> <span class='ocrx_word' id='word_1_448' title='bbox 1090 1512 1287 1556; x_wconf 87' lang='lat' dir='ltr'><strong>nomen</strong></span> <span class='ocrx_word' id='word_1_449' title='bbox 1313 1493 1455 1566; x_wconf 87' lang='lat' dir='ltr'><strong>quod</strong></span> <span class='ocrx_word' id='word_1_450' title='bbox 1485 1499 1567 1548; x_wconf 87' lang='lat' dir='ltr'><strong>est</strong></span> <span class='ocrx_word' id='word_1_451' title='bbox 1591 1502 1751 1559; x_wconf 84' lang='lat' dir='ltr'><strong>super</strong></span> 
     </span>
    </p>
   </div>
   <div class='ocr_carea' id='block_1_52' title="bbox 213 1582 1748 1667">
    <p class='ocr_par' dir='ltr' id='par_1_52' title="bbox 213 1582 1748 1667">
     <span class='ocr_line' id='line_1_53' title="bbox 213 1582 1748 1667; baseline -0.018 -5"><span class='ocrx_word' id='word_1_452' title='bbox 213 1620 347 1662; x_wconf 72' lang='lat' dir='ltr'><strong>mune</strong></span> <span class='ocrx_word' id='word_1_453' title='bbox 366 1616 573 1667; x_wconf 82' lang='lat' dir='ltr'><strong>nomen,</strong></span> <span class='ocrx_word' id='word_1_454' title='bbox 598 1608 659 1654; x_wconf 92' lang='lat' dir='ltr'><strong>ut</strong></span> <span class='ocrx_word' id='word_1_455' title='bbox 681 1600 734 1654; x_wconf 87' lang='lat' dir='ltr'><strong>in</strong></span> <span class='ocrx_word' id='word_1_456' title='bbox 756 1596 970 1652; x_wconf 87' lang='lat' dir='ltr'><strong>nomine</strong></span> <span class='ocrx_word' id='word_1_457' title='bbox 991 1592 1116 1648; x_wconf 78' lang='lat' dir='ltr'><strong>Jesu</strong></span> <span class='ocrx_word' id='word_1_458' title='bbox 1136 1602 1295 1645; x_wconf 88' lang='lat' dir='ltr'><strong>omne</strong></span> <span class='ocrx_word' id='word_1_459' title='bbox 1320 1601 1458 1657; x_wconf 82' lang='lat' dir='ltr'><strong>genu</strong></span> <span class='ocrx_word' id='word_1_460' title='bbox 1486 1582 1748 1646; x_wconf 79' lang='lat' dir='ltr'><strong>ﬂectatur,</strong></span> 
     </span>
    </p>
   </div>
   <div class='ocr_carea' id='block_1_53' title="bbox 212 1672 1750 1762">
    <p class='ocr_par' dir='ltr' id='par_1_53' title="bbox 212 1672 1750 1762">
     <span class='ocr_line' id='line_1_54' title="bbox 212 1672 1750 1762; baseline -0.02 -6"><span class='ocrx_word' id='word_1_461' title='bbox 212 1697 497 1762; x_wconf 51' lang='lat' dir='ltr'><strong>Nam,</strong></span> <span class='ocrx_word' id='word_1_462' title='bbox 520 1690 856 1748; x_wconf 82' lang='lat' dir='ltr'><strong>terrestrium</strong></span> <span class='ocrx_word' id='word_1_463' title='bbox 882 1694 939 1743; x_wconf 83' lang='lat' dir='ltr'><strong>et</strong></span> <span class='ocrx_word' id='word_1_464' title='bbox 979 1673 1342 1745; x_wconf 73' lang='lat' dir='ltr'><strong>inferuerunt;</strong></span> <span class='ocrx_word' id='word_1_465' title='bbox 1371 1684 1427 1733; x_wconf 86' lang='lat' dir='ltr'><strong>et</strong></span> <span class='ocrx_word' id='word_1_466' title='bbox 1449 1674 1625 1732; x_wconf 87' lang='lat' dir='ltr'><strong>omnis</strong></span> <span class='ocrx_word' id='word_1_467' title='bbox 1644 1672 1750 1727; x_wconf 60' lang='lat' dir='ltr'><strong>lin-</strong></span> 
     </span>
    </p>
   </div>
   <div class='ocr_carea' id='block_1_54' title="bbox 215 1764 1754 1861">
    <p class='ocr_par' dir='ltr' id='par_1_54' title="bbox 215 1764 1754 1861">
     <span class='ocr_line' id='line_1_55' title="bbox 215 1764 1754 1861; baseline -0.018 -15"><span class='ocrx_word' id='word_1_468' title='bbox 215 1804 298 1861; x_wconf 75' lang='lat' dir='ltr'><strong>gul</strong></span> <span class='ocrx_word' id='word_1_469' title='bbox 318 1787 618 1845; x_wconf 79' lang='lat' dir='ltr'><strong>conﬁteatur</strong></span> <span class='ocrx_word' id='word_1_470' title='bbox 635 1782 759 1853; x_wconf 88' lang='lat' dir='ltr'><strong>quia</strong></span> <span class='ocrx_word' id='word_1_471' title='bbox 786 1777 1043 1833; x_wconf 83' lang='lat' dir='ltr'><strong>Dominus</strong></span> <span class='ocrx_word' id='word_1_472' title='bbox 1062 1773 1219 1831; x_wconf 81' lang='lat' dir='ltr'><strong>Jesus</strong></span> <span class='ocrx_word' id='word_1_473' title='bbox 1239 1769 1484 1829; x_wconf 89' lang='lat' dir='ltr'><strong>Christus</strong></span> <span class='ocrx_word' id='word_1_474' title='bbox 1512 1767 1566 1822; x_wconf 88' lang='lat' dir='ltr'><strong>in</strong></span> <span class='ocrx_word' id='word_1_475' title='bbox 1585 1764 1754 1836; x_wconf 86' lang='lat' dir='ltr'><strong>gloria</strong></span> 
     </span>
    </p>
   </div>
   <div class='ocr_carea' id='block_1_55' title="bbox 212 1856 1755 1949">
    <p class='ocr_par' dir='ltr' id='par_1_55' title="bbox 212 1856 1755 1949">
     <span class='ocr_line' id='line_1_56' title="bbox 212 1856 1755 1949; baseline -0.017 -10"><span class='ocrx_word' id='word_1_476' title='bbox 212 1856 388 1938; x_wconf 63' lang='lat' dir='ltr'><strong>inea</strong></span> <span class='ocrx_word' id='word_1_477' title='bbox 413 1878 583 1935; x_wconf 84' lang='lat' dir='ltr'><strong>Patris</strong></span> <span class='ocrx_word' id='word_1_478' title='bbox 612 1872 889 1949; x_wconf 70' lang='lat' dir='ltr'><strong>(Philipp.</strong></span> <span class='ocrx_word' id='word_1_479' title='bbox 926 1886 999 1935; x_wconf 87' lang='grc' dir='ltr'><strong>ιι,</strong></span> <span class='ocrx_word' id='word_1_480' title='bbox 1055 1867 1183 1924; x_wconf 75' lang='grc' dir='ltr'>θ-ιι</span> <span class='ocrx_word' id='word_1_481' title='bbox 1207 1863 1269 1939; x_wconf 83' lang='grc'><strong>);</strong></span> <span class='ocrx_word' id='word_1_482' title='bbox 1317 1874 1422 1920; x_wconf 87' lang='lat' dir='ltr'><strong>non</strong></span> <span class='ocrx_word' id='word_1_483' title='bbox 1454 1861 1655 1917; x_wconf 82' lang='lat' dir='ltr'><strong>habent</strong></span> <span class='ocrx_word' id='word_1_484' title='bbox 1676 1856 1755 1913; x_wconf 89' lang='lat' dir='ltr'><strong>illi</strong></span> 
     </span>
    </p>
   </div>
   <div class='ocr_carea' id='block_1_56' title="bbox 215 1964 1757 2044">
    <p class='ocr_par' dir='ltr' id='par_1_56' title="bbox 215 1964 1757 2044">
     <span class='ocr_line' id='line_1_57' title="bbox 215 1964 1757 2044; baseline -0.018 -11"><span class='ocrx_word' id='word_1_485' title='bbox 215 1972 500 2044; x_wconf 75' lang='lat' dir='ltr'><strong>libri.de</strong></span> <span class='ocrx_word' id='word_1_486' title='bbox 534 1971 678 2028; x_wconf 85' lang='lat' dir='ltr'><strong>enim</strong></span> <span class='ocrx_word' id='word_1_487' title='bbox 706 1977 830 2024; x_wconf 86' lang='lat' dir='ltr'><strong>ante</strong></span> <span class='ocrx_word' id='word_1_488' title='bbox 855 1964 1031 2021; x_wconf 87' lang='lat' dir='ltr'><strong>omnia</strong></span> <span class='ocrx_word' id='word_1_489' title='bbox 1073 1970 1342 2031; x_wconf 87' lang='lat' dir='ltr'><strong>tempora,</strong></span> <span class='ocrx_word' id='word_1_490' title='bbox 1382 1964 1440 2012; x_wconf 84' lang='lat' dir='ltr'><strong>et</strong></span> <span class='ocrx_word' id='word_1_491' title='bbox 1463 1965 1757 2044; x_wconf 69' lang='lat' dir='ltr'><strong>supraem-</strong></span> 
     </span>
    </p>
   </div>
   <div class='ocr_carea' id='block_1_57' title="bbox 216 2039 1757 2137">
    <p class='ocr_par' dir='ltr' id='par_1_57' title="bbox 216 2039 1757 2137">
     <span class='ocr_line' id='line_1_58' title="bbox 216 2039 1757 2137; baseline -0.021 -8"><span class='ocrx_word' id='word_1_492' title='bbox 216 2069 291 2129; x_wconf 75' lang='grc' dir='ltr'>ιὶι</span> <span class='ocrx_word' id='word_1_493' title='bbox 315 2039 536 2137; x_wconf 70' lang='lat' dir='ltr'><strong>tempora</strong></span> <span class='ocrx_word' id='word_1_494' title='bbox 550 2056 1053 2118; x_wconf 84' lang='lat' dir='ltr'><strong>tneommutabiliter</strong></span> <span class='ocrx_word' id='word_1_495' title='bbox 1064 2059 1245 2111; x_wconf 84' lang='lat' dir='ltr'><strong>manet</strong></span> <span class='ocrx_word' id='word_1_496' title='bbox 1263 2039 1567 2120; x_wconf 79' lang='lat' dir='ltr'><strong>nmgenitns</strong></span> <span class='ocrx_word' id='word_1_497' title='bbox 1591 2043 1757 2100; x_wconf 81' lang='lat' dir='ltr'><strong>Filius</strong></span> 
     </span>
    </p>
   </div>
   <div class='ocr_carea' id='block_1_58' title="bbox 214 2135 1761 2219">
    <p class='ocr_par' dir='ltr' id='par_1_58' title="bbox 214 2135 1761 2219">
     <span class='ocr_line' id='line_1_59' title="bbox 214 2135 1761 2219; baseline -0.017 -1"><span class='ocrx_word' id='word_1_498' title='bbox 214 2135 624 2217; x_wconf 65' lang='lat' dir='ltr'><strong>muan</strong></span> <span class='ocrx_word' id='word_1_499' title='bbox 649 2151 744 2209; x_wconf 89' lang='lat' dir='ltr'><strong>tibi</strong></span> <span class='ocrx_word' id='word_1_500' title='bbox 769 2191 785 2217; x_wconf 93' lang='lat'><strong>,</strong></span> <span class='ocrx_word' id='word_1_501' title='bbox 810 2158 865 2207; x_wconf 89' lang='lat' dir='ltr'><strong>et</strong></span> <span class='ocrx_word' id='word_1_502' title='bbox 887 2148 1007 2219; x_wconf 85' lang='lat' dir='ltr'><strong>quia</strong></span> <span class='ocrx_word' id='word_1_503' title='bbox 1036 2146 1105 2201; x_wconf 91' lang='lat' dir='ltr'><strong>de</strong></span> <span class='ocrx_word' id='word_1_504' title='bbox 1131 2141 1456 2217; x_wconf 86' lang='lat' dir='ltr'><strong>plenitudine</strong></span> <span class='ocrx_word' id='word_1_505' title='bbox 1480 2138 1599 2210; x_wconf 84' lang='lat' dir='ltr'><strong>ejus</strong></span> <span class='ocrx_word' id='word_1_506' title='bbox 1621 2135 1761 2192; x_wconf 60' lang='lat' dir='ltr'><strong>acci.</strong></span> 
     </span>
    </p>
   </div>
   <div class='ocr_carea' id='block_1_59' title="bbox 212 2232 1758 2324">
    <p class='ocr_par' dir='ltr' id='par_1_59' title="bbox 212 2232 1758 2324">
     <span class='ocr_line' id='line_1_60' title="bbox 212 2232 1758 2324; baseline -0.017 -16"><span class='ocrx_word' id='word_1_507' title='bbox 212 2252 354 2324; x_wconf 78' lang='lat' dir='ltr'><strong>piunt</strong></span> <span class='ocrx_word' id='word_1_508' title='bbox 368 2251 545 2304; x_wconf 72' lang='lat' dir='ltr'><strong>anima:</strong></span> <span class='ocrx_word' id='word_1_509' title='bbox 566 2255 628 2303; x_wconf 89' lang='lat' dir='ltr'><strong>ut</strong></span> <span class='ocrx_word' id='word_1_510' title='bbox 653 2246 826 2301; x_wconf 67' lang='lat' dir='ltr'><strong>beatae</strong></span> <span class='ocrx_word' id='word_1_511' title='bbox 850 2241 959 2297; x_wconf 88' lang='lat' dir='ltr'><strong>siut</strong></span> <span class='ocrx_word' id='word_1_512' title='bbox 981 2236 1157 2311; x_wconf 81' lang='lat' dir='ltr'><strong>(Joan.</strong></span> <span class='ocrx_word' id='word_1_513' title='bbox 1179 2237 1234 2303; x_wconf 73' lang='lat'><strong>1,</strong></span> <span class='ocrx_word' id='word_1_514' title='bbox 1263 2232 1375 2307; x_wconf 75' lang='grc' dir='ltr'>ιϐ),</span> <span class='ocrx_word' id='word_1_515' title='bbox 1407 2240 1463 2289; x_wconf 91' lang='lat' dir='ltr'><strong>et</strong></span> <span class='ocrx_word' id='word_1_516' title='bbox 1483 2233 1605 2303; x_wconf 85' lang='lat' dir='ltr'><strong>quia</strong></span> <span class='ocrx_word' id='word_1_517' title='bbox 1631 2240 1758 2299; x_wconf 86' lang='lat' dir='ltr'><strong>par-</strong></span> 
     </span>
    </p>
   </div>
   <div class='ocr_carea' id='block_1_60' title="bbox 213 2329 1764 2414">
    <p class='ocr_par' dir='ltr' id='par_1_60' title="bbox 213 2329 1764 2414">
     <span class='ocr_line' id='line_1_61' title="bbox 213 2329 1764 2414; baseline -0.015 -14"><span class='ocrx_word' id='word_1_518' title='bbox 213 2343 492 2414; x_wconf 65' lang='lat' dir='ltr'><strong>ticipatione</strong></span> <span class='ocrx_word' id='word_1_519' title='bbox 524 2337 795 2395; x_wconf 84' lang='lat' dir='ltr'><strong>manentis</strong></span> <span class='ocrx_word' id='word_1_520' title='bbox 840 2334 894 2389; x_wconf 91' lang='lat' dir='ltr'><strong>in</strong></span> <span class='ocrx_word' id='word_1_521' title='bbox 940 2347 1001 2389; x_wconf 86' lang='lat' dir='ltr'><strong>se</strong></span> <span class='ocrx_word' id='word_1_522' title='bbox 1047 2329 1318 2402; x_wconf 70' lang='lat' dir='ltr'><strong>sapientiae</strong></span> <span class='ocrx_word' id='word_1_523' title='bbox 1342 2332 1665 2383; x_wconf 85' lang='lat' dir='ltr'><strong>renovantur</strong></span> <span class='ocrx_word' id='word_1_524' title='bbox 1703 2329 1764 2377; x_wconf 86' lang='lat' dir='ltr'><strong>ut</strong></span> 
     </span>
    </p>
   </div>
   <div class='ocr_carea' id='block_1_61' title="bbox 140 2416 1764 2505">
    <p class='ocr_par' dir='ltr' id='par_1_61' title="bbox 140 2416 1764 2505">
     <span class='ocr_line' id='line_1_62' title="bbox 140 2416 1764 2505; baseline -0.015 -12"><span class='ocrx_word' id='word_1_525' title='bbox 140 2472 150 2485; x_wconf 77' lang='grc' dir='ltr'><strong>ο</strong></span> <span class='ocrx_word' id='word_1_526' title='bbox 212 2435 461 2505; x_wconf 78' lang='lat' dir='ltr'><strong>sapientes</strong></span> <span class='ocrx_word' id='word_1_527' title='bbox 481 2432 618 2496; x_wconf 88' lang='lat' dir='ltr'><strong>sint;</strong></span> <span class='ocrx_word' id='word_1_528' title='bbox 644 2436 732 2485; x_wconf 86' lang='lat' dir='ltr'><strong>est</strong></span> <span class='ocrx_word' id='word_1_529' title='bbox 778 2427 871 2482; x_wconf 87' lang='lat' dir='ltr'><strong>ibi.</strong></span> <span class='ocrx_word' id='word_1_530' title='bbox 922 2422 1075 2492; x_wconf 89' lang='lat' dir='ltr'><strong>Quod</strong></span> <span class='ocrx_word' id='word_1_531' title='bbox 1100 2430 1278 2477; x_wconf 84' lang='lat' dir='ltr'><strong>autem</strong></span> <span class='ocrx_word' id='word_1_532' title='bbox 1315 2416 1609 2475; x_wconf 86' lang='lat' dir='ltr'><strong>secundum</strong></span> <span class='ocrx_word' id='word_1_533' title='bbox 1636 2422 1764 2469; x_wconf 85' lang='lat' dir='ltr'><strong>tem-</strong></span> 
     </span>
    </p>
   </div>
   <div class='ocr_carea' id='block_1_62' title="bbox 210 2506 1765 2600">
    <p class='ocr_par' dir='ltr' id='par_1_62' title="bbox 210 2506 1765 2600">
     <span class='ocr_line' id='line_1_63' title="bbox 210 2506 1765 2600; baseline -0.015 -16"><span class='ocrx_word' id='word_1_534' title='bbox 210 2542 314 2600; x_wconf 86' lang='lat' dir='ltr'><strong>pus</strong></span> <span class='ocrx_word' id='word_1_535' title='bbox 356 2541 445 2598; x_wconf 88' lang='lat' dir='ltr'><strong>pro</strong></span> <span class='ocrx_word' id='word_1_536' title='bbox 465 2523 637 2595; x_wconf 86' lang='lat' dir='ltr'><strong>impiis</strong></span> <span class='ocrx_word' id='word_1_537' title='bbox 682 2528 925 2577; x_wconf 82' lang='lat' dir='ltr'><strong>mortuus</strong></span> <span class='ocrx_word' id='word_1_538' title='bbox 948 2527 1034 2574; x_wconf 87' lang='lat' dir='ltr'><strong>est</strong></span> <span class='ocrx_word' id='word_1_539' title='bbox 1064 2514 1259 2590; x_wconf 78' lang='lat' dir='ltr'><strong>(Rom.</strong></span> <span class='ocrx_word' id='word_1_540' title='bbox 1297 2528 1355 2581; x_wconf 88' lang='lat' dir='ltr'><strong>v,</strong></span> <span class='ocrx_word' id='word_1_541' title='bbox 1382 2507 1508 2582; x_wconf 82' lang='lat'><strong>6.);</strong></span> <span class='ocrx_word' id='word_1_542' title='bbox 1553 2518 1608 2564; x_wconf 92' lang='lat' dir='ltr'><strong>et</strong></span> <span class='ocrx_word' id='word_1_543' title='bbox 1629 2506 1765 2563; x_wconf 82' lang='lat' dir='ltr'><strong>Filio</strong></span> 
     </span>
    </p>
   </div>
   <div class='ocr_carea' id='block_1_63' title="bbox 215 2602 1767 2685">
    <p class='ocr_par' dir='ltr' id='par_1_63' title="bbox 215 2602 1767 2685">
     <span class='ocr_line' id='line_1_64' title="bbox 215 2602 1767 2685; baseline -0.014 -11"><span class='ocrx_word' id='word_1_544' title='bbox 215 2618 363 2673; x_wconf 86' lang='lat' dir='ltr'><strong>unico</strong></span> <span class='ocrx_word' id='word_1_545' title='bbox 388 2626 469 2671; x_wconf 91' lang='lat' dir='ltr'><strong>tuo</strong></span> <span class='ocrx_word' id='word_1_546' title='bbox 491 2630 593 2670; x_wconf 89' lang='lat' dir='ltr'><strong>non</strong></span> <span class='ocrx_word' id='word_1_547' title='bbox 618 2612 936 2685; x_wconf 80' lang='lat' dir='ltr'><strong>pepercisti,</strong></span> <span class='ocrx_word' id='word_1_548' title='bbox 963 2607 1061 2664; x_wconf 88' lang='lat' dir='ltr'><strong>sed</strong></span> <span class='ocrx_word' id='word_1_549' title='bbox 1086 2622 1182 2678; x_wconf 91' lang='lat' dir='ltr'><strong>pro</strong></span> <span class='ocrx_word' id='word_1_550' title='bbox 1210 2605 1365 2661; x_wconf 87' lang='lat' dir='ltr'><strong>nobis</strong></span> <span class='ocrx_word' id='word_1_551' title='bbox 1389 2602 1636 2659; x_wconf 90' lang='lat' dir='ltr'><strong>omnibus</strong></span> <span class='ocrx_word' id='word_1_552' title='bbox 1659 2607 1767 2655; x_wconf 86' lang='lat' dir='ltr'><strong>tra-</strong></span> 
     </span>
    </p>
   </div>
   <div class='ocr_carea' id='block_1_64' title="bbox 215 2692 1768 2780">
    <p class='ocr_par' dir='ltr' id='par_1_64' title="bbox 215 2692 1768 2780">
     <span class='ocr_line' id='line_1_65' title="bbox 215 2692 1768 2780; baseline -0.013 -13"><span class='ocrx_word' id='word_1_553' title='bbox 215 2709 381 2766; x_wconf 86' lang='lat' dir='ltr'><strong>didisti</strong></span> <span class='ocrx_word' id='word_1_554' title='bbox 406 2724 521 2766; x_wconf 83' lang='lat' dir='ltr'><strong>eum</strong></span> <span class='ocrx_word' id='word_1_555' title='bbox 554 2706 663 2780; x_wconf 77' lang='lat' dir='ltr'><strong>(id.</strong></span> <span class='ocrx_word' id='word_1_556' title='bbox 697 2721 827 2774; x_wconf 79' lang='lat' dir='ltr'><strong>vttt,</strong></span> <span class='ocrx_word' id='word_1_557' title='bbox 856 2703 947 2776; x_wconf 73' lang='lat'><strong>52)</strong></span> <span class='ocrx_word' id='word_1_558' title='bbox 973 2718 989 2768; x_wconf 91' lang='lat'><strong>;</strong></span> <span class='ocrx_word' id='word_1_559' title='bbox 1016 2716 1122 2757; x_wconf 89' lang='lat' dir='ltr'><strong>non</strong></span> <span class='ocrx_word' id='word_1_560' title='bbox 1175 2707 1262 2755; x_wconf 80' lang='lat' dir='ltr'><strong>est</strong></span> <span class='ocrx_word' id='word_1_561' title='bbox 1291 2697 1384 2755; x_wconf 86' lang='lat' dir='ltr'><strong>ibi.</strong></span> <span class='ocrx_word' id='word_1_562' title='bbox 1429 2692 1768 2752; x_wconf 81' lang='lat' dir='ltr'><strong>Abscondisti</strong></span> 
     </span>
    </p>
   </div>
   <div class='ocr_carea' id='block_1_65' title="bbox 214 2787 1767 2871">
    <p class='ocr_par' dir='ltr' id='par_1_65' title="bbox 214 2787 1767 2871">
     <span class='ocr_line' id='line_1_66' title="bbox 214 2787 1767 2871; baseline -0.012 -11"><span class='ocrx_word' id='word_1_563' title='bbox 214 2803 350 2859; x_wconf 78' lang='lat' dir='ltr'><strong>enim</strong></span> <span class='ocrx_word' id='word_1_564' title='bbox 376 2801 485 2858; x_wconf 67' lang='lat' dir='ltr'><strong>haec</strong></span> <span class='ocrx_word' id='word_1_565' title='bbox 528 2816 558 2855; x_wconf 87' lang='lat' dir='ltr'><strong>a</strong></span> <span class='ocrx_word' id='word_1_566' title='bbox 606 2797 968 2871; x_wconf 84' lang='lat' dir='ltr'><strong>sapientibus,</strong></span> <span class='ocrx_word' id='word_1_567' title='bbox 1015 2803 1071 2851; x_wconf 88' lang='lat' dir='ltr'><strong>et</strong></span> <span class='ocrx_word' id='word_1_568' title='bbox 1107 2792 1365 2850; x_wconf 83' lang='lat' dir='ltr'><strong>revelasti</strong></span> <span class='ocrx_word' id='word_1_569' title='bbox 1393 2805 1458 2847; x_wconf 87' lang='lat' dir='ltr'><strong>ea</strong></span> <span class='ocrx_word' id='word_1_570' title='bbox 1490 2787 1767 2860; x_wconf 81' lang='lat' dir='ltr'><strong>parvulis;</strong></span> 
     </span>
    </p>
   </div>
   <div class='ocr_carea' id='block_1_66' title="bbox 218 2880 1774 2950">
    <p class='ocr_par' dir='ltr' id='par_1_66' title="bbox 218 2880 1774 2950">
     <span class='ocr_line' id='line_1_67' title="bbox 218 2880 1774 2950; baseline -0.011 0"><span class='ocrx_word' id='word_1_571' title='bbox 218 2903 275 2950; x_wconf 81' lang='lat' dir='ltr'><strong>ut</strong></span> <span class='ocrx_word' id='word_1_572' title='bbox 299 2892 525 2949; x_wconf 81' lang='lat' dir='ltr'><strong>venirent</strong></span> <span class='ocrx_word' id='word_1_573' title='bbox 542 2890 612 2946; x_wconf 87' lang='lat' dir='ltr'><strong>ad</strong></span> <span class='ocrx_word' id='word_1_574' title='bbox 635 2904 759 2946; x_wconf 82' lang='lat' dir='ltr'><strong>eum</strong></span> <span class='ocrx_word' id='word_1_575' title='bbox 785 2888 1087 2943; x_wconf 83' lang='lat' dir='ltr'><strong>laborantes</strong></span> <span class='ocrx_word' id='word_1_576' title='bbox 1109 2894 1165 2941; x_wconf 86' lang='lat' dir='ltr'><strong>et</strong></span> <span class='ocrx_word' id='word_1_577' title='bbox 1186 2883 1423 2949; x_wconf 86' lang='lat' dir='ltr'><strong>onerati,</strong></span> <span class='ocrx_word' id='word_1_578' title='bbox 1448 2890 1505 2937; x_wconf 82' lang='lat' dir='ltr'><strong>et</strong></span> <span class='ocrx_word' id='word_1_579' title='bbox 1528 2880 1774 2936; x_wconf 83' lang='lat' dir='ltr'><strong>reticeret</strong></span> 
     </span>
    </p>
   </div>
   <div class='ocr_carea' id='block_1_67' title="bbox 217 2971 1775 3058">
    <p class='ocr_par' dir='ltr' id='par_1_67' title="bbox 217 2971 1775 3058">
     <span class='ocr_line' id='line_1_68' title="bbox 217 2971 1775 3058; baseline -0.01 -15"><span class='ocrx_word' id='word_1_580' title='bbox 217 3000 308 3042; x_wconf 77' lang='lat' dir='ltr'><strong>eos</strong></span> <span class='ocrx_word' id='word_1_581' title='bbox 330 3004 349 3041; x_wconf 88' lang='lat'><strong>:</strong></span> <span class='ocrx_word' id='word_1_582' title='bbox 372 2985 617 3058; x_wconf 84' lang='lat' dir='ltr'><strong>quoniam</strong></span> <span class='ocrx_word' id='word_1_583' title='bbox 662 2982 807 3039; x_wconf 90' lang='lat' dir='ltr'><strong>mitis</strong></span> <span class='ocrx_word' id='word_1_584' title='bbox 830 2989 917 3038; x_wconf 81' lang='lat' dir='ltr'><strong>est</strong></span> <span class='ocrx_word' id='word_1_585' title='bbox 940 2990 996 3037; x_wconf 81' lang='lat' dir='ltr'><strong>et</strong></span> <span class='ocrx_word' id='word_1_586' title='bbox 1032 2978 1247 3033; x_wconf 88' lang='lat' dir='ltr'><strong>humilis</strong></span> <span class='ocrx_word' id='word_1_587' title='bbox 1290 2975 1453 3032; x_wconf 89' lang='lat' dir='ltr'><strong>corde</strong></span> <span class='ocrx_word' id='word_1_588' title='bbox 1471 3014 1487 3042; x_wconf 96' lang='lat'><strong>,</strong></span> <span class='ocrx_word' id='word_1_589' title='bbox 1517 2983 1571 3030; x_wconf 88' lang='lat' dir='ltr'><strong>et</strong></span> <span class='ocrx_word' id='word_1_590' title='bbox 1595 2971 1775 3044; x_wconf 81' lang='lat' dir='ltr'><strong>dirigit</strong></span> 
     </span>
    </p>
   </div>
   <div class='ocr_carea' id='block_1_68' title="bbox 220 3063 1775 3148">
    <p class='ocr_par' dir='ltr' id='par_1_68' title="bbox 220 3063 1775 3148">
     <span class='ocr_line' id='line_1_69' title="bbox 220 3063 1775 3148; baseline -0.012 -12"><span class='ocrx_word' id='word_1_591' title='bbox 220 3079 369 3136; x_wconf 77' lang='lat' dir='ltr'><strong>mites</strong></span> <span class='ocrx_word' id='word_1_592' title='bbox 386 3077 435 3134; x_wconf 88' lang='lat' dir='ltr'><strong>in</strong></span> <span class='ocrx_word' id='word_1_593' title='bbox 454 3075 653 3148; x_wconf 82' lang='lat' dir='ltr'><strong>judicio</strong></span> <span class='ocrx_word' id='word_1_594' title='bbox 667 3117 684 3143; x_wconf 95' lang='lat'><strong>,</strong></span> <span class='ocrx_word' id='word_1_595' title='bbox 705 3083 762 3130; x_wconf 87' lang='lat' dir='ltr'><strong>et</strong></span> <span class='ocrx_word' id='word_1_596' title='bbox 776 3073 933 3129; x_wconf 79' lang='lat' dir='ltr'><strong>docet</strong></span> <span class='ocrx_word' id='word_1_597' title='bbox 954 3079 1258 3127; x_wconf 82' lang='lat' dir='ltr'><strong>mansuetos</strong></span> <span class='ocrx_word' id='word_1_598' title='bbox 1272 3068 1385 3125; x_wconf 88' lang='lat' dir='ltr'><strong>vias</strong></span> <span class='ocrx_word' id='word_1_599' title='bbox 1410 3081 1563 3133; x_wconf 82' lang='lat' dir='ltr'><strong>suas,</strong></span> <span class='ocrx_word' id='word_1_600' title='bbox 1588 3063 1775 3119; x_wconf 84' lang='lat' dir='ltr'><strong>videns</strong></span> 
     </span>
    </p>
   </div>
   <div class='ocr_carea' id='block_1_69' title="bbox 221 3158 1776 3234">
    <p class='ocr_par' dir='ltr' id='par_1_69' title="bbox 221 3158 1776 3234">
     <span class='ocr_line' id='line_1_70' title="bbox 221 3158 1776 3234; baseline -0.012 -4"><span class='ocrx_word' id='word_1_601' title='bbox 221 3169 550 3229; x_wconf 77' lang='lat' dir='ltr'><strong>humilitatem</strong></span> <span class='ocrx_word' id='word_1_602' title='bbox 572 3176 809 3225; x_wconf 88' lang='lat' dir='ltr'><strong>nostram</strong></span> <span class='ocrx_word' id='word_1_603' title='bbox 829 3207 845 3234; x_wconf 93' lang='lat'><strong>,</strong></span> <span class='ocrx_word' id='word_1_604' title='bbox 871 3175 927 3222; x_wconf 86' lang='lat' dir='ltr'><strong>et</strong></span> <span class='ocrx_word' id='word_1_605' title='bbox 949 3165 1183 3221; x_wconf 85' lang='lat' dir='ltr'><strong>laborem</strong></span> <span class='ocrx_word' id='word_1_606' title='bbox 1207 3170 1446 3219; x_wconf 86' lang='lat' dir='ltr'><strong>nostrum</strong></span> <span class='ocrx_word' id='word_1_607' title='bbox 1466 3200 1484 3227; x_wconf 93' lang='lat'><strong>,</strong></span> <span class='ocrx_word' id='word_1_608' title='bbox 1513 3165 1568 3215; x_wconf 87' lang='lat' dir='ltr'><strong>et</strong></span> <span class='ocrx_word' id='word_1_609' title='bbox 1593 3158 1776 3213; x_wconf 78' lang='lat' dir='ltr'><strong>diruit-</strong></span> 
     </span>
    </p>
   </div>
   <div class='ocr_carea' id='block_1_70' title="bbox 228 3246 1776 3331">
    <p class='ocr_par' dir='ltr' id='par_1_70' title="bbox 228 3246 1776 3331">
     <span class='ocr_line' id='line_1_71' title="bbox 228 3246 1776 3331; baseline -0.012 -10"><span class='ocrx_word' id='word_1_610' title='bbox 228 3273 339 3321; x_wconf 82' lang='lat' dir='ltr'><strong>tens</strong></span> <span class='ocrx_word' id='word_1_611' title='bbox 361 3262 529 3319; x_wconf 85' lang='lat' dir='ltr'><strong>omnia</strong></span> <span class='ocrx_word' id='word_1_612' title='bbox 578 3266 796 3331; x_wconf 80' lang='lat' dir='ltr'><strong>peccata</strong></span> <span class='ocrx_word' id='word_1_613' title='bbox 847 3261 1028 3312; x_wconf 81' lang='lat' dir='ltr'><strong>nostra</strong></span> <span class='ocrx_word' id='word_1_614' title='bbox 1056 3253 1235 3326; x_wconf 69' lang='lat' dir='ltr'><strong>(Paul.</strong></span> <span class='ocrx_word' id='word_1_615' title='bbox 1267 3267 1423 3319; x_wconf 77' lang='lat' dir='ltr'><strong>xxrv,</strong></span> <span class='ocrx_word' id='word_1_616' title='bbox 1450 3250 1506 3317; x_wconf 82' lang='lat'><strong>9,</strong></span> <span class='ocrx_word' id='word_1_617' title='bbox 1533 3246 1645 3324; x_wconf 77' lang='grc'><strong>18).</strong></span> <span class='ocrx_word' id='word_1_618' title='bbox 1673 3246 1776 3315; x_wconf 85' lang='lat' dir='ltr'><strong>Qui</strong></span> 
     </span>
    </p>
   </div>
   <div class='ocr_carea' id='block_1_71' title="bbox 233 3337 1782 3419">
    <p class='ocr_par' dir='ltr' id='par_1_71' title="bbox 233 3337 1782 3419">
     <span class='ocr_line' id='line_1_72' title="bbox 233 3337 1782 3419; baseline -0.01 -9"><span class='ocrx_word' id='word_1_619' title='bbox 233 3364 397 3411; x_wconf 86' lang='lat' dir='ltr'><strong>autem</strong></span> <span class='ocrx_word' id='word_1_620' title='bbox 418 3352 677 3410; x_wconf 81' lang='lat' dir='ltr'><strong>cothurno</strong></span> <span class='ocrx_word' id='word_1_621' title='bbox 723 3358 973 3419; x_wconf 73' lang='lat' dir='ltr'><strong>tanquam</strong></span> <span class='ocrx_word' id='word_1_622' title='bbox 1017 3345 1273 3402; x_wconf 68' lang='lat' dir='ltr'><strong>doctrinm</strong></span> <span class='ocrx_word' id='word_1_623' title='bbox 1299 3340 1628 3400; x_wconf 83' lang='lat' dir='ltr'><strong>sublimioris</strong></span> <span class='ocrx_word' id='word_1_624' title='bbox 1656 3337 1782 3396; x_wconf 80' lang='lat' dir='ltr'><strong>elati</strong></span> 
     </span>
    </p>
   </div>
   <div class='ocr_carea' id='block_1_72' title="bbox 236 3436 1785 3510">
    <p class='ocr_par' dir='ltr' id='par_1_72' title="bbox 236 3436 1785 3510">
     <span class='ocr_line' id='line_1_73' title="bbox 236 3436 1785 3510; baseline -0.01 -7"><span class='ocrx_word' id='word_1_625' title='bbox 236 3461 333 3503; x_wconf 83' lang='lat' dir='ltr'><strong>non</strong></span> <span class='ocrx_word' id='word_1_626' title='bbox 357 3446 569 3502; x_wconf 83' lang='lat' dir='ltr'><strong>audiunt</strong></span> <span class='ocrx_word' id='word_1_627' title='bbox 596 3436 886 3510; x_wconf 81' lang='lat' dir='ltr'><strong>dicentem,</strong></span> <span class='ocrx_word' id='word_1_628' title='bbox 910 3440 1101 3496; x_wconf 80' lang='lat' dir='ltr'><strong>Discite</strong></span> <span class='ocrx_word' id='word_1_629' title='bbox 1119 3456 1154 3493; x_wconf 84' lang='grc' dir='ltr'><strong>ιι</strong></span> <span class='ocrx_word' id='word_1_630' title='bbox 1172 3454 1254 3493; x_wconf 71' lang='lat' dir='ltr'><strong>me</strong></span> <span class='ocrx_word' id='word_1_631' title='bbox 1288 3438 1408 3509; x_wconf 80' lang='lat' dir='ltr'><strong>quia</strong></span> <span class='ocrx_word' id='word_1_632' title='bbox 1430 3436 1566 3491; x_wconf 70' lang='lat' dir='ltr'><strong>uritis</strong></span> <span class='ocrx_word' id='word_1_633' title='bbox 1595 3450 1712 3491; x_wconf 84' lang='lat' dir='ltr'><strong>sum</strong></span> <span class='ocrx_word' id='word_1_634' title='bbox 1738 3442 1785 3489; x_wconf 75' lang='lat' dir='ltr'><strong>et</strong></span> 
     </span>
    </p>
   </div>
   <div class='ocr_carea' id='block_1_73' title="bbox 240 3527 1786 3601">
    <p class='ocr_par' dir='ltr' id='par_1_73' title="bbox 240 3527 1786 3601">
     <span class='ocr_line' id='line_1_74' title="bbox 240 3527 1786 3601; baseline -0.008 -7"><span class='ocrx_word' id='word_1_635' title='bbox 240 3537 426 3593; x_wconf 60' lang='lat' dir='ltr'><strong>unus</strong></span> <span class='ocrx_word' id='word_1_636' title='bbox 454 3536 633 3600; x_wconf 74' lang='lat' dir='ltr'><strong>corda,</strong></span> <span class='ocrx_word' id='word_1_637' title='bbox 664 3544 712 3591; x_wconf 78' lang='lat' dir='ltr'><strong>et</strong></span> <span class='ocrx_word' id='word_1_638' title='bbox 754 3532 1015 3589; x_wconf 73' lang='lat' dir='ltr'><strong>invenietis</strong></span> <span class='ocrx_word' id='word_1_639' title='bbox 1052 3532 1277 3601; x_wconf 70' lang='lat' dir='ltr'><strong>requiem</strong></span> <span class='ocrx_word' id='word_1_640' title='bbox 1323 3527 1585 3584; x_wconf 77' lang='lat' dir='ltr'><strong>animabus</strong></span> <span class='ocrx_word' id='word_1_641' title='bbox 1609 3527 1786 3584; x_wconf 63' lang='grc' dir='ltr'><strong>νεανία</strong></span> 
     </span>
    </p>
   </div>
   <div class='ocr_carea' id='block_1_74' title="bbox 244 3623 1788 3704">
    <p class='ocr_par' dir='ltr' id='par_1_74' title="bbox 244 3623 1788 3704">
     <span class='ocr_line' id='line_1_75' title="bbox 244 3623 1788 3704; baseline -0.006 -18"><span class='ocrx_word' id='word_1_642' title='bbox 244 3629 439 3704; x_wconf 73' lang='lat' dir='ltr'><strong>(lauit.</strong></span> <span class='ocrx_word' id='word_1_643' title='bbox 466 3646 537 3695; x_wconf 77' lang='grc' dir='ltr'><strong>ιι,</strong></span> <span class='ocrx_word' id='word_1_644' title='bbox 561 3630 656 3697; x_wconf 66' lang='grc' dir='ltr'><strong>εδ,</strong></span> <span class='ocrx_word' id='word_1_645' title='bbox 698 3630 791 3697; x_wconf 82' lang='lat'><strong>28,</strong></span> <span class='ocrx_word' id='word_1_646' title='bbox 821 3627 913 3700; x_wconf 79' lang='lat'><strong>29)</strong></span> <span class='ocrx_word' id='word_1_647' title='bbox 940 3645 958 3683; x_wconf 85' lang='lat'><strong>:</strong></span> <span class='ocrx_word' id='word_1_648' title='bbox 983 3626 1085 3682; x_wconf 79' lang='lat' dir='ltr'><strong>etsi</strong></span> <span class='ocrx_word' id='word_1_649' title='bbox 1109 3632 1437 3695; x_wconf 85' lang='lat' dir='ltr'><strong>cognoscunt</strong></span> <span class='ocrx_word' id='word_1_650' title='bbox 1460 3623 1648 3687; x_wconf 87' lang='lat' dir='ltr'><strong>Deum,</strong></span> <span class='ocrx_word' id='word_1_651' title='bbox 1676 3635 1788 3677; x_wconf 85' lang='lat' dir='ltr'><strong>non</strong></span> 
     </span>
    </p>
   </div>
   <div class='ocr_carea' id='block_1_75' title="bbox 247 3715 1786 3795">
    <p class='ocr_par' dir='ltr' id='par_1_75' title="bbox 247 3715 1786 3795">
     <span class='ocr_line' id='line_1_76' title="bbox 247 3715 1786 3795; baseline -0.006 -17"><span class='ocrx_word' id='word_1_652' title='bbox 247 3722 371 3779; x_wconf 87' lang='lat' dir='ltr'><strong>sicut</strong></span> <span class='ocrx_word' id='word_1_653' title='bbox 393 3725 543 3779; x_wconf 89' lang='lat' dir='ltr'><strong>Deum</strong></span> <span class='ocrx_word' id='word_1_654' title='bbox 568 3721 869 3795; x_wconf 75' lang='lat' dir='ltr'><strong>gloriﬁcent</strong></span> <span class='ocrx_word' id='word_1_655' title='bbox 892 3727 983 3774; x_wconf 88' lang='lat' dir='ltr'><strong>aut</strong></span> <span class='ocrx_word' id='word_1_656' title='bbox 1007 3718 1203 3789; x_wconf 75' lang='lat' dir='ltr'><strong>gratias</strong></span> <span class='ocrx_word' id='word_1_657' title='bbox 1242 3724 1436 3787; x_wconf 83' lang='lat' dir='ltr'><strong>agunt;</strong></span> <span class='ocrx_word' id='word_1_658' title='bbox 1466 3715 1560 3769; x_wconf 84' lang='lat' dir='ltr'><strong>sed</strong></span> <span class='ocrx_word' id='word_1_659' title='bbox 1590 3728 1786 3769; x_wconf 78' lang='lat' dir='ltr'><strong>evane~</strong></span> 
     </span>
    </p>
   </div>
   <div class='ocr_carea' id='block_1_76' title="bbox 252 3808 1794 3888">
    <p class='ocr_par' dir='ltr' id='par_1_76' title="bbox 252 3808 1794 3888">
     <span class='ocr_line' id='line_1_77' title="bbox 252 3808 1794 3888; baseline -0.008 -15"><span class='ocrx_word' id='word_1_660' title='bbox 252 3827 391 3873; x_wconf 78' lang='lat' dir='ltr'><strong>scunt</strong></span> <span class='ocrx_word' id='word_1_661' title='bbox 416 3819 465 3873; x_wconf 90' lang='lat' dir='ltr'><strong>in</strong></span> <span class='ocrx_word' id='word_1_662' title='bbox 498 3814 900 3888; x_wconf 80' lang='lat' dir='ltr'><strong>cogitationibus</strong></span> <span class='ocrx_word' id='word_1_663' title='bbox 943 3813 1087 3879; x_wconf 86' lang='lat' dir='ltr'><strong>suis,</strong></span> <span class='ocrx_word' id='word_1_664' title='bbox 1120 3820 1175 3865; x_wconf 87' lang='lat' dir='ltr'><strong>et</strong></span> <span class='ocrx_word' id='word_1_665' title='bbox 1202 3811 1514 3865; x_wconf 81' lang='lat' dir='ltr'><strong>obscuratur</strong></span> <span class='ocrx_word' id='word_1_666' title='bbox 1538 3808 1794 3877; x_wconf 86' lang='lat' dir='ltr'><strong>insipiens</strong></span> 
     </span>
    </p>
   </div>
   <div class='ocr_carea' id='block_1_77' title="bbox 255 3899 1720 3976">
    <p class='ocr_par' dir='ltr' id='par_1_77' title="bbox 255 3899 1720 3976">
     <span class='ocr_line' id='line_1_78' title="bbox 255 3899 1720 3976; baseline -0.01 -10"><span class='ocrx_word' id='word_1_667' title='bbox 255 3923 338 3965; x_wconf 85' lang='lat' dir='ltr'><strong>cor</strong></span> <span class='ocrx_word' id='word_1_668' title='bbox 358 3920 520 3966; x_wconf 86' lang='lat' dir='ltr'><strong>eorum</strong></span> <span class='ocrx_word' id='word_1_669' title='bbox 546 3925 561 3976; x_wconf 90' lang='lat'><strong>;</strong></span> <span class='ocrx_word' id='word_1_670' title='bbox 589 3908 830 3964; x_wconf 77' lang='lat' dir='ltr'><strong>dicentes</strong></span> <span class='ocrx_word' id='word_1_671' title='bbox 854 3919 913 3960; x_wconf 89' lang='lat' dir='ltr'><strong>se</strong></span> <span class='ocrx_word' id='word_1_672' title='bbox 933 3918 1052 3959; x_wconf 85' lang='lat' dir='ltr'><strong>esse</strong></span> <span class='ocrx_word' id='word_1_673' title='bbox 1072 3903 1340 3972; x_wconf 84' lang='lat' dir='ltr'><strong>sapientes</strong></span> <span class='ocrx_word' id='word_1_674' title='bbox 1356 3942 1372 3969; x_wconf 94' lang='lat'><strong>,</strong></span> <span class='ocrx_word' id='word_1_675' title='bbox 1400 3899 1547 3956; x_wconf 86' lang='lat' dir='ltr'><strong>stulti</strong></span> <span class='ocrx_word' id='word_1_676' title='bbox 1570 3900 1720 3953; x_wconf 86' lang='lat' dir='ltr'><strong>ﬁunt.</strong></span> 
     </span>
    </p>
   </div>
   <div class='ocr_carea' id='block_1_78' title="bbox 326 3989 1797 4069">
    <p class='ocr_par' dir='ltr' id='par_1_78' title="bbox 326 3989 1797 4069">
     <span class='ocr_line' id='line_1_79' title="bbox 326 3989 1797 4069; baseline -0.01 -12"><span class='ocrx_word' id='word_1_677' title='bbox 326 4001 404 4060; x_wconf 68' lang='lat' dir='ltr'><strong>is.</strong></span> <span class='ocrx_word' id='word_1_678' title='bbox 425 4000 485 4057; x_wconf 78' lang='lat' dir='ltr'><strong>Et</strong></span> <span class='ocrx_word' id='word_1_679' title='bbox 518 4000 636 4056; x_wconf 87' lang='lat' dir='ltr'><strong>ideo</strong></span> <span class='ocrx_word' id='word_1_680' title='bbox 658 3997 902 4069; x_wconf 87' lang='lat' dir='ltr'><strong>legebam</strong></span> <span class='ocrx_word' id='word_1_681' title='bbox 931 3994 1003 4050; x_wconf 86' lang='lat' dir='ltr'><strong>ibi</strong></span> <span class='ocrx_word' id='word_1_682' title='bbox 1026 3994 1186 4049; x_wconf 88' lang='lat' dir='ltr'><strong>etiam</strong></span> <span class='ocrx_word' id='word_1_683' title='bbox 1216 3994 1544 4048; x_wconf 88' lang='lat' dir='ltr'><strong>immutatam</strong></span> <span class='ocrx_word' id='word_1_684' title='bbox 1572 3989 1797 4061; x_wconf 83' lang='lat' dir='ltr'><strong>gloriam</strong></span> 
     </span>
    </p>
   </div>
   <div class='ocr_carea' id='block_1_79' title="bbox 259 4081 1799 4165">
    <p class='ocr_par' dir='ltr' id='par_1_79' title="bbox 259 4081 1799 4165">
     <span class='ocr_line' id='line_1_80' title="bbox 259 4081 1799 4165; baseline -0.012 -12"><span class='ocrx_word' id='word_1_685' title='bbox 259 4092 638 4165; x_wconf 78' lang='lat' dir='ltr'><strong>incorruptionis</strong></span> <span class='ocrx_word' id='word_1_686' title='bbox 663 4100 767 4146; x_wconf 69' lang='lat' dir='ltr'><strong>tua</strong></span> <span class='ocrx_word' id='word_1_687' title='bbox 790 4090 845 4144; x_wconf 86' lang='lat' dir='ltr'><strong>in</strong></span> <span class='ocrx_word' id='word_1_688' title='bbox 884 4086 1027 4142; x_wconf 87' lang='lat' dir='ltr'><strong>idola</strong></span> <span class='ocrx_word' id='word_1_689' title='bbox 1060 4095 1115 4141; x_wconf 87' lang='lat' dir='ltr'><strong>et</strong></span> <span class='ocrx_word' id='word_1_690' title='bbox 1139 4085 1284 4140; x_wconf 84' lang='lat' dir='ltr'><strong>varia</strong></span> <span class='ocrx_word' id='word_1_691' title='bbox 1312 4084 1613 4149; x_wconf 85' lang='lat' dir='ltr'><strong>simulacra,</strong></span> <span class='ocrx_word' id='word_1_692' title='bbox 1645 4081 1697 4135; x_wconf 89' lang='lat' dir='ltr'><strong>in</strong></span> <span class='ocrx_word' id='word_1_693' title='bbox 1723 4081 1799 4135; x_wconf 83' lang='lat' dir='ltr'><strong>si-</strong></span> 
     </span>
    </p>
   </div>
   <div class='ocr_carea' id='block_1_80' title="bbox 266 4170 1803 4252">
    <p class='ocr_par' dir='ltr' id='par_1_80' title="bbox 266 4170 1803 4252">
     <span class='ocr_line' id='line_1_81' title="bbox 266 4170 1803 4252; baseline -0.012 -10"><span class='ocrx_word' id='word_1_694' title='bbox 266 4186 583 4243; x_wconf 80' lang='lat' dir='ltr'><strong>militudinem</strong></span> <span class='ocrx_word' id='word_1_695' title='bbox 613 4179 861 4252; x_wconf 81' lang='lat' dir='ltr'><strong>imaginis</strong></span> <span class='ocrx_word' id='word_1_696' title='bbox 890 4175 1247 4247; x_wconf 87' lang='lat' dir='ltr'><strong>corruptibilis</strong></span> <span class='ocrx_word' id='word_1_697' title='bbox 1273 4174 1501 4229; x_wconf 89' lang='lat' dir='ltr'><strong>hominis</strong></span> <span class='ocrx_word' id='word_1_698' title='bbox 1522 4208 1538 4239; x_wconf 90' lang='lat'><strong>,</strong></span> <span class='ocrx_word' id='word_1_699' title='bbox 1569 4181 1624 4227; x_wconf 92' lang='lat' dir='ltr'><strong>et</strong></span> <span class='ocrx_word' id='word_1_700' title='bbox 1653 4170 1803 4227; x_wconf 86' lang='lat' dir='ltr'><strong>volu-</strong></span> 
     </span>
    </p>
   </div>
   <div class='ocr_carea' id='block_1_81' title="bbox 266 4262 1804 4347">
    <p class='ocr_par' dir='ltr' id='par_1_81' title="bbox 266 4262 1804 4347">
     <span class='ocr_line' id='line_1_82' title="bbox 266 4262 1804 4347; baseline -0.013 -10"><span class='ocrx_word' id='word_1_701' title='bbox 266 4287 490 4346; x_wconf 53' lang='lat' dir='ltr'><strong>nam,“</strong></span> <span class='ocrx_word' id='word_1_702' title='bbox 521 4270 919 4347; x_wconf 77' lang='lat' dir='ltr'><strong>quadrupedum</strong></span> <span class='ocrx_word' id='word_1_703' title='bbox 941 4308 954 4333; x_wconf 87' lang='lat'><strong>,</strong></span> <span class='ocrx_word' id='word_1_704' title='bbox 991 4276 1047 4324; x_wconf 86' lang='lat' dir='ltr'><strong>et</strong></span> <span class='ocrx_word' id='word_1_705' title='bbox 1099 4274 1402 4337; x_wconf 80' lang='lat' dir='ltr'><strong>serpentum</strong></span> <span class='ocrx_word' id='word_1_706' title='bbox 1428 4264 1600 4338; x_wconf 83' lang='lat' dir='ltr'><strong>(Rom.</strong></span> <span class='ocrx_word' id='word_1_707' title='bbox 1630 4278 1668 4331; x_wconf 86' lang='lat' dir='ltr'><strong>t,</strong></span> <span class='ocrx_word' id='word_1_708' title='bbox 1697 4262 1759 4318; x_wconf 82' lang='lat' dir='ltr'><strong>2i</strong></span> <span class='ocrx_word' id='word_1_709' title='bbox 1784 4302 1804 4330; x_wconf 90' lang='lat'><strong>,</strong></span> 
     </span>
    </p>
   </div>
   <div class='ocr_carea' id='block_1_82' title="bbox 270 4355 1809 4444">
    <p class='ocr_par' dir='ltr' id='par_1_82' title="bbox 270 4355 1809 4444">
     <span class='ocr_line' id='line_1_83' title="bbox 270 4355 1809 4444; baseline -0.012 -16"><span class='ocrx_word' id='word_1_710' title='bbox 270 4368 375 4444; x_wconf 70' lang='lat' dir='ltr'><strong>Ili);</strong></span> <span class='ocrx_word' id='word_1_711' title='bbox 413 4369 649 4425; x_wconf 85' lang='lat' dir='ltr'><strong>videlicet</strong></span> <span class='ocrx_word' id='word_1_712' title='bbox 678 4361 985 4436; x_wconf 65' lang='lat' dir='ltr'><strong>Egyptium</strong></span> <span class='ocrx_word' id='word_1_713' title='bbox 1014 4360 1190 4417; x_wconf 89' lang='lat' dir='ltr'><strong>cibum</strong></span> <span class='ocrx_word' id='word_1_714' title='bbox 1229 4355 1302 4434; x_wconf 84' lang='grc' dir='ltr'><strong>(α)</strong></span> <span class='ocrx_word' id='word_1_715' title='bbox 1336 4372 1443 4428; x_wconf 89' lang='lat' dir='ltr'><strong>quo</strong></span> <span class='ocrx_word' id='word_1_716' title='bbox 1468 4358 1609 4413; x_wconf 86' lang='lat' dir='ltr'><strong>Esau</strong></span> <span class='ocrx_word' id='word_1_717' title='bbox 1634 4356 1809 4429; x_wconf 87' lang='lat' dir='ltr'><strong>perdi-</strong></span> 
     </span>
    </p>
   </div>
   <div class='ocr_carea' id='block_1_83' title="bbox 272 4448 1813 4532">
    <p class='ocr_par' dir='ltr' id='par_1_83' title="bbox 272 4448 1813 4532">
     <span class='ocr_line' id='line_1_84' title="bbox 272 4448 1813 4532; baseline -0.009 -16"><span class='ocrx_word' id='word_1_718' title='bbox 272 4460 335 4516; x_wconf 80' lang='lat' dir='ltr'><strong>dit</strong></span> <span class='ocrx_word' id='word_1_719' title='bbox 355 4458 678 4532; x_wconf 81' lang='lat' dir='ltr'><strong>primogenita</strong></span> <span class='ocrx_word' id='word_1_720' title='bbox 703 4469 797 4512; x_wconf 84' lang='lat' dir='ltr'><strong>sua</strong></span> <span class='ocrx_word' id='word_1_721' title='bbox 824 4450 973 4527; x_wconf 71' lang='lat' dir='ltr'><strong>(Gen.</strong></span> <span class='ocrx_word' id='word_1_722' title='bbox 1003 4467 1134 4516; x_wconf 78' lang='lat' dir='ltr'><strong>xxv,</strong></span> <span class='ocrx_word' id='word_1_723' title='bbox 1162 4452 1252 4514; x_wconf 73' lang='lat'><strong>35,</strong></span> <span class='ocrx_word' id='word_1_724' title='bbox 1283 4448 1381 4522; x_wconf 66' lang='lat'><strong>34)</strong></span> <span class='ocrx_word' id='word_1_725' title='bbox 1412 4467 1425 4503; x_wconf 88' lang='lat'><strong>:</strong></span> <span class='ocrx_word' id='word_1_726' title='bbox 1451 4449 1697 4520; x_wconf 87' lang='lat' dir='ltr'><strong>quoniam</strong></span> <span class='ocrx_word' id='word_1_727' title='bbox 1722 4462 1813 4504; x_wconf 86' lang='lat' dir='ltr'><strong>ea-</strong></span> 
     </span>
    </p>
   </div>
   <div class='ocr_carea' id='block_1_84' title="bbox 1919 4496 3498 4587">
    <p class='ocr_par' dir='ltr' id='par_1_84' title="bbox 1919 4496 3498 4587">
     <span class='ocr_line' id='line_1_85' title="bbox 1919 4496 3498 4587; baseline -0.012 -16"><span class='ocrx_word' id='word_1_728' title='bbox 1919 4527 2138 4587; x_wconf 87' lang='lat' dir='ltr'><strong>prorsus</strong></span> <span class='ocrx_word' id='word_1_729' title='bbox 2164 4508 2303 4567; x_wconf 88' lang='lat' dir='ltr'><strong>unde</strong></span> <span class='ocrx_word' id='word_1_730' title='bbox 2323 4506 2649 4571; x_wconf 81' lang='lat' dir='ltr'><strong>dubitarem;</strong></span> <span class='ocrx_word' id='word_1_731' title='bbox 2679 4500 2986 4571; x_wconf 83' lang='lat' dir='ltr'><strong>faciliusque</strong></span> <span class='ocrx_word' id='word_1_732' title='bbox 3006 4496 3298 4553; x_wconf 86' lang='lat' dir='ltr'><strong>dubitarem</strong></span> <span class='ocrx_word' id='word_1_733' title='bbox 3321 4497 3498 4552; x_wconf 86' lang='lat' dir='ltr'><strong>vivere</strong></span> 
     </span>
    </p>
   </div>
   <div class='ocr_carea' id='block_1_85' title="bbox 279 4538 1811 4623">
    <p class='ocr_par' dir='ltr' id='par_1_85' title="bbox 279 4538 1811 4623">
     <span class='ocr_line' id='line_1_86' title="bbox 279 4538 1811 4623; baseline -0.012 -13"><span class='ocrx_word' id='word_1_734' title='bbox 279 4560 354 4623; x_wconf 72' lang='lat' dir='ltr'><strong>put</strong></span> <span class='ocrx_word' id='word_1_735' title='bbox 368 4548 707 4623; x_wconf 76' lang='lat' dir='ltr'><strong>quadrupedis</strong></span> <span class='ocrx_word' id='word_1_736' title='bbox 726 4560 823 4617; x_wconf 84' lang='lat' dir='ltr'><strong>pro</strong></span> <span class='ocrx_word' id='word_1_737' title='bbox 848 4552 900 4599; x_wconf 90' lang='lat' dir='ltr'><strong>te</strong></span> <span class='ocrx_word' id='word_1_738' title='bbox 920 4541 1199 4599; x_wconf 81' lang='lat' dir='ltr'><strong>honoravit</strong></span> <span class='ocrx_word' id='word_1_739' title='bbox 1244 4540 1464 4612; x_wconf 87' lang='lat' dir='ltr'><strong>populus</strong></span> <span class='ocrx_word' id='word_1_740' title='bbox 1489 4538 1811 4609; x_wconf 82' lang='lat' dir='ltr'><strong>primogeni-</strong></span> 
     </span>
    </p>
   </div>
   <div class='ocr_carea' id='block_1_86' title="bbox 1920 4590 3500 4675">
    <p class='ocr_par' dir='ltr' id='par_1_86' title="bbox 1920 4590 3500 4675">
     <span class='ocr_line' id='line_1_87' title="bbox 1920 4590 3500 4675; baseline -0.011 -11"><span class='ocrx_word' id='word_1_741' title='bbox 1920 4622 2026 4673; x_wconf 84' lang='lat' dir='ltr'><strong>me,</strong></span> <span class='ocrx_word' id='word_1_742' title='bbox 2056 4618 2212 4675; x_wconf 85' lang='lat' dir='ltr'><strong>quam</strong></span> <span class='ocrx_word' id='word_1_743' title='bbox 2241 4614 2346 4657; x_wconf 89' lang='lat' dir='ltr'><strong>non</strong></span> <span class='ocrx_word' id='word_1_744' title='bbox 2372 4614 2489 4656; x_wconf 90' lang='lat' dir='ltr'><strong>esse</strong></span> <span class='ocrx_word' id='word_1_745' title='bbox 2517 4596 2790 4653; x_wconf 86' lang='lat' dir='ltr'><strong>veritatem</strong></span> <span class='ocrx_word' id='word_1_746' title='bbox 2812 4637 2827 4663; x_wconf 96' lang='lat'><strong>,</strong></span> <span class='ocrx_word' id='word_1_747' title='bbox 2872 4610 2989 4666; x_wconf 70' lang='lat' dir='ltr'><strong>quae</strong></span> <span class='ocrx_word' id='word_1_748' title='bbox 3012 4606 3107 4665; x_wconf 88' lang='lat' dir='ltr'><strong>per</strong></span> <span class='ocrx_word' id='word_1_749' title='bbox 3135 4607 3195 4648; x_wconf 88' lang='lat' dir='ltr'><strong>ea</strong></span> <span class='ocrx_word' id='word_1_750' title='bbox 3221 4604 3337 4664; x_wconf 77' lang='lat' dir='ltr'><strong>qua:</strong></span> <span class='ocrx_word' id='word_1_751' title='bbox 3365 4590 3500 4647; x_wconf 82' lang='lat' dir='ltr'><strong>facta</strong></span> 
     </span>
    </p>
   </div>
   <div class='ocr_carea' id='block_1_87' title="bbox 281 4628 1816 4711">
    <p class='ocr_par' dir='ltr' id='par_1_87' title="bbox 281 4628 1816 4711">
     <span class='ocr_line' id='line_1_88' title="bbox 281 4628 1816 4711; baseline -0.009 -15"><span class='ocrx_word' id='word_1_752' title='bbox 281 4649 378 4711; x_wconf 76' lang='lat' dir='ltr'><strong>tu,</strong></span> <span class='ocrx_word' id='word_1_753' title='bbox 404 4650 681 4697; x_wconf 78' lang='lat' dir='ltr'><strong>conversus</strong></span> <span class='ocrx_word' id='word_1_754' title='bbox 702 4634 866 4692; x_wconf 88' lang='lat' dir='ltr'><strong>corde</strong></span> <span class='ocrx_word' id='word_1_755' title='bbox 908 4632 962 4689; x_wconf 93' lang='lat' dir='ltr'><strong>in</strong></span> <span class='ocrx_word' id='word_1_756' title='bbox 984 4630 1276 4702; x_wconf 63' lang='lat' dir='ltr'><strong>Egyptum</strong></span> <span class='ocrx_word' id='word_1_757' title='bbox 1293 4666 1311 4696; x_wconf 85' lang='lat'><strong>,</strong></span> <span class='ocrx_word' id='word_1_758' title='bbox 1340 4640 1396 4687; x_wconf 90' lang='lat' dir='ltr'><strong>et</strong></span> <span class='ocrx_word' id='word_1_759' title='bbox 1429 4642 1659 4685; x_wconf 87' lang='lat' dir='ltr'><strong>curvans</strong></span> <span class='ocrx_word' id='word_1_760' title='bbox 1684 4628 1816 4683; x_wconf 85' lang='lat' dir='ltr'><strong>ima-</strong></span> 
     </span>
    </p>
   </div>
   <div class='ocr_carea' id='block_1_88' title="bbox 286 4683 1777 4804">
    <p class='ocr_par' dir='ltr' id='par_1_88' title="bbox 286 4683 1777 4804">
     <span class='ocr_line' id='line_1_89' title="bbox 286 4683 1515 4711; baseline -0.011 -13"><span class='ocrx_word' id='word_1_761' title='bbox 286 4683 378 4711; x_wconf 86' lang='lat'><strong>...,</strong></span> <span class='ocrx_word' id='word_1_762' title='bbox 406 4683 679 4697; x_wconf 66' lang='grc' dir='ltr'><strong>...μνη-</strong></span> <span class='ocrx_word' id='word_1_763' title='bbox 707 4683 864 4692; x_wconf 60' lang='grc' dir='ltr'><strong>η---</strong></span> <span class='ocrx_word' id='word_1_764' title='bbox 908 4683 1311 4702; x_wconf 28' lang='lat' dir='ltr'><strong>&quot;mrem,</strong></span> <span class='ocrx_word' id='word_1_765' title='bbox 1351 4683 1392 4687; x_wconf 41' lang='grc' dir='ltr'>ρ</span> 
     </span>
     <span class='ocr_line' id='line_1_90' title="bbox 286 4719 1777 4804; baseline -0.011 -12"><span class='ocrx_word' id='word_1_766' title='bbox 286 4732 431 4804; x_wconf 68' lang='lat' dir='ltr'><strong>ginem</strong></span> <span class='ocrx_word' id='word_1_767' title='bbox 468 4742 611 4790; x_wconf 85' lang='lat' dir='ltr'><strong>tuam</strong></span> <span class='ocrx_word' id='word_1_768' title='bbox 636 4771 652 4800; x_wconf 92' lang='lat'><strong>,</strong></span> <span class='ocrx_word' id='word_1_769' title='bbox 692 4728 927 4784; x_wconf 76' lang='lat' dir='ltr'><strong>animum</strong></span> <span class='ocrx_word' id='word_1_770' title='bbox 981 4738 1132 4779; x_wconf 84' lang='lat' dir='ltr'><strong>suam</strong></span> <span class='ocrx_word' id='word_1_771' title='bbox 1180 4732 1305 4779; x_wconf 88' lang='lat' dir='ltr'><strong>ante</strong></span> <span class='ocrx_word' id='word_1_772' title='bbox 1352 4722 1633 4794; x_wconf 81' lang='lat' dir='ltr'><strong>imaginem</strong></span> <span class='ocrx_word' id='word_1_773' title='bbox 1666 4719 1777 4776; x_wconf 89' lang='lat' dir='ltr'><strong>vitu</strong></span> 
     </span>
    </p>
   </div>
   <div class='ocr_carea' id='block_1_89' title="bbox 1882 4683 3173 4804">
    <p class='ocr_par' dir='ltr' id='par_1_89' title="bbox 1923 4683 3173 4767">
     <span class='ocr_line' id='line_1_91' title="bbox 1923 4683 3173 4767; baseline -0.012 -12"><span class='ocrx_word' id='word_1_774' title='bbox 1923 4706 2067 4767; x_wconf 88' lang='lat' dir='ltr'><strong>sunt,</strong></span> <span class='ocrx_word' id='word_1_775' title='bbox 2099 4695 2362 4753; x_wconf 88' lang='lat' dir='ltr'><strong>intellecta</strong></span> <span class='ocrx_word' id='word_1_776' title='bbox 2390 4691 2715 4762; x_wconf 87' lang='lat' dir='ltr'><strong>conspicitur</strong></span> <span class='ocrx_word' id='word_1_777' title='bbox 2743 4688 2764 4721; x_wconf 75' lang='grc' dir='ltr'>ί</span> <span class='ocrx_word' id='word_1_778' title='bbox 2797 4686 2968 4763; x_wconf 80' lang='lat' dir='ltr'><strong>(Rom.</strong></span> <span class='ocrx_word' id='word_1_779' title='bbox 2993 4700 3032 4755; x_wconf 91' lang='grc' dir='ltr'><strong>ι,</strong></span> <span class='ocrx_word' id='word_1_780' title='bbox 3057 4683 3173 4761; x_wconf 88' lang='lat'><strong>20).</strong></span> 
     </span>
    </p>
   </div>
   <div class='ocr_carea' id='block_1_90' title="bbox 284 4798 2878 4892">
    <p class='ocr_par' dir='ltr' id='par_1_90' title="bbox 284 4798 2878 4892">
     <span class='ocr_line' id='line_1_92' title="bbox 284 4798 2878 4892; baseline -0.009 -12"><span class='ocrx_word' id='word_1_781' title='bbox 284 4798 613 4884; x_wconf 56' lang='lat' dir='ltr'><strong>manducauit</strong></span> <span class='ocrx_word' id='word_1_782' title='bbox 640 4798 832 4879; x_wconf 14' lang='lat' dir='ltr'><strong>ernum</strong></span> <span class='ocrx_word' id='word_1_783' title='bbox 863 4815 1069 4892; x_wconf 63' lang='lat' dir='ltr'><strong>(Exod.</strong></span> <span class='ocrx_word' id='word_1_784' title='bbox 1104 4830 1278 4885; x_wconf 64' lang='grc' dir='ltr'>χχιιι,</span> <span class='ocrx_word' id='word_1_785' title='bbox 1316 4816 1446 4882; x_wconf 80' lang='lat' dir='ltr'><strong>i—6;</strong></span> <span class='ocrx_word' id='word_1_786' title='bbox 1478 4825 1524 4871; x_wconf 78' lang='lat' dir='ltr'><strong>et</strong></span> <span class='ocrx_word' id='word_1_787' title='bbox 1548 4814 1697 4871; x_wconf 76' lang='lat' dir='ltr'><strong>Paul.</strong></span> <span class='ocrx_word' id='word_1_788' title='bbox 1725 4828 1816 4883; x_wconf 87' lang='lat' dir='ltr'><strong>cv,</strong></span> <span class='ocrx_word' id='word_1_789' title='bbox 2522 4798 2749 4861; x_wconf 80' lang='lat' dir='ltr'><strong>CAPUT</strong></span> <span class='ocrx_word' id='word_1_790' title='bbox 2787 4798 2878 4858; x_wconf 82' lang='lat' dir='ltr'><strong>Xl.</strong></span> 
     </span>
    </p>
   </div>
   <div class='ocr_carea' id='block_1_91' title="bbox 286 4908 1823 4989">
    <p class='ocr_par' dir='ltr' id='par_1_91' title="bbox 286 4908 1823 4989">
     <span class='ocr_line' id='line_1_93' title="bbox 286 4908 1823 4989; baseline -0.011 -12"><span class='ocrx_word' id='word_1_791' title='bbox 286 4918 357 4986; x_wconf 77' lang='grc' dir='ltr'><strong>ιο.</strong></span> <span class='ocrx_word' id='word_1_792' title='bbox 379 4918 496 4989; x_wconf 65' lang='lat'><strong>20;.</strong></span> <span class='ocrx_word' id='word_1_793' title='bbox 525 4917 707 4977; x_wconf 81' lang='lat' dir='ltr'><strong>inveni</strong></span> <span class='ocrx_word' id='word_1_794' title='bbox 735 4916 849 4971; x_wconf 58' lang='lat' dir='ltr'><strong>hac</strong></span> <span class='ocrx_word' id='word_1_795' title='bbox 876 4914 982 4980; x_wconf 87' lang='lat' dir='ltr'><strong>ibi,</strong></span> <span class='ocrx_word' id='word_1_796' title='bbox 1012 4924 1067 4970; x_wconf 89' lang='lat' dir='ltr'><strong>et</strong></span> <span class='ocrx_word' id='word_1_797' title='bbox 1092 4929 1199 4969; x_wconf 88' lang='lat' dir='ltr'><strong>non</strong></span> <span class='ocrx_word' id='word_1_798' title='bbox 1239 4909 1570 4966; x_wconf 87' lang='lat' dir='ltr'><strong>manducavi.</strong></span> <span class='ocrx_word' id='word_1_799' title='bbox 1621 4908 1823 4964; x_wconf 83' lang='lat' dir='ltr'><strong>Placuit</strong></span> 
     </span>
    </p>
   </div>
   <div class='ocr_carea' id='block_1_92' title="bbox 290 4984 3513 5079">
    <p class='ocr_par' dir='ltr' id='par_1_92' title="bbox 290 4984 3513 5079">
     <span class='ocr_line' id='line_1_94' title="bbox 290 4984 3513 5079; baseline -0.008 -12"><span class='ocrx_word' id='word_1_800' title='bbox 290 4984 404 5067; x_wconf 76' lang='lat' dir='ltr'><strong>enim</strong></span> <span class='ocrx_word' id='word_1_801' title='bbox 420 4984 527 5079; x_wconf 88' lang='lat' dir='ltr'><strong>tibi,</strong></span> <span class='ocrx_word' id='word_1_802' title='bbox 560 5010 783 5067; x_wconf 87' lang='lat' dir='ltr'><strong>Domine</strong></span> <span class='ocrx_word' id='word_1_803' title='bbox 807 5050 822 5075; x_wconf 97' lang='lat'><strong>,</strong></span> <span class='ocrx_word' id='word_1_804' title='bbox 852 5006 1061 5062; x_wconf 85' lang='lat' dir='ltr'><strong>auferre</strong></span> <span class='ocrx_word' id='word_1_805' title='bbox 1088 5003 1429 5076; x_wconf 88' lang='lat' dir='ltr'><strong>opprobrium</strong></span> <span class='ocrx_word' id='word_1_806' title='bbox 1458 4998 1824 5057; x_wconf 84' lang='lat' dir='ltr'><strong>diminutionis</strong></span> <span class='ocrx_word' id='word_1_807' title='bbox 2000 4992 2089 5051; x_wconf 78' lang='lat' dir='ltr'><strong>i7.</strong></span> <span class='ocrx_word' id='word_1_808' title='bbox 2130 4992 2197 5049; x_wconf 89' lang='lat' dir='ltr'><strong>Et</strong></span> <span class='ocrx_word' id='word_1_809' title='bbox 2225 4988 2432 5063; x_wconf 77' lang='lat' dir='ltr'><strong>inspexi</strong></span> <span class='ocrx_word' id='word_1_810' title='bbox 2458 4998 2646 5046; x_wconf 64' lang='lat' dir='ltr'><strong>caetera</strong></span> <span class='ocrx_word' id='word_1_811' title='bbox 2678 4984 2815 5043; x_wconf 78' lang='lat' dir='ltr'><strong>infra</strong></span> <span class='ocrx_word' id='word_1_812' title='bbox 2842 4994 2914 5053; x_wconf 92' lang='lat' dir='ltr'><strong>te,</strong></span> <span class='ocrx_word' id='word_1_813' title='bbox 2946 4995 3000 5042; x_wconf 92' lang='lat' dir='ltr'><strong>et</strong></span> <span class='ocrx_word' id='word_1_814' title='bbox 3035 4984 3140 5041; x_wconf 89' lang='lat' dir='ltr'><strong>vidi</strong></span> <span class='ocrx_word' id='word_1_815' title='bbox 3166 4998 3266 5041; x_wconf 88' lang='lat' dir='ltr'><strong>nec</strong></span> <span class='ocrx_word' id='word_1_816' title='bbox 3294 4985 3513 5041; x_wconf 90' lang='lat' dir='ltr'><strong>omnino</strong></span> 
     </span>
    </p>
   </div>
   <div class='ocr_carea' id='block_1_93' title="bbox 293 5074 3514 5173">
    <p class='ocr_par' dir='ltr' id='par_1_93' title="bbox 293 5074 3514 5173">
     <span class='ocr_line' id='line_1_95' title="bbox 293 5074 3514 5173; baseline -0.007 -17"><span class='ocrx_word' id='word_1_817' title='bbox 293 5102 345 5158; x_wconf 84' lang='lat' dir='ltr'><strong>ab</strong></span> <span class='ocrx_word' id='word_1_818' title='bbox 371 5102 556 5173; x_wconf 86' lang='lat' dir='ltr'><strong>Jacob,</strong></span> <span class='ocrx_word' id='word_1_819' title='bbox 588 5112 647 5160; x_wconf 88' lang='lat' dir='ltr'><strong>ut</strong></span> <span class='ocrx_word' id='word_1_820' title='bbox 685 5101 858 5171; x_wconf 80' lang='lat' dir='ltr'><strong>major</strong></span> <span class='ocrx_word' id='word_1_821' title='bbox 884 5099 1109 5156; x_wconf 84' lang='lat' dir='ltr'><strong>serviret</strong></span> <span class='ocrx_word' id='word_1_822' title='bbox 1129 5074 1322 5153; x_wconf 81' lang='lat' dir='ltr'><strong>minori</strong></span> <span class='ocrx_word' id='word_1_823' title='bbox 1354 5095 1526 5170; x_wconf 82' lang='lat' dir='ltr'><strong>(Rom.</strong></span> <span class='ocrx_word' id='word_1_824' title='bbox 1565 5109 1643 5161; x_wconf 74' lang='grc' dir='ltr'>ιιι,</span> <span class='ocrx_word' id='word_1_825' title='bbox 1688 5090 1775 5163; x_wconf 77' lang='grc'><strong>15)</strong></span> <span class='ocrx_word' id='word_1_826' title='bbox 1808 5109 1823 5160; x_wconf 92' lang='lat'><strong>;</strong></span> <span class='ocrx_word' id='word_1_827' title='bbox 1931 5100 2049 5143; x_wconf 89' lang='lat' dir='ltr'><strong>esse</strong></span> <span class='ocrx_word' id='word_1_828' title='bbox 2069 5128 2084 5154; x_wconf 95' lang='lat'><strong>,</strong></span> <span class='ocrx_word' id='word_1_829' title='bbox 2126 5100 2222 5141; x_wconf 90' lang='lat' dir='ltr'><strong>nec</strong></span> <span class='ocrx_word' id='word_1_830' title='bbox 2251 5082 2471 5139; x_wconf 91' lang='lat' dir='ltr'><strong>omnino</strong></span> <span class='ocrx_word' id='word_1_831' title='bbox 2500 5097 2603 5137; x_wconf 91' lang='lat' dir='ltr'><strong>non</strong></span> <span class='ocrx_word' id='word_1_832' title='bbox 2632 5095 2788 5139; x_wconf 84' lang='lat' dir='ltr'><strong>esse:</strong></span> <span class='ocrx_word' id='word_1_833' title='bbox 2820 5094 2940 5137; x_wconf 86' lang='lat' dir='ltr'><strong>esse</strong></span> <span class='ocrx_word' id='word_1_834' title='bbox 2981 5074 3230 5151; x_wconf 90' lang='lat' dir='ltr'><strong>quidem,</strong></span> <span class='ocrx_word' id='word_1_835' title='bbox 3262 5078 3514 5149; x_wconf 89' lang='lat' dir='ltr'><strong>quoniam</strong></span> 
     </span>
    </p>
   </div>
   <div class='ocr_carea' id='block_1_94' title="bbox 291 5166 3516 5256">
    <p class='ocr_par' dir='ltr' id='par_1_94' title="bbox 291 5166 3516 5256">
     <span class='ocr_line' id='line_1_96' title="bbox 291 5166 3516 5256; baseline -0.01 -4"><span class='ocrx_word' id='word_1_836' title='bbox 291 5204 331 5252; x_wconf 82' lang='lat' dir='ltr'><strong>st</strong></span> <span class='ocrx_word' id='word_1_837' title='bbox 360 5199 544 5253; x_wconf 85' lang='lat' dir='ltr'><strong>vocasti</strong></span> <span class='ocrx_word' id='word_1_838' title='bbox 564 5166 788 5254; x_wconf 28' lang='lat' dir='ltr'><strong>Gentes.</strong></span> <span class='ocrx_word' id='word_1_839' title='bbox 801 5193 853 5247; x_wconf 91' lang='lat' dir='ltr'><strong>in</strong></span> <span class='ocrx_word' id='word_1_840' title='bbox 882 5190 1243 5246; x_wconf 76' lang='lat' dir='ltr'><strong>haereditatem</strong></span> <span class='ocrx_word' id='word_1_841' title='bbox 1270 5166 1433 5242; x_wconf 82' lang='lat' dir='ltr'><strong>tuam.</strong></span> <span class='ocrx_word' id='word_1_842' title='bbox 1467 5185 1533 5240; x_wconf 80' lang='lat' dir='ltr'><strong>Et</strong></span> <span class='ocrx_word' id='word_1_843' title='bbox 1557 5198 1658 5256; x_wconf 83' lang='lat' dir='ltr'><strong>ego</strong></span> <span class='ocrx_word' id='word_1_844' title='bbox 1683 5183 1749 5239; x_wconf 83' lang='lat' dir='ltr'><strong>ad</strong></span> <span class='ocrx_word' id='word_1_845' title='bbox 1778 5192 1829 5238; x_wconf 92' lang='lat' dir='ltr'><strong>te</strong></span> <span class='ocrx_word' id='word_1_846' title='bbox 1933 5178 2030 5234; x_wconf 86' lang='lat' dir='ltr'><strong>abs</strong></span> <span class='ocrx_word' id='word_1_847' title='bbox 2056 5186 2106 5233; x_wconf 91' lang='lat' dir='ltr'><strong>te</strong></span> <span class='ocrx_word' id='word_1_848' title='bbox 2130 5183 2286 5243; x_wconf 88' lang='lat' dir='ltr'><strong>sunt;</strong></span> <span class='ocrx_word' id='word_1_849' title='bbox 2317 5190 2421 5229; x_wconf 90' lang='lat' dir='ltr'><strong>non</strong></span> <span class='ocrx_word' id='word_1_850' title='bbox 2449 5187 2569 5230; x_wconf 81' lang='lat' dir='ltr'><strong>esse</strong></span> <span class='ocrx_word' id='word_1_851' title='bbox 2592 5183 2792 5239; x_wconf 90' lang='lat' dir='ltr'><strong>autem,</strong></span> <span class='ocrx_word' id='word_1_852' title='bbox 2819 5170 3068 5243; x_wconf 88' lang='lat' dir='ltr'><strong>quoniam</strong></span> <span class='ocrx_word' id='word_1_853' title='bbox 3096 5167 3147 5225; x_wconf 89' lang='lat' dir='ltr'><strong>id</strong></span> <span class='ocrx_word' id='word_1_854' title='bbox 3169 5166 3309 5238; x_wconf 80' lang='lat' dir='ltr'><strong>quod</strong></span> <span class='ocrx_word' id='word_1_855' title='bbox 3330 5183 3389 5225; x_wconf 89' lang='lat' dir='ltr'><strong>es</strong></span> <span class='ocrx_word' id='word_1_856' title='bbox 3410 5182 3516 5222; x_wconf 87' lang='lat' dir='ltr'><strong>non</strong></span> 
     </span>
    </p>
   </div>
   <div class='ocr_carea' id='block_1_95' title="bbox 292 5260 3514 5348">
    <p class='ocr_par' dir='ltr' id='par_1_95' title="bbox 292 5260 3514 5348">
     <span class='ocr_line' id='line_1_97' title="bbox 292 5260 3514 5348; baseline -0.012 1"><span class='ocrx_word' id='word_1_857' title='bbox 292 5300 507 5347; x_wconf 70' lang='lat' dir='ltr'><strong>meram</strong></span> <span class='ocrx_word' id='word_1_858' title='bbox 529 5304 597 5346; x_wconf 77' lang='lat' dir='ltr'><strong>ex</strong></span> <span class='ocrx_word' id='word_1_859' title='bbox 628 5285 919 5348; x_wconf 83' lang='lat' dir='ltr'><strong>Gentibus,</strong></span> <span class='ocrx_word' id='word_1_860' title='bbox 955 5290 1009 5338; x_wconf 91' lang='lat' dir='ltr'><strong>et</strong></span> <span class='ocrx_word' id='word_1_861' title='bbox 1046 5277 1248 5335; x_wconf 83' lang='lat' dir='ltr'><strong>intendi</strong></span> <span class='ocrx_word' id='word_1_862' title='bbox 1285 5279 1336 5333; x_wconf 93' lang='lat' dir='ltr'><strong>in</strong></span> <span class='ocrx_word' id='word_1_863' title='bbox 1377 5292 1563 5333; x_wconf 82' lang='lat' dir='ltr'><strong>aurum</strong></span> <span class='ocrx_word' id='word_1_864' title='bbox 1591 5273 1733 5347; x_wconf 80' lang='lat' dir='ltr'><strong>quod</strong></span> <span class='ocrx_word' id='word_1_865' title='bbox 1764 5273 1832 5329; x_wconf 85' lang='lat' dir='ltr'><strong>ab</strong></span> <span class='ocrx_word' id='word_1_866' title='bbox 1936 5280 2078 5329; x_wconf 90' lang='lat' dir='ltr'><strong>sunt.</strong></span> <span class='ocrx_word' id='word_1_867' title='bbox 2110 5266 2166 5327; x_wconf 87' lang='lat' dir='ltr'><strong>Id</strong></span> <span class='ocrx_word' id='word_1_868' title='bbox 2191 5268 2332 5325; x_wconf 90' lang='lat' dir='ltr'><strong>enim</strong></span> <span class='ocrx_word' id='word_1_869' title='bbox 2357 5282 2482 5323; x_wconf 87' lang='lat' dir='ltr'><strong>vere</strong></span> <span class='ocrx_word' id='word_1_870' title='bbox 2502 5276 2603 5332; x_wconf 86' lang='lat' dir='ltr'><strong>est,</strong></span> <span class='ocrx_word' id='word_1_871' title='bbox 2629 5264 2770 5337; x_wconf 85' lang='lat' dir='ltr'><strong>quod</strong></span> <span class='ocrx_word' id='word_1_872' title='bbox 2793 5260 3291 5321; x_wconf 86' lang='lat' dir='ltr'><strong>incommutabiliter</strong></span> <span class='ocrx_word' id='word_1_873' title='bbox 3315 5267 3514 5316; x_wconf 72' lang='lat' dir='ltr'><strong>manet.</strong></span> 
     </span>
    </p>
   </div>
   <div class='ocr_carea' id='block_1_96' title="bbox 352 5347 3518 5477">
    <p class='ocr_par' dir='ltr' id='par_1_96' title="bbox 352 5347 3518 5477">
     <span class='ocr_line' id='line_1_98' title="bbox 352 5347 3518 5477; baseline 0 0"><span class='ocrx_word' id='word_1_874' title='bbox 352 5422 752 5477; x_wconf 62' lang='lat' dir='ltr'><strong>omnem</strong></span> <span class='ocrx_word' id='word_1_875' title='bbox 773 5420 931 5472; x_wconf 78' lang='grc' dir='ltr'>ιοαιω</span> <span class='ocrx_word' id='word_1_876' title='bbox 964 5428 1026 5469; x_wconf 72' lang='lat' dir='ltr'><strong>ex</strong></span> <span class='ocrx_word' id='word_1_877' title='bbox 1060 5410 1155 5469; x_wconf 75' lang='lat' dir='ltr'><strong>alio</strong></span> <span class='ocrx_word' id='word_1_878' title='bbox 1170 5414 1429 5467; x_wconf 74' lang='lat' dir='ltr'><strong>mnstrare.</strong></span> <span class='ocrx_word' id='word_1_879' title='bbox 1464 5423 1647 5477; x_wconf 75' lang='lat' dir='ltr'><strong>Nempe</strong></span> <span class='ocrx_word' id='word_1_880' title='bbox 1668 5420 1833 5465; x_wconf 72' lang='lat' dir='ltr'><strong>Euam</strong></span> <span class='ocrx_word' id='word_1_881' title='bbox 2087 5371 2265 5477; x_wconf 53' lang='grc' dir='ltr'><strong>Ῠῗῗῗῗ</strong></span> <span class='ocrx_word' id='word_1_882' title='bbox 2294 5347 3518 5477; x_wconf 41' lang='grc' dir='ltr'><strong>Ἦῗῗῗῖῗὲῗλὺθῗῗῗξδζίξξίλξῖχξιἰ’ρ²έῖἶ’</strong></span> 
     </span>
    </p>
   </div>
   <div class='ocr_carea' id='block_1_97' title="bbox 284 5420 1777 5548">
    <p class='ocr_par' dir='ltr' id='par_1_97' title="bbox 284 5420 1777 5548">
     <span class='ocr_line' id='line_1_99' title="bbox 333 5420 1777 5541; baseline -0.01 -63"><span class='ocrx_word' id='word_1_883' title='bbox 333 5420 546 5541; x_wconf 51' lang='lat' dir='ltr'><strong>(ialm</strong></span> <span class='ocrx_word' id='word_1_884' title='bbox 560 5422 752 5475; x_wconf 82' lang='lat' dir='ltr'><strong>huncce</strong></span> <span class='ocrx_word' id='word_1_885' title='bbox 773 5420 931 5472; x_wconf 85' lang='lat' dir='ltr'><strong>locum</strong></span> <span class='ocrx_word' id='word_1_886' title='bbox 964 5428 1026 5469; x_wconf 72' lang='lat' dir='ltr'><strong>ex</strong></span> <span class='ocrx_word' id='word_1_887' title='bbox 1060 5420 1155 5469; x_wconf 87' lang='lat' dir='ltr'><strong>alio</strong></span> <span class='ocrx_word' id='word_1_888' title='bbox 1170 5420 1429 5467; x_wconf 84' lang='lat' dir='ltr'><strong>illustrare.</strong></span> <span class='ocrx_word' id='word_1_889' title='bbox 1464 5423 1647 5478; x_wconf 80' lang='lat' dir='ltr'><strong>Nempe</strong></span> <span class='ocrx_word' id='word_1_890' title='bbox 1668 5420 1777 5465; x_wconf 76' lang='lat' dir='ltr'><strong>Enni</strong></span> 
     </span>
     <span class='ocr_line' id='line_1_100' title="bbox 284 5477 1777 5548; baseline -0.011 -8"><span class='ocrx_word' id='word_1_891' title='bbox 284 5486 330 5539; x_wconf 81' lang='lat' dir='ltr'><strong>II</strong></span> <span class='ocrx_word' id='word_1_892' title='bbox 432 5525 445 5539; x_wconf 90' lang='lat'><strong>.</strong></span> <span class='ocrx_word' id='word_1_893' title='bbox 460 5484 540 5548; x_wconf 69' lang='grc' dir='ltr'>ια,</span> <span class='ocrx_word' id='word_1_894' title='bbox 556 5499 607 5537; x_wconf 83' lang='grc' dir='ltr'>ιι.</span> <span class='ocrx_word' id='word_1_895' title='bbox 624 5486 676 5546; x_wconf 81' lang='grc' dir='ltr'><strong>ιι,</strong></span> <span class='ocrx_word' id='word_1_896' title='bbox 691 5486 765 5536; x_wconf 82' lang='lat' dir='ltr'><strong>ain</strong></span> <span class='ocrx_word' id='word_1_897' title='bbox 778 5483 975 5534; x_wconf 65' lang='lat' dir='ltr'><strong>diuerit</strong></span> <span class='ocrx_word' id='word_1_898' title='bbox 990 5481 1277 5548; x_wconf 68' lang='lat' dir='ltr'><strong>augustinus</strong></span> <span class='ocrx_word' id='word_1_899' title='bbox 1294 5493 1306 5530; x_wconf 92' lang='lat'><strong>:</strong></span> <span class='ocrx_word' id='word_1_900' title='bbox 1334 5495 1357 5526; x_wconf 83' lang='grc' dir='ltr'><strong>ι</strong></span> <span class='ocrx_word' id='word_1_901' title='bbox 1372 5477 1660 5548; x_wconf 75' lang='lat' dir='ltr'><strong>Lenticulam</strong></span> <span class='ocrx_word' id='word_1_902' title='bbox 1673 5485 1777 5548; x_wconf 71' lang='lat' dir='ltr'><strong>ante</strong></span> 
     </span>
    </p>
   </div>
   <div class='ocr_carea' id='block_1_98' title="bbox 1882 5420 3520 5548">
    <p class='ocr_par' dir='ltr' id='par_1_98' title="bbox 1941 5434 3520 5548">
     <span class='ocr_line' id='line_1_101' title="bbox 1941 5434 3520 5548; baseline -0.014 -37"><span class='ocrx_word' id='word_1_903' title='bbox 1941 5454 2064 5528; x_wconf 90' lang='lat' dir='ltr'><strong>quia</strong></span> <span class='ocrx_word' id='word_1_904' title='bbox 2090 5450 2134 5509; x_wconf 82' lang='lat' dir='ltr'><strong>si</strong></span> <span class='ocrx_word' id='word_1_905' title='bbox 2159 5468 2269 5509; x_wconf 90' lang='lat' dir='ltr'><strong>non</strong></span> <span class='ocrx_word' id='word_1_906' title='bbox 2292 5449 2519 5508; x_wconf 89' lang='lat' dir='ltr'><strong>manebo</strong></span> <span class='ocrx_word' id='word_1_907' title='bbox 2547 5448 2601 5505; x_wconf 90' lang='lat' dir='ltr'><strong>in</strong></span> <span class='ocrx_word' id='word_1_908' title='bbox 2630 5448 2744 5516; x_wconf 91' lang='lat' dir='ltr'><strong>illo,</strong></span> <span class='ocrx_word' id='word_1_909' title='bbox 2775 5464 2875 5505; x_wconf 89' lang='lat' dir='ltr'><strong>nec</strong></span> <span class='ocrx_word' id='word_1_910' title='bbox 2900 5448 2953 5503; x_wconf 91' lang='lat' dir='ltr'><strong>in</strong></span> <span class='ocrx_word' id='word_1_911' title='bbox 2981 5462 3065 5502; x_wconf 91' lang='lat' dir='ltr'><strong>me</strong></span> <span class='ocrx_word' id='word_1_912' title='bbox 3085 5451 3290 5515; x_wconf 86' lang='lat' dir='ltr'><strong>potero.</strong></span> <span class='ocrx_word' id='word_1_913' title='bbox 3316 5434 3407 5494; x_wconf 91' lang='lat' dir='ltr'><strong>ltle</strong></span> <span class='ocrx_word' id='word_1_914' title='bbox 3424 5452 3520 5548; x_wconf 56' lang='lat' dir='ltr'><strong>ag-</strong></span> 
     </span>
     <span class='ocr_line' id='line_1_102' title="bbox 2084 5528 3518 5548; baseline 0 0"><span class='ocrx_word' id='word_1_915' title='bbox 2084 5546 2091 5548; x_wconf 26' lang='lat'><strong>.</strong></span> <span class='ocrx_word' id='word_1_916' title='bbox 2532 5542 2542 5548; x_wconf 90' lang='lat'><strong>.</strong></span> <span class='ocrx_word' id='word_1_917' title='bbox 2918 5538 2928 5548; x_wconf 91' lang='lat'><strong>.</strong></span> <span class='ocrx_word' id='word_1_918' title='bbox 3001 5533 3059 5548; x_wconf 73' lang='grc' dir='ltr'><strong>,η</strong></span> <span class='ocrx_word' id='word_1_919' title='bbox 3218 5546 3246 5548; x_wconf 42' lang='grc' dir='ltr'>η</span> <span class='ocrx_word' id='word_1_920' title='bbox 3306 5528 3396 5548; x_wconf 62' lang='grc' dir='ltr'><strong>οη</strong></span> <span class='ocrx_word' id='word_1_921' title='bbox 3500 5532 3518 5548; x_wconf 85' lang='grc'><strong>.</strong></span> 
     </span>
    </p>
   </div>
   <div class='ocr_carea' id='block_1_99' title="bbox 290 5516 3521 5608">
    <p class='ocr_par' dir='ltr' id='par_1_99' title="bbox 290 5516 3521 5608">
     <span class='ocr_line' id='line_1_103' title="bbox 290 5516 1977 5541; baseline -0.011 -1"><span class='ocrx_word' id='word_1_922' title='bbox 290 5516 445 5541; x_wconf 80' lang='grc' dir='ltr'>..η-ι.</span> <span class='ocrx_word' id='word_1_923' title='bbox 558 5516 607 5537; x_wconf 81' lang='grc' dir='ltr'><strong>ι..</strong></span> <span class='ocrx_word' id='word_1_924' title='bbox 691 5516 1053 5536; x_wconf 62' lang='grc' dir='ltr'><strong>...ν-,νηηυ</strong></span> <span class='ocrx_word' id='word_1_925' title='bbox 1092 5516 1306 5531; x_wconf 61' lang='grc' dir='ltr'><strong>..σωκ-υ.</strong></span> <span class='ocrx_word' id='word_1_926' title='bbox 1335 5516 1660 5530; x_wconf 74' lang='grc' dir='ltr'><strong>-..ν-..ν........</strong></span> <span class='ocrx_word' id='word_1_927' title='bbox 1673 5516 1840 5528; x_wconf 51' lang='grc' dir='ltr'><strong>..-π</strong></span> <span class='ocrx_word' id='word_1_928' title='bbox 1959 5516 1977 5528; x_wconf 88' lang='grc'><strong>,</strong></span> 
     </span>
     <span class='ocr_line' id='line_1_104' title="bbox 290 5516 3521 5608; baseline -0.012 8"><span class='ocrx_word' id='word_1_929' title='bbox 290 5516 577 5605; x_wconf 50' lang='lat' dir='ltr'><strong>thing,“</strong></span> <span class='ocrx_word' id='word_1_930' title='bbox 799 5516 1282 5608; x_wconf 52' lang='lat' dir='ltr'><strong>esseesxﬁﬁorum.</strong></span> <span class='ocrx_word' id='word_1_931' title='bbox 1312 5555 1425 5608; x_wconf 67' lang='lat' dir='ltr'><strong>Pam</strong></span> <span class='ocrx_word' id='word_1_932' title='bbox 1457 5540 1529 5608; x_wconf 55' lang='lat' dir='ltr'><strong>iiii.</strong></span> <span class='ocrx_word' id='word_1_933' title='bbox 1556 5538 1767 5608; x_wconf 63' lang='lat' dir='ltr'><strong>abundat</strong></span> <span class='ocrx_word' id='word_1_934' title='bbox 1789 5538 1841 5608; x_wconf 66' lang='grc' dir='ltr'><strong>ίρ</strong></span> <span class='ocrx_word' id='word_1_935' title='bbox 1945 5557 2049 5603; x_wconf 91' lang='lat' dir='ltr'><strong>tem</strong></span> <span class='ocrx_word' id='word_1_936' title='bbox 2081 5546 2132 5601; x_wconf 90' lang='lat' dir='ltr'><strong>in</strong></span> <span class='ocrx_word' id='word_1_937' title='bbox 2174 5561 2234 5601; x_wconf 86' lang='lat' dir='ltr'><strong>se</strong></span> <span class='ocrx_word' id='word_1_938' title='bbox 2270 5557 2491 5599; x_wconf 89' lang='lat' dir='ltr'><strong>manens</strong></span> <span class='ocrx_word' id='word_1_939' title='bbox 2531 5542 2744 5597; x_wconf 84' lang='lat' dir='ltr'><strong>innovat</strong></span> <span class='ocrx_word' id='word_1_940' title='bbox 2788 5538 2962 5595; x_wconf 87' lang='lat' dir='ltr'><strong>omnia</strong></span> <span class='ocrx_word' id='word_1_941' title='bbox 2995 5533 3146 5604; x_wconf 86' lang='lat' dir='ltr'><strong>(Sap.</strong></span> <span class='ocrx_word' id='word_1_942' title='bbox 3182 5546 3279 5595; x_wconf 85' lang='lat' dir='ltr'><strong>vn,</strong></span> <span class='ocrx_word' id='word_1_943' title='bbox 3306 5528 3416 5597; x_wconf 81' lang='lat'><strong>27).</strong></span> <span class='ocrx_word' id='word_1_944' title='bbox 3452 5516 3521 5579; x_wconf 79' lang='lat' dir='ltr'><strong>Et</strong></span> 
     </span>
    </p>
   </div>
   <div class='ocr_carea' id='block_1_100' title="bbox 293 5600 1777 5740">
    <p class='ocr_par' dir='ltr' id='par_1_100' title="bbox 293 5600 1777 5740">
     <span class='ocr_line' id='line_1_105' title="bbox 293 5600 1777 5678; baseline -0.009 -17"><span class='ocrx_word' id='word_1_945' title='bbox 293 5628 313 5661; x_wconf 83' lang='lat' dir='ltr'><strong>s</strong></span> <span class='ocrx_word' id='word_1_946' title='bbox 545 5600 680 5661; x_wconf 84' lang='lat' dir='ltr'><strong>unde</strong></span> <span class='ocrx_word' id='word_1_947' title='bbox 694 5600 1594 5671; x_wconf 50' lang='lat' dir='ltr'><strong>magniﬁcatur&#39;lenticula&#39;siexandrina</strong></span> <span class='ocrx_word' id='word_1_948' title='bbox 1605 5634 1620 5658; x_wconf 91' lang='lat'><strong>,</strong></span> <span class='ocrx_word' id='word_1_949' title='bbox 1640 5605 1692 5650; x_wconf 90' lang='lat' dir='ltr'><strong>et</strong></span> <span class='ocrx_word' id='word_1_950' title='bbox 1706 5612 1777 5663; x_wconf 68' lang='lat' dir='ltr'><strong>vei</strong></span> 
     </span>
     <span class='ocr_line' id='line_1_106' title="bbox 295 5660 1777 5740; baseline -0.001 1"><span class='ocrx_word' id='word_1_951' title='bbox 295 5678 463 5740; x_wconf 63' lang='lat' dir='ltr'><strong>tm</strong></span> <span class='ocrx_word' id='word_1_952' title='bbox 485 5666 1109 5740; x_wconf 57' lang='grc' dir='ltr'><strong>ιιηθιτιιμοατβεκςιιιω</strong></span> <span class='ocrx_word' id='word_1_953' title='bbox 1124 5666 1205 5740; x_wconf 58' lang='lat' dir='ltr'><strong>hic</strong></span> <span class='ocrx_word' id='word_1_954' title='bbox 1218 5677 1316 5740; x_wconf 58' lang='lat' dir='ltr'><strong>n99</strong></span> <span class='ocrx_word' id='word_1_955' title='bbox 1583 5660 1777 5740; x_wconf 13' lang='lat' dir='ltr'><strong>eiseis!</strong></span> 
     </span>
    </p>
   </div>
   <div class='ocr_carea' id='block_1_101' title="bbox 1882 5600 3519 5740">
    <p class='ocr_par' dir='ltr' id='par_1_101' title="bbox 1947 5627 3519 5703">
     <span class='ocr_line' id='line_1_107' title="bbox 1947 5627 3519 5703; baseline -0.013 -10"><span class='ocrx_word' id='word_1_956' title='bbox 1947 5638 2203 5693; x_wconf 90' lang='lat' dir='ltr'><strong>Dominus</strong></span> <span class='ocrx_word' id='word_1_957' title='bbox 2233 5636 2371 5691; x_wconf 86' lang='lat' dir='ltr'><strong>Deus</strong></span> <span class='ocrx_word' id='word_1_958' title='bbox 2400 5648 2550 5689; x_wconf 83' lang='lat' dir='ltr'><strong>meus</strong></span> <span class='ocrx_word' id='word_1_959' title='bbox 2576 5644 2664 5699; x_wconf 79' lang='lat' dir='ltr'><strong>es,</strong></span> <span class='ocrx_word' id='word_1_960' title='bbox 2695 5630 2941 5703; x_wconf 80' lang='lat' dir='ltr'><strong>quoniam</strong></span> <span class='ocrx_word' id='word_1_961' title='bbox 2980 5627 3235 5680; x_wconf 78' lang='lat' dir='ltr'><strong>bonorum</strong></span> <span class='ocrx_word' id='word_1_962' title='bbox 3278 5628 3519 5672; x_wconf 79' lang='lat' dir='ltr'><strong>meorum</strong></span> 
     </span>
    </p>
   </div>
   <div class='ocr_carea' id='block_1_102' title="bbox 294 5720 2605 5853">
    <p class='ocr_par' dir='ltr' id='par_1_102' title="bbox 294 5720 2605 5853">
     <span class='ocr_line' id='line_1_108' title="bbox 294 5720 2605 5853; baseline -0.037 3"><span class='ocrx_word' id='word_1_963' title='bbox 294 5720 1848 5853; x_wconf 37' lang='lat' dir='ltr'><strong>gﬂmﬁg‘gm‘gmﬁgggﬁ</strong></span> <span class='ocrx_word' id='word_1_964' title='bbox 1948 5743 2053 5784; x_wconf 87' lang='lat' dir='ltr'><strong>non</strong></span> <span class='ocrx_word' id='word_1_965' title='bbox 2072 5742 2196 5798; x_wconf 81' lang='lat' dir='ltr'><strong>eges</strong></span> <span class='ocrx_word' id='word_1_966' title='bbox 2224 5720 2499 5853; x_wconf 28' lang='lat' dir='ltr'><strong>(Psallxv,</strong></span> <span class='ocrx_word' id='word_1_967' title='bbox 2526 5722 2605 5793; x_wconf 70' lang='lat'><strong>2).</strong></span> 
     </span>
    </p>
   </div>
   <div class='ocr_carea' id='block_1_103' title="bbox 296 5787 1848 5907">
    <p class='ocr_par' dir='ltr' id='par_1_103' title="bbox 296 5787 1848 5907">
     <span class='ocr_line' id='line_1_109' title="bbox 296 5787 1848 5907; baseline -0.006 -62"><span class='ocrx_word' id='word_1_968' title='bbox 296 5808 318 5845; x_wconf 79' lang='grc' dir='ltr'><strong>ι</strong></span> <span class='ocrx_word' id='word_1_969' title='bbox 330 5787 437 5859; x_wconf 56' lang='grc' dir='ltr'><strong>ᾧ.</strong></span> <span class='ocrx_word' id='word_1_970' title='bbox 452 5794 525 5848; x_wconf 81' lang='lat' dir='ltr'><strong>ste</strong></span> <span class='ocrx_word' id='word_1_971' title='bbox 538 5792 813 5907; x_wconf 49' lang='lat' dir='ltr'><strong>etgopulus</strong></span> <span class='ocrx_word' id='word_1_972' title='bbox 827 5791 1098 5842; x_wconf 68' lang='lat' dir='ltr'><strong>Judaaorum</strong></span> <span class='ocrx_word' id='word_1_973' title='bbox 1113 5787 1181 5841; x_wconf 73' lang='lat' dir='ltr'><strong>de</strong></span> <span class='ocrx_word' id='word_1_974' title='bbox 1195 5787 1297 5853; x_wconf 63' lang='lat' dir='ltr'><strong>quo</strong></span> <span class='ocrx_word' id='word_1_975' title='bbox 1311 5787 1491 5838; x_wconf 85' lang='lat' dir='ltr'><strong>dictum</strong></span> <span class='ocrx_word' id='word_1_976' title='bbox 1508 5789 1585 5836; x_wconf 83' lang='lat' dir='ltr'><strong>est</strong></span> <span class='ocrx_word' id='word_1_977' title='bbox 1596 5820 1611 5847; x_wconf 96' lang='lat'><strong>,</strong></span> <span class='ocrx_word' id='word_1_978' title='bbox 1628 5787 1848 5835; x_wconf 69' lang='lat' dir='ltr'><strong>conterat</strong></span> 
     </span>
     <span class='ocr_line' id='line_1_110' title="bbox 298 5844 1848 5907; baseline -0.008 0"><span class='ocrx_word' id='word_1_979' title='bbox 298 5866 319 5907; x_wconf 80' lang='grc' dir='ltr'><strong>ι</strong></span> <span class='ocrx_word' id='word_1_980' title='bbox 328 5860 424 5907; x_wconf 65' lang='grc' dir='ltr'>αι</span> <span class='ocrx_word' id='word_1_981' title='bbox 436 5856 584 5907; x_wconf 62' lang='lat' dir='ltr'><strong>mae</strong></span> <span class='ocrx_word' id='word_1_982' title='bbox 668 5858 920 5907; x_wconf 57' lang='lat' dir='ltr'><strong>[suum</strong></span> <span class='ocrx_word' id='word_1_983' title='bbox 929 5892 942 5907; x_wconf 85' lang='lat'><strong>.</strong></span> <span class='ocrx_word' id='word_1_984' title='bbox 976 5847 1253 5903; x_wconf 84' lang='lat' dir='ltr'><strong>lenticulam</strong></span> <span class='ocrx_word' id='word_1_985' title='bbox 1285 5847 1632 5907; x_wconf 87' lang='lat' dir='ltr'><strong>quodammodo</strong></span> <span class='ocrx_word' id='word_1_986' title='bbox 1656 5844 1848 5896; x_wconf 86' lang='lat' dir='ltr'><strong>deside-</strong></span> 
     </span>
    </p>
   </div>
   <div class='ocr_carea' id='block_1_104' title="bbox 298 5844 1849 5921">
    <p class='ocr_par' dir='ltr' id='par_1_104' title="bbox 298 5844 1849 5921">
     <span class='ocr_line' id='line_1_111' title="bbox 298 5844 1849 5921; baseline -0.008 -14"><span class='ocrx_word' id='word_1_987' title='bbox 668 5844 942 5921; x_wconf 62' lang='lat' dir='ltr'><strong>;tyyptmn,</strong></span> <span class='ocrx_word' id='word_1_988' title='bbox 976 5844 1253 5921; x_wconf 64' lang='lat' dir='ltr'><strong>lentiwlam</strong></span> <span class='ocrx_word' id='word_1_989' title='bbox 1285 5844 1632 5915; x_wconf 85' lang='lat' dir='ltr'><strong>quodammodo</strong></span> <span class='ocrx_word' id='word_1_990' title='bbox 1656 5844 1849 5896; x_wconf 86' lang='lat' dir='ltr'><strong>deside-</strong></span> 
     </span>
    </p>
   </div>
   <div class='ocr_carea' id='block_1_105' title="bbox 285 5913 1296 6005">
    <p class='ocr_par' dir='ltr' id='par_1_105' title="bbox 285 5913 1296 6005">
     <span class='ocr_line' id='line_1_112' title="bbox 285 5913 1296 6005; baseline -0.017 -28"><span class='ocrx_word' id='word_1_991' title='bbox 285 5913 908 6005; x_wconf 53' lang='lat' dir='ltr'><strong>immmtmnm</strong></span> <span class='ocrx_word' id='word_1_992' title='bbox 923 5913 1254 5978; x_wconf 85' lang='lat' dir='ltr'><strong>perdiderunt.</strong></span> <span class='ocrx_word' id='word_1_993' title='bbox 1274 5930 1296 5957; x_wconf 69' lang='grc' dir='ltr'><strong>υ</strong></span> 
     </span>
    </p>
   </div>
   <div class='ocr_carea' id='block_1_106' title="bbox 2200 4896 3233 4968">
    <p class='ocr_par' dir='ltr' id='par_1_106' title="bbox 2200 4896 3233 4968">
     <span class='ocr_line' id='line_1_113' title="bbox 2200 4896 3233 4968; baseline -0.01 -14"><span class='ocrx_word' id='word_1_994' title='bbox 2200 4896 2465 4968; x_wconf 85' lang='lat' dir='ltr'><strong>Quomodo</strong></span> <span class='ocrx_word' id='word_1_995' title='bbox 2493 4905 2738 4951; x_wconf 65' lang='lat' dir='ltr'><strong>creaturae</strong></span> <span class='ocrx_word' id='word_1_996' title='bbox 2758 4901 2875 4949; x_wconf 83' lang='lat' dir='ltr'><strong>sunt</strong></span> <span class='ocrx_word' id='word_1_997' title='bbox 2903 4903 2950 4948; x_wconf 80' lang='lat' dir='ltr'><strong>et</strong></span> <span class='ocrx_word' id='word_1_998' title='bbox 2979 4908 3079 4948; x_wconf 82' lang='lat' dir='ltr'><strong>non</strong></span> <span class='ocrx_word' id='word_1_999' title='bbox 3099 4900 3233 4946; x_wconf 78' lang='lat' dir='ltr'><strong>sunt.</strong></span> 
     </span>
    </p>
   </div>
   <div class='ocr_carea' id='block_1_107' title="bbox 2016 5824 3364 5898">
    <p class='ocr_par' dir='ltr' id='par_1_107' title="bbox 2016 5824 3364 5898">
     <span class='ocr_line' id='line_1_114' title="bbox 2016 5824 3364 5898; baseline -0.019 -3"><span class='ocrx_word' id='word_1_1000' title='bbox 2016 5845 2033 5877; x_wconf 77' lang='grc' dir='ltr'>ί</span> <span class='ocrx_word' id='word_1_1001' title='bbox 2053 5844 2138 5894; x_wconf 77' lang='lat' dir='ltr'><strong>tlte</strong></span> <span class='ocrx_word' id='word_1_1002' title='bbox 2153 5843 2203 5892; x_wconf 87' lang='lat' dir='ltr'><strong>in</strong></span> <span class='ocrx_word' id='word_1_1003' title='bbox 2219 5838 2333 5892; x_wconf 69' lang='lat' dir='ltr'><strong>cdd.</strong></span> <span class='ocrx_word' id='word_1_1004' title='bbox 2355 5839 2541 5890; x_wconf 84' lang='lat' dir='ltr'><strong>additur</strong></span> <span class='ocrx_word' id='word_1_1005' title='bbox 2554 5873 2568 5898; x_wconf 92' lang='lat'><strong>,</strong></span> <span class='ocrx_word' id='word_1_1006' title='bbox 2591 5840 2800 5890; x_wconf 81' lang='lat' dir='ltr'><strong>Donum,</strong></span> <span class='ocrx_word' id='word_1_1007' title='bbox 2831 5840 2923 5891; x_wconf 82' lang='lat' dir='ltr'><strong>qua</strong></span> <span class='ocrx_word' id='word_1_1008' title='bbox 2942 5833 3056 5896; x_wconf 65' lang='lat' dir='ltr'><strong>voce</strong></span> <span class='ocrx_word' id='word_1_1009' title='bbox 3073 5826 3241 5898; x_wconf 64' lang='lat' dir='ltr'><strong>carent</strong></span> <span class='ocrx_word' id='word_1_1010' title='bbox 3257 5824 3364 5871; x_wconf 68' lang='lat' dir='ltr'><strong>Mss.</strong></span> 
     </span>
    </p>
   </div>
   <div class='ocr_carea' id='block_1_108' title="bbox 2014 5885 3192 5967">
    <p class='ocr_par' dir='ltr' id='par_1_108' title="bbox 2014 5885 3192 5967">
     <span class='ocr_line' id='line_1_115' title="bbox 2014 5885 3192 5967; baseline -0.022 -10"><span class='ocrx_word' id='word_1_1011' title='bbox 2014 5909 2034 5938; x_wconf 81' lang='grc'>¹</span> <span class='ocrx_word' id='word_1_1012' title='bbox 2052 5885 2602 5967; x_wconf 55' lang='grc' dir='ltr'><strong>ἧὲέίῦιῖιᾷὖὸᾶᾘὲὖιιέιι</strong></span> <span class='ocrx_word' id='word_1_1013' title='bbox 2620 5885 2805 5951; x_wconf 61' lang='lat' dir='ltr'><strong>tenuit,</strong></span> <span class='ocrx_word' id='word_1_1014' title='bbox 2833 5885 3192 5950; x_wconf 66' lang='grc' dir='ltr'><strong>ὁοιιδιιὶίέεηιτιιτ.</strong></span> 
     </span>
    </p>
   </div>
  </div>
