3926 6272
535 438 644 496 ⁸1ιό

1137 545 1362 606 CAPUT
1402 546 1519 603 XII.

886 642 1066 697 Omnia
1094 641 1243 710 bona,
1275 656 1599 713 quwcumque
1627 651 1763 696 sunt.

611 734 697 791 l8.
739 733 806 790 Et
838 733 1233 789 manifestatum
1263 740 1347 788 est
1383 730 1513 785 mihi
1552 731 1800 802 quoniam
1826 730 1963 786 bona
1999 738 2120 787 sunt

537 843 656 900 qua:
682 836 1110 899 corrumpuntur,
1132 841 1251 897 quae
1275 839 1448 896 neque
1471 825 1514 880 si
1537 839 1739 880 summa
1761 825 1896 879 bona
1917 835 2115 888 essent,

539 937 711 992 neque
750 921 852 976 nisi
891 921 1030 976 bona
1075 928 1254 976 essent
1277 960 1291 984 ,
1333 919 1600 988 corrumpi
1641 925 1895 989 possent:
1928 918 2046 987 quia
2075 917 2120 972 si

564 1029 742 1068 umma
767 1013 904 1068 bona
941 1020 1155 1079 essent,
1195 1011 1606 1081 incorruptibilia
1632 1020 1842 1076 essent;
1874 1011 1918 1065 si
1943 1019 2118 1065 autem

535 1108 677 1164 nulla
704 1107 842 1164 bona
871 1115 1071 1174 essent,
1094 1105 1236 1177 quod
1262 1106 1314 1160 in
1346 1106 1424 1161 eis
1448 1113 1882 1175 corrumperetur
1907 1118 2010 1160 non
2034 1118 2121 1160 es-

536 1207 637 1254 set.
685 1197 854 1254 Nocet
895 1197 1037 1253 enim
1077 1196 1375 1267 corruptio,
1404 1204 1458 1251 et
1485 1195 1585 1251 nisi
1609 1195 1804 1250 bonum
1837 1195 2117 1260 minueret,

536 1308 644 1348 non
687 1301 925 1348 noceret.
967 1291 1073 1345 Aut
1106 1290 1266 1360 igitur
1297 1289 1427 1344 nihil
1462 1299 1618 1344 nocet
1645 1288 1948 1360 corruptio,
1981 1287 2120 1358 quod

537 1385 652 1441 fieri
697 1401 802 1439 non
848 1393 1056 1454 potest:
1093 1392 1214 1448 aut,
1247 1383 1385 1452 quod
1415 1381 1767 1437 certiSsimum
1795 1390 1908 1447 est,
1944 1382 2120 1437 omnia

537 1493 657 1549 quae
697 1486 1138 1548 corrumpuntur,
1192 1477 1464 1546 privantur
1489 1477 1665 1544 bono.
1698 1476 1752 1530 Si
1779 1484 1955 1531 autem
1977 1476 2121 1530 omni

539 1569 682 1626 bono
711 1568 1076 1639 privabuntur,
1106 1568 1323 1622 omnino
1350 1583 1454 1622 non
1482 1576 1657 1622 erunt.
1689 1567 1745 1624 Si
1769 1568 1910 1622 cnim
1942 1577 2119 1635 erunt,

537 1669 593 1716 ct
635 1661 900 1730 corrumpi
943 1661 1051 1729 jam
1096 1674 1202 1714 non
1235 1667 1506 1730 poterunt,
1542 1659 1761 1714 meliora
1793 1668 1968 1725 erunt,
2001 1661 2122 1730 quia

540 1752 1012 1824 incomtptibiliter
1035 1752 1436 1822 permanebunt.
1476 1753 1543 1807 Et
1579 1752 1703 1823 quid
1734 1754 2120 1810 monstruosius

537 1861 695 1917 quam
713 1861 773 1902 ea
794 1845 970 1903 dicere
989 1845 1134 1902 omni
1155 1846 1294 1901 bono
1315 1847 1511 1902 amisso
1534 1845 1670 1902 facta
1699 1847 1956 1901 meliora?
1985 1849 2124 1918 Ergo

537 1936 584 1992 si
609 1937 752 1991 omni
778 1937 918 1993 bono
945 1936 1325 2007 privabantur,
1357 1937 1574 1992 omnino
1602 1938 1744 1991 nulla
1773 1945 1927 1992 erunt
1951 1955 1964 1990 :
1996 1952 2123 2008 ergo

541 2028 792 2098 quamdiu
815 2037 956 2091 sunt,
986 2028 1123 2083 bona
1153 2036 1272 2083 sunt
1299 2046 1312 2083 :
1345 2043 1472 2099 ergo
1500 2043 1845 2099 quaecumque
1872 2036 2014 2093 sunt,
2039 2029 2124 2084 ho.

540 2135 608 2176 na
633 2129 773 2176 sunt.
813 2120 1108 2190 Malumque
1133 2119 1260 2175 illud
1291 2118 1433 2191 quod
1458 2118 1761 2189 quaerebam
1793 2119 1933 2173 unde
1957 2128 2120 2188 esset,

543 2228 647 2268 non
674 2221 755 2269 est
793 2212 1118 2279 substantia;
1154 2212 1277 2282 quia
1321 2211 1368 2266 si
1408 2211 1704 2266 substantia
1737 2219 1897 2279 esset,
1925 2212 2123 2266 bonum

539 2311 701 2358 esset.
727 2303 833 2358 Aut
856 2302 998 2357 enim
1025 2309 1168 2358 esset
1193 2301 1610 2371 incorruptibilis
1639 2301 1932 2356 substantia
1957 2343 1972 2368 ,
2008 2317 2123 2356 ma-

538 2407 696 2462 gnum
732 2391 916 2462 utique
953 2392 1155 2447 bonum
1183 2409 1196 2445 :
1221 2399 1312 2446 aut
1337 2391 1627 2446 substantia
1657 2392 2014 2462 corruptibilis
2041 2407 2128 2447 es-

537 2493 638 2550 set,
667 2500 787 2554 quze
813 2483 913 2539 nisi
938 2483 1078 2538 bona
1102 2491 1265 2551 esset,
1291 2483 1560 2552 corrumpi
1586 2498 1690 2538 non
1719 2491 1914 2552 posset.
1947 2481 2126 2554 Itaque

538 2577 647 2632 vidi
681 2586 736 2632 et
760 2576 1158 2632 manifestatum
1185 2585 1269 2632 est
1297 2575 1427 2631 mihi
1451 2580 1571 2659 quia
1598 2577 1775 2631 omnia
1801 2577 1936 2631 bona
1968 2584 2024 2631 tu
2049 2575 2128 2632 fe—

540 2670 659 2726 cisti
683 2711 698 2736 ,
730 2680 785 2727 et
830 2685 1050 2743 prorsus
1088 2670 1251 2726 nullze
1285 2669 1592 2725 substantia:
1621 2678 1744 2725 sunt
1777 2685 1909 2740 quas
1939 2677 1994 2724 tu
2020 2685 2124 2725 non

539 2759 734 2818 fecisti.
771 2761 840 2817 Et
877 2762 1126 2834 quoniam
1167 2777 1273 2816 non
1305 2761 1526 2833 aequalia
1563 2762 1742 2817 omnia
1772 2761 1976 2830 fecisti,
2006 2761 2126 2818 ideo

539 2864 664 2910 sunt
691 2855 900 2921 omnia;
931 2855 1052 2926 quia
1095 2855 1298 2926 singula
1325 2853 1464 2910 bona
1489 2863 1640 2921 sunt,
1683 2862 1737 2910 et
1763 2855 1917 2909 simul
1947 2855 2126 2910 omnia

539 2945 692 3002 valde
719 2947 854 3002 bona
881 2965 894 3001 τ
925 2946 1175 3017 quoniam
1213 2946 1340 3002 fecit
1380 2946 1518 3001 Deus
1560 2954 1744 3002 noster
1786 2946 1962 3002 omnia
1987 2946 2124 3002 bona

539 3038 690 3095 valde
720 3038 872 3112 (Gen.
900 3055 948 3106 t;
978 3049 1024 3095 et
1053 3037 1213 3094 Eccli.
1243 3055 1437 3105 xxxix,
1463 3039 1578 3112 ει).

1149 3151 1379 3209 CAPUT
1417 3152 1556 3208 Xlll.

902 3243 1086 3299 Omnia
1113 3244 1317 3298 condita
1345 3245 1554 3298 laudant
1584 3245 1767 3300 Deum.

617 3357 702 3412 l9.
744 3356 812 3410 Et
841 3355 932 3410 tibi
961 3356 1180 3411 omnino
1203 3371 1308 3410 non
1333 3364 1415 3411 est
1440 3357 1657 3423 malum,
1682 3371 1788 3412 non
1815 3357 1987 3414 solum
2011 3359 2124 3426 tibi,

543 3451 638 3508 sed
679 3465 778 3506 nec
805 3450 1069 3505 universa:
1096 3459 1354 3505 creatura:
1379 3457 1516 3516 tute;
1547 3450 1667 3520 quia
1689 3460 1838 3506 extra
1868 3453 1884 3483 ¹
1917 3468 2024 3507 non
2047 3461 2131 3509 est

542 3542 740 3613 aliquid
767 3541 908 3613 quod
935 3542 1224 3612 irrumpat,
1270 3551 1326 3598 et
1363 3554 1668 3616 corrumpat
1705 3545 1945 3601 ordinem
1971 3563 2126 3620 quem

542 3633 767 3705 posuisti
797 3633 872 3696 ei.
893 3631 950 3688 ln
980 3633 1219 3704 partibus
1246 3643 1424 3690 autem
1455 3635 1568 3706 ejus
1591 3636 1832 3707 quaedam
1854 3679 1869 3705 ,
1913 3640 2129 3710 quibus-

541 3725 664 3782 dam
691 3725 812 3796 quia
841 3739 946 3780 non
977 3726 1326 3793 conveniunt,
1368 3727 1502 3781 mala
1544 3739 1830 3797 putantur:
1864 3731 2127 3788 eteadem

545 3819 660 3890 ipsa
689 3817 1014 3874 conveniunt
1037 3818 1188 3884 aliis,
1231 3827 1285 3874 ct
1310 3819 1445 3874 bona
1472 3829 1612 3886 sunt,
1653 3831 1707 3876 et
1749 3822 1800 3876 in
1832 3824 2128 3895 semetipsis

539 3909 680 3967 bona
710 3917 855 3966 sunt.
890 3910 951 3966 Et
980 3909 1157 3966 omnia
1187 3909 1301 3966 haec
1346 3927 1462 3980 quae
1497 3912 1712 3966 sibimet
1751 3912 1976 3969 invicem
2023 3931 2126 3970 non

543 4004 902 4069 conveniunt,
931 4001 1254 4060 conveniunt
1279 4000 1519 4058 inferiori
1547 4004 1682 4074 parti
1712 4021 1889 4061 rerum
1912 4049 1926 4073 ,
1970 4022 2126 4077 quam

542 4105 739 4152 terram
784 4095 1042 4161 dicimus,
1089 4093 1373 4150 habentem
1420 4094 1612 4150 coelum
1643 4111 1796 4152 suum
1824 4097 2125 4154 nubilosum

542 4196 700 4258 atque
725 4195 1004 4243 ventosum
1031 4200 1326 4258 congruum
1363 4186 1484 4241 sibi.
1513 4187 1580 4242 Et
1607 4187 1744 4244 absit
1765 4187 1873 4258 jam
1902 4199 1956 4243 ut
1981 4189 2127 4247 dice-

541 4295 689 4336 rem:
720 4277 832 4334 Non
858 4287 1038 4334 essent
1062 4279 1161 4334 ista
1190 4280 1244 4335 ':
1273 4279 1392 4350 quia
1433 4280 1530 4336 etsi
1561 4280 1673 4336 sola
1701 4281 1799 4336 ista
1828 4297 2124 4352 cernerem,

543 4369 906 4426 desiderarem
943 4369 1157 4441 quidem
1189 4369 1436 4438 meliora,
1469 4370 1561 4427 sed
1585 4371 1696 4442 jam
1723 4373 1879 4428 etiam
1905 4373 1973 4429 de
2002 4375 2128 4430 solis

542 4461 660 4516 istis
704 4459 919 4516 laudare
963 4469 1016 4518 te
1064 4461 1351 4528 deberem;
1405 4464 1653 4534 quoniam
1705 4465 2021 4522 laudandum
2076 4477 2128 4525 te

541 4551 834 4608 ostendunt
862 4552 929 4608 de
959 4561 1100 4610 terra
1131 4553 1399 4610 dracones
1423 4568 1477 4610 et
1503 4571 1690 4612 omnes
1716 4557 1930 4630 abyssi,
1970 4559 2124 4630 ignis,

541 4642 766 4715 grando,
795 4644 908 4712 nix,
937 4645 1152 4715 glacies,
1181 4647 1396 4718 spiritus
1418 4650 1766 4720 tempestatis,
1792 4667 1910 4722 quze
1931 4651 2129 4708 faciunt
2164 4675 2166 4677 ’

542 4737 764 4792 verbum
792 4743 937 4791 tuum
964 4753 976 4790 :
1005 4747 1215 4794 montes
1241 4748 1295 4794 et
1321 4754 1507 4796 omnes
1535 4742 1728 4809 colles,
1775 4743 1915 4815 ligna
1942 4745 2126 4801 fructi-

544 4826 658 4885 fera
685 4836 739 4883 et
765 4843 952 4884 omnes
977 4828 1153 4897 cedri;
1181 4829 1366 4886 bestiae
1396 4842 1450 4888 ct
1475 4835 1653 4890 omnia
1678 4850 1890 4905 pecora,
1920 4838 2125 4908 rcptilia

545 4929 600 4974 et
642 4918 873 4974 volatilia
917 4929 1180 4990 pennata;
1228 4937 1379 4994 reges
1423 4932 1579 4981 terra:
1608 4935 1663 4981 et
1692 4942 1878 4984 omnes
1917 4931 2124 5000 populi,

542 5009 814 5081 principes
838 5017 893 5065 et
913 5024 1100 5067 omnes
1115 5011 1322 5082 judices
1343 5023 1526 5080 terrae;
1553 5017 1778 5087 juvenes
1800 5028 1853 5075 et
1873 5020 2123 5092 virgines,

543 5105 786 5159 seniores
829 5118 949 5160 cum
988 5104 1287 5175 junioribus
1330 5107 1545 5164 laudant
1576 5125 1767 5167 nomen
1795 5120 1963 5168 tuum.
1991 5114 2125 5170 Cum

543 5209 674 5252 vero
701 5196 861 5252 etiam
891 5195 959 5252 de
987 5197 1138 5252 caelis
1167 5207 1219 5253 te
1245 5198 1479 5265 laudent,
1511 5201 1727 5258 laudent
1754 5210 1825 5268 te,
1858 5204 1999 5260 Deus
2025 5220 2125 5261 no-

543 5296 675 5355 ster,
701 5287 752 5342 in
774 5287 999 5343 excelsis
1020 5302 1208 5345 omnes
1231 5290 1415 5361 Angeli
1439 5293 1536 5357 tui,
1560 5308 1745 5348 omnes
1761 5294 1983 5349 virtutes
2000 5304 2121 5364 tuae,

543 5377 626 5433 sol
654 5387 709 5434 et
733 5378 879 5445 luna,
907 5394 1094 5435 omnes
1127 5380 1296 5436 stellze
1324 5390 1377 5436 et
1405 5382 1606 5448 lumen,
1645 5384 1764 5439 coeli
1791 5384 2048 5441 caelorum
2075 5396 2129 5443 et

608 5510 633 5585 At,
643 5511 916 5585 metiatur
932 5514 1525 5585 iamv._etantiquioribus
1541 5516 1973 5585 editionibus,_quia
1987 5527 2128 5575 extra

543 5573 591 5641 te
606 5583 702 5641 non
713 5572 785 5625 Est
801 5572 1006 5641 aliquid.
1020 5583 1075 5625 At
1090 5583 1202 5625 Arn.
1222 5589 1283 5626 ex
1291 5572 1480 5641 inluxit
1491 5585 1537 5641 te
1549 5615 1562 5639 ,
1583 5591 1693 5641 quae
1710 5593 1802 5629 vox
1820 5572 1962 5632 abest
1976 5596 2004 5632 a
2017 5572 2124 5636 Mss.

545 5635 784 5686 etabesse
799 5635 978 5698 debet,
994 5650 1105 5688 cum
1121 5635 1400 5696 sensus'sit,
1420 5639 1537 5687 nihil
1550 5635 1666 5690 'es'se
1699 5648 1836 5692 extra
1855 5635 2127 5697 universam

543 5701 995 5809 mmbaquod
1011 5700 1073 5750 ad
1093 5699 1470 5763 perturbandum
1485 5702 1704 5753 ordinem
1727 5717 1756 5754 a
1787 5711 1885 5754 Deo
1899 5709 2127 5758 constitu-

589 5820 723 5890 .{s‘ic
746 5820 852 5871 uss.
870 5834 979 5890 cum
1003 5830 1112 5875 Am.
1131 5824 1216 5890 ubi
1231 5824 1600 5890 somm,_habet,
1618 5833 1670 5880 ut
1687 5828 1900 5882 dicerem
1917 5842 2008 5883 non
2025 5845 2127 5887 esse

548 5885 643 5930 Ittst
658 5885 751 5931 ista
773 5896 789 5933 :
812 5887 976 5935 ceteri
991 5899 1135 5950 porro
1151 5887 1285 5950 Edd.,
1302 5893 1356 5939 ut
1371 5885 1690 5943 dicerem'non
1711 5906 1812 5946 esse
1828 5892 1938 5945 ista.

1670 430 2180 492 CONFESSIONUM
2216 432 2272 490 S.
2330 431 2691 492 AUGUSTINI
3664 441 3745 500 7η

2227 565 2379 623 aqua:
2417 566 2535 622 qua:
2577 565 2737 622 super
2778 549 2943 606 caelos
2984 555 3136 616 sunt,
3178 547 3391 606 laudent
3419 563 3601 608 nomen
3627 563 3745 612 tuum

2229 642 2398 716 (Psal.
2429 658 2646 707 cxnvm,
2677 641 2834 712 1-12)
2859 660 2871 696 :
2899 656 3004 698 non
3028 641 3136 712 jam
3166 641 3521 699 desiderabam
3545 645 3744 715 meliora,

2225 735 2347 805 quia
2376 735 2553 790 omnia
2579 734 2908 804 cogitabam;
2941 742 2996 790 et
3029 734 3249 790 meliora
3285 735 3495 806 quidem
3521 739 3748 807 superiora

2225 841 2381 898 quam
2399 825 2667 894 inferiora,
2695 825 2788 883 sed
2812 826 3032 883 meliora
3055 827 3232 883 omnia
3254 843 3410 900 quam
3429 829 3539 885 sola
3560 831 3751 902 superio-

2224 937 2300 988 ra,
2322 919 2519 991 judicio
2547 920 2757 976 saniore
2779 920 3095 992 pendebam.

2825 1011 3050 1069 CAPUT
3088 1011 3228 1068 xw.
3278 1078 3285 1086 ,

2227 1105 2382 1162 Same
2411 1106 2587 1161 mentis
2614 1105 2802 1161 homini
2831 1104 2958 1160 nihil
2987 1105 3217 1177 displicet
3241 1106 3370 1160 inter
3395 1114 3634 1164 creaturas
3663 1109 3750 1166 Dei.

2295 1197 2385 1252 20.
2427 1197 2541 1253 Non
2588 1208 2672 1254 est
2713 1199 2912 1253 sanitas
2954 1198 3032 1254 eis
3084 1199 3274 1268 quibus
3317 1198 3555 1270 displicet
3593 1202 3752 1274 aliquid

2226 1300 2483 1346 creaturae
2515 1300 2617 1346 tuae
2643 1308 2656 1356 ;
2686 1292 2823 1346 sicut
2852 1291 2981 1350 mihi
3012 1308 3116 1348 non
3142 1301 3288 1358 erat,
3321 1308 3438 1348 cum
3463 1294 3754 1366 diSplicerent

2226 1381 2388 1436 multa
2416 1397 2536 1453 qua:
2561 1381 2754 1438 fecisti.
2786 1381 2854 1437 Et
2879 1383 3000 1454 quia
3031 1398 3135 1438 non
3165 1383 3396 1440 audebat
3411 1386 3575 1440 anima
3596 1403 3695 1442 mea
3714 1399 3755 1444 ut

2227 1473 2276 1528 ei
2305 1473 2608 1543 displiceret
2632 1477 2772 1531 Deus
2797 1491 2967 1541 meus,
3001 1475 3211 1532 nolebat
3238 1491 3358 1532 esse
3385 1485 3523 1532 tuum
3546 1479 3754 1552 quidquid

2227 1567 2276 1620 ei
2324 1566 2655 1637 displicebat.
2700 1568 2765 1622 Et
2812 1567 2935 1622 inde
2973 1567 3108 1624 ierat
3146 1568 3198 1622 in
3241 1567 3538 1639 opinionem
3571 1570 3754 1627 duarum

2227 1657 2642 1714 substantiarum
2664 1701 2678 1726 ,
2723 1668 2776 1714 et
2806 1675 2913 1715 non
2936 1658 3327 1730 requiescebat,
3355 1667 3408 1714 et
3429 1660 3588 1715 aliena
3611 1661 3755 1733 loque-

2227 1749 2402 1804 batur.
2437 1749 2504 1804 Et
2530 1750 2653 1805 inde
2692 1750 2904 1806 rediens
2943 1749 3141 1806 fecerat
3170 1750 3271 1806 sibi
3299 1750 3462 1806 Deum
3487 1768 3574 1822 per
3595 1753 3755 1808 infinita

2228 1841 2396 1910 spatia
2439 1842 2678 1897 locorum
2719 1842 2990 1908 omnium,
3035 1850 3090 1896 et
3120 1856 3243 1896 eum
3280 1849 3547 1912 putaverat
3569 1856 3670 1897 esse
3691 1851 3752 1908 te;
3840 1855 3841 1860 ‘

2229 1939 2283 1986 et
2302 1947 2423 1986 eum
2447 1932 2804 1988 collocaverat
2831 1933 2882 1986 in
2910 1931 3073 1988 corde
3097 1946 3215 1999 suo,
3246 1940 3304 1987 et
3328 1931 3464 1987 facta
3483 1942 3587 1987 erat
3611 1949 3753 1988 rursus

2227 2026 2481 2098 templum
2510 2025 2633 2081 idoli
2653 2025 2737 2082 sui
2765 2024 3176 2080 abominandum
3199 2025 3316 2081 tibi.
3343 2024 3446 2080 Sed
3467 2035 3752 2097 posteaquam

2229 2117 2403 2174 fovisti
2424 2126 2582 2189 caput
2603 2118 2910 2187 nescientis,
2936 2126 2992 2174 et
3015 2117 3252 2174 clausisti
3273 2117 3454 2174 oculos
3479 2132 3614 2172 meos
3628 2133 3684 2174 ne
3698 2119 3753 2172 vi-

2229 2211 2418 2266 derent
2445 2211 2754 2279 vanitatem,
2783 2211 2986 2268 cessavi
3010 2210 3076 2267 de
3106 2226 3191 2266 me
3215 2209 3506 2281 paululum,
3534 2218 3581 2265 et
3606 2223 3752 2265 conso-

2231 2307 2337 2378 pita
2367 2314 2450 2362 est
2475 2307 2678 2363 insania
2703 2323 2860 2364 mea:
2890 2317 2945 2364 et
2967 2308 3209 2380 evigilavi
3238 2309 3294 2362 in
3324 2314 3411 2376 te,
3449 2317 3500 2364 et
3519 2308 3612 2362 vidi
3631 2317 3674 2363 te
3694 2309 3752 2362 in-

2231 2399 2437 2454 finitum
2463 2399 2645 2466 aliter;
2669 2409 2726 2457 et
2747 2399 2892 2458 visus
2912 2402 3012 2458 iste
3037 2416 3143 2457 non
3167 2415 3198 2456 a
3222 2415 3390 2457 carne
3418 2400 3698 2457 trahebatur.
3842 2381 3843 2448 ἶ

2863 2511 3088 2569 CAPUT
3127 2511 3246 2567 XV.

2454 2581 2718 2648 Quomodo
2747 2583 2925 2638 veritas
2950 2594 2995 2639 et
3022 2583 3218 2656 falsitas
3247 2585 3304 2639 in
3328 2586 3575 2639 creaturis.

2301 2672 2390 2727 21.
2432 2672 2501 2728 Et
2527 2675 2735 2743 respexi
2775 2675 2908 2740 alia,
2951 2683 3006 2731 et
3039 2675 3144 2732 vidi
3176 2676 3274 2731 tibi
3305 2675 3493 2732 debere
3516 2679 3622 2747 quia
3639 2684 3744 2738 sunt,

2231 2772 2285 2820 et
2310 2765 2363 2819 in
2392 2772 2441 2820 te
2471 2774 2659 2820 cuncta
2696 2766 2840 2821 finita
2866 2785 2878 2820 :
2906 2766 3000 2822 sed
3024 2768 3212 2836 aliter,
3251 2783 3360 2824 non
3386 2769 3525 2838 quasi
3552 2769 3596 2822 in
3632 2767 3744 2830 loco,

2229 2856 2326 2912 sed
2355 2858 2477 2928 quia
2509 2867 2560 2913 tu
2591 2875 2652 2917 es
2676 2859 3013 2916 omnitenens
3049 2875 3212 2916 manu
3257 2862 3506 2926 veritate;
3541 2871 3589 2916 et
3617 2860 3747 2914 omnia

2229 2963 2357 3005 vera
2375 2957 2517 3018 sunt,
2545 2950 2596 3004 in
2618 2960 2872 3021 quantum
2897 2961 3052 3020 sunt;
3075 2967 3177 3009 nec
3196 2952 3484 3024 quidquam
3509 2960 3581 3009 est
3596 2952 3750 3006 falsitas

2231 3039 2333 3096 nisi
2361 3057 2483 3097 cum
2510 3051 2723 3113 putatur
2746 3057 2868 3100 esse
2899 3045 3041 3116 quod
3061 3061 3166 3101 non
3197 3055 3308 3103 est.
3342 3048 3404 3102 Et
3433 3047 3530 3102 vidi
3551 3047 3642 3117 quia
3662 3060 3746 3099 non

2231 3133 2402 3190 solum
2447 3136 2580 3191 locis
2610 3152 2704 3192 sua
2743 3153 2967 3209 quaeque
2991 3139 3104 3196 suis
3129 3142 3488 3208 conveniunt,
3518 3139 3593 3196 sed
3621 3139 3746 3194 etiam

2231 3229 2600 3298 temporibus:
2628 3238 2683 3285 et
2707 3229 2827 3301 quia
2858 3239 2943 3298 tu,
2983 3232 3076 3303 qui
3111 3233 3262 3290 solus
3304 3243 3524 3290 aeternus
3559 3247 3634 3297 es,
3667 3245 3746 3285 non

2231 3329 2353 3390 post
2377 3319 2784 3377 innumerabilia
2811 3324 2978 3393 spatia
3009 3333 3316 3396 temporum
3343 3325 3536 3396 cmpisti
3561 3321 3744 3393 operari;

2231 3412 2356 3482 quia
2382 3413 2560 3468 omnia
2591 3415 2760 3483 spatia
2789 3423 3110 3486 temporum,
3139 3426 3196 3473 et
3223 3433 3343 3489 qua:
3371 3416 3692 3488 praeterierunt
3710 3421 3747 3465 et
3845 3403 3847 3448 ἶ

2230 3518 2350 3574 quae
2380 3505 2758 3575 praeteribunt,
2804 3523 2903 3564 nec
2937 3508 3150 3566 abirent
3179 3524 3284 3566 nec
3311 3509 3569 3573 venirent,
3611 3505 3689 3560 nisi
3711 3512 3745 3556 te

2231 3606 2486 3666 operante
2513 3605 2567 3654 et
2594 3608 2860 3656 manente.

2865 3691 3092 3748 CAPUT
3128 3691 3272 3748 XVI.

2465 3781 2650 3837 Omnia
2677 3783 2824 3849 bona,
2860 3781 2972 3837 licet
3000 3783 3300 3854 quibusdam
3329 3801 3427 3839 non
3453 3791 3578 3854 apta.

2304 3874 2393 3928 22.
2437 3874 2504 3930 Et
2545 3876 2688 3930 sensi
2737 3883 2792 3931 et
2827 3885 3078 3947 expertus
3123 3891 3245 3932 sum
3289 3891 3392 3932 non
3437 3870 3744 3932 essemirum.

2234 3967 2376 4038 quod
2404 3968 2576 4037 palato
2599 3983 2703 4022 non
2733 3982 2864 4024 sano
2889 3984 3045 4040 ptena
3073 3978 3155 4024 est
3175 3971 3357 4041 panis,
3381 3970 3464 4041 qui
3485 3982 3600 4024 sano
3617 3963 3747 4021 suavis

2233 4067 2346 4126 est;
2375 4067 2428 4113 et
2456 4059 2624 4114 oculis
2653 4059 2810 4131 :egris
2838 4060 3020 4115 odiosa
3048 4060 3138 4116 lux
3160 4102 3173 4125 ,
3215 4077 3334 4132 quae
3365 4060 3504 4132 puris
3540 4054 3744 4113 amabilis.

2232 4151 2301 4207 Et
2325 4151 2530 4220 justitia
2561 4161 2649 4207 tua
2679 4151 2924 4223 displicet
2948 4152 3176 4224 iniquis;
3202 4153 3395 4208 nedum
3418 4152 3579 4222 vipera
3599 4158 3745 4204 etvero

2233 4243 2478 4308 miculus,
2507 4259 2625 4314 quae
2650 4243 2787 4298 bona
2813 4245 3024 4310 creasti,
3049 4253 3171 4316 apta
3192 4244 3524 4301 inferioribus
3547 4249 3747 4297 creature

2235 4344 2340 4392 tuae
2367 4337 2606 4408 partibus
2631 4355 2644 4392 :
2678 4337 2869 4409 quibus
2897 4346 2952 4393 et
2979 4339 3079 4410 ipsi
3106 4338 3271 4408 iniqui
3299 4338 3406 4409 apti
3426 4344 3569 4401 sunt,
3597 4337 3747 4403 quanto

2235 4429 2605 4485 dissimiliores
2650 4438 2773 4485 sunt
2827 4431 2956 4490 tibi:
3015 4431 3125 4502 apti
3180 4442 3357 4486 autem
3413 4423 3746 4498 superioribus,

2236 4530 2437 4592 quanto
2479 4523 2763 4579 similiores
2806 4522 2938 4578 fiunt
2978 4523 3089 4578 tibi.
3136 4523 3201 4579 Et
3245 4522 3457 4594 quaesivi
3493 4517 3601 4591 quid
3640 4519 3748 4570 esset

2234 4613 2516 4684 iniquitas,
2560 4623 2614 4670 et
2651 4630 2757 4670 non
2803 4615 2978 4671 inveni
3019 4615 3365 4672 substantiam
3391 4633 3403 4669 :
3429 4611 3567 4668 seda
3589 4616 3746 4662 summa

2233 4706 2548 4776 substantia,
2579 4716 2630 4763 te
2659 4708 2790 4774 Deo,
2818 4708 3039 4764 detorta:
3060 4709 3110 4763 in
3134 4709 3310 4764 infima
3341 4710 3356 4742 ί
3387 4703 3641 4762 voluntatis
3658 4712 3746 4770 pcr-

2232 4801 2536 4856 versitatem
2562 4842 2576 4866 ,
2615 4801 2944 4874 projicientis
2977 4803 3159 4858 intima
3187 4819 3279 4860 sua
3312 4801 3485 4877 (Eccli.
3510 4817 3560 4868 x,
3589 4795 3747 4865 10).¢t

2233 4891 2574 4947 tumescentis
2604 4890 2765 4948 foras.

2829 4984 3051 5041 CAPUT
3090 4985 3248 5043 XVII.

2473 5077 2600 5144 Qua:
2624 5079 2878 5134 retardent
2908 5096 2939 5132 a
2963 5080 3242 5151 cognitione
3269 5077 3552 5132 divinorum.

2302 5171 2393 5230 εδ.
2433 5172 2502 5228 Et
2529 5173 2760 5229 mirabar
2797 5174 2936 5245 quod
2969 5174 3076 5245 jam
3120 5183 3172 5229 te
3200 5173 3429 5228 amabam
3449 5212 3462 5235 ,
3488 5181 3581 5221 non
3605 5173 3685 5233 pro
3705 5166 3739 5211 te

2232 5264 2565 5335 phantasma.
2599 5265 2668 5320 Et
2696 5279 2801 5321 non
2831 5263 3036 5320 stabam
3056 5266 3076 5297 ²
3099 5264 3199 5320 frui
3227 5264 3331 5318 Deo
3355 5275 3484 5323 meo,
3505 5253 3588 5312 sed
3606 5250 3740 5321 raPie‘
3767 5293 3772 5304 -
3845 5309 3847 5318 .

2233 5355 2331 5412 bar
2352 5356 2417 5411 ad
2450 5365 2501 5412 te
2528 5356 2723 5413 decore
2753 5367 2877 5424 tuo;
2904 5371 3132 5427 moxque
3160 5353 3446 5424 deripiebar
3466 5349 3552 5403 abs
3573 5354 3618 5398 te
3641 5353 3738 5412 pon-

2234 5447 2362 5504 dere
2383 5463 2533 5515 meo,
2571 5457 2626 5503 et
2651 5449 2870 5504 ruebam
2903 5448 2955 5503 in
2984 5447 3083 5502 ista
3113 5461 3230 5502 cum
3259 5443 3482 5516 gemitu:
3509 5445 3558 5494 ct
3577 5427 3736 5530 pondlls

2234 5539 2336 5596 hoc
2359 5583 2375 5609 ,
2407 5542 2732 5598 consuetudo
2765 5542 3012 5597 carnalis.
3043 5540 3146 5598 Sed
3177 5553 3376 5596 mecum
3403 5540 3508 5592 erat
3531 5533 3731 5586 memoria

2298 5654 2316 5684 ι
2336 5651 2408 5702 sic
2420 5653 2532 5722 Bad.
2553 5661 2652 5704 Am.
2675 5661 2727 5704 et
2741 5660 2815 5703 Er.
2835 5653 3003 5722 sicque
3022 5658 3129 5722 Mss.
3160 5649 3290 5722 Angl-
3311 5657 3361 5720 εξ
3384 5647 3534 5722 [ἐειιὲ

2233 5689 2346 5763 nssf
2351 5689 2586 5787 “1.73;:
2589 5689 2652 5766 'é'i
2676 5689 2788 5764 iis;
2804 5689 3547 5786 ’ὦὲἵῶἓῖξέἑῖὸέἱᾶθὲἆῖ

2233 5777 2565 5825 substantiam.
2584 5784 2695 5825 Lov.
2715 5776 2949 5825 detortum
2965 5791 3016 5825 ut
3038 5775 3248 5825 infimam
3280 5775 3481 5825 idetomc
3494 5780 3539 5817 tn
3561 5776 3602 5814 In

2232 5777 2565 5846 substantiam.
2584 5775 2949 5846 Lov._detort_am
2965 5775 3016 5828 in
3038 5775 3248 5842 infimam
3280 5775 3481 5837 [detomc
3494 5775 3539 5817 in
3561 5776 3602 5825 ιη

2233 5835 2896 5904 wltmtatisperversitatem].
3283 5835 3365 5904 7,
3484 5890 3495 5904 ,

2300 5882 3095 5967 risi'cte1'eaa."tigéi'quatuor
3111 5902 3304 5962 habent,
3326 5903 3366 5949 et
3382 5907 3465 5947 non
3477 5882 3680 5944 θεειώσω·
