3880 6390
0 4421 18 4574 l

0 4667 30 4818 ἑ

0 4859 20 4942 't

0 5105 44 5164 δ’.

0 5207 30 5258 η.

0 5275 18 5292 ιδ

0 5437 4 5462 ι

7 5475 20 5494 ἡ
29 5499 32 5506 ι

213 306 288 365 τι,
579 315 583 319 -
1479 290 1678 352 uasa
1718 291 1754 352 s

1863 291 2078 352 l‘lMUS.
2285 334 2287 336 -
3341 321 3445 381 746

214 424 280 489 tui,
298 431 458 490 neque
482 414 593 473 ullo
617 413 780 472 modo
807 413 1114 471 dubitabam
1143 425 1262 470 esse
1289 411 1374 467 cui
1397 410 1744 481 cohaererem,

214 512 282 570 sed
314 509 533 566 nondum
570 522 690 564 esse
715 523 804 563 me
831 505 921 579 qui
951 505 1273 562 cohmrerem
1299 522 1314 560 :
1340 506 1587 576 quoniam
1625 520 1749 562 cor-

214 620 286 678 pus
311 601 439 674 quod
472 599 857 670 corrumpitur,
899 607 1149 670 aggravat
1185 597 1455 665 animam;
1487 606 1543 654 et
1569 597 1751 669 depri-

214 701 284 756 mit
331 706 527 753 terrena
584 692 899 749 inhabitatio
956 706 1172 748 sensum
1222 691 1387 747 multa
1433 692 1752 763 cogitantem

217 792 336 866 (ευρ.
364 804 413 844 ix
433 829 447 853 ,
480 786 589 858 15).
635 785 904 856 Eramque
931 785 1259 842 certissimus
1287 786 1429 858 quod
1468 786 1752 844 invisibilia

217 898 300 951 tua,
327 900 353 937 a
377 880 748 939 constitutione
768 879 971 947 mundi,
1003 895 1100 950 per
1121 895 1183 936 ea
1208 895 1326 950 qua:
1347 879 1481 935 facta
1503 889 1644 948 sunt,
1670 880 1753 937 in-

219 980 384 1036 tellecta
425 973 854 1044 conspiciuntur;
899 973 1220 1043 sempiterna
1250 987 1462 1044 quoque
1499 973 1664 1028 virtus
1701 984 1757 1031 et

221 1068 423 1128 divinitas
449 1075 529 1122 tua
562 1066 743 1137 (Rom.
773 1080 812 1130 ι,
840 1063 958 1136 20).
997 1063 1254 1132 Quaerens
1299 1065 1442 1120 enim
1480 1067 1621 1121 unde
1658 1081 1755 1138 ap-

224 1163 454 1237 probarem
475 1156 924 1230 pulchritudinem
949 1171 1255 1228 corporum,
1281 1158 1393 1214 sive
1420 1158 1718 1215 coelestium
1738 1201 1752 1228 ,

226 1260 315 1315 sive
344 1251 686 1318 terrestrium;
736 1259 791 1307 et
829 1250 957 1322 quid
987 1251 1118 1306 mihi
1157 1260 1353 1322 praesto
1380 1262 1522 1308 esset
1551 1252 1758 1324 integre

231 1353 283 1408 de
305 1346 604 1407 mutabilibus
627 1343 907 1416 iudicanti,
936 1353 992 1400 et
1012 1343 1208 1400 dicenti
1236 1362 1249 1399 :
1283 1345 1396 1400 Hoc
1423 1347 1492 1400 ita
1523 1360 1644 1402 esse
1663 1345 1758 1401 de-

228 1446 312 1511 bet,
339 1441 444 1498 illud
470 1455 572 1496 non
602 1439 675 1495 ita
697 1450 717 1493 ξ
749 1437 853 1495 hoc
874 1453 1001 1509 ergo
1016 1453 1261 1510 quaerens
1282 1438 1423 1495 unde
1437 1438 1752 1508 judicarem,

224 1552 316 1593 cum
341 1535 400 1590 ita
419 1532 727 1604 iudicarem,
756 1531 1058 1587 inveneram
1079 1530 1569 1586 incommutabilem
1595 1540 1649 1587 et
1667 1547 1757 1586 ve-

222 1644 311 1686 ram
329 1624 544 1682 veritatis
567 1621 942 1688 aeternitatem,
971 1637 1131 1694 supra
1153 1631 1387 1678 mentem
1412 1637 1584 1678 meam
1610 1636 1757 1678 com-

222 1718 498 1777 mutabilem.
537 1716 711 1787 Atque
739 1715 813 1770 ita
841 1712 1097 1786 gradatim
1128 1729 1158 1769 a
1195 1714 1507 1786 corporibus
1533 1715 1599 1771 ad
1629 1730 1755 1771 sen-

221 1813 400 1869 tientem
440 1823 530 1880 per
565 1821 760 1879 corpus
812 1806 1083 1872 animam;
1148 1815 1308 1877 atque
1347 1805 1472 1862 inde
1519 1806 1585 1861 ad
1641 1806 1757 1877 ejus

223 1903 482 1960 interion
493 1899 618 1966 vim,
637 1898 722 1955 cui
738 1912 928 1954 sensus
942 1897 1180 1970 corporis
1195 1898 1456 1954 exteriora
1477 1898 1758 1954 annuntia-

147 2017 150 2020 ’
221 2008 312 2062 ret;
338 2003 381 2050 et
408 2006 672 2064 quousque
702 1998 926 2062 possunt
964 1991 1185 2046 bestiae:
1215 2000 1373 2062 atque
1412 1990 1534 2047 inde
1573 2006 1757 2046 rursus

222 2088 278 2144 ad
299 2089 670 2144 ratiocinantem
696 2087 988 2160 potentiam
1009 2087 1073 2142 ad
1095 2103 1252 2159 quam
1273 2085 1499 2143 refertur
1513 2085 1756 2158 judican-

227 2182 337 2237 dum
351 2182 464 2254 quod
487 2182 712 2238 sumitur
737 2197 766 2236 a
793 2182 1034 2238 sensibus
1050 2180 1308 2252 corporis.
1332 2180 1461 2249 Quae
1477 2195 1757 2252 sequoque

235 2277 281 2330 in
316 2291 386 2331 me
418 2275 730 2348 comperiens
778 2276 1085 2331 mutabilem
1111 2315 1126 2341 ,
1171 2274 1347 2330 erexit
1391 2287 1450 2328 se
1495 2272 1563 2328 ad
1597 2273 1757 2328 intel-

229 2367 452 2436 ligentiam
479 2383 628 2424 suam
652 2385 668 2435 ;
702 2378 755 2425 et
778 2367 993 2423 abduxit
1017 2367 1388 2439 cogitationem
1416 2382 1444 2421 a
1472 2375 1757 2421 consuetu-

220 2459 354 2526 dine,
389 2460 689 2518 subtrahens
727 2477 788 2518 se
824 2460 1310 2518 contradicentibus
1339 2459 1504 2516 turbis
1531 2459 1756 2531 phanta-

219 2560 414 2606 smatum
433 2594 446 2618 ,
472 2563 524 2608 ut
550 2552 811 2610 inveniret
848 2569 952 2624 quo
992 2553 1190 2609 lumine
1215 2560 1608 2622 aspergeretur,
1637 2567 1756 2606 cum

218 2643 316 2700 sine
342 2645 434 2700 ulla
460 2645 781 2702 dubitatione
809 2645 1064 2702 clamaret
1091 2645 1522 2700 incommutabile
1558 2643 1757 2715 praefe-

216 2737 410 2793 rendum
434 2754 547 2796 esse
576 2739 851 2804 mutabili;
879 2739 1021 2795 unde
1051 2745 1234 2793 nosset
1261 2737 1432 2808 ipsum
1461 2736 1758 2792 incommu-

215 2829 372 2894 tabile,
397 2831 526 2899 quod
556 2829 652 2886 nisi
678 2831 859 2902 aliquo
886 2829 1044 2886 modo
1078 2837 1300 2898 nosset,
1339 2829 1484 2884 nullo
1509 2829 1669 2884 modo
1697 2831 1759 2885 il-

215 2918 292 2974 lud
330 2921 548 2977 mutabili
588 2932 736 2978 certo
783 2931 1136 2992 prteponeret.
1185 2923 1252 2978 Et
1282 2921 1525 2993 pervenit
1550 2923 1567 2953 ⁸
1596 2922 1662 2977 ad
1704 2922 1756 2977 id

211 3013 335 3084 quod
356 3023 445 3082 est,
468 3015 517 3070 in
542 3015 643 3070 ictu
667 3014 981 3086 trepidantis
1007 3024 1275 3085 aSpectus.
1301 3013 1451 3069 Tunc
1476 3029 1602 3070 vero
1631 3014 1759 3070 invi-

209 3105 361 3161 sibilia
385 3118 480 3174 tua,
505 3123 598 3178 per
619 3123 682 3164 ea
711 3123 828 3179 quae
855 3106 992 3162 facta
1016 3116 1158 3171 sunt,
1183 3107 1447 3164 intellecta
1467 3109 1753 3179 conspexi;

211 3197 293 3253 sed
331 3200 479 3256 aciem
507 3200 663 3273 ﬁgere
687 3217 795 3257 non
821 3201 996 3258 evalui
1026 3205 1047 3234 ³
1073 3221 1086 3258 :
1117 3212 1169 3258 et
1194 3217 1503 3274 repercussa
1531 3202 1754 3258 inﬁrmi-

212 3295 310 3346 tate
331 3292 546 3349 redditus
569 3293 760 3362 solitis,
790 3309 896 3350 non
936 3309 1146 3350 mecum
1177 3293 1409 3351 ferebam
1436 3295 1540 3351 nisi
1567 3311 1755 3351 aman-

215 3389 316 3437 tem
349 3385 667 3455 memoriam,
712 3396 768 3443 et
804 3387 955 3458 quasi
995 3385 1186 3443 Olfacta
1216 3387 1608 3446 desiderantem
1636 3405 1756 3461 quae

217 3475 463 3534 comedere
488 3477 715 3535 nondum
740 3493 973 3551 possem.

733 3592 961 3652 CAPUT
992 3593 1178 3650 XVIII.

525 3685 680 3742 Solus
707 3685 934 3743 Christus
961 3688 1043 3742 via
1075 3688 1144 3742 ad
1167 3689 1396 3745 salutem.

279 3767 358 3828 24.
390 3772 449 3830 Et
485 3778 783 3848 quaerebam
814 3778 951 3834 viam
996 3782 1337 3852 comparandi
1374 3781 1586 3840 roboris
1612 3784 1754 3856 quod

215 3873 340 3920 esset
361 3865 586 3924 idoneum
615 3870 684 3926 ad
709 3869 993 3927 fruendum
1020 3881 1106 3938 te;
1140 3888 1239 3929 nec
1267 3874 1622 3942 inveniebam,
1654 3875 1753 3931 do-

210 3967 301 4011 nec
325 3959 646 4030 amplecterer
675 3964 1022 4021 mcdiatorem
1056 3966 1152 4022 Dei
1180 3977 1234 4024 et
1261 3969 1556 4035 hominum,
1586 3970 1756 4026 homi-

207 4059 321 4102 nem
353 4049 603 4109 Christum
641 4054 823 4111 Jesum
853 4055 894 4128 (l
921 4053 1055 4110 Tim.
1098 4073 1167 4124 ιι,
1209 4057 1294 4133 5),
1340 4061 1431 4131 qui
1474 4069 1557 4116 est
1597 4076 1756 4133 super

210 4139 364 4196 omnia
387 4142 516 4200 Deus
535 4146 843 4204 benedictus
863 4149 917 4202 in
940 4150 1132 4205 saecula
1154 4149 1329 4226 (Rom.
1347 4169 1422 4220 rx,
1447 4154 1527 4224 5),
1559 4169 1756 4210 vocan-

210 4234 306 4285 tem
331 4235 381 4288 et'
401 4234 654 4293 dicentem
679 4256 692 4292 :
721 4237 836 4312 Ego
863 4257 975 4295 sum
1009 4242 1108 4308 via,
1142 4244 1345 4310 veritas,
1375 4253 1420 4298 et
1447 4245 1548 4299 vita
1575 4244 1750 4320 (Joan.

208 4332 312 4389 XIV,
339 4324 421 4395 6);
451 4336 500 4383 et
524 4329 721 4399 cibum,
753 4331 838 4386 cui
865 4332 1122 4402 capiendo
1151 4334 1414 4390 invalidus
1451 4351 1627 4403 eram,
1655 4338 1756 4393 mi-

207 4425 416 4474 scentem
442 4423 612 4491 carni;
641 4425 890 4496 quoniam
923 4424 1154 4482 Verbum
1194 4443 1318 4484 caro
1350 4426 1544 4485 factum
1569 4440 1670 4498 est,
1699 4441 1756 4487 ut

208 4503 415 4567 infantia:
443 4525 631 4571 nostra:
658 4518 972 4574 lactesceret
1005 4521 1264 4590 sapientia
1307 4529 1425 4591 tua,
1468 4539 1565 4595 per
1595 4541 1752 4596 quam

211 4603 374 4658 creasti
408 4609 595 4664 omnia.
635 4609 751 4665 Non
795 4611 938 4667 enim
973 4613 1218 4668 tenebam
1261 4614 1540 4671 Dominum
1576 4632 1752 4674 meum

207 4683 384 4764 Iesum,
410 4699 938 4772 bumilisbumilem;
981 4721 1082 4762 nec
1109 4707 1257 4778 cujus
1283 4708 1359 4764 rei
1388 4709 1638 4781 magistra
1662 4727 1752 4767 es-

209 4792 291 4839 set.
301 4787 680 4871 ejnsinﬁrmitas
699 4810 973 4852 noveram.
997 4797 1232 4854 Verbum
1258 4801 1397 4856 enim
1425 4810 1571 4857 tuum
1598 4812 1753 4860 teter-

203 4886 268 4930 na
294 4880 481 4953 veritas,
504 4888 870 4958 superioribus
898 4901 1155 4946 creatura:
1186 4901 1286 4948 tua:
1309 4894 1545 4965 partibus
1568 4912 1754 4968 super-

203 4969 442 5044 eminens,
480 4978 722 5035 subditos
747 4981 902 5052 erigit
928 4982 996 5037 ad
1026 4983 1255 5054 seipsam
1286 5003 1299 5039 :
1333 4986 1387 5040 in
1415 4986 1752 5045 inferioribus

201 5069 354 5118 autem
377 5066 653 5126 aediﬁcavit
671 5071 772 5127 sibi
800 5071 1054 5130 humilem
1077 5077 1293 5132 domum
1313 5077 1380 5133 de
1401 5078 1528 5135 limo
1545 5091 1748 5152 nostro,

201 5165 447 5228 perquam
474 5163 784 5221 subdendos
825 5165 1151 5238 deprimeret
1192 5185 1222 5225 a
1260 5171 1451 5244 seipsis
1474 5216 1490 5241 ,
1518 5182 1570 5230 et
1599 5176 1665 5230 ad
1692 5191 1751 5232 se

199 5247 452 5320 injiceret,
476 5268 670 5313 sanans
691 5266 954 5315 tumorem
977 5300 992 5327 ,
1033 5271 1088 5316 et
1123 5262 1362 5318 nutriens
1389 5279 1654 5333 amorem;
1684 5282 1751 5341 ne

197 5333 359 5397 ﬁducia
391 5345 474 5400 sui
511 5348 961 5419 progrederemur
1000 5351 1243 5424 longius,
1281 5355 1373 5410 scd
1411 5357 1586 5427 potius
1607 5340 1751 5413 inﬁro

193 5439 440 5491 nuntur
478 5437 720 5496 videntes
759 5450 887 5497 ante
929 5441 1090 5513 pedes
1129 5459 1254 5500 suos
1304 5446 1566 5502 inﬁrmam
1613 5447 1748 5504 divi-

195 5519 390 5582 nitatem
427 5543 493 5584 cx
531 5533 928 5604 participatione
955 5536 1146 5592 tunicae
1172 5537 1408 5609 pellicem
1435 5551 1656 5610 nostrae,
1697 5555 1752 5601 et

565 5643 763 5714 huncce,
780 5647 939 5698 locum
964 5660 1193 5714 reparant
1216 5653 1407 5707 codices
1432 5665 1536 5708 MSS.
1563 5666 1676 5712 Nam
1701 5664 1750 5712 in

245 5643 266 5671 ⁸
443 5643 544 5691 inm
565 5643 754 5697 huncce
780 5647 939 5698 locum
964 5660 1193 5714 reparant
1216 5666 1286 5704 οο(

185 5643 893 5777 ὥρια-ιδεθωῃπ
912 5745 926 5771 ,
945 5719 992 5763 et
1007 5714 1286 5777 perveniret.

241 5761 449 5828 "rotant,
460 5761 602 5830 juxta
620 5761 716 5820 tu-I'
711 5773 861 5837 Lugd.
887 5761 1294 5832 animum:
1320 5779 1440 5833 Flor.
1507 5790 1562 5834 ιι.

449 5855 691 5948 Bauer.
722 5859 1004 5923 Anausr.
1045 5863 1095 5928 ι.

0 6374 361 6390 “ill—(ﬁ
410 6374 497 6381 '—_’
562 6374 654 6381 ___
682 6374 722 6387 ⁵*

1856 410 1982 466 lassi
2013 420 2477 481 prosternerentur
2503 419 2558 476 in
2586 433 2702 477 eam
2725 462 2742 492 ,
2783 423 2873 483 illa
2899 434 3078 486 autem
3110 446 3332 508 surgens
3360 441 3441 498 le-

1855 513 2006 560 varet
2027 519 2143 562 COS.

2425 581 2650 640 CAPUT
2686 585 2828 644 XIX.

2123 671 2260 737 Quid
2288 677 2496 731 senserit
2523 677 2587 733 de
2616 679 2800 736 Christi
2827 684 3187 747 incarnatione.

1929 763 2022 856 ἓξ.
2062 764 2177 837 Ego
2196 783 2324 824 vero
2347 770 2493 826 aliud
2517 775 2783 844 putabam,
2818 787 3126 856 tantumque
3151 791 3450 851 sentiebam

1859 853 1929 910 de
1957 855 2184 914 Domino
2212 859 2424 917 Christo
2448 879 2589 930 meo,
2618 877 2873 936 quantum
2910 872 2978 928 de
3019 853 3327 938 excellentis
3361 900 3450 940 sa-

1861 949 2074 1020 pientiae
2091 951 2228 1021 viro,
2251 954 2335 1008 cui
2356 955 2533 1014 nullus
2550 970 2730 1029 posset
2749 966 2981 1034 aequari;
3011 975 3304 1037 praesertim
3329 979 3452 1047 quia

1863 1042 2184 1100 mirabiliter
2227 1057 2385 1102 natus
2426 1064 2492 1104 ex
2548 1049 2782 1122 virgine,
2829 1055 2896 1110 ad
2935 1062 3233 1130 exemplum
3261 1042 3450 1126 eonte-

1862 1136 2219 1194 mnendorum
2249 1142 2624 1212 temporalium
2656 1160 2751 1215 pro
2779 1147 3116 1218 adipiscenda
3142 1155 3456 1218 immortali-

1865 1235 1973 1283 tate
1994 1271 2008 1295 ,
2037 1228 2213 1285 divina
2242 1247 2342 1303 pro
2371 1234 2526 1290 nobis
2555 1252 2683 1292 cura
2711 1245 2908 1296 tantam
2937 1248 3305 1305 auctoritatem
3335 1268 3452 1308 ma-

1862 1318 2064 1388 gisterii
2104 1323 2364 1380 meruisse
2405 1325 2704 1382 videbatur.
2752 1329 2887 1396 Quid
2923 1344 3101 1390 autem
3129 1345 3454 1400 sacramenti

1863 1410 2086 1468 haberet
2104 1413 2322 1470 Verbum
2348 1433 2466 1473 caro
2493 1421 2686 1491 factum
2714 1421 2942 1492 (Joan.t,
2972 1428 3083 1500 14),
3105 1447 3173 1486 ne
3194 1437 3455 1506 suspicari

1862 1503 2081 1573 quidem
2113 1517 2373 1576 poteram.
2404 1510 2630 1566 Tantum
2657 1528 3012 1585 cognoveram
3041 1535 3106 1576 ex
3137 1523 3203 1578 iis
3240 1503 3358 1596 quae
3387 1529 3454 1588 de

1861 1593 1955 1648 illo
1978 1596 2175 1668 scripta
2205 1599 2562 1671 traderentur,
2585 1604 2706 1675 quia
2729 1606 3064 1664 manducavit
3082 1621 3137 1666 et
3156 1593 3308 1684 bibit,
3331 1620 3455 1675 dor-

1861 1687 2047 1759 mivit,
2088 1690 2412 1762 ambulavit,
2453 1695 2780 1753 exhilaratus
2817 1710 2934 1766 cst,
2966 1704 3308 1763 contristatus
3337 1719 3447 1780 est,

1861 1784 2253 1841 sermocinatus
2281 1796 2397 1854 est;
2442 1803 2547 1844 non
2591 1788 2812 1847 hresisse
2847 1808 3062 1850 carnem
3093 1797 3236 1854 illam
3278 1800 3455 1860 Verbo

1862 1881 1986 1941 tuo,
2031 1875 2134 1932 nisi
2177 1893 2298 1932 cum
2343 1880 2519 1935 anima
2563 1889 2617 1936 et
2665 1892 2843 1939 mente
2885 1884 3134 1942 humana.
3173 1889 3328 1948 Novit
3354 1895 3455 1952 hoc

1862 1969 2037 2024 omnis
2061 1970 2155 2040 qui
2184 1973 2332 2027 novit
2357 1973 2940 2034 incommutabilitatem
2974 1981 3132 2038 Verbi
3157 1987 3262 2052 tui,
3294 2004 3453 2058 quam

1862 2074 1963 2129 ego
1999 2059 2114 2130 jam
2155 2077 2410 2119 noveram
2434 2108 2450 2132 ,
2502 2077 2757 2136 quantum
2801 2080 3078 2139 poteram;
3108 2090 3208 2131 nec
3235 2083 3453 2137 omnino

1860 2155 2149 2226 quidquam
2211 2157 2335 2214 inde
2395 2158 2722 2215 dubitabam.
2788 2162 2997 2218 Etenim
3047 2182 3192 2224 nunc
3236 2188 3453 2232 movere

1862 2249 2103 2305 membra
2125 2251 2364 2321 corporis
2389 2267 2486 2322 per
2511 2254 2856 2324 voluntatem,
2890 2273 3031 2312 nunc
3056 2277 3160 2314 non
3198 2279 3449 2333 movere;

1862 2356 2006 2397 nunc
2031 2343 2208 2414 aliquo
2234 2344 2428 2400 aﬁ'ectu
2453 2345 2614 2413 afﬁci,
2647 2362 2786 2401 nunc
2811 2363 2916 2402 non
2942 2347 3084 2404 afﬁci
3108 2369 3122 2417 ;
3155 2369 3293 2409 nunc
3323 2374 3451 2426 pro-

1863 2431 2006 2490 ferre
2033 2449 2128 2505 per
2162 2435 2310 2505 signa
2337 2436 2604 2506 sapientes
2634 2439 2924 2494 sententias
2946 2481 2960 2506 ,
2991 2457 3133 2498 nunc
3157 2460 3276 2501 esse
3304 2447 3354 2501 in
3380 2452 3454 2504 si-

1863 2523 2068 2580 lentio:
2100 2526 2310 2596 propria
2341 2536 2464 2581 sunt
2503 2529 2868 2587 mutabilitatis
2909 2535 3102 2589 anima:
3137 2545 3192 2591 et
3236 2542 3448 2597 mentis.

1863 2613 1994 2681 Quae
2020 2615 2064 2669 si
2092 2616 2220 2670 falsa
2245 2616 2312 2672 de
2342 2618 2432 2672 illo
2458 2617 2650 2688 scripta
2680 2633 2878 2688 essent,
2916 2623 3074 2677 etiam
3105 2628 3283 2682 omnia
3310 2633 3455 2700 peri-

1863 2705 2177 2761 clitarcntur
2206 2707 2506 2776 mendacio,
2543 2726 2712 2779 neque
2735 2711 2786 2765 in
2818 2712 2925 2766 illis
2953 2714 3168 2772 Litteris
3197 2721 3298 2774 ulla
3331 2722 3450 2778 lidei

1862 2795 2008 2851 salus
2057 2798 2240 2867 generi
2283 2797 2517 2854 humano
2566 2813 2888 2858 remaneret.
2935 2805 3068 2872 Quia
3107 2808 3284 2880 itaque
3325 2829 3452 2870 vera

1862 2890 2057 2959 scripta
2084 2899 2228 2960 sunt,
2259 2899 2426 2947 totum
2456 2893 2729 2949 hominem
2755 2896 2806 2950 in
2831 2895 3046 2954 Christo
3070 2903 3446 2974 agnoscebant;

1862 2993 1967 3034 non
2016 2994 2208 3050 corpus
2249 2990 2449 3037 tantum
2496 2983 2758 3052 hominis,
2805 2997 2896 3042 aut
2935 3003 3055 3044 cum
3083 3006 3308 3062 corpore
3333 2997 3450 3053 sine

1861 3079 2039 3127 mente
2083 3073 2320 3129 animum
2362 3074 2380 3106 ¹
2416 3074 2510 3131 sed
2538 3076 2713 3147 ipsum
2745 3077 3053 3136 hominem:
3086 3100 3194 3139 non
3221 3103 3446 3155 persona

1863 3161 2141 3230 Veritatis,
2171 3164 2264 3220 sed
2290 3181 2477 3236 magna
2507 3168 2736 3239 quadam
2767 3180 2971 3227 naturae
3001 3174 3244 3233 humana:
3269 3183 3449 3236 excel-

1861 3253 2045 3320 lentia,
2075 3265 2132 3312 et
2156 3257 2473 3327 perfectiore
2497 3262 2897 3333 participatione
2916 3268 3188 3336 sapientiae
3212 3275 3450 3341 prreferri

1861 3347 2073 3402 caeteris
2099 3346 2416 3404 arbitrabar.
2449 3351 2673 3424 Alypius
2702 3364 2879 3410 autem
2910 3356 3078 3413 Deum
3104 3375 3266 3418 carne
3295 3364 3448 3421 indu-

1860 3445 1974 3493 tum
1999 3440 2072 3493 ita
2113 3440 2332 3509 putabat
2360 3441 2505 3498 credi
2535 3460 2564 3499 a
2593 3443 2883 3504 Catholicis
2903 3492 2917 3519 ,
2964 3461 3020 3507 ut
3055 3464 3250 3522 praeter
3280 3457 3448 3515 Deum

1861 3538 1917 3586 et
1942 3544 2158 3588 carnem
2182 3571 2200 3599 ,
2229 3547 2336 3589 non
2366 3543 2513 3591 esset
2537 3535 2588 3590 in
2616 3535 2830 3594 Christo
2865 3541 3077 3610 anima;
3110 3557 3450 3623 mentemque

1859 3621 2092 3680 hominis
2118 3638 2224 3681 non
2251 3625 2591 3683 existimabat
2616 3626 2669 3685 in
2692 3647 2759 3686 eo
2785 3633 3085 3702 praedicari.
3109 3637 3178 3693 Et
3198 3621 3446 3711 quoniam

1858 3711 1997 3770 bene
2044 3729 2362 3785 persuasum
2416 3719 2648 3787 tenebat,
2699 3737 2762 3778 ea
2807 3741 2926 3796 quae
2960 3728 3028 3783 de
3053 3729 3146 3784 illo
3176 3737 3448 3792 memoria:

1859 3805 2104 3863 mandata
2123 3819 2264 3877 sunt,
2289 3810 2404 3866 sine
2421 3812 2564 3891 vitali
2585 3823 2637 3868 et
2653 3815 2897 3873 rationali
2918 3829 3160 3876 creatura
3182 3840 3287 3880 non
3309 3826 3443 3895 ﬁeri,

1860 3897 1926 3954 ad
1968 3898 2139 3971 ipsam
2179 3900 2520 3959 christianam
2560 3904 2716 3961 ﬁdem
2754 3909 2950 3979 pigrius
2979 3914 3310 3970 movebatur.
3341 3919 3447 3975 Sed.

1860 3998 2046 4061 postea
2090 3992 2459 4051 ltmreticorum
2499 3996 2993 4065 Apollinaristarum
3034 4004 3172 4060 hunc
3205 4024 3445 4066 errorem

1862 4097 1981 4138 esse
2010 4099 2357 4155 cognoscens,
2401 4087 2677 4144 catholica:
2717 4091 2839 4146 ﬁdei
2883 4093 3175 4151 colluctatus
3225 4107 3279 4152 et
3317 4116 3445 4156 con-

1861 4180 2187 4245 temperatus
2217 4185 2317 4232 est.
2348 4178 2458 4249 Ego
2488 4188 2664 4235 autem
2706 4183 2976 4254 aliquanto
3014 4189 3280 4256 posterius
3306 4191 3443 4247 didi-

1859 4264 1998 4343 cisse
2022 4281 2109 4321 me
2139 4266 2326 4334 fateor,
2359 4270 2410 4323 in
2439 4285 2503 4325 eo
2531 4273 2671 4341 quod
2699 4273 2935 4331 Verbum
2964 4292 3087 4332 caro
3117 4279 3315 4336 factum
3339 4295 3439 4353 est,

1860 4357 2126 4428 quomodo
2155 4359 2414 4416 catholica
2441 4363 2633 4419 veritas
2660 4379 2689 4418 a
2715 4363 2924 4422 Photini
2962 4367 3187 4426 falsitate
3213 4373 3444 4442 dirima-

1860 4455 1964 4502 tur.
2015 4449 2337 4520 Improbatio
2376 4454 2571 4526 quippe
2617 4454 2986 4514 hmreticorum
3037 4459 3159 4517 facit
3207 4469 3443 4525 eminere

1861 4540 1986 4611 quid
2015 4541 2256 4598 Ecclesia
2285 4553 2372 4599 tua
2403 4546 2618 4613 sentiat,
2647 4556 2702 4603 et
2728 4549 2853 4620 quid
2882 4550 3073 4607 habeat
3097 4569 3220 4610 sana
3247 4558 3445 4616 doctri-

1860 4648 1948 4687 na.
1975 4631 2218 4703 Oportuit
2237 4635 2378 4690 enim
2402 4646 2454 4692 ct
2470 4636 2701 4695 haereses
2717 4655 2856 4709 esse,
2880 4652 2934 4698 ut
2948 4645 3152 4715 probati
3179 4651 3444 4709 manifesti

1861 4723 2048 4781 tierent
2073 4725 2212 4782 inter
2232 4726 2470 4785 inﬁrmos
2497 4728 2540 4801 (Ι
2567 4729 2685 4786 Cor.
2714 4748 2788 4800 χι,
2821 4735 2933 4806 t9).

2442 4842 2666 4900 CAPUT
2704 4845 2825 4902 XX.

1931 4929 2015 4986 Ea:
2045 4928 2323 4987 Ptutonicis
2347 4933 2488 4988 libris
2514 4936 2739 5007 peritior,
2763 4939 2852 4994 sed
2880 4941 3105 5014 inﬂatior
3130 4960 3371 5007 evaserat.

1929 5020 2020 5078 26.
2054 5020 2160 5077 Sed
2188 5032 2313 5079 tunc
2334 5023 2484 5081 lectis
2508 5026 2898 5088 Platonicorum
2919 5033 3023 5090 illis
3043 5036 3214 5107 libris,
3238 5051 3447 5113 postea-

1858 5128 2016 5184 quam
2037 5113 2160 5168 inde
2180 5115 2483 5173 admonitus
2499 5134 2736 5190 quaerere
2753 5122 3120 5195 incorpoream
3143 5132 3441 5201 veritatem,

1857 5205 2141 5261 invisibilia
2174 5217 2293 5274 tua,
2325 5225 2420 5281 per
2445 5226 2506 5266 ea
2533 5227 2650 5284 qua:
2678 5213 2815 5271 facta
2843 5227 2997 5288 sunt,
3026 5221 3290 5280 intellecta
3316 5242 3444 5281 con-

1857 5299 2042 5370 Spexi;
2094 5311 2146 5356 et
2193 5298 2436 5374 repulsus
2484 5307 2628 5363 sensi
2672 5309 2798 5380 quid
2839 5328 2936 5383 per
2978 5315 3225 5372 tenebras
3252 5319 3443 5372 animae

1860 5405 1997 5445 meae
2022 5394 2374 5464 contemplari
2405 5410 2509 5451 non
2537 5398 2765 5469 sinerer,
2797 5412 2974 5459 certus
2997 5421 3115 5460 esse
3141 5415 3210 5470 te,
3243 5415 3296 5460 et
3325 5405 3443 5459 inﬁ-

1856 5482 2026 5537 nitum
2067 5499 2224 5551 esse,
2275 5502 2373 5542 nec
2416 5496 2592 5546 tamen
2633 5504 2729 5562 per
2756 5493 2902 5550 locos
2937 5495 3112 5551 ﬁnitos
3141 5495 3443 5551 intinitosve

1856 5574 2112 5643 diﬁ‘undi;
2144 5587 2198 5634 et
2227 5594 2352 5635 vere
2377 5587 2432 5636 te
2456 5596 2575 5638 esse
2604 5586 2694 5655 qui
2728 5599 2941 5656 semper
2964 5586 3103 5641 idem
3130 5586 3244 5655 ipse
3269 5600 3438 5651 esses,

1856 5685 1923 5725 ex
1948 5669 2090 5725 nulla
2118 5682 2268 5742 parte
2294 5673 2543 5745 nulloque
2569 5687 2715 5732 motu
2736 5677 2890 5731 aliter
2911 5685 3004 5730 aut
3026 5677 3216 5739 aliter;
3245 5688 3439 5735 caetera

1922 5787 1938 5819 ⁸
1974 5783 2209 5851 Animam,
2226 5786 2367 5851 juxta
2388 5793 2460 5839 tr.
2498 5789 2646 5852 Lugd.
2673 5796 2789 5838 ven.
2815 5786 2958 5835 nond.
2991 5795 3048 5837 ιιι.

1891 5862 1896 5869 ’
2651 5870 3194 5952 (Vingt-quatrc.)
