3880 6392
570 299 676 359 ἠπ

572 427 704 471 vero
726 426 792 471 ex
822 418 876 465 te
902 420 1021 467 esse
1044 404 1243 472 omnia,
1273 402 1374 458 hoc
1403 399 1519 457 solo
1543 398 1849 457 ﬁrmissimo
1866 395 2158 453 documen-

567 513 646 569 to,
678 504 797 572 quia
826 506 952 553 sunt
976 513 989 549 :
1022 504 1201 551 certus
1229 492 1444 564 quidem
1473 491 1525 547 in
1551 491 1666 546 istis
1690 506 1858 556 eram,
1890 489 2051 547 nimis
2077 497 2159 544 ta-

565 610 693 653 men
725 592 967 647 infirmus
994 588 1061 642 ad
1090 584 1369 642 fruendum
1397 594 1470 640 te.
1500 583 1808 641 Garriebam
1835 586 1991 654 plane
2007 583 2159 655 quasi

565 686 790 759 peritus,
818 693 873 738 et
893 681 994 739 nisi
1024 681 1078 736 in
1102 678 1315 735 Christo
1334 677 1609 735 Salvatore
1636 687 1822 734 nostro
1849 680 1987 733 viam
2014 687 2158 733 tuam

564 791 866 850 quaererem
890 818 905 842 ,
944 790 1051 832 non
1090 773 1328 845 peritus,
1372 772 1466 827 sed
1507 772 1779 842 periturus
1814 785 2012 827 essem.
2041 771 2157 827 Jam

565 870 711 927 enim
732 883 1001 939 asperam
1022 868 1159 923 velle
1180 866 1346 922 videri
1366 867 1595 936 sapiens,
1622 866 1805 935 plenus
1826 880 1980 935 poma
2000 880 2115 921 mea
2141 885 2155 918 :

566 973 622 1021 et
646 978 751 1019 non
778 962 1001 1028 flebant,
1034 960 1251 1030 insuper
1283 968 1336 1014 et
1366 958 1589 1014 iuﬂabar
1617 959 1855 1014 scientia.
1886 958 1986 1015 Ubi
2014 958 2159 1013 enim

566 1066 682 1113 erat
709 1056 798 1111 illa
827 1052 1099 1111 udiiicans
1124 1052 1358 1106 charitas
1388 1066 1418 1105 a
1448 1051 1793 1106 fundamento
1822 1050 2154 1121 humilitatis,

564 1146 709 1218 quod
745 1154 831 1201 est
856 1144 1108 1202 Christus
1130 1145 1329 1201 Iesus?
1372 1146 1479 1200 Aut
1506 1146 1716 1215 quando
1742 1147 1819 1202 illi
1848 1147 1971 1203 libri
2000 1146 2159 1204 doce-

566 1249 691 1295 rent
713 1253 799 1294 me
824 1239 984 1295 eam?
1014 1239 1070 1293 ln
1097 1253 1232 1310 quos
1252 1253 1339 1293 me
1364 1246 1663 1310 propterea,
1686 1240 1991 1311 priusquam
2014 1241 2159 1297 Scri-

565 1341 752 1402 ptura:
771 1342 889 1386 tuas
913 1331 1335 1399 considerarent,
1359 1332 1521 1387 credo
1541 1331 1751 1387 voluisti
1785 1333 2076 1400 incurrere,
2100 1344 2161 1391 ut

561 1428 971 1498 imprimeretur
999 1428 1274 1483 memorire
1306 1440 1438 1482 mea:
1463 1427 1731 1498 quomodo
1750 1443 1813 1482 ex
1842 1430 1919 1483 eis
1941 1428 2159 1485 affectus

569 1535 747 1579 ossam
772 1538 785 1574 :
820 1529 875 1575 et
900 1536 1021 1575 cum
1051 1530 1233 1590 postea
1263 1521 1313 1575 itt
1342 1521 1495 1576 libris
1526 1522 1627 1576 tuis
1656 1521 2047 1577 mansuefactus
2076 1537 2161 1577 cs-

566 1630 705 1681 seut,
736 1624 791 1669 et
810 1614 1118 1669 curantibus
1137 1614 1316 1685 digitis
1342 1614 1443 1669 tuis
1463 1623 1921 1670 contrectarentur
1940 1615 2158 1671 vulnera

568 1721 723 1769 mea;
751 1705 1111 1760 discernerem
1141 1714 1297 1775 atque
1318 1704 1699 1776 distinguerem
1726 1705 1852 1775 quid
1880 1706 2162 1763 interesset

566 1798 707 1852 inter
727 1799 1197 1868 praesumptionem
1218 1807 1273 1852 et
1294 1797 1683 1853 confessionem
1704 1816 1719 1864 ;
1756 1799 1893 1855 inter
1921 1800 2161 1857 videntes

565 1904 675 1961 quo
698 1889 932 1943 cundum
969 1890 1039 1943 sit
1066 1904 1163 1945 nec
1191 1888 1432 1945 videntes
1457 1904 1558 1960 qua
1577 1932 1592 1956 ,
1627 1899 1681 1945 et
1708 1890 1848 1945 viam
1873 1890 2155 1947 ducentem

567 1980 636 2035 ad
664 1980 957 2034 beatificam
981 1981 1228 2049 patriam,
1253 1996 1358 2035 non
1385 1989 1586 2035 tantum
1615 1982 1956 2055 cernendum,
1990 1983 2081 2038 sed
2108 1992 2162 2039 et

568 2071 933 2128 habitandam.
964 2072 1098 2127 Nam
1127 2072 1173 2127 si
1209 2073 1380 2143 primo
1410 2074 1607 2128 sanctis
1634 2075 1737 2128 tuis
1767 2075 1981 2131 Litteris
2006 2077 2162 2132 infor-

568 2177 745 2222 matus
771 2180 965 2231 essent,
1012 2176 1067 2220 et
1105 2165 1159 2220 in
1200 2180 1383 2220 earum
1418 2165 1773 2223 familiaritate
1797 2168 2161 2225 obdulcnisscs

572 2258 727 2320 mihi,
767 2265 820 2311 et
846 2266 1030 2325 postea
1063 2257 1115 2311 in
1146 2257 1235 2311 illa
1264 2257 1536 2313 volumina
1564 2259 1868 2341 incidissem
1894 2277 1907 2327 ;
1939 2260 2162 2317 fortasse

567 2362 660 2407 aut
689 2349 1047 2419 abripttissent
1074 2366 1160 2406 me
1188 2366 1216 2405 a
1245 2351 1598 2406 solidamento
1625 2352 1835 2421 pietatis
1854 2394 1868 2419 ,
1915 2362 2006 2407 aut
2031 2353 2077 2408 si
2107 2354 2161 2409 in

568 2442 761 2498 affectu
790 2458 949 2512 quem
976 2444 1247 2499 salubrem
1276 2443 1587 2499 imbiberam
1618 2447 1986 2516 perstitissem,
2010 2456 2165 2518 puta-

567 2551 684 2591 rem
716 2537 877 2591 etiam
905 2552 969 2590 ex
999 2537 1103 2591 illis
1132 2537 1283 2592 libris
1308 2552 1430 2593 eum
1453 2552 1610 2609 posse
1634 2539 1861 2611 concipi,
1890 2540 1935 2595 si
1962 2556 2055 2598 eos
2076 2555 2162 2598 so-

570 2630 653 2685 los
682 2629 963 2700 quisquam
987 2628 1279 2686 didicisset.

1178 2762 1403 2821 CAPUT
1440 2764 1582 2825 XXI.

639 2875 775 2942 Quid
813 2877 865 2932 in
902 2878 1061 2933 sacris
1096 2875 1264 2935 Libri:
1298 2878 1561 2945 invenerit,
1611 2894 1713 2934 non
1749 2879 2001 2933 inventum
2037 2881 2091 2933 in

1208 2968 1513 3026 Platonicis.

633 3083 724 3137 Q7.
768 3083 947 3153 Itaque
991 3083 1305 3139 avidissime
1349 3084 1547 3153 arripui
1577 3084 1939 3139 venerabilem
1979 3085 2160 3143 stilum

564 3173 795 3246 Spiritus
824 3175 919 3238 ttti,
966 3183 1020 3229 et
1054 3189 1165 3244 prae
1208 3176 1421 3229 cieteris
1465 3177 1764 3244 apostolum
1812 3176 2065 3243 Paulum;
2108 3186 2164 3233 et

566 3269 841 3339 perierunt
861 3268 960 3319 illae
982 3267 1303 3337 qttmstiones
1332 3268 1383 3321 in
1405 3268 1601 3338 quibus
1626 3267 1755 3322 mihi
1781 3269 2062 3338 aliquando
2084 3271 2161 3325 vi-

571 3370 665 3411 sus
690 3366 774 3412 est
802 3357 1072 3411 adversari
1104 3358 1235 3424 sibi,
1284 3368 1338 3413 et
1373 3373 1477 3412 non
1516 3374 1810 3429 congruere
1846 3361 2161 3417 testimoniis

572 3449 731 3518 Legis
757 3458 809 3503 ct
834 3450 1218 3519 Prophetarum
1245 3459 1415 3504 textus
1455 3452 1719 3506 sermonis
1743 3452 1875 3521 ejus.
1909 3453 1971 3507 Et
2001 3468 2163 3525 appa-

574 3541 687 3595 ruit
714 3540 842 3594 mihi
866 3554 968 3594 una
1008 3540 1168 3596 facies
1195 3541 1526 3612 eloquiorunt
1554 3552 1818 3598 castorum
1841 3585 1856 3611 ,
1905 3554 1957 3600 et
1985 3545 2164 3599 exsul-

572 3643 692 3688 tare
733 3649 853 3687 cum
899 3641 1129 3688 tremore
1174 3633 1354 3689 didici.
1402 3635 1467 3689 Et
1492 3636 1626 3705 coepi
1658 3635 1698 3701 ⁸,
1727 3645 1781 3690 et
1806 3637 1982 3691 inveni
2009 3638 2161 3707 quid-

572 3725 701 3797 quid
742 3726 861 3780 illac
892 3742 1074 3781 verum
1104 3727 1336 3797 legeram
1364 3771 1378 3795 ,
1420 3727 1519 3784 hac
1548 3744 1668 3783 cum
1699 3730 2161 3787 commendatione

572 3816 760 3888 gratia:
788 3826 891 3871 tuae
919 3816 1060 3883 dici;
1091 3828 1149 3873 ut
1181 3819 1271 3889 qui
1296 3819 1459 3885 videt,
1494 3835 1597 3874 non
1628 3820 1703 3875 sic
1731 3821 1989 3892 glorietur
2011 3824 2161 3893 quasi

575 3923 683 3963 non
710 3909 994 3978 acceperit,
1022 3924 1125 3964 non
1153 3910 1322 3965 solum
1352 3911 1402 3964 id
1425 3909 1566 3981 quod
1591 3911 1753 3973 videt,
1787 3912 1879 3967 sed
1907 3913 2065 3966 etiam
2105 3922 2162 3968 ιιι

572 4000 751 4056 videat
768 4000 917 4072 (quid
932 4002 1073 4055 enint
1090 4002 1249 4057 habet
1264 4002 1402 4073 quod
1418 4019 1523 4058 non
1536 4005 1772 4075 accepit?
1790 4004 1831 4077 [l
1846 4004 2040 4066 Comv.
2056 4002 2157 4078 7]):

574 4101 631 4149 et
657 4102 713 4146 ttt
745 4104 817 4160 te,
849 4094 937 4163 qui
959 4078 1017 4149 es
1047 4110 1261 4166 semper
1290 4096 1451 4163 idem,
1486 4112 1591 4152 non
1618 4099 1788 4153 solum
1815 4098 2163 4155 admoneatur

574 4193 633 4238 ut
658 4183 853 4249 videat,
882 4184 975 4239 sed
1002 4186 1161 4241 etiam
1184 4196 1403 4243 sanetur
1430 4197 1489 4243 ut
1517 4197 1692 4244 teneat
1717 4206 1727 4243 :
1759 4199 1812 4246 et
1834 4192 1923 4262 qui
1954 4190 2020 4246 de
2045 4190 2161 4245 lon-

637 4330 654 4360 ¹
689 4327 822 4393 Cepi,
842 4330 982 4394 juxta
1000 4330 1118 4382 Dub.
1145 4337 1275 4383 Mart.
1301 4331 1444 4383 Rond.
1512 4339 1567 4382 Μ.

1735 275 2159 340 (Z'ONli'ESSlON1

2291 272 2348 335 8.
2389 267 2755 335 AUGUSTINI
3390 360 3400 375 I
3694 280 3773 341 ηε

2230 462 2232 464 ν
2260 387 2461 460 ginqua
2496 384 2680 445 videre
2720 399 2826 445 non
2858 391 3067 455 βοωοι.
3097 383 3239 449 viam
3266 392 3437 453 tamen
3461 388 3666 451 ambulet
3695 409 3774 464 qna

2261 478 2469 547 veniat,
2506 485 2562 541 et
2590 475 2789 544 videat,
2816 482 2871 539 et
2898 482 3103 547 teneat;
3149 475 3268 546 quia
3308 476 3403 539 etsi
3440 478 3777 548 condelectetut-

2263 569 2425 633 humo
2470 568 2569 640 legi
2611 568 2706 627 Dei
2738 566 3031 627 secundum
3057 566 3362 627 interiorem
3390 567 3777 647 hominem,qu

2262 662 2421 721 faciet
2453 660 2521 717 de
2563 660 2667 717 alia
2712 660 2829 730 lege
2867 659 2921 715 in
2953 658 3205 715 membris
3231 659 3361 725 suis,
3394 667 3779 738 rcpugnantelegi

2262 753 2458 811 mentis
2487 767 2626 821 sum,
2668 760 2724 809 et
2763 766 2823 807 se
2850 750 3121 821 captivum
3159 749 3383 809 ducente
3404 750 3452 806 in
3479 750 3582 823 lege
3603 758 3777 823 peccati,

2263 862 2390 919 quae
2403 854 2484 901 est
2506 845 2558 907 in
2582 842 2836 903 membris
2859 842 3015 913 ejus?
3035 841 3293 909 Quoniam
3306 842 3472 921 justus
3488 857 3562 912 es,
3578 844 3776 913 Domine;

2263 952 2361 993 nos
2380 945 2558 995 autent
2590 932 2948 1013 peccavimus,
2977 933 3157 1004 inique
3185 932 3403 995 fecimus
3426 977 3441 1003 ,
3474 934 3633 1006 inique
3655 942 3779 1010 gessi.

2262 1044 2402 1097 mus,
2431 1038 2485 1085 et
2505 1036 2718 1099 gravata
2740 1035 2823 1089 est
2847 1041 3009 1097 super
3034 1041 3130 1086 nos
3162 1042 3349 1093 manus
3372 1036 3475 1093 tua,
3496 1038 3544 1084 et
3562 1029 3683 1107 iuste
3699 1043 3775 1089 ιη.

2262 1119 2356 1181 diti
2388 1134 2574 1176 sumus
2601 1117 2763 1190 (Dan.
2796 1133 2874 1183 ut,
2901 1116 3096 1192 27-52)
3121 1117 3341 1189 antiquo
3362 1120 3604 1188 peccatori
3623 1139 3778 1194 praelia.

2263 1212 2366 1269 sito
2390 1211 2578 1273 mortis
2604 1228 2618 1277 ;
2648 1209 2774 1285 quia
2815 1208 3082 1280 persuasit
3106 1209 3360 1266 voluntati
3389 1221 3567 1269 nostra:
3586 1214 3776 1275 similitu-

2260 1304 2443 1367 dinem
2483 1303 2769 1361 voluntatis
2806 1317 2949 1370 SlltB,
2997 1316 3101 1379 qua
3130 1301 3185 1363 in
3216 1302 3433 1361 veritate
3455 1312 3534 1360 tua
3559 1321 3649 1365 non
3671 1309 3777 1363 stetit

2268 1397 2444 1472 (Joan.
2472 1414 2595 1467 vttt,
2624 1397 2734 1468 44).
2763 1396 2900 1467 Quid
2930 1394 3092 1451 faciet
3126 1395 3291 1455 miser
3317 1396 3506 1451 homo?
3544 1397 3653 1469 Quis
3688 1417 3777 1456 eum

2263 1490 2507 1551 liberabit
2534 1488 2600 1545 de
2626 1503 2850 1558 corpore
2875 1488 3065 1551 mortis
3093 1487 3277 1558 hujus,
3328 1489 3423 1553 nisi
3448 1490 3597 1560 gratia
3625 1501 3691 1545 tua
3712 1510 3778 1561 per

2262 1582 2446 1639 1‘35"!“
2472 1581 2740 1643 Christum
2764 1580 3045 1639 Dominum
3070 1591 3311 1647 nostrum
3338 1580 3499 1652 (Rom,
3524 1597 3604 1646 γη,
3621 1583 3772 1653 mg).

2264 1690 2422 1747 quem
2451 1674 2679 1747 genuisti
2712 1681 3063 1738 comtet‘num,
3092 1681 3147 1727 et
3175 1671 3368 1734 creasti
3394 1672 3442 1729 in
3469 1673 3687 1744 principio
3707 1676 3777 1728 ria-
3834 1666 3835 1719 ἲ

2264 1784 2383 1825 rum
2419 1776 2625 1825 tuarum
2655 1764 2836 1837 (Prov.
2871 1780 2985 1830 vttt.
3014 1762 3140 1835 22),
3171 1765 3224 1819 in
3268 1778 3372 1835 quo
3414 1766 3633 1839 princeps
3664 1766 3776 1835 hujus

2265 1863 2448 1921 mundi
2492 1879 2597 1919 non
2641 1860 2843 1921 invenit
2880 1858 3178 1931 quidquam
3219 1867 3387 1915 morte
3412 1858 3605 1929 dignum
3642 1858 3772 1931 (Joan.

2267 1971 2378 2023 XIV,
2424 1955 2535 2023 '50),
2565 1964 2617 2008 et
2644 1949 2841 2009 occidit
2862 1964 3015 2013 eum;
3048 1960 3104 2005 et
3138 1960 3441 2011 evacuatus)
3468 1960 3543 2011 est
3567 1949 3773 2020 chiragra.

2266 2047 2428 2120 phum
2472 2049 2612 2121 quod
2653 2060 2770 2109 erat
2804 2051 3135 2113 contrarium
3184 2050 3338 2113 nobis
3383 2048 3583 2118 (Colon.
3610 2065 3656 2113 tt,
3682 2050 3773 2117 ii)?

2266 2140 2380 2196 Hoc
2408 2142 2510 2203 illae
2539 2140 2728 2197 litterae
2756 2159 2861 2203 non
2896 2141 3116 2197 habent.
3154 2140 3273 2197 Non
3301 2140 3490 2197 habent
3510 2141 3600 2201 illae
3626 2142 3772 2213 pagina:
3834 2158 3835 2213 ἦ

2270 2232 2472 2289 vultum
2507 2233 2719 2303 pietatis
2750 2233 2923 2302 hujus,
2961 2233 3231 2304 lact-ymas
3259 2229 3601 2295 confessionis,
3625 2230 3771 2286 sacriﬁ-

2266 2323 2405 2380 cium
2435 2332 2604 2391 tuttttt,
2634 2324 2878 2395 spiritum
2908 2325 3350 2392 contribulatum,
3377 2338 3465 2378 cor
3488 2323 3720 2381 contritum
3739 2331 3772 2375 ct

2266 2415 2600 2475 httntiliatttm
2641 2416 2815 2489 (Psal.
2849 2435 2900 2489 ι..
2931 2417 3057 2489 i9),
3093 2418 3275 2489 populi
3320 2417 3560 2483 salutem,
3586 2429 3772 2485 Sponsam

2265 2510 2533 2567 civitatem
2567 2510 2746 2584 (Apoc.
2778 2528 2911 2579 nt,
2946 2511 3036 2584 2).
3079 2511 3298 2571 arrltam
3329 2510 3535 2581 Spiritus
3556 2509 3686 2567 sancti
3709 2507 3723 2580 (
3746 2506 3773 2559 Il

2267 2602 2389 2659 Cor.
2424 2620 2475 2671 v,
2506 2604 2597 2677 5),
2643 2604 2893 2675 poculum
2934 2604 3094 2677 pretii
3126 2602 3317 2660 nostri.
3358 2601 3511 2657 Nemo
3532 2600 3587 2656 ibi
3606 2607 3770 2652 cantat:

2268 2694 2456 2757 Nonne
2485 2696 2587 2753 Deo
2614 2696 2815 2753 subdita
2838 2697 2932 2753 erit
2958 2697 3135 2755 animo
3160 2697 3308 2757 mea?
3331 2694 3403 2749 Ab
3428 2699 3517 2766 ipso
3536 2693 3637 2746 enim
3656 2691 3770 2745 miu-

2268 2800 2374 2845 tare
2403 2807 2586 2851 meum.
2616 2789 2817 2849 Etenim
2857 2792 2966 2860 ipse
2996 2789 3135 2849 Deus
3174 2806 3315 2845 meus
3348 2799 3393 2844 et
3419 2786 3616 2841 salutaris
3635 2799 3767 2846 metu;

2265 2892 2523 2955 susceptor
2539 2900 2697 2952 meus,
2728 2900 2829 2940 non
2854 2884 3086 2940 movebar
3109 2884 3331 2954 amplius
3360 2880 3513 2952 (Psal.
3538 2894 3629 2945 ut,
3649 2876 3693 2942 2.
3715 2876 3770 2942 5)-

2263 2972 2434 3033 Nemo
2462 2976 2529 3033 ibi
2556 2978 2704 3031 audit
2726 2986 3003 3033 vocantem
3036 2994 3049 3032 :
3093 2975 3271 3039 Venite
3291 2976 3357 3035 ad
3377 2990 3466 3039 me,
3486 2974 3558 3045 qui
3579 2970 3770 3027 laboratis.

2266 3065 2633 3137 Dedignatttur
2663 3068 2731 3123 ab
2761 3084 2827 3124 eo
2863 3068 3074 3125 discere
3102 3068 3353 3140 quoniam
3396 3066 3526 3122 mitis
3561 3073 3627 3119 est
3644 3071 3686 3117 et
3704 3060 3772 3113 ltu-

2266 3159 2409 3219 milis
2449 3159 2629 3215 corde.
2670 3160 3007 3216 Abscondisti
3050 3162 3199 3219 enim
3233 3160 3346 3217 hinc
3378 3174 3406 3213 a
3446 3153 3715 3226 sapientibus
3735 3158 3772 3204 et

2267 3250 2614 3322 prudentibus
2633 3294 2647 3320 ,
2677 3261 2730 3307 et
2761 3252 3009 3309 revelasti
3056 3268 3119 3309 ea
3149 3251 3380 3325 parvulis
3420 3246 3605 3323 (Matth.
3629 3241 3768 3307 11,28.

2265 3339 2357 3407 29,
2384 3340 2497 3413 25).
2529 3341 2595 3397 Et
2622 3342 2763 3398 aliud
2787 3352 2871 3398 est
2898 3343 2965 3401 de
2990 3344 3232 3399 silvestri
3261 3341 3522 3403 cacumine
3546 3334 3689 3391 videre
3707 3348 3769 3402 pa-

2270 3432 2422 3486 triam
2456 3432 2619 3503 paris,
2648 3442 2703 3489 et
2726 3434 2826 3489 iter
2846 3434 2911 3489 ad
2932 3450 3049 3489 eam
3073 3450 3182 3490 non
3210 3434 3459 3498 invenire,
3482 3441 3528 3486 et
3547 3427 3697 3484 fuistra
3713 3437 3772 3477 co-

2268 3523 2381 3577 nari
2424 3540 2521 3594 per
2550 3524 2719 3591 invia,
2752 3526 2952 3580 circum
2997 3525 3368 3581 obsidentibus
3396 3532 3445 3577 et
3480 3515 3767 3575 insidiantibus

2266 3614 2503 3686 fugitivis
2530 3617 2918 3686 desertoribus,
2953 3634 3076 3674 cum
3110 3618 3349 3689 principe
3374 3629 3465 3671 suo
3488 3614 3619 3667 leone
3634 3616 3677 3663 et
3691 3605 3767 3658 dra-

2268 3722 2439 3763 eone:
2471 3720 2526 3763 et
2563 3708 2707 3763 aliud
2744 3720 2925 3766 tenere
2955 3711 3094 3765 viam
3139 3711 3266 3765 illuc
3294 3710 3554 3764 ducentem
3577 3745 3589 3767 ,
3624 3700 3731 3756 curia
3759 3696 3769 3726 ¹

2266 3798 2501 3855 cmlestis
2526 3798 2870 3871 Imperatoris
2893 3801 3157 3857 munitam
3179 3843 3194 3866 ,
3231 3801 3321 3856 ubi
3349 3814 3448 3855 non
3474 3794 3771 3852 latrocinantur

2266 3894 2357 3964 qui
2385 3893 2662 3949 caelestem
2693 3895 2935 3950 militiam
2964 3895 3353 3961 deseruerunt;
3380 3892 3529 3947 vitant
3557 3888 3668 3945 enim
3688 3896 3768 3937 eam

2266 3988 2405 4043 sicut
2426 3987 2763 4059 supplicium.
2796 3988 2921 4045 Htcc
2942 3990 3068 4044 milti
3098 3987 3539 4045 inviscerabantttr
3561 3980 3677 4036 miris
3691 3989 3769 4030 mo-

2266 4079 2349 4135 dis
2372 4122 2386 4148 ,
2425 4097 2542 4135 cum
2569 4081 2848 4136 minimum
2875 4082 3253 4152 Apostolorum
3284 4090 3483 4135 tuorum
3511 4076 3708 4145 legerem.
3732 4072 3768 4118 οε

2267 4172 2733 4229 consideraveram
2755 4189 2915 4243 opera
2948 4186 3055 4242 tua,
3086 4185 3141 4229 et
3167 4186 3493 4244 expaveram.

2331 4289 2360 4357 ﬁ
2386 4286 2595 4357 maid,
2620 4300 2741 4357 cura
2749 4301 2781 4357 ;_
2791 4295 2842 4338 at
2863 4288 2915 4339 in
2932 4295 3039 4341 Mss.
3070 4290 3272 4355 Benign.
3306 4284 3449 4350 longe
3481 4278 3653 4337 melius,
3670 4266 3767 4324 ασίδ

2270 4347 2470 4400 ccclesiis
2497 4347 2822 4413 Imperatoris.

574 4461 3742 4490 Μ

1546 4484 2023 4661 LIBER
2105 4551 2883 4661 OCTAVUS.

638 4714 757 4782 vitae
779 4717 930 4782 ipsius
951 4721 1139 4782 partem
1147 4714 1353 4782 attingit
1362 4713 1746 4782 celeberrimam
1763 4747 1785 4782 ,ἢ
1799 4726 1976 4767 annum
1992 4716 2149 4766 tctatis
2167 4716 2471 4782 trigesimum
2498 4716 2765 4782 secundum
2786 4751 2801 4778 ,
2835 4731 2937 4782 quo
2966 4729 3151 4782 nempe
3173 4712 3627 4782 eumstmpliciamm

578 4775 769 4833 luisset,
794 4776 856 4824 ab
882 4788 1039 4843 eoque
1061 4775 1307 4843 didicisset
1326 4776 1547 4825 \ictoriui
1566 4776 1959 4843 conversionem,
1983 4791 2093 4827 cum
2116 4775 2303 4843 Antonii
2326 4786 2457 4843 zhgy,
2476 4780 2768 4843 tiimonaclti
2788 4775 2947 4843 ‘vit'am
2971 4793 3035 4831 ex
3060 4775 3309 4843 Pbutitiani
3344 4791 3399 4827 re

3479 4784 3561 4829 oue
3578 4761 3768 4830 agnovis-

575 4844 682 4911 set,
704 4832 1172 4911 pustvelteinentem
1198 4838 1369 4911 luctam
1408 4851 1607 4911 carnem
1629 4839 1757 4910 inter
1776 4845 1828 4910 et
1850 4832 2085 4911 animum,
2109 4840 2322 4911 gidicem
2346 4832 2757 4911 aiio'stoliemlesti
2782 4832 3265 4899 admonitusoraculo
3287 4838 3511 4911 inspexit;
3533 4836 3705 4892 morque
3722 4832 3766 4871 εί

577 4898 711 4957 illius
726 4897 938 4955 lectione
954 4900 1016 4955 ad
1030 4898 1285 4953 meliorem
1298 4898 1491 4965 frugem
1514 4908 1616 4959 tow
1638 4901 1797 4957 animo
1813 4897 2091 4954 immutatus
2111 4902 2225 4963 fuit,
2243 4897 2491 4967 pleneque
2513 4904 2572 4953 ad
2587 4910 2741 4955 Deum
2760 4917 3040 4956 conversus.

2028 5026 2398 5084 MM

1170 5155 1372 5212 APUT
1412 5155 1697 5211 PRIMUM.

635 5252 820 5310 Studia
847 5249 963 5305 vitae
984 5248 1160 5303 melius
1184 5247 1501 5303 instituenda
1530 5246 1597 5300 ad
1626 5246 2015 5321 Simplicianum
2037 5247 2110 5303 ire

1279 5330 1469 5383 statuit.

653 5432 704 5491 1.
749 5428 889 5483 Deus
919 5441 1086 5492 meus,
1120 5423 1370 5479 recorder
1400 5423 1451 5477 in
1480 5421 1766 5493 gratiarum
1799 5419 2007 5476 actione
2048 5421 2163 5491 tibi,

580 5530 638 5580 et
667 5522 910 5579 confiteat
951 5516 1344 5579 misericordias
1373 5524 1490 5572 tuas
1518 5530 1679 5585 super
1703 5530 1805 5570 me.
1835 5513 2164 5569 Perfundan-

577 5624 669 5672 tur
692 5630 813 5671 ossa
838 5629 955 5668 mea
977 5611 1262 5667 dilectione
1290 5620 1376 5665 tua
1405 5609 1421 5641 ⁸
1441 5649 1457 5677 ,
1482 5617 1535 5663 et
1556 5607 1733 5661 dicant
1760 5623 1772 5659 :
1797 5604 2030 5673 Domine,
2058 5606 2166 5676 quis

642 5744 663 5779 ⁸
695 5745 805 5798 Bad.
828 5753 931 5797 Am.
955 5749 1031 5797 Er.
1055 5757 1167 5798 cum
1190 5742 1357 5797 codice
1380 5738 1507 5805 Alb.,
1532 5738 1839 5795 delectatione
1856 5747 1957 5793 tua.

2271 5158 2450 5215 similis
2475 5159 2603 5215 tibi?
2631 5156 2803 5226 (Psal.
2832 5173 3032 5225 xxxrv,
3051 5154 3161 5230 t0.)
3189 5152 3430 5225 Dirupisti
3459 5144 3636 5204 vincula
3652 5149 3758 5195 mea.

2270 5252 2563 5309 sacriﬁcam
2586 5252 2678 5309 tibi
2700 5251 3014 5308 sacrificium
3044 5250 3211 5306 laudis
3235 5246 3397 5319 (Paul.
3416 5255 3531 5306 εῖν,
3553 5232 3760 5335 Η)..οῪ

2270 5346 2430 5402 modo
2455 5345 2697 5416 dirupisti
2726 5360 2810 5413 ea,
2837 5344 3101 5411 narrabo;
3128 5351 3182 5399 et
3200 5316 3371 5397 dicent
3396 5345 3566 5391 omnes
3584 5323 3656 5396 qui

2271 5451 2393 5496 rant
2416 5450 2484 5506 te,
2502 5406 2623 5496 cum
2643 5406 2859 5495 audient
2882 5440 2995 5493 inec
3016 5456 3027 5492 :
3050 5434 3355 5492 Benedictus
3370 5417 3650 5484 Dtmtinttaitt
3664 5406 3758 5466 αεὶο

2272 5543 2325 5589 et
2350 5534 2402 5589 in
2435 5505 2603 5598 terra;
2630 5546 2876 5602 maguum
2903 5540 2957 5585 et
2980 5527 3215 5583 mirabile
3234 5535 3414 5579 nomen
3435 5519 3554 5585 ejus.
3584 5505 3757 5602 initas?

2273 5635 2394 5687 ram
2420 5584 2884 5696 pI'EBCOI'LiliSOIDCiS
2910 5621 3071 5676 verba
3090 5628 3197 5685 tua,
3213 5624 3267 5671 et
3288 5610 3500 5679 undique
3514 5584 3754 5696 circumitis

2275 5694 2539 5786 laboratis
2559 5739 2630 5784 te.
2661 5726 2736 5784 De
2757 5725 2869 5782 vita
2886 5734 2976 5780 tua
3000 5731 3194 5780 interna
3210 5724 3526 5778 certum-am
3544 5721 3559 5764 :
3575 5694 3759 5783 quam”
