3926 6272
247 249 332 318 τω
1556 243 1761 308 LIBER
1797 242 2131 312 OCTAVUS.

247 384 338 436 ut:
356 368 404 428 in
418 366 694 436 enigmata
709 371 765 420 et
783 364 932 436 quasi
952 379 1048 436 per
1062 361 1332 435 speculum
1347 360 1582 418 videram
1606 361 1648 436 (1
1667 361 1783 430 Cor.

243 479 337 526 xm,
360 459 471 526 12):
501 458 762 513 dubitatio
783 467 956 518 tamen
973 457 1146 518 omnis
1161 459 1228 520 de
1254 459 1632 529 incorruptibili
1659 459 1785 518 sub-

244 550 571 624 gautimmod
591 550 660 606 ab
683 551 769 610 illa
789 561 926 608 esset
948 551 1119 606 omnis
1137 551 1638 612 subsuntiamhlata
1657 549 1785 608 mihi

246 655 337 712 crat
360 663 371 697 :
391 657 481 699 nec
503 641 697 700 certior
719 641 787 696 de
815 651 887 709 to,
907 642 1000 696 sed
1031 642 1273 704 stabilior
1297 643 1351 700 in
1382 653 1433 702 te
1462 659 1580 698 esse
1608 643 1786 714 cupie-

247 738 363 796 bam.
392 735 458 790 De
480 747 590 788 mea
614 746 747 792 vero
779 733 1052 803 temporali
1080 734 1183 788 vita
1213 734 1466 797 nutabant
1495 735 1670 795 omnia
1692 776 1707 799 ,
1732 745 1787 794 et

249 824 562 896 nuntiandum
595 834 709 882 erat
743 839 840 880 cor
866 840 895 884 a
933 825 1192 888 fomento
1225 826 1428 889 veteri;
1457 836 1509 882 et
1549 827 1784 898 placebat

250 922 318 982 ria
342 921 438 988 ipse
458 916 728 980 Salvator,
756 925 810 974 et
833 917 912 974 ire
945 932 1039 988 per
1061 917 1179 990 ejus
1201 919 1474 992 angustias
1498 919 1668 974 adhuc
1701 920 1780 989 pi-

250 1013 394 1086 gebat.
430 1010 489 1064 Et
513 1008 773 1064 immisiin
807 1009 857 1068 in
897 1018 1128 1076 mentem
1167 1025 1336 1068 meam
1359 1051 1372 1071 ,
1401 1011 1674 1081 visumque
1702 1021 1784 1066 est

250 1105 410 1168 bonum
434 1103 479 1157 in
497 1112 784 1170 conspectu
807 1116 926 1162 meo
950 1116 1168 1174 pergere
1192 1100 1258 1156 ad
1278 1101 1674 1170 Simplicianum
1693 1105 1780 1172 qui

254 1199 361 1260 mihi
391 1197 542 1252 bonus
571 1195 857 1265 apparebat
897 1210 1081 1256 servus
1110 1203 1229 1250 tuus
1249 1237 1264 1255 .
1294 1203 1347 1250 et
1382 1195 1592 1250 lucebat
1625 1197 1676 1250 in
1717 1211 1782 1250 eo

259 1293 392 1364 gratia
415 1299 504 1342 tua.
538 1287 823 1342 Audieram
855 1287 1012 1342 etiam
1042 1285 1181 1356 quod
1211 1302 1240 1339 a
1267 1287 1542 1358 juventute.
1567 1304 1658 1345 sua
1689 1287 1780 1343 de-

256 1382 474 1440 totirsime
493 1378 582 1434 tibi
608 1379 846 1436 viveret:
864 1380 973 1450 jam
996 1393 1126 1434 vero
1148 1389 1270 1436 tunc
1290 1390 1560 1446 senuerat,
1583 1390 1635 1435 et
1666 1381 1780 1434 ιοη-

249 1491 304 1554 ρ
327 1483 456 1530 aetate
477 1473 524 1526 in
550 1482 656 1540 tarn
683 1472 825 1526 bono
845 1471 1020 1526 studio
1043 1471 1309 1534 sectandzr.
1337 1472 1435 1527 vim
1465 1483 1590 1542 tuae,
1616 1475 1778 1530 multa

249 1576 483 1634 expertum.
513 1563 672 1620 multa
701 1563 921 1620 edoctus
948 1564 1076 1620 mihi
1115 1565 1422 1631 videbatur;
1453 1576 1508 1624 et
1545 1583 1668 1623 vere
1703 1569 1780 1624 sic

246 1668 354 1714 erat.
388 1656 523 1712 Unde
547 1657 674 1712 mihi
705 1665 761 1712 ut
789 1655 1056 1727 proferret
1083 1658 1344 1724 volebam,
1371 1659 1658 1716 conferenti
1690 1677 1776 1716 sc-

247 1763 346 1804 cuat
367 1757 511 1810 astus
545 1763 693 1803 meos
712 1790 727 1814 ,
753 1748 872 1818 quis
897 1759 1036 1802 esset
1064 1757 1216 1818 aptus
1247 1749 1435 1806 modus
1465 1751 1541 1806 sic
1566 1751 1774 1818 atiecto,

247 1849 292 1904 lu
313 1854 394 1910 ego
418 1855 571 1902 erant,
600 1839 666 1892 ad
697 1838 1070 1894 ambulandum
1100 1840 1152 1895 in
1179 1841 1259 1895 via
1292 1851 1397 1897 tua.

301 1933 345 1986 ε.
379 1931 611 1988 Videbam
655 1933 798 1990 enim
839 1933 1048 2001 plenam
1079 1934 1402 1994 Ecclesiam:
1432 1944 1485 1990 et
1526 1936 1660 1992 alius
1699 1938 1778 1992 sic

243 2023 349 2083 ibat,
368 2023 482 2079 alius
515 2034 687 2078 autem
727 2023 824 2082 sic.
850 2023 970 2078 Mihi
987 2033 1161 2084 autem
1179 2023 1488 2094 diSplicebat
1503 2027 1642 2098 quod
1665 2042 1777 2098 age-

243 2113 346 2174 bam
367 2114 411 2170 in
433 2115 635 2177 satculo,
658 2124 712 2168 et
739 2115 884 2176 oneri
917 2115 1043 2175 mihi
1071 2125 1184 2176 erat
1222 2117 1395 2180 valde,
1424 2133 1526 2174 non
1553 2119 1663 2188 jam
1692 2121 1775 2174 in-

246 2201 584 2262 ﬂammatibus
612 2203 1015 2269 cupiditatibus,
1047 2215 1104 2260 ut
1140 2206 1399 2273 solebant,
1427 2224 1522 2279 spe
1561 2210 1775 2268 honoris

245 2303 296 2354 et
315 2295 526 2366 pecunia.
545 2294 610 2348 ad
643 2295 975 2350 tolerandam
1003 2296 1143 2350 illam
1171 2297 1476 2353 servitutem
1514 2307 1620 2354 tam
1650 2316 1771 2369 gra-

243 2401 362 2450 uat.
393 2387 495 2446 iam
516 2390 654 2444 enim
678 2404 763 2442 me
787 2389 873 2442 illa
899 2404 1000 2442 non
1025 2387 1355 2450 delectabant
1375 2406 1481 2457 prae
1497 2392 1774 2448 dulcedine

245 2486 318 2532 tua
337 2488 381 2534 et
401 2477 576 2536 decore
601 2479 791 2534 dotnus
826 2489 927 2534 tuae
952 2496 1108 2550 quam
1143 2481 1300 2534 dilexi
1333 2481 1502 2552 (Psal.
1527 2500 1658 2549 xxv,
1681 2484 1734 2555 8)
1757 2502 1770 2548 ;

243 2569 321 2636 pd
337 2570 488 2630 adhuc
507 2573 760 2628 tenaciter
779 2572 1067 2644 colligabar
1087 2589 1148 2629 ex
1174 2573 1364 2628 femina
1394 2594 1405 2630 :
1430 2591 1527 2630 nec
1549 2593 1632 2629 me.
1654 2593 1774 2646 pro-

242 2661 418 2718 hibebat
442 2666 716 2733 Apostolus
736 2666 1029 2736 coniugari.
1053 2670 1293 2736 quamvis
1321 2671 1689 2726 exhortaretur
1707 2672 1771 2726 ad

237 2755 412 2824 nelias,
431 2757 646 2810 maxime.
668 2758 854 2814 volens
874 2773 1060 2814 omnes
1082 2759 1322 2814 homines
1343 2761 1416 2813 sic
1441 2777 1560 2818 esse
1581 2773 1634 2816 ut
1663 2764 1774 2832 ipse.

237 2845 402 2916 erat“
427 2847 534 2902 Cor.
555 2850 674 2920 vn).
717 2848 825 2904 Sed
854 2865 951 2919 ego
980 2849 1239 2906 infirmior
1263 2851 1522 2922 eligebam
1565 2855 1768 2908 nzollio-

235 2952 332 2996 rem
355 2940 509 2998 locum
536 2959 546 2993 :
572 2951 624 2996 et
649 2951 869 3015 propter
895 2941 996 2997 hoc
1021 2960 1182 3000 unum
1213 2945 1464 3001 volvebar
1490 2947 1538 3002 in
1566 2950 1772 3002 czcteris

237 3030 498 3100 languidus,
527 3045 577 3088 ct
617 3035 896 3092 tabescens
921 3037 1066 3097 curis
1101 3037 1380 3106 marcidis,
1413 3039 1550 3109 quod
1587 3042 1597 3070 '
1628 3051 1680 3095 et
1719 3041 1768 3095 in

239 3120 335 3186 aliis
353 3123 495 3186 rebus
518 3141 645 3195 quas
674 3127 912 3182 uolebam
935 3128 1065 3198 pati,
1089 3144 1382 3198 congruere
1407 3133 1632 3201 cogebar
1653 3133 1770 3187 vitae

239 3213 481 3284 mitigati.
511 3216 590 3282 cui
619 3216 828 3273 deditus
859 3217 1243 3287 obstringebar.
1275 3221 1556 3276 Audieram
1586 3239 1649 3276 ex
1677 3239 1770 3278 ore

243 3301 465 3372 Veritatis,
493 3323 605 3368 esse
629 3309 894 3382 spadones
933 3312 1021 3378 qui
1055 3312 1260 3380 seipsos
1285 3313 1621 3370 absciderunt
1649 3331 1772 3385 pro-

232 3404 337 3464 pter
354 3413 548 3470 regnum
570 3401 857 3462 ca‘Jornm;
888 3403 1000 3467 sed,
1038 3405 1136 3470 Qui
1156 3415 1332 3476 potest,
1363 3407 1547 3478 inquit,
1571 3426 1766 3479 capere,

237 3488 380 3558 sopiat
401 3489 587 3558 (Hattlt.
615 3509 733 3557 xix,
762 3493 872 3564 12).
914 3494 1046 3552 Vani
1073 3507 1196 3552 sunt
1216 3502 1359 3554 eci'te
1385 3515 1570 3556 omnes
1595 3501 1764 3560 homi-

163 3613 187 3666 ..ι
243 3591 325 3638 ια
341 3579 496 3642 quibus
511 3596 611 3638 non
635 3583 774 3638 inest
788 3583 881 3650 Dei
899 3585 1116 3640 scientia
1134 3604 1146 3649 ;
1167 3603 1262 3642 nec
1282 3588 1346 3644 de
1367 3590 1429 3644 iis
1445 3607 1561 3660 qurc
1586 3592 1768 3648 viden-

176 3669 186 3688 ’
235 3672 456 3736 tat-bona.
476 3687 751 3745 potuerunt
769 3678 1002 3736 invenire
1025 3697 1143 3736 cum
1165 3683 1251 3752 qui
1275 3692 1355 3738 est
1385 3683 1667 3756 (Sap.xm,
1689 3686 1764 3756 l).

233 3762 294 3824 Δὶ
312 3779 395 3835 ego
411 3765 511 3836 jam
537 3784 640 3826 non
667 3785 814 3828 eram
844 3771 896 3828 in
923 3771 1010 3826 illa
1041 3774 1271 3829 vanitate
1300 3793 1312 3828 :
1341 3778 1765 3832 transcenderam

232 3868 354 3922 cum;
390 3867 439 3920 et
472 3871 800 3926 contestatam
835 3865 1079 3922 universa
1118 3876 1356 3924 creatura
1401 3877 1488 3922 tua
1511 3911 1523 3931 ,
1554 3869 1766 3925 invene-

225 3958 324 4012 an
357 3956 402 4008 te
428 3962 712 4012 creatorem
741 3963 1002 4020 nostrum,
1021 3964 1075 4012 et
1105 3956 1332 4016 Verbum
1374 3967 1516 4012 tuum
1548 3959 1684 4030 apud
1717 3968 1767 4014 te

225 4035 385 4104 Datim.
405 4051 672 4114 tecumque
692 4059 812 4100 cum
826 4044 1020 4114 Spiritu
1043 4055 1225 4102 sancto
1251 4049 1270 4078 ²
1291 4064 1449 4104 unum
1469 4049 1652 4116 Deum,
1673 4065 1768 4122 per

225 4128 338 4200 quod
359 4134 533 4188 creasti
557 4134 751 4190 omnia.
781 4133 876 4190 Est
901 4142 955 4190 et
978 4135 1120 4192 aliud
1146 4153 1312 4208 genus
1341 4139 1642 4208 impiorum,
1673 4140 1763 4212 qui

229 4230 561 4288 cognoscentes
601 4224 766 4284 Deum
803 4241 908 4280 non
953 4225 1087 4282 sicut
1126 4227 1289 4283 Deum
1315 4229 1757 4303 glorificaverunt,

227 4317 298 4362 ant
313 4312 486 4378 gratias
505 4323 743 4384 egerunt.
776 4313 831 4367 In
857 4315 958 4372 hoc
977 4332 1186 4387 quoque
1212 4317 1498 4376 incideram
1519 4340 1532 4388 ;
1555 4333 1607 4377 et
1628 4325 1761 4380 dex-

225 4408 315 4472 tera
341 4413 420 4466 tua
440 4407 661 4476 suscepit
686 4422 773 4461 me
803 4405 969 4479 (Paul.
996 4424 1132 4476 xvu,
1155 4409 1268 4481 56).
1299 4420 1351 4466 et
1380 4411 1500 4468 inde
1526 4414 1757 4474 ablatum

219 4494 410 4570 posuisti
435 4496 515 4552 ubi
540 4498 990 4566 eonvalescerem,
1018 4500 1137 4569 quia
1165 4499 1339 4554 dixisti
1366 4499 1567 4558 homini
1593 4524 1604 4559 :
1629 4504 1761 4564 Ecce

371 4598 430 4641 est
447 4591 689 4660 sapientia
711 4587 832 4662 (Iob
854 4605 1046 4655 xxvtu,
1066 4589 1157 4662 28)
1180 4600 1288 4658 ;et,
1313 4590 1436 4647 Noli
1455 4594 1580 4649 velle
1602 4598 1759 4653 videri

224 4675 388 4748 ﬁlim
407 4682 577 4752 (Prov.
604 4704 678 4752 ιιι,
703 4688 781 4757 7),
809 4689 1056 4760 quoniam
1087 4690 1302 4745 dicentes
1337 4709 1391 4746 se
1423 4709 1530 4748 esse
1563 4697 1754 4767 capiere

427 4777 545 4846 [acti
566 4788 684 4835 sunt
712 4778 889 4849 (Rom.
915 4780 958 4845 ι’,
978 4781 1067 4847 2|,
1089 4781 1200 4852 22).
1231 4782 1294 4837 Ει
1323 4783 1624 4843 inveneram
1641 4789 1749 4860 jam

218 4853 378 4922 lienam
397 4871 721 4940 margaritam
739 4888 753 4936 ;
771 4880 825 4925 et
840 4871 1060 4927 venditis
1077 4875 1321 4932 omnibus
1341 4893 1456 4946 qua:
1477 4853 1747 4949 haberem,

213 4954 409 5024 scenda
428 4971 557 5030 erat,
575 4974 625 5018 et
648 4963 956 5020 dubitabam
983 4964 1189 5036 (Matt/1.
1216 4985 1330 5035 xm,
1347 4970 1460 5044 46).

819 5074 1044 5136 CAPUT
1082 5078 1145 5138 ΙΙ.

369 5159 444 5226 De
487 5163 746 5228 Victorino
783 5166 982 5224 rhetore
1015 5168 1086 5230 ad
1119 5169 1271 5238 ﬁdem
1307 5188 1561 5230 converso.

255 5247 312 5318 ᾗ.
336 5250 542 5313 Perrexi
571 5273 701 5332 ergo
729 5257 795 5314 ad
823 5257 1249 5330 Simplicianum,
1276 5273 1478 5334 patrem
1519 5269 1568 5322 in
1607 5271 1746 5334 acci-

201 5336 365 5414 dentia
383 5348 544 5418 gratia
566 5358 653 5405 tua
681 5359 808 5412 tunc
828 5351 1058 5422 episcopi
1074 5353 1358 5423 Ambrosii,
1377 5366 1430 5416 et
1448 5376 1604 5431 quem
1626 5379 1747 5420 vere

199 5435 256 5500 at
275 5444 459 5502 patrem
487 5438 757 5512 diligebat.
798 5441 1016 5502 Narravi
1043 5443 1091 5500 ei
1120 5445 1368 5504 circuitus
1398 5455 1595 5508 erroris
1621 5457 1740 5512 mei.

245 5543 1012 5638 ἶὲνέέιὲἪέἓΞὲ·
1021 5561 1138 5638 {‘53:
1181 5569 1246 5638 7“-

289 5609 697 5692 ﬂuj'mteﬂt
711 5609 1071 5692 cingemus;
1099 5609 1400 5692 cunifpiritn
1423 5633 1614 5690 sancto,
1635 5643 1748 5692 qua:

195 5660 628 5740 “suum”
461 5660 474 5674 '
606 5660 1355 5748 "amiéia‘s'cst’a;

3374 277 3482 337 750

1897 362 1994 418 Uhi
2021 372 2200 422 autem
2239 371 2653 434 commemoravi
2693 371 2884 434 legisse
2912 390 2997 430 me
3026 382 3278 444 quosdam
3316 388 3478 448 libros

1895 454 2306 516 Platonicorum.
2331 475 2461 528 quos
2493 460 2788 516 Victorinus
2823 466 3087 534 quondam
3127 471 3308 528 rhetor
3331 483 3480 539 urbis

1893 548 2105 616 Bomm,
2132 566 2288 622 quem
2319 553 2660 612 christianum
2688 557 2991 614 defunctum
3033 579 3151 618 esse
3184 567 3475 639 audieram,

1893 641 1944 706 in
1979 641 2191 696 latinam
2233 645 2462 713 linguam
2493 651 2879 709 transmlisset:
2911 659 3204 724 gratulatus
3238 674 3317 718 est
3351 669 3477 724 mihi

1891 735 2028 814 quod
2051 752 2150 792 non
2171 737 2220 790 in
2243 739 2464 794 aliorum
2486 740 2914 813 philosOphornm
2939 752 3128 817 scripta
3148 755 3474 828 incidissem,

1892 825 2041 894 plena
2075 825 2400 882 fallaciarum
2423 841 2476 885 et
2501 831 2868 901 deecptionurn
2903 841 3190 900 secundum
3212 825 3473 908 Plomenui

1892 915 2046 986 hujus
2065 919 2244 976 mundi
2271 919 2484 992 (Coloss.
2503 939 2559 989 tt,
2575 925 2658 991 8):
2681 926 2730 986 in
2754 927 2867 983 istis
2883 943 3077 994 autem,
3097 941 3339 997 omnibus
3361 961 3475 998 mo-

1890 1008 1970 1068 dis
1994 1010 2246 1068 insinuari
2273 1013 2437 1068 Deum
2461 1024 2513 1068 et
2531 1015 2644 1088 ejus
2664 1017 2916 1074 Verbum.
2950 1023 3166 1086 Deinde.
3187 1041 3243 1083 ut
3262 1049 3346 1091 me
3371 1053 3472 1092 ex-

1889 1101 2194 1164 hortaretur
2213 1106 2278 1166 ad
2302 1106 2650 1164 humilitatem
2667 1109 2885 1179 Christi,
2907 1118 3230 1188 sapientibus
3251 1125 3474 1183 abscon-

1889 1194 2050 1256 ditam
2066 1197 2417 1254 etrevelatam
2438 1201 2668 1269 parvulis
2689 1201 2897 1273 (Matth.
2921 1223 2995 1266 χι.
3013 1208 3128 1278 25),
3146 1211 3470 1273 Victorinum

1888 1287 2060 1358 ipsum
2091 1289 2401 1346 recordatus
2429 1302 2526 1356 est,
2554 1310 2732 1366 quem,
2768 1296 2947 1350 Romae
2973 1316 3090 1356 cum
3132 1317 3291 1372 esset,
3318 1307 3472 1365 fami-

1887 1378 2167 1436 liarissime
2193 1391 2447 1437 noverat:
2471 1383 2642 1454 deque
2673 1386 2763 1440 illo
2791 1389 2916 1443 mihi
2945 1395 3175 1448 narravit
3201 1398 3338 1466 quod
3367 1417 3470 1456 non

1885 1472 2072 1528 silebo.
2115 1473 2284 1530 Habet
2319 1479 2459 1534 enim
2489 1493 2729 1552 magnam
2763 1479 2968 1536 laudem
2998 1487 3179 1553 gratia:
3207 1495 3309 1544 ture
3339 1507 3469 1547 con-

1884 1565 2134 1626 fitendam
2153 1569 2267 1634 tibi,
2284 1570 2727 1640 quemadmodum
2751 1573 2839 1628 ille
2859 1575 3196 1636 doctissimus
3217 1597 3400 1649 senex,
3419 1598 3474 1643 et

1885 1658 2121 1712 omnium
2155 1660 2453 1720 liberalium
2484 1662 2842 1724 doctrinarum
2874 1672 3249 1740 peritissimus,
3279 1679 3472 1750 quippe

1884 1748 2320 1820 philosophorum
2351 1762 2455 1816 tam
2488 1753 2648 1809 multa
2677 1755 2894 1826 legerat,
2917 1768 2970 1814 et
2997 1748 3473 1830 dijudicaveratpet

1883 1837 2263 1900 dilucidaverat
2294 1843 2309 1872 ¹
2335 1859 2348 1905 ;
2379 1843 2568 1896 doctor
2610 1854 2685 1900 tot
2722 1847 2976 1904 nobilium
3021 1865 3348 1921 senatorum,
3381 1861 3470 1930 qui

1883 1931 2040 1988 etiam
2069 1932 2138 1987 ob
2165 1932 2368 2001 insigne
2390 1936 2626 2006 prmclari
2657 1939 2966 2006 magisterii,
2986 1943 3124 2012 quod
3146 1946 3290 2003 cives
3313 1947 3470 2022 hujus

1883 2025 2060 2082 nutndi
2089 2026 2341 2086 eximium
2372 2036 2573 2098 putant,
2605 2039 2830 2084 statuam
2861 2033 2910 2086 in
2943 2033 3181 2092 Romano
3207 2037 3322 2095 foro
3351 2058 3467 2104 me-

1881 2128 2056 2174 ruerat
2081 2127 2134 2174 et
2163 2132 2468 2190 acceperat;
2500 2138 2663 2194 nsque
2689 2124 2751 2177 ad
2783 2125 2920 2178 illam
2950 2135 3159 2184 aetatem
3186 2143 3469 2191 venerator

1881 2209 2160 2272 idolorum,
2180 2226 2556 2281 sacrorumque
2577 2214 2951 2284 sacrilegorum
2973 2221 3251 2292 particeps.
3272 2226 3464 2294 quibus

1881 2309 2006 2356 tunc
2038 2311 2142 2358 tota
2175 2305 2282 2357 fere
2309 2304 2544 2357 Romana
2579 2305 2826 2360 nobilitas
2853 2307 3027 2362 inflata
3062 2311 3347 2380 inspirabat
3371 2332 3467 2388 po-

1882 2393 2129 2462 pulojatn
2162 2403 2215 2449 et
2238 2395 2574 2465 omnigenum
2601 2396 2756 2450 deum
2789 2407 3022 2454 monstra
3053 2403 3104 2464 ²,
3141 2411 3194 2456 et
3223 2404 3464 2462 Annbcm

1880 2484 2180 2542 latratorem
2202 2526 2214 2545 ,
2243 2501 2360 2558 quac
2389 2485 2669 2554 aliquando
2691 2495 2873 2542 contra
2904 2489 3200 2568 Neptunum
3226 2504 3277 2548 ct
3296 2493 3466 2552 Vene-

1880 2588 2316 2646 rent,coutraque
2338 2577 2626 2632 Minervam
2656 2578 2754 2632 tela
2786 2589 3058 2635 tenuerant
3082 2583 3341 2650 (/Encid.,
3374 2588 3461 2642 lib.

1879 2665 1931 2730 8,
1957 2665 2059 2718 678
2083 2696 2101 2704 -
2121 2666 2279 2735 700),
2312 2675 2365 2720 et
2393 2682 2422 2720 a
2454 2682 2511 2720 se
2555 2669 2706 2722 victis
2738 2669 2845 2739 jam
2891 2670 3054 2724 Roma
3099 2675 3460 2743 supplicabat;

1879 2772 1994 2825 qua?
2018 2757 2116 2810 iste
2137 2772 2296 2810 senex
2323 2757 2624 2812 Victorinus
2653 2769 2726 2812 tot
2755 2776 2921 2814 annos
2942 2778 3034 2815 ore
3063 2766 3350 2836 tcrricrepo
3369 2768 3463 2823 dc—

1880 2846 2213 2902 fcnsitaverat
2237 2867 2248 2900 :
2279 2863 2380 2902 non
2395 2849 2666 2903 erubuerit
2686 2866 2803 2904 esse
2822 2867 2953 2921 puer
2979 2851 3174 2908 Christi
3197 2857 3288 2921 tui,
3310 2868 3361 2913 et
3382 2858 3461 2913 in-

1877 2937 1991 2992 fans
2019 2937 2175 2991 fontis
2207 2939 2300 3006 tui,
2326 2939 2564 3008 subjecto
2592 2941 2730 2994 collo
2755 2941 2820 2995 ad
2849 2943 3155 3000 humilitatis
3179 2946 3382 3017 jugum,
3409 2960 3461 3006 et

1879 3027 2108 3083 edomita
2137 3028 2308 3083 fronte
2337 3029 2399 3083 ad
2430 3032 2602 3085 crucis
2631 3035 2997 3102 cpprobrium.

1945 3121 1997 3176 4.
2020 3121 2062 3174 0
2079 3121 2322 3187 Domine,
2343 3124 2584 3190 Domine,
2599 3126 2685 3194 qui
2706 3126 2964 3188 inclinasti
2981 3131 3167 3196 emlos,
3183 3142 3234 3189 et
3250 3134 3462 3193 descen-

1874 3211 1994 3274 disli
2012 3229 2025 3275 ;
2044 3213 2252 3282 tetigisti
2271 3225 2495 3278 montes,
2509 3224 2558 3267 et
2573 3214 3182 3290 futnigaverunt(Psalm.
3195 3228 3458 3297 chm,5):

1874 3302 2064 3374 quibus
2092 3305 2261 3359 modis
2290 3316 2338 3358 te
2369 3305 2644 3361 insinuasti
2677 3308 2748 3364 illi
2780 3311 3018 3384 pectori?
3047 3313 3293 3385 Legebat,
3325 3317 3462 3375 sicut

1874 3398 1947 3452 ait
1966 3397 2355 3467 Simplicianus,
2377 3409 2611 3454 sanctam
2639 3385 2989 3476 Scripturam,
3009 3421 3299 3478 omnesque
3319 3409 3460 3466 chri-

1875 3488 2072 3550 stianas
2101 3489 2301 3544 litteras
2334 3490 2678 3561 investigahat
2704 3494 3087 3551 studiosissime
3127 3507 3180 3553 et
3213 3516 3457 3570 perscru-

1877 3579 2110 3644 tabalnr;
2140 3591 2188 3634 et
2217 3579 2420 3635 diccbat
2454 3581 2796 3656 Simpliciano
2817 3600 2921 3640 non
2947 3587 3137 3658 palam,
3162 3589 3255 3645 sed
3279 3607 3456 3648 seem-

1876 3671 1978 3724 tius
2006 3681 2056 3724 et
2077 3670 2409 3726 familiarius:
2434 3671 2644 3727 Noveris
2670 3692 2748 3728 me
2755 3676 2869 3745 jam
2896 3693 3000 3730 esse
3019 3679 3362 3737 christianum.
3388 3683 3459 3738 Et

1875 3761 2226 3829 respondebat
2265 3762 2386 3817 ille:
2424 3763 2541 3817 Non
2583 3767 2818 3830 credant,
2848 3783 2940 3821 nec
2969 3768 3215 3836 deputabo
3243 3783 3290 3826 te
3328 3774 3458 3829 inter

1872 3853 2201 3916 Christianos,
2235 3855 2334 3909 nisi
2358 3857 2407 3908 in
2438 3857 2644 3912 ecclesia
2671 3856 2854 3914 Christi
2876 3869 2923 3912 te
2945 3860 3134 3915 videro.
3168 3862 3258 3918 Ille
3276 3874 3453 3922 autem

1872 3941 2124 3998 irridebat
2150 3943 2363 4000 dicens:
2393 3945 2527 4016 Ergo
2556 3946 2770 4017 parietes
2792 3949 2984 4019 faciunt
3008 3947 3316 4006 Christianos
3332 3957 3358 4008 ?
3383 3955 3452 4012 Et

1871 4031 1974 4087 hoc
1997 4048 2139 4104 saepe
2166 4035 2375 4088 dicebat
2397 4078 2411 4102 ,
2440 4035 2548 4104 jam
2585 4052 2643 4091 se
2671 4052 2789 4091 esse
2811 4037 3185 4103 christianum;
3220 4051 3272 4096 ct
3310 4043 3448 4098 Sitn-

1869 4123 2124 4196 pliciauus
2145 4123 2272 4177 illud
2295 4139 2434 4193 smpe
2456 4125 2825 4195 respondebat,
2850 4137 2900 4182 et
2920 4141 3061 4198 sa‘pe
3080 4130 3148 4184 ab
3164 4130 3254 4184 illo
3275 4135 3446 4203 parie-

1869 4222 1978 4270 tum
2002 4215 2174 4270 irrisio
2193 4216 2542 4285 repetebatur.
2572 4217 2784 4271 Amicos
2803 4219 2942 4272 enim
2965 4234 3088 4274 suos
3109 4224 3448 4281 reverehatur

1867 4307 2135 4364 oll‘endere
2158 4308 2416 4378 superbos
2440 4307 2812 4362 daemonicolas
2833 4351 2848 4376 ,
2873 4325 3094 4380 quorum
3123 4329 3187 4367 ex
3214 4315 3444 4373 culmine

1865 4400 2198 4472 Babylonica:
2214 4399 2502 4469 dignitatis,
2521 4400 2668 4469 quasi
2687 4416 2749 4454 ex
2771 4401 2866 4456 ced
2875 4401 2946 4455 ris
2961 4402 3140 4457 Libani
3159 4421 3287 4478 quas
3305 4421 3409 4463 non
3423 4440 3443 4451 ς

1863 4491 1988 4547 dum
2024 4491 2341 4547 contriverat
2370 4492 2620 4546 Dominus
2667 4491 2834 4564 (Psal.
2865 4509 3066 4558 xxwu,
3093 4495 3172 4566 5),
3210 4499 3442 4568 graviter

1862 4585 2090 4638 ruiturus
2105 4584 2156 4637 in
2177 4599 2233 4637 se
2255 4583 2556 4638 inimicitias
2576 4583 2945 4639 arbitrabatur.
2978 4586 3079 4641 Sed
3099 4598 3437 4660 posteaquam

1863 4673 2087 4746 legendo
2101 4683 2154 4729 et
2170 4673 2418 4729 inhiando
2436 4673 2610 4729 hausit
2629 4673 2950 4742 firmitatem,
2968 4678 3244 4751 timuitque
3261 4687 3440 4754 negari

1863 4779 1894 4820 a
1913 4765 2122 4821 Christo
2145 4778 2323 4820 coram
2344 4765 2559 4836 Angelis
2587 4767 2801 4833 sanctis,
2824 4767 2866 4822 si
2892 4784 3013 4824 eum
3036 4771 3243 4827 timeret
3258 4789 3438 4833 coram

1925 4898 1944 4931 ι
1979 4904 2082 4948 Mss.
2117 4909 2212 4946 non
2235 4895 2413 4946 addunt
2432 4903 2478 4949 et
2500 4895 2864 4951 dilucidaverat.

1918 4961 1940 4991 ³
1961 4959 2123 5024 altrum
2135 4966 2372 5024 quantum
2392 4959 2468 5008 hic
2491 4961 2680 5024 varient
2700 4961 2913 5012 Codices.
2931 4968 3000 5012 Ex
3021 4969 3366 5020 vetustiorlbus
3387 4980 3440 5024 et

1857 5020 2242 5094 ββίεὲιίοτὲδιέδ
2264 5027 2446 5094 ,νοεεὲξε
2481 5022 2848 5094 εφηίειιν-Εονιξι
2876 5033 2970 5076 εωο
3004 5041 3090 5087 πο
3127 5020 3435 5094 Populoth

1855 5080 2052 5143 habent,
2066 5080 2276 5150 spirabat
2298 5080 2495 5150 popilios
2506 5080 2632 5150 jagi.
2652 5084 2736 5150 alii
2751 5086 2965 5150 qtnnque
2987 5080 3096 5138 cum
3119 5080 3225 5140 bad.
3243 5080 3434 5145 Αιιῖζέιλῖ

2038 5141 2175 5217 aliis,
2188 5141 2410 5217 ..ςρὶνῴᾲί
2432 5141 2594 5216 ροῤυὶ
2607 5141 3072 5217 usiamfyict'orinus,
3083 5141 3434 5217 Germanensis,

1990 5203 2471 5278 ερεταραιροριιιέφλε
2483 5203 2610 5278 iam:
2621 5208 2858 5278 Mummi.
2872 5203 3083 5278 nam
3096 5213 3257 5278 ρορυιε
3271 5203 3430 5278 em:

1854 5264 1983 5342 ξργέ,
2006 5264 2226 5340 spirabat
2238 5264 2704 5342 pppulitsqueeljam.
2730 5264 2858 5322 lianc
2877 5264 3136 5324 lectionem
3157 5264 3432 5342 sequimur,

1853 5325 1978 5377 licet
1990 5325 2186 5378 minime
2207 5325 2344 5378 nobis
2362 5325 2552 5380 oon'stct
2573 5338 2849 5381 Germanam
2867 5347 2994 5384 esse.
3014 5343 3155 5384 rorro
3169 5325 3433 5388 addidimus

1852 5390 2248 5466 coniunctionem
2265 5396 2322 5466 et
2345 5391 2812 5466 antementan,
2828 5398 2956 5466 quia
2993 5397 3040 5466 in
3072 5397 3292 5466 omnibus
3323 5404 3426 5448 Mss.

1851 5451 2116 5519 reperitur.
2140 5477 2202 5489 -ι
2227 5451 2411 5519 Addunt
2442 5459 2521 5503 PP.
2546 5451 2839 5519 Benedictini
2863 5451 2920 5504 in
2936 5455 3294 5519 retractatione
3315 5469 3430 5519 sup-

1851 5509 2090 5578 plctoria:
2120 5530 2140 5558 (ι
2164 5521 2269 5562 MSS.
2295 5512 2428 5574 Angl.
2451 5521 2557 5578 tres
2575 5549 2590 5573 ,
2622 5513 2784 5578 inﬂata
2819 5514 3082 5578 inspirabat
3117 5513 3291 5578 populo
3315 5509 3425 5578 join

1851 5573 2180 5651 οῖ’πιέθεηανῐιν
2207 5583 2300 5651 θυι.-
2320 5573 2426 5651 ¹¹ἓυε
2451 5573 2805 5651 {emacem
2817 5573 3038 5651 ml“?
3057 5573 3289 5651 ιέκῖιὼίὲἱε
3307 5573 3426 5651 ire“

1851 5635 2052 5686 Notior
2089 5645 2139 5684 et
2168 5635 2560 5697 amplectenda.»
2588 5643 2710 5697 Ergo
2742 5649 2847 5686 eam
2880 5635 3089 5697 amplegi
3110 5649 3278 5694 sumus
3301 5635 3350 5686 et
3373 5641 3432 5694 in

1855 5651 2052 5686 μωηιιυι·
2089 5651 2139 5684 ει
2168 5651 2518 5696 ειιψιραξριιιιει.
2537 5653 2560 5680 9
2589 5651 2644 5686 ΕΓ
2679 5651 2710 5685 ο
2742 5651 2847 5686 eam
2880 5651 3089 5697 amplexi
3110 5651 3248 5694 lum"

1855 5699 2046 5746 textum
2067 5693 2353 5758 retulimus,
2393 5709 2454 5745 ex
3192 5705 3248 5746 tt.
