3880 6372
546 446 852 513 hominibus
879 432 1118 495 conﬁteri
1137 429 1348 505 (Matth.
1373 442 1434 493 ι,
1456 423 1574 497 33),
1595 435 1824 492 reusque
1845 418 1944 513 sibi
1961 413 2139 513 magni

548 535 788 598 criminis
811 527 1058 603 apparuit
1079 503 1444 582 erubescendo
1467 516 1535 572 de
1561 509 1907 570 sacramentis
1927 503 2142 561 humili-

551 631 675 687 tatis
697 596 865 682 Verbi
879 596 976 685 tui,
1000 628 1055 677 et
1084 633 1191 673 non
1217 607 1584 670 erubescendo
1598 607 1666 662 de
1683 603 1849 661 sacris
1872 596 2142 669 sacrilegis

551 720 900 794 superborum
925 708 1335 773 daemoniorum,
1357 718 1478 774 quae
1501 699 1736 756 imitator
1759 692 2023 765 superbus
2050 703 2142 745 ae-

551 783 802 888 ceperat;
833 804 1089 880 depuduit
1107 800 1345 867 vanitati,
1367 806 1422 853 et
1448 793 1662 851 erubuit
1682 787 1916 854 veritati,
1940 783 2145 842 subito-

551 877 661 982 qu-e
693 915 748 964 et
770 877 1070 973 inopinatus
1095 894 1170 950 ait
1192 888 1536 961 Simpliciano
1556 928 1571 952 ,
1598 893 1658 940 ut
1693 884 1806 954 ipse
1855 877 2142 935 narrabat:

552 969 749 1057 tamus
771 995 825 1050 in
861 969 1162 1052 ecclesiam;
1189 981 1494 1037 christianus
1518 976 1631 1031 uolo
1658 973 1788 1045 ﬁeri.
1823 971 1893 1026 At
1924 969 2012 1024 ille
2041 982 2148 1022 non

553 1052 855 1151 :ecapiens
880 1072 1084 1139 laetitia,
1103 1067 1337 1142 perrexit
1360 1079 1481 1121 cum
1513 1077 1599 1118 eo.
1628 1060 1729 1116 Ubi
1761 1066 1937 1112 autem
1969 1052 2148 1109 imbu-

554 1185 645 1231 tus
669 1143 753 1230 est
780 1167 967 1240 primis
996 1159 1405 1220 instructionum
1439 1151 1787 1211 sacramentis
1807 1191 1821 1214 ,
1849 1163 1956 1203 non
1982 1143 2150 1200 multo

556 1276 681 1342 post
707 1264 868 1321 etiam
896 1272 1093 1316 nomen
1118 1252 1286 1317 dedit,
1310 1258 1364 1305 ut
1393 1263 1489 1318 per
1516 1244 1844 1316 Baptismum
1869 1249 2152 1308 regenera-

556 1329 725 1422 retur,
755 1356 979 1410 mirante
1009 1350 1197 1412 Roma,
1219 1343 1480 1416 gaudente
1510 1337 1769 1395 Ecclesia.
1802 1330 2032 1404 Superbi
2059 1329 2143 1384 vi-

558 1451 778 1515 debant,
809 1453 865 1502 et
904 1441 1296 1501 irascebantur;
1327 1432 1574 1490 dentibus
1603 1430 1714 1484 suis
1742 1424 2068 1486 stridebant,
2100 1429 2155 1476 et

559 1511 900 1599 tabescebant
923 1531 1092 1608 (Psal.
1112 1545 1223 1594 xei,
1250 1525 1336 1598 10)
1369 1544 1383 1580 :
1409 1537 1566 1580 servo
1591 1528 1768 1576 autem
1800 1526 1890 1572 tuo
1920 1515 1937 1546 ¹
1967 1511 2151 1568 Domi—

562 1651 665 1692 nus
691 1633 832 1688 Deus
859 1603 972 1683 erat
993 1639 1116 1695 spes
1142 1621 1280 1692 ejus,
1311 1627 1367 1674 et
1395 1632 1501 1672 non
1525 1609 1845 1683 respiciebat
1874 1609 1926 1662 in
1950 1603 2153 1660 vanita-

563 1739 646 1782 tes
672 1732 726 1781 et
749 1723 802 1778 in
827 1718 1058 1775 insanias
1079 1713 1364 1771 mendaces
1388 1707 1559 1782 (Psal.
1578 1719 1765 1766 χχχιχ,
1794 1701 1870 1774 5).

636 1819 690 1874 5.
731 1814 1004 1884 Denique,
1035 1817 1094 1864 ut
1130 1815 1347 1863 ventum
1390 1809 1473 1858 est
1513 1797 1581 1854 ad
1618 1797 1804 1851 horam
1842 1786 2156 1862 proﬁtendae

566 1907 724 1974 ﬁdei,
754 1919 871 1976 quae
897 1900 1073 1958 verbis
1092 1896 1252 1954 certis
1272 1890 1545 1961 conceptis
1564 1929 1578 1954 ,
1606 1885 1933 1953 retentisque
1958 1892 2160 1934 memo—

566 1969 729 2064 riter,
759 1969 827 2052 de
851 1995 971 2050 loco
999 1987 1351 2047 eminentiore
1381 1984 1434 2038 in
1460 1987 1746 2049 conspectu
1782 1971 1960 2045 populi
1992 1969 2159 2024 ﬁdelis

567 2062 755 2147 Roma:
782 2083 934 2142 reddi
964 2083 1100 2138 solet
1139 2079 1207 2133 ab
1247 2077 1326 2132 eis
1365 2073 1456 2146 qui
1496 2067 1760 2126 accessuri
1791 2074 1914 2120 sunt
1942 2062 2008 2117 ad
2037 2076 2159 2132 gra-

568 2182 697 2238 tiam
725 2188 868 2233 tuam
887 2216 904 2241 ,
932 2173 1168 2227 oblatum
1202 2181 1321 2224 esse
1348 2161 1556 2220 dicebat
1584 2157 1856 2215 Victorino
1879 2170 1907 2208 a
1938 2153 2158 2224 presby-

569 2272 704 2330 teris
738 2279 798 2324 ut
833 2264 1090 2323 secretius
1124 2259 1402 2321 redderet,
1435 2255 1570 2310 sicut
1601 2247 1866 2306 nonnullis
1893 2246 1981 2317 qui
2011 2258 2161 2298 vere-

569 2362 764 2420 cundia
794 2354 1106 2429 trepidaturi
1133 2351 1476 2414 videbantur,
1505 2346 1681 2403 olTerri
1705 2358 1820 2400 mos
1843 2349 1992 2407 erat;
2015 2338 2162 2394 illum

568 2467 746 2512 autem
792 2451 1042 2508 maluisse
1080 2446 1304 2501 salutem
1345 2457 1495 2498 suam
1537 2440 1591 2495 iu
1635 2444 1924 2508 conspectu
1965 2440 2163 2489 sanctae

568 2543 927 2606 multitudinis
953 2537 1211 2612 proﬁteri.
1244 2534 1359 2590 Non
1386 2533 1529 2588 enim
1559 2539 1676 2586 erat
1713 2529 1856 2584 salus
1881 2540 2037 2596 quam
2062 2523 2162 2578 do-

571 2639 728 2696 cebat
770 2635 823 2689 in
867 2629 1134 2688 rhetorica
1155 2669 1170 2696 ,
1202 2635 1257 2682 et
1295 2635 1472 2680 tamen
1502 2638 1620 2678 eam
1647 2619 1858 2691 publice
1891 2613 2164 2688 professus

571 2740 708 2788 erat.
749 2728 960 2796 Quanto
1002 2723 1180 2778 minus
1224 2734 1351 2790 ergo
1390 2715 1563 2772 vereri
1608 2713 1788 2769 debuit
1829 2717 2163 2765 mansuetum

571 2837 786 2896 gregem
814 2830 958 2874 tuum
987 2813 1340 2886 pronuntians
1365 2810 1588 2866 verbum
1620 2819 1767 2862 tuum
1787 2847 1801 2872 ,
1831 2803 1918 2876 qui
1944 2817 2049 2857 nou
2076 2816 2166 2855 ve-

571 2916 790 2973 rebatur
829 2911 884 2966 iu
927 2907 1099 2964 verbis
1128 2905 1238 2961 suis
1269 2902 1451 2958 turbas
1491 2896 1834 2954 insanorum?
1865 2895 2043 2964 Itaque
2077 2889 2166 2945 ubi

573 3007 819 3066 ascendit
840 3014 899 3059 ut
919 3000 1189 3066 redderet,
1221 3010 1409 3054 omnes
1434 2993 1645 3049 sibimet
1669 2990 1916 3054 invicem,
1945 2986 2167 3058 quiSque

575 3109 639 3157 ut
675 3114 797 3156 eum
839 3100 1093 3158 noverat,
1131 3090 1529 3158 instrepuerunt
1559 3099 1752 3138 nomen
1791 3081 1905 3151 ejus
1944 3077 2166 3146 strepitu

576 3186 968 3263 gratulationis.
1008 3182 1138 3251 Quis
1166 3189 1344 3234 autem
1382 3176 1454 3231 ibi
1497 3189 1604 3230 non
1643 3188 1764 3228 eum
1805 3168 2061 3225 noverat?
2103 3168 2170 3222 Et

578 3260 761 3338 sonuit
786 3290 970 3348 presso
995 3273 1172 3329 sonitu
1193 3286 1290 3341 per
1309 3284 1402 3324 ora
1423 3275 1734 3321 cunctorum
1757 3260 2129 3318 collmtantium
2151 3277 2164 3312 :

581 3367 919 3433 Victorinus,
950 3361 1288 3419 Victorinus!
1329 3358 1448 3414 Cito
1475 3363 1768 3412 sonuerunt
1797 3350 2167 3418 exsultatione,

581 3463 707 3535 quia
743 3456 996 3514 videbant
1022 3469 1177 3520 eum;
1209 3460 1264 3508 et
1301 3452 1409 3507 cito
1449 3449 1710 3504 siluerunt
1749 3445 2072 3510 intentione,
2115 3451 2174 3497 ut

582 3550 830 3608 audirent
865 3563 1010 3604 eum.
1052 3541 1420 3601 Prouuntiavit
1457 3539 1545 3595 ille
1579 3537 1737 3594 ﬁdem
1767 3549 2008 3592 veraeem
2040 3549 2173 3604 pra:-

585 3643 731 3701 clara
758 3638 980 3703 ﬁducia,
1011 3644 1068 3692 et
1097 3633 1347 3693 volebant
1382 3647 1505 3688 eum
1531 3646 1718 3686 omnes
1746 3644 1930 3700 rapere
1959 3627 2097 3682 intro
2121 3626 2175 3681 in

520 3761 522 3764 ν
588 3753 686 3794 cor
710 3747 899 3800 suum;
928 3739 984 3787 et
1006 3728 1284 3800 rapiebant
1311 3724 1538 3782 amando
1567 3733 1621 3781 et
1640 3721 1917 3796 gaudendo
1945 3738 1958 3776 :
1986 3720 2069 3778 bac
2091 3735 2176 3776 ra-

587 3827 848 3900 pientium
876 3837 1066 3880 manus
1089 3829 1261 3878 erant.
1487 3853 1490 3857 λ

1229 3910 1453 3969 CAPUT
1493 3910 1580 3966 111.

664 4012 816 4081 Quod
839 4010 980 4067 Deus
1007 4016 1054 4065 et
1079 4005 1261 4080 Angeli
1285 4005 1444 4077 magis
1469 4003 1687 4077 gaudent
1717 4002 1769 4057 in
1796 4008 2109 4074 peccatorum

1217 4113 1554 4152 εοηυεικςιοηε.

665 4199 720 4257 6.
761 4198 904 4255 Deus
930 4195 1090 4260 bone,
1119 4192 1244 4264 quid
1271 4191 1445 4262 agitur
1474 4191 1526 4244 in
1558 4188 1800 4255 homine,
1835 4197 1893 4242 ut
1919 4187 2034 4258 plus
2057 4201 2184 4258 gau-

593 4293 719 4350 deat
755 4290 822 4347 de
857 4289 1034 4346 salute
1055 4287 1348 4356 desperatae
1378 4283 1600 4351 animae,
1632 4292 1686 4337 et
1714 4281 1780 4336 de
1811 4281 2011 4350 majore
2039 4281 2183 4351 peri-

593 4386 716 4441 culo
745 4383 1014 4448 liberatae,
1046 4393 1205 4450 quam
1241 4377 1287 4431 si
1320 4391 1442 4446 spes
1477 4375 1527 4430 ei
1557 4388 1769 4444 semper
1793 4372 2062 4440 affuisset,
2093 4380 2186 4427 aut
2250 4379 2258 4388 '

534 4523 536 4527 .
596 4473 892 4547 periculum
918 4471 1095 4526 minus
1124 4466 1344 4523 fuisset?
1372 4464 1584 4521 Etenim
1618 4473 1673 4519 tu
1705 4479 1946 4534 quoque,
1974 4462 2184 4518 miseri-
2238 4447 2260 4480 τί

598 4539 722 4624 cors
745 4567 903 4622 Pater
922 4605 938 4631 ,
969 4563 1090 4634 plus
1121 4559 1322 4633 gaudes
1352 4559 1420 4614 de
1451 4572 1555 4612 uno
1583 4555 1904 4628 poruitentc,
1937 4571 2093 4627 quam
2121 4555 2189 4612 de
2245 4539 2258 4568 1"

604 4660 891 4729 nonaginta
934 4671 1122 4711 novem
1164 4654 1352 4724 justis,
1384 4652 1575 4724 quibus
1601 4666 1706 4705 non
1736 4659 1817 4704 est
1845 4664 1978 4720 opus
2015 4649 2188 4720 poeni-

607 4749 794 4805 tentia.
826 4750 893 4804 Et
918 4762 1018 4804 nos
1043 4763 1164 4803 cum
1193 4761 1382 4818 magna
1407 4743 1737 4815 jucunditate
1761 4742 2002 4798 audimus
2022 4785 2036 4810 ,
2068 4758 2191 4798 cum

610 4839 861 4894 audimus
887 4853 1046 4909 quam
1075 4837 1459 4893 exsultantibus
1491 4835 1706 4906 Angelis
1729 4836 1750 4866 ²
1771 4877 1786 4904 ,
1837 4835 2064 4906 pastoris
2089 4833 2190 4889 ltu-
2227 4843 2229 4848 '

610 4930 776 4984 meris
796 4937 1095 4999 reportetur
1132 4928 1246 4985 ovis
1273 4944 1394 4999 qua:
1423 4936 1726 4994 erraverat;
1753 4937 1808 4984 et
1833 4927 2082 4982 drachma
2109 4943 2194 4984 re—

612 5021 815 5076 feratur
834 5019 887 5073 in
911 5018 1185 5075 thesauros
1201 5029 1340 5084 tuos,
1363 5020 1748 5075 collaetantibus
1770 5020 1959 5076 vicinis
1985 5020 2194 5076 mulieri

764 5111 971 5214 invenit
999 5130 1012 5164 :
1041 5121 1096 5166 et
1121 5112 1384 5184 laerymas
1422 5114 1618 5168 excutit
1657 5114 1904 5184 gaudium
1939 5115 2194 5170 solemni-
2303 5084 2479 5181 ηπίξιυε
2507 5123 2620 5178 non
2647 5130 2772 5177 sum
2795 5117 3022 5191 populis,
3047 5084 3312 5170 minus‘de
3335 5108 3430 5163 illis
3455 5097 3648 5174 gaudent
3663 5084 3766 5143 etiam

985 5209 995 5214 _
1301 5203 1317 5214 ς
1391 5203 1421 5214 ,Α
1524 5205 1535 5214 .
1615 5204 1629 5214 .
1919 5207 1932 5214 -
2048 5208 2059 5214 _
2228 5196 2250 5210 -.
2860 5211 2878 5214 ᾼ
3016 5208 3030 5214 ,
3162 5207 3174 5214 .
3450 5213 3453 5214 ,
3479 5194 3551 5214 ne-
3574 5179 3765 5214 ...ι-,1ουιῆ

614 5203 741 5287 tatis
764 5201 957 5257 domus
982 5209 1086 5256 tum
1104 5243 1120 5268 ,
1154 5217 1272 5256 cum
1301 5203 1493 5272 legitur
1523 5205 1575 5258 in
1599 5204 1758 5259 domo
1786 5214 1874 5260 tua
1902 5207 1967 5262 de
1992 5208 2197 5263 minore
2228 5196 2250 5210 “’

613 5294 726 5350 ﬁlio
753 5302 871 5358 tuo,
899 5293 1137 5364 quoniam
1163 5301 1388 5347 mortuus
1410 5304 1542 5360 erat,
1574 5304 1618 5348 rt
1642 5296 1855 5361 revixit;
1884 5300 2126 5368 perierat,
2151 5311 2199 5354 et
2231 5317 2234 5320 '

613 5389 849 5442 inventus
877 5395 950 5439 est
979 5383 1129 5458 (Luc.
1162 5381 1280 5456 xv).
1309 5383 1522 5440 Gaudes
1551 5386 1746 5457 quippe
1774 5387 1825 5440 in
1852 5389 2033 5454 nobis,
2063 5399 2116 5444 et
2144 5391 2197 5445 in
2224 5399 2226 5404 '

615 5479 836 5552 Angelis
862 5478 968 5534 tuis
992 5486 1175 5534 saneta
1201 5477 1460 5534 charitate
1488 5479 1706 5535 sanctis.
1737 5478 1868 5535 Nam
1905 5488 1960 5537 tu
1989 5463 2268 5560 semperl‘ii
2307 5444 2471 5562 £2”:
2492 5444 2676 5549 ξέξιιξξ
3313 5444 3548 5537 salutem,
3579 5471 3624 5520 et
3652 5444 3766 5513 ωυιῑῖί

2309 5545 2553 5660 praeeunt
2576 5545 2858 5643 secuturis.
2887 5545 3112 5652 ideoque
3135 5576 3349 5633 multum
3374 5570 3436 5625 de
3456 5564 3546 5660 illis

679 5591 696 5621 ⁹
721 5597 837 5652 Suo,
854 5589 994 5652 juxta
1017 5589 1162 5640 Rond.
1185 5601 1296 5639 cum
1317 5586 1501 5652 aliquot
1517 5597 1621 5652 Mss.
1689 5599 1744 5641 Μ.

665 5653 702 5725 ἓν
721 5657 775 5702 ιιι
794 5651 1162 5725 pluribus-add.
1189 5665 1202 5700 :
1230 5660 1378 5725 Quam
1400 5651 1698 5725 exsultantis
1732 5655 1949 5719 pastoris.
1979 5665 2035 5725 in
2051 5665 2156 5725 Mss.
2182 5672 2197 5710 :

1397 5724 1573 5788 praeter
1590 5712 1894 5788 \‘alinensem
1910 5722 1992 5786 qui
2008 5722 2156 5774 habet
2183 5736 2198 5773 :

614 5779 767 5830 quam
781 5775 1126 5830 exsultantibus
1139 5775 1338 5843 "Angelis
1356 5775 1564 5843 pastoris
1579 5792 1601 5844 ;
1625 5787 1678 5832 et
1697 5779 1888 5834 melius.

1691 292 2163 362 CONFESSIO‘NU]

2271 290 2304 348 ἱ.
2343 287 2711 351 AUGUSTINI
2924 323 2928 327 ρ
3319 283 3324 286 ’
3442 235 3448 240 ’
3670 286 3744 350 ⁸182

2189 4081 2225 4160 ’ῖί
2287 4105 2342 4150 et
2368 4093 2481 4150 suis
2509 4105 2732 4163 quaeque
2771 4088 3096 4158 temporibus
3123 4083 3345 4156 ageres?
3374 4081 3478 4136 Heu
3505 4072 3635 4137 mihi,
3656 4076 3758 4136 quam

2249 5437 2253 5442 τ
2308 5418 2389 5470 se,
2417 5409 2471 5457 et
2495 5354 2890 5456 inﬁammantur
2908 5412 2972 5454 ex
2997 5354 3267 5450 alterutro.
3297 5381 3496 5448 Deinde,
3519 5369 3635 5448 quod

2249 407 2389 467 idem
2410 450 2426 477 ,
2453 409 2542 480 qui
2568 423 2630 465 ea
2655 420 2776 479 quae
2797 419 2904 462 non
2929 417 3137 476 semper
3159 416 3259 461 nec
3279 403 3455 462 eodem
3475 406 3614 466 modo
3633 422 3742 482 sunt,

2251 503 2440 562 eodem
2470 501 2630 559 modo
2656 516 2869 572 semper
2894 499 3034 555 nosti
3057 499 3255 555 omnia.

2319 597 2372 652 7.
2413 594 2550 662 Quid
2578 608 2705 665 ergo
2733 593 2908 664 agitur
2937 592 2991 646 in
3018 590 3192 645 anima
3211 633 3227 659 ,
3265 605 3380 646 cum
3412 594 3612 666 amplius
3640 597 3746 657 dele.

2251 697 2422 748 etatur
2447 687 2676 744 inventis
2699 695 2792 742 aut
2819 683 3044 741 redditis
3082 682 3243 739 rebus
3279 699 3406 754 quas
3433 684 3610 757 diligit,
3631 704 3747 761 quam

2251 782 2295 838 si
2316 796 2410 838 eas
2429 794 2640 850 semper
2657 776 2966 833 habuisset?
2991 775 3361 831 Contestantur
3381 775 3510 831 enim
3527 787 3575 832 et
3589 790 3748 850 cetera,

2251 883 2306 931 et
2331 873 2485 944 plena
2513 879 2638 927 sunt
2661 868 2840 925 omnia
2871 865 3186 924 testimoniis
3213 865 3572 922 clamantibus:
3595 869 3656 924 lla
3677 885 3747 928 eu.

2255 966 2568 1039 Triumphat
2591 966 2762 1022 victor
2787 964 3095 1034 imperator,
3125 969 3181 1016 et
3205 975 3308 1016 non
3333 961 3554 1025 vicisset,
3577 963 3659 1018 nisi
3682 981 3748 1034 pu-

2253 1059 2552 1133 gnavisset;
2579 1067 2634 1114 et
2665 1064 2863 1128 quanto
2890 1058 3063 1124 majus
3092 1051 3378 1124 periculum
3411 1051 3500 1105 fuit
3526 1051 3571 1106 in
3603 1056 3748 1123 puella,

2256 1161 2402 1209 tanto
2419 1161 2499 1209 est
2513 1151 2760 1224 gaudium
2783 1148 2954 1220 majus
2975 1147 3028 1203 in
3051 1146 3336 1215 triumpho.
3357 1144 3515 1200 lactat
3531 1154 3749 1217 tempestas

2257 1245 2604 1316 navigantes,
2645 1242 2983 1311 minaturque
3024 1237 3383 1308 naufragium;
3425 1251 3591 1292 omnes
3627 1237 3751 1296 futura

2258 1346 2429 1392 morte
2464 1335 2756 1406 pallescunt
2786 1352 2799 1388 :
2831 1330 3201 1401 tranquillatur
3240 1327 3428 1383 coelum
3463 1336 3513 1382 et
3546 1342 3690 1395 mare,
3716 1341 3750 1384 ct
3831 1369 3836 1386 ς

2259 1429 2524 1484 exsultant
2550 1425 2738 1491 nimis,
2767 1423 3017 1494 quoniam
3056 1421 3342 1474 timuerunt
3363 1416 3524 1472 nimis.
3551 1416 3682 1487 Eget
3697 1431 3750 1473 est

2260 1521 2487 1588 eliarus,
2532 1529 2587 1575 et
2621 1534 2754 1575 vena
2793 1516 2911 1588 ejus
2951 1515 3154 1570 malum
3185 1511 3472 1575 renuntiat;
3512 1526 3666 1567 omnes
3692 1513 3750 1582 qui

2261 1629 2382 1670 eum
2410 1613 2613 1668 salvum
2650 1612 2901 1682 cupiunt,
2940 1615 3207 1680 mgrotant
3243 1606 3400 1660 simul
3439 1606 3594 1660 animo
3617 1622 3629 1658 :
3652 1605 3694 1658 ﬁt
3720 1606 3750 1659 ei

2262 1717 2407 1764 recte
2428 1750 2441 1773 ,
2472 1715 2525 1762 ct
2553 1705 2788 1760 nondum
2810 1702 3043 1758 ambulat
3069 1699 3309 1770 pristinis
3329 1697 3542 1763 viribus;
3565 1705 3612 1751 et
3626 1696 3750 1765 ﬁtjam

2263 1801 2370 1855 tale
2408 1798 2686 1868 gaudium,
2735 1796 2891 1867 quale
2930 1809 3036 1848 non
3079 1791 3180 1846 fuit
3218 1805 3336 1846 cum
3377 1799 3518 1843 antea
3552 1787 3690 1842 salvus
3716 1796 3750 1841 et
3837 1799 3841 1844 1

2264 1893 2416 1948 fortis
2433 1891 2748 1948 ambularet.
2770 1887 2982 1958 Easque
2999 1887 3145 1956 ipsas
3157 1883 3445 1953 voluptates
3461 1879 3750 1935 humanarum
3831 1899 3841 1924 τ

2265 1985 2422 2039 etiam
2442 1998 2547 2038 non
2567 1981 2851 2052 in0pinatis
2867 1988 2920 2034 et
2941 1986 3140 2049 praeter
3158 1975 3472 2029 voluntatem
3489 1971 3749 2036 irruentibus,
3833 1993 3841 2032 1

2265 2077 2359 2131 sed
2389 2072 2642 2130 institutis
2669 2082 2724 2128 et
2760 2069 3073 2126 voluntariis
3107 2064 3363 2121 molestiis
3389 2063 3602 2117 homines
3631 2061 3752 2131 acqni-
3835 2085 3841 2118 ~:

2264 2176 2408 2223 runt.
2439 2163 2642 2220 Edendi
2673 2171 2727 2219 et
2749 2160 2962 2218 bibendi
2987 2157 3238 2230 voluptas
3269 2154 3406 2210 nulla
3433 2161 3534 2218 est,
3562 2152 3641 2206 nisi
3665 2167 3736 2220 pra
3835 2179 3841 2236 .4

2266 2259 2420 2315 cedat
2437 2255 2702 2312 esuriendi
2725 2263 2780 2310 et
2796 2251 3008 2310 sitiendi
3029 2248 3300 2306 molestia.
3323 2248 3387 2302 Et
3401 2245 3568 2302 ebriosi
3581 2242 3750 2314 quadam
3839 2243 3842 2332 ί

2267 2349 2574 2407 salsiuscula
2599 2347 2921 2413 comedunt,
2953 2357 3060 2416 quo
3085 2343 3186 2397 fiat
3205 2339 3448 2395 molestus
3468 2335 3625 2399 ardor,
3647 2347 3752 2404 quem
3839 2345 3842 2404 τ

2267 2443 2392 2498 dum
2433 2440 2722 2511 exstinguit
2750 2436 2985 2508 potatio,
3018 2433 3078 2490 ﬁt
3115 2431 3408 2503 delectatio.
3449 2428 3508 2484 Et
3540 2427 3753 2482 institutum
3839 2425 3841 2492 ι

2269 2545 2351 2592 est
2381 2544 2438 2590 ut
2470 2536 2579 2605 jam
2620 2539 2791 2602 pactae
2829 2542 3042 2600 sponsae
3085 2542 3201 2582 non
3240 2522 3492 2579 tradantur
3519 2519 3678 2583 statim,
3707 2531 3754 2568 ne

2267 2627 2429 2682 vilem
2470 2625 2661 2680 habeat
2689 2621 2910 2677 maritus
2937 2618 3127 2675 datam
3149 2658 3165 2686 ,
3197 2629 3354 2689 quam
3387 2628 3481 2668 non
3499 2605 3755 2680 smpirarerit

2268 2733 2496 2791 Sponsus
2522 2717 2759 2773 dilatam.
3833 2735 3841 2768 ιη

2342 2812 2394 2866 8.
2427 2809 2538 2866 Hoc
2558 2809 2611 2864 in
2636 2807 2774 2877 turpi
2795 2814 2849 2862 et
2868 2803 3204 2860 exsecranda
3228 2801 3434 2863 laetitia;
3458 2798 3540 2854 hoc
3553 2796 3754 2864 ineaqttze
3833 2827 3841 2862 .,

2270 2916 2523 2957 concessa
2551 2908 2605 2956 ct
2633 2899 2774 2955 licita
2803 2906 2918 2962 est;
2948 2896 3049 2952 hoc
3078 2896 3143 2951 in
3178 2895 3293 2966 ipsa
3319 2889 3620 2948 sincerissima
3640 2885 3754 2939 bone.

2271 3003 2408 3050 state
2431 2992 2677 3048 amicitiae
2707 3009 2719 3045 :
2748 2989 2852 3045 hoc
2880 2989 2932 3044 in
2962 3003 3027 3044 eo
3064 2987 3160 3058 qui
3190 2994 3423 3040 mortuus
3446 2987 3568 3044 erat,
3591 2985 3632 3031 et
3656 2974 3750 3029 ret'i-

2271 3088 2382 3153 xit;
2413 3086 2672 3157 perierat,
2698 3092 2753 3139 et
2779 3085 3023 3137 inventus
3053 3086 3159 3136 est.
3193 3078 3394 3148 Ubique
3418 3073 3563 3144 majus
3578 3066 3750 3142 gaudium
3831 3073 3836 3120 ;

2273 3180 2516 3235 molestia
2554 3177 2743 3247 majori
2785 3173 3126 3246 praeeeditur.
3169 3170 3305 3239 Quid
3341 3177 3420 3224 est
3450 3165 3566 3230 boc,
3599 3158 3752 3216 Domine
3831 3195 3841 3238 Ei

2276 3271 2417 3326 Deus
2441 3285 2589 3324 meus
2609 3310 2626 3336 ,
2651 3282 2772 3322 cum
2798 3274 2854 3320 tu
2876 3275 3135 3321 aeternum
3162 3263 3252 3319 tibi
3279 3269 3334 3317 tu
3355 3259 3458 3330 ipse
3479 3256 3543 3312 sis
3561 3249 3750 3324 gaudium.

2275 3372 2331 3418 et
2358 3333 2698 3432 qumdam'de
2729 3366 2780 3413 te
2808 3356 2948 3411 circa
2979 3364 3031 3410 te
3057 3369 3272 3424 semper
3298 3346 3563 3422 gaudeant?
3585 3339 3686 3410 Quid
3701 3345 3752 3391 est

2278 3427 2417 3524 quod
2447 3453 2559 3508 haec
2583 3465 2762 3507 rerum
2790 3463 2915 3520 pars
2939 3447 3174 3502 alternat
3197 3443 3403 3500 defectu
3421 3449 3472 3497 et
3491 3437 3688 3510 proiectu.
3704 3427 3753 3482 οἶα

2279 3544 2608 3600 l'cnsionibus
2637 3549 2694 3597 et
2726 3535 3227 3596 conciliationibus?
3251 3534 3332 3590 An
3364 3533 3406 3587 is
3435 3538 3510 3586 est
3536 3524 3680 3583 modus
3697 3533 3754 3575 ea-

2280 3654 2395 3693 rqu
2412 3681 2428 3705 ,
2459 3646 2515 3693 et
2553 3645 2754 3691 tantum
2779 3631 2972 3688 dedisti
3001 3630 3080 3686 eis
3103 3671 3118 3698 ,
3151 3644 3272 3686 cum
3295 3643 3324 3682 a
3351 3623 3552 3683 summis
3579 3617 3755 3682 calorum
3827 3617 3830 3689 ξ

2281 3742 2448 3798 usque
2474 3726 2540 3782 ad
2569 3726 2674 3780 ima
2705 3734 2967 3779 terrarum
2988 3763 3003 3788 ,
3035 3720 3105 3775 ab
3131 3718 3282 3774 initio
3308 3731 3468 3787 usque
3492 3713 3539 3768 in
3561 3711 3678 3766 linem
3695 3716 3758 3756 δε·

2283 3821 2523 3876 culorum
2544 3860 2557 3884 ,
2589 3816 2657 3872 ab
2684 3815 2872 3886 angelo
2913 3828 3083 3884 usque
3120 3811 3189 3868 ad
3229 3806 3581 3872 vermiculum,
3611 3815 3636 3855 ι
3661 3802 3760 3852 moll

2283 3911 2456 3983 primo
2477 3922 2642 3978 usque
2661 3905 2728 3961 ad
2749 3912 3074 3970 extremum,
3097 3900 3276 3957 omnia
3300 3911 3479 3970 genera
3498 3894 3708 3948 bonorum.
3725 3886 3761 3933 οι

2286 3980 2465 4059 omnia
2489 4000 2632 4072 justa
2669 4012 2829 4068 opera
2870 4005 2956 4051 tua
2977 4036 2991 4061 ,
3021 3993 3136 4050 suis
3160 4006 3379 4064 quaeque
3400 3985 3590 4044 sedibus
3607 3980 3757 4034 locans.
3831 4045 3836 4054 τ

2288 4185 2533 4242 excelsus
2557 4198 2616 4237 es
2641 4182 2693 4237 in
2719 4179 2965 4240 excelsis.
2997 4186 3052 4234 et
3076 4191 3235 4249 quam
3264 4169 3530 4246 profundus
3552 4156 3744 4234 iupt‘olﬂn

2291 4277 2409 4333 dis!
2444 4283 2499 4332 et
2523 4289 2783 4345 nusquam
2811 4269 3016 4327 recedis
3035 4311 3051 4338 ,
3082 4277 3137 4324 et
3165 4267 3253 4322 vix
3275 4263 3496 4321 redimus
3515 4257 3572 4314 ad
3589 4264 3628 4310 te

2924 4378 3151 4436 CAPUT
3188 4376 3276 4433 1V.

2379 4480 2547 4546 Quare
2575 4477 2690 4549 plus
2721 4474 2994 4531 laetandum
3020 4471 3086 4526 sit
3114 4471 3168 4525 in
3195 4465 3498 4524 conversione
3516 4454 3709 4513 stabilim-

2367 4573 2420 4628 9.
2451 4572 2586 4641 Age,
2608 4567 2850 4632 Domine,
2879 4565 2996 4632 fac;
3024 4562 3217 4626 excita,
3245 4570 3299 4616 et
3316 4569 3497 4614 revoca
3515 4562 3620 4611 nos;
3639 4549 3766 4598 κων
3831 4589 3834 4594 -

2296 4664 2364 4721 de
2385 4707 2399 4731 ,
2439 4639 2692 4732 et_rape;
2723 4659 2885 4731 ﬂagra
2905 4699 2921 4727 ,
2967 4656 3214 4712 dulcesce
3242 4671 3256 4708 :
3282 4661 3532 4707 amemus,
3556 4639 3766 4696 cummm-
3829 4675 3834 4680 .

2296 4756 2486 4812 Nonne
2529 4731 2681 4808 multi
2723 4767 2790 4807 ex
2828 4747 3169 4821 profundiore
3211 4754 3400 4801 tartaro
3426 4731 3637 4821 excitatis
3663 4731 3768 4821 quini
3835 4749 3838 4803 λ

2297 4845 2606 4902 Victorinus
2627 4817 2851 4898 redeunt
2869 4839 2936 4894 ad
2957 4847 3030 4906 te,
3059 4847 3110 4892 et
3136 4834 3406 4896 accedunt,
3431 4837 3483 4885 et
3505 4817 3770 4881 illuminant“r

2299 4937 2619 5008 recipientes
2647 4934 2824 4989 lumen
2843 4973 2859 4999 ,
2885 4929 3026 5002 quod
3055 4929 3101 4984 si
3127 4928 3217 4999 qui
3243 4923 3512 4994 recipiunt,
3539 4906 3769 5008 accipin"):

2302 4989 2698 5099 lc‘plotestatem
2725 5033 2786 5080 ut
2803 4989 3002 5078 ﬁlii-tui
3027 4989 3192 5075 ﬁant?
3219 4989 3388 5089 (Jomi.
3413 5029 3447 5079 ι,
3471 5010 3518 5073 9,
3543 5001 3634 5099 l2.)

2305 5219 2393 5289 qui
2419 5224 2683 5274 noverunt
2705 5179 2816 5272 eos:
2845 5179 3068 5279 (litando
3090 5207 3232 5264 enim
3256 5217 3370 5260 cum
3395 5194 3552 5289 multis

2305 5267 2362 5365 et
2387 5310 2440 5364 in
2469 5309 2691 5379 singulis
2729 5267 2945 5361 uberius
2972 5311 3054 5360 est
3079 5298 3351 5372 gaudium,
3379 5289 3489 5363 quia
3513 5267 3767 5379 {em-1M2:
3829 5277 3836 5352 Ῑ

2312 5688 2702 5754 praecesserunt
2739 5679 3012 5743 Lelantur,
3043 5673 3162 5744 quia
3200 5684 3299 5750 non
3338 5664 3400 5720 de
3433 5655 3547 5736 501.“
3579 5643 3765 5754 lii“???

2313 5732 2466 5834 λι)δῆ
2491 5777 2632 5834 enim
2662 5782 2720 5830 ut
2743 5772 2796 5828 iu
2824 5732 3158 5828 tabernaculo
3185 5748 3272 5820 tuo
3291 5769 3394 5830 pra:
3421 5732 3685 5822 Ρίιιέρθτίδω
3706 5732 3764 5779 π’

3833 3399 3838 3416 ι

3831 4045 3836 4054 τ
