3880 6392
60 1827 118 3004 Ι

93 2835 98 2862 l

60 3009 68 3040 1

60 5017 72 5284 l

245 392 325 450 πε
738 395 740 397 '
1546 373 1747 432 LIBER
1783 371 2119 432 OCTAVUS.
3386 390 3497 453 νει

240 510 466 581 eipiantur
491 514 740 572 persona:
764 497 1008 561 divitum,
1038 503 1126 551 aut
1153 509 1262 566 prae
1289 491 1607 566 ignobilibus
1640 490 1792 546 nobi-

239 609 302 662 les
325 621 337 657 :
362 596 562 672 quando
592 595 771 667 potius
803 593 1007 648 infirma
1033 589 1212 646 mundi
1246 588 1451 659 elegisti
1481 596 1537 641 ut
1563 586 1791 642 confun-

239 698 369 754 deres
394 690 574 755 fortia;
604 697 662 743 et
687 685 934 758 ignobilia
962 684 1117 754 hujus
1140 681 1321 737 mundi
1352 679 1556 750 elegisti
1585 686 1640 735 et
1663 693 1791 733 con-

237 783 505 857 temptibilia
524 823 541 849 ,
569 789 624 836 et
649 795 712 836 ea
747 793 870 849 quae
897 793 998 832 non
1019 785 1171 842 sunt,
1203 784 1453 847 tanquam
1480 774 1615 842 sint,
1644 783 1699 828 ut
1726 787 1790 828 ea

236 898 331 954 qua:
345 888 455 934 sunt
473 889 764 932 evacuares
787 871 808 946 (
830 872 845 926 1
869 870 984 927 Cor.
1013 887 1064 938 1,
1085 870 1179 936 27,
1205 871 1320 940 28).
1355 869 1425 924 Et
1449 878 1624 924 tamen
1646 866 1787 923 idem

236 977 328 1048 ipse
347 971 578 1028 minimus
615 966 994 1037 Apostolorum
1025 971 1240 1018 tuorum
1269 961 1402 1031 (Id.,
1433 976 1534 1025 xv,
1563 959 1654 1032 9),
1687 975 1785 1030 per

237 1067 364 1134 cujus
401 1062 624 1132 linguam
666 1067 757 1114 tua
797 1058 895 1112 ista
939 1055 1100 1111 verba
1141 1053 1395 1116 sonuisti,
1433 1068 1554 1107 cum
1592 1049 1788 1106 Paulus

232 1152 504 1231 proconsul,
538 1166 638 1223 per
663 1151 780 1221 ejus
814 1148 1054 1204 militiam
1080 1146 1344 1201 debellata
1372 1142 1617 1215 superbia
1637 1183 1652 1208 ,
1684 1140 1786 1197 sub

240 1252 338 1307 lene
356 1249 519 1318 iugum
547 1243 749 1300 Christi
775 1241 848 1296 tui
873 1242 1069 1296 missus
1093 1247 1257 1304 esset,
1285 1237 1426 1308 regis
1457 1235 1633 1306 magni
1659 1249 1786 1305 pro-

248 1338 440 1396 vhicialis
464 1335 686 1390 effectus
727 1333 859 1404 (Act.
893 1347 1022 1398 xm,
1063 1331 1129 1396 ’7,
1171 1328 1298 1401 12);
1341 1327 1454 1399 ipse
1485 1341 1693 1397 quoque
1719 1341 1785 1381 ex

243 1435 386 1506 priore
405 1429 558 1487 Saulo
586 1427 784 1484 Paulus
815 1425 992 1481 vocari
1020 1423 1244 1488 amavit,
1275 1421 1345 1476 ob
1385 1431 1489 1476 tant
1536 1435 1741 1492 magna:

236 1525 405 1595 insigne
425 1519 675 1576 victoriae.
705 1519 828 1574 Plus
855 1516 995 1572 enim
1021 1515 1190 1570 hostis
1213 1513 1440 1568 vincitur
1460 1512 1512 1567 in
1535 1527 1600 1568 eo
1624 1525 1782 1583 quem

235 1620 328 1691 plus
348 1623 494 1680 tenet,
520 1624 574 1669 et
596 1613 666 1668 de
694 1627 802 1683 quo
830 1611 1009 1680 plures
1036 1616 1202 1664 tenet.
1243 1607 1370 1661 Plus
1393 1614 1567 1661 autem
1596 1619 1783 1675 super-

239 1714 316 1770 bes
338 1720 463 1767 tenet
487 1706 702 1763 nomine
732 1702 1052 1766 nobilitatis,
1084 1709 1136 1756 et
1161 1699 1227 1755 de
1253 1699 1337 1754 his
1361 1698 1538 1770 plures
1563 1697 1782 1753 nomine

236 1801 532 1861 auctoritatis.
579 1799 792 1866 Quanto
838 1795 998 1866 igitur
1041 1792 1244 1865 gratius
1275 1791 1606 1864 cogitabatur
1628 1791 1649 1822 ³
1684 1789 1779 1845 Vi-

237 1896 390 1954 ctorini
414 1903 620 1964 pectus,
652 1891 790 1961 quod
822 1897 1073 1959 tanquam
1104 1883 1509 1956 inexpugnabile
1537 1891 1780 1954 recepta-

238 1991 380 2047 culum
405 1986 637 2042 diabolus
661 1984 995 2046 obtinuerat,
1040 1988 1094 2035 et
1127 1978 1384 2036 Victorini
1422 1978 1598 2049 lingua
1618 2020 1634 2045 ,
1673 1993 1781 2049 quo

237 2083 326 2138 telo
353 2079 518 2152 grandi
553 2087 606 2134 et
639 2083 798 2132 acuto
833 2074 1030 2130 multos
1065 2079 1400 2142 peremerat;
1436 2078 1582 2125 tanto
1607 2069 1778 2124 abun-

239 2175 418 2232 dantius
439 2171 694 2228 exsultare
718 2167 954 2239 oportuit
979 2165 1114 2220 ﬁlios
1139 2174 1277 2227 tuos,
1309 2162 1429 2233 quia
1458 2162 1570 2217 ltex
1599 2169 1780 2218 noster

243 2265 438 2336 alligavit
457 2263 636 2319 fortem
655 2302 670 2326 ,
697 2269 754 2316 et
777 2258 1027 2314 videbant
1051 2272 1174 2311 vasa
1205 2254 1322 2324 ejus
1347 2262 1528 2324 erepta
1559 2252 1776 2323 (Matth.

243 2376 340 2423 xu,
360 2358 433 2428 29)
459 2355 716 2418 mundari,
749 2361 803 2409 et
825 2351 996 2424 aptari
1025 2351 1076 2406 in
1101 2349 1358 2405 honorem
1381 2354 1552 2412 tuum,
1584 2355 1637 2400 et
1663 2345 1780 2401 fieri

241 2449 361 2506 utilia
384 2449 586 2505 Domino
605 2444 675 2502 ad
692 2459 853 2501 omne
876 2458 1012 2514 opus
1036 2441 1234 2498 bonum
1263 2439 1327 2512 (11
1349 2438 1485 2493 Tim.
1509 2453 1567 2505 11,
1589 2436 1705 2508 21).

820 2557 1047 2614 CAPUT
1085 2555 1152 2611 V.

444 2634 565 2701 Qua
584 2630 967 2688 remorabuntur
993 2645 1105 2684 eum
1133 2644 1164 2681 a
1187 2626 1525 2681 conversione.

295 2727 368 2785 10.
393 2727 486 2786 Sed
510 2727 596 2782 ubi
623 2725 751 2781 mihi
780 2724 943 2779 homo
970 2731 1090 2778 tuus
1112 2720 1489 2790 Simplicianus
1513 2717 1582 2774 de
1599 2716 1780 2774 Victo-

239 2823 337 2878 riuo
358 2822 443 2877 ista
467 2820 724 2886 narravit,
755 2817 930 2874 exarsi
957 2815 1023 2871 ad
1051 2813 1362 2870 imitandum
1387 2832 1401 2869 :
1429 2811 1617 2867 adhoc
1636 2812 1780 2866 enim

240 2921 284 2970 et
306 2913 384 2970 ille
405 2919 716 2968 narraverat.
751 2911 1101 2980 Posteaquam
1129 2922 1257 2962 vero
1294 2913 1348 2961 et
1391 2903 1519 2960 illud
1555 2902 1776 2970 addidit,

241 3005 355 3077 quod
375 3004 690 3078 imperatoris
715 3002 911 3058 Iuliani
941 2997 1272 3070 temporibus
1298 2998 1414 3068 lege
1440 2995 1561 3051 data
1592 2993 1778 3066 prohi-

239 3098 317 3154 ltiti
342 3107 447 3153 sunt
468 3095 748 3154 Christiani
778 3095 972 3150 docere
999 3093 1351 3148 litteraturam
1380 3096 1434 3144 et
1457 3087 1777 3151 oratoriam;

239 3190 535 3260 «ιι-1111080111
556 3188 642 3243 ille
659 3187 952 3256 amplexus,
974 3185 1248 3253 loquacem
1269 3180 1505 3236 scholam
1527 3178 1781 3234 deserere

239 3280 424 3343 maluit,
451 3294 600 3351 quam
638 3277 861 3333 verbum
901 3287 1044 3331 tuum
1066 3316 1081 3342 ,
1113 3289 1219 3344 quo
1258 3273 1464 3342 linguas
1501 3269 1779 3325 infantium

237 3371 355 3428 facis
387 3373 591 3428 disertae
635 3371 793 3441 (Sep.
821 3387 890 3433 x,
919 3367 1010 3438 21)
1046 3384 1059 3420 :
1092 3381 1201 3420 non
1240 3365 1369 3420 mihi
1411 3363 1596 3418 fortior
1620 3377 1780 3432 quam

241 3461 419 3519 felicior
432 3464 558 3520 visus
575 3471 678 3526 est,
701 3461 825 3532 quia
846 3459 1046 3516 invenit
1064 3457 1398 3514 occasionem
1420 3455 1640 3510 vacandi
1664 3453 1777 3508 tibi.

246 3555 340 3611 Cui
358 3557 518 3628 teicgo
536 3555 865 3626 suspirabam
893 3554 1083 3623 ligatus
1101 3594 1116 3616 ,
1146 3567 1252 3606 non
1285 3550 1424 3606 ferro
1447 3549 1621 3604 alieno
1639 3587 1654 3612 ,
1686 3545 1782 3602 sed

248 3662 357 3705 mea
381 3649 514 3706 ferrea
540 3650 828 3704 voluntate.
862 3647 1008 3702 Velle
1045 3661 1223 3702 meum
1263 3644 1480 3700 tenebat
1511 3641 1778 3709 inimicus,

238 3747 292 3796 et
325 3738 429 3797 inde
457 3742 572 3797 mihi
603 3749 847 3797 catenam
886 3737 1115 3804 fecerat,
1157 3746 1211 3793 et
1245 3736 1639 3792 constrinxerat
1673 3747 1779 3788 me.

232 3827 419 3902 Qnippe
434 3848 491 3887 ex
509 3833 776 3888 voluntate
797 3844 1069 3902 perversa,
1093 3829 1227 3885 facta
1247 3838 1332 3884 est
1350 3827 1512 3883 libido
1543 3845 1554 3880 :
1583 3835 1638 3881 et
1657 3825 1783 3880 dum

231 3921 438 3978 servitur
459 3923 651 3980 libidini
673 3966 689 3991 ,
721 3922 856 3978 facta
883 3930 968 3978 est
1002 3919 1363 3985 consuetudo;
1393 3926 1447 3975 et
1485 3917 1610 3973 dum
1649 3930 1783 3972 con-

229 4015 468 4072 suetudini
503 4033 603 4072 non
642 4016 938 4081 resistitur,
973 4015 1106 4070 facta
1135 4022 1218 4070 est
1245 4013 1552 4070 necessitas.
1581 4011 1786 4080 Quibus
1851 4051 1857 4056 ς

231 4107 368 4175 quasi
384 4109 568 4163 ansulis
585 4108 797 4164 sibimet
817 4106 1044 4171 innexis,
1070 4106 1211 4162 unde
1235 4115 1478 4163 catenam
1499 4103 1781 4176 appellavi,

231 4199 424 4255 tenebat
449 4218 530 4258 me
553 4202 865 4257 obstrictum
892 4200 1022 4256 dura
1049 4200 1296 4256 servitus.
1326 4199 1584 4254 Voluntas
1606 4208 1782 4255 autem

230 4303 358 4345 nova
391 4308 497 4363 quae
533 4293 658 4348 mihi
698 4307 820 4349 esse
862 4299 1100 4363 cmperat
1140 4300 1198 4346 ut
1239 4299 1291 4346 te
1327 4290 1490 4360 gratis
1529 4290 1784 4357 colerem,

230 4379 420 4454 fruique
439 4395 484 4440 te
502 4387 709 4448 vellem,
739 4386 883 4441 Deus
903 4385 1014 4440 sola
1039 4391 1181 4441 certa
1199 4383 1522 4453 iucunditas,
1551 4381 1785 4436 nondum

228 4483 338 4529 erat
361 4475 531 4534 idonea
560 4478 624 4532 ad
650 4476 1004 4548 superandam
1032 4476 1264 4546 priorem
1284 4484 1547 4530 vetustate
1567 4476 1787 4529 robora-

231 4569 349 4620 tam.
389 4567 456 4622 lla
483 4569 597 4625 dum
621 4570 919 4624 voluntates
947 4583 1115 4633 mere,
1148 4581 1250 4621 una
1279 4574 1429 4622 vetus
1449 4609 1464 4632 ,
1495 4567 1595 4620 alia
1627 4580 1782 4634 nova,

229 4652 314 4712 illa
349 4660 588 4726 carnalis,
638 4661 726 4716 illa
769 4658 1086 4729 spiritualis,
1134 4657 1490 4728 conﬂigebant
1532 4658 1670 4714 inter
1702 4673 1782 4726 se,

229 4753 373 4819 atque
395 4751 736 4808 discordando
764 4751 1092 4822 dissipabunt
1119 4750 1349 4805 animam
1378 4765 1570 4806 meam.

295 4839 375 4897 11.
401 4843 482 4900 Sic
504 4843 882 4913 intelligebam,
905 4841 1110 4911 mcipso
1130 4841 1495 4912 experimento
1512 4841 1553 4907 ³,
1578 4841 1629 4897 id
1645 4841 1786 4913 quod

231 4927 438 5002 legeram
456 4977 471 5000 ,
501 4933 768 5006 quomodo
795 4948 921 4989 0010
945 4933 1347 5003 concupisceret
1382 4933 1636 4988 adversus
1674 4936 1786 5004 spi-

229 5021 396 5093 ritum,
419 5037 469 5082 et
489 5026 705 5100 Spiritus
729 5025 984 5081 adversus
1003 5039 1218 5080 carnem
1245 5023 1437 5095 (Galat.
1463 5041 1514 5091 v,
1539 5025 1648 5098 17).
1676 5026 1787 5097 Ego

233 5113 422 5184 quidem
457 5118 507 5173 in
540 5127 804 5188 utroque;
835 5115 928 5172 sed
955 5115 1124 5186 magis
1149 5130 1246 5186 ego
1275 5114 1327 5169 in
1358 5131 1423 5170 eo
1451 5116 1591 5187 quod
1620 5117 1672 5172 in
1701 5133 1789 5172 me

237 5209 590 5278 approbaham,
623 5225 784 5281 quam
815 5210 867 5264 in
900 5223 967 5265 eo
1003 5207 1144 5279 quod
1183 5207 1235 5262 111
1275 5223 1362 5263 100
1399 5209 1784 5279 improbabam.

239 5293 302 5355 lbi
321 5300 452 5357 enim
476 5303 644 5374 magis
665 5302 777 5373 jam
805 5317 910 5357 non
934 5315 1066 5372 ego;
1097 5300 1218 5372 quia
1253 5316 1319 5356 ex
1354 5315 1538 5372 magna
1564 5311 1713 5372 parte
1735 5303 1788 5358 id

286 5421 306 5448 ,
577 5421 589 5430 .

284 5477 306 5510 ⁸
329 5421 1093 5545 ωπέιῗέῃιεῖοςέὡωῃ
1114 5489 1210 5527 non
1231 5477 1418 5545 inepte,
1443 5476 1500 5526 ad
1523 5478 1791 5545 signiﬁcan-

228 5533 324 5604 dln
339 5541 435 5590 vim
462 5539 657 5604 diabolo
685 5533 885 5604 1110101οῗ
908 5533 1162 5604 Sequimur
1193 5533 1498 5602 vulgatorum
1531 5533 1790 5604 le'ctionem

223 5601 272 5657 κ
285 5607 384 5654 υ.
407 5602 558 5653 etiam
575 5602 714 5652 bene
731 5599 896 5654 multis
915 5599 1180 5665 repertam,
1207 5608 1260 5651 et
1279 5599 1402 5652 vero
1423 5607 1584 5664 potest
1604 5603 1790 5654 habere

223 5663 432 5722 allen
443 5676 666 5717 5011011111.

739 5725 856 5791 ipso.
877 5726 1024 5791 Lugd.
1049 5733 1168 5791 yen.
1195 5733 1248 5778 et
1283 5733 1415 5787 Lov.,
1438 5739 1542 5791 meo
1568 5725 1688 5791 ipso.
1713 5733 1787 5778 Er.

216 5794 658 5900 ῧῆω
677 5793 733 5840 et
750 5787 869 5839 Flor.
892 5787 1002 5846 011111
1024 5787 1244 5867 pluribus
1274 5797 1399 5851 Mss,
1442 5787 1623 5855 meips'o
1648 5802 1792 5855 expe-

1898 488 2140 559 patiebar
2166 489 2390 556 invitus,
2425 506 2584 563 quam
2615 494 2875 552 faciebam
2901 497 3086 554 volens
3109 496 3150 552 ¹.
3181 498 3288 556 Sed
3313 510 3492 567 tamen

1897 583 2227 638 consuetudo
2262 584 2518 641 adversus
2543 603 2629 643 me
2656 591 2943 660 pugnacior
2971 607 3036 646 ex
3065 607 3154 647 me
3183 591 3320 650 facta
3350 611 3490 667 erat,

1896 676 2147 746 quoniam
2175 677 2357 732 volens
2379 719 2392 744 ,
2435 693 2541 748 quo
2579 680 2810 746 nollem,
2854 697 3221 751 perveneram.
3263 686 3334 741 Et
3369 689 3490 758 quis

1890 765 2013 837 jure
2038 766 2446 834 contradiceret,
2478 784 2599 824 cum
2627 778 2933 840 peccantem
2955 771 3094 842 justa
3121 789 3277 845 pcena
3298 791 3491 848 seque-

1896 859 2080 915 retur?
2111 859 2178 913 Et
2218 873 2324 914 non
2363 868 2480 915 erat
2509 859 2619 930 jam
2658 861 2747 916 illa
2787 864 3058 919 excusatio
3081 867 3138 933 ²,
3175 882 3278 937 qua
3315 869 3485 926 videri

1894 948 2022 1004 mihi
2044 948 2281 1004 solebam
2304 960 2586 1019 propterea
2609 951 2841 1007 nondum
2866 968 2951 1009 me
2969 962 3484 1028 contemptosmculo

1893 1039 2096 1096 servire
2125 1039 2237 1107 tibi,
2269 1038 2393 1110 quia
2435 1041 2636 1096 incerta
2668 1042 2798 1097 mihi
2827 1053 2969 1100 esset
2996 1049 3265 1117 perceptio
3285 1052 3482 1107 verita-

1893 1130 1960 1186 tis
1992 1151 2005 1186 :
2031 1131 2139 1200 jam
2167 1131 2309 1185 enim
2339 1141 2391 1186 ct
2429 1131 2540 1202 ipsa
2575 1143 2720 1188 certa
2759 1143 2890 1189 erat.
2939 1135 3053 1206 Ego
3089 1149 3267 1194 autem
3309 1142 3484 1198 adhuc

1893 1231 2032 1277 terra
2069 1222 2367 1294 obligatus,
2409 1224 2640 1279 militare
2669 1225 2762 1280 tibi
2790 1227 3132 1295 recusabam;
3163 1241 3216 1286 et
3255 1231 3480 1302 impedi-

1889 1316 2087 1370 mentis
2110 1317 2356 1372 omnibus
2379 1317 2457 1373 sic
2477 1317 2728 1374 timebam
2747 1319 3007 1391 expediri,
3034 1324 3482 1394 quemadmodum

1889 1406 2137 1480 impediri
2167 1407 2460 1470 timendum
2490 1419 2591 1464 est.

1960 1499 2047 1556 12.
2083 1499 2157 1555 lta
2187 1503 2396 1557 sarcina
2425 1502 2626 1568 saeculi,
2664 1503 2811 1558 velut
2838 1519 3029 1560 somno
3058 1507 3277 1578 assolet,
3302 1509 3481 1568 dulci-

1889 1601 1972 1648 ter
1996 1592 2312 1662 premebar;
2341 1601 2395 1647 et
2419 1593 2771 1664 cogitationes
2795 1596 2985 1666 quibus
3009 1597 3302 1656 meditabar
3321 1603 3375 1658 in
3402 1611 3477 1671 te,

1887 1682 2090 1740 similes
2127 1692 2279 1739 erant
2314 1685 2593 1740 conatibus
2618 1687 2913 1758 expergisci
2941 1689 3254 1757 volentium,
3280 1695 3368 1764 qui
3397 1705 3481 1751 ta-

1886 1791 2008 1831 men
2035 1777 2269 1846 superati
2297 1777 2507 1846 soporis
2528 1777 2806 1834 altitudine
2837 1791 3232 1852 remerguntur.
3260 1784 3322 1839 Et
3343 1785 3485 1842 sicut

1885 1883 2044 1923 nemo
2069 1876 2152 1923 est
2179 1868 2269 1938 qui
2296 1867 2531 1924 dormire
2558 1885 2771 1939 semper
2801 1870 2946 1938 velit,
2977 1873 3324 1948 omniumque
3349 1891 3484 1934 sano

1878 1958 2078 2029 judicio
2096 1958 2315 2029 vigilare
2333 1968 2550 2029 prmstat
2570 1975 2585 2024 ;
2608 1958 2969 2016 differttamen
2989 1963 3302 2037 plerumque
3320 1966 3483 2025 homo

1883 2067 2131 2107 somnum
2162 2061 2434 2119 excutere,
2466 2068 2586 2107 cum
2615 2054 2793 2123 gravis
2818 2062 3001 2126 torpor
3022 2056 3073 2110 in
3099 2059 3354 2116 membris
3375 2073 3479 2128 est;

1883 2160 2110 2216 eumque
2149 2144 2258 2214 jam
2299 2144 2674 2214 displicentem
2717 2146 2888 2215 carpit
2929 2146 3202 2215 libentius,
3234 2153 3483 2221 quamvis

1883 2236 2132 2307 surgendi
2161 2245 2370 2308 tempus
2395 2236 2708 2292 advenerit:
2737 2237 2808 2291 ita
2838 2247 3043 2293 certum
3072 2240 3330 2298 habebam
3357 2261 3482 2303 esse

1881 2329 2200 2384 1110110510ςο
2226 2327 2473 2384 charitati
2498 2343 2583 2384 me
2611 2327 2827 2392 dedere,
2855 2344 3014 2399 quam
3044 2345 3175 2385 mete
3203 2333 3482 2402 cupiditati

1883 2421 2106 2486 cedere;
2131 2421 2223 2476 sed
2249 2421 2378 2476 illud
2402 2421 2702 2490 placebatet
2717 2422 2965 2477 vincebat
2989 2423 3044 2489 ⁸;
3075 2422 3177 2479 hoc
3204 2425 3402 2481 libebat
3422 2438 3481 2484 et

1883 2514 2168 2569 vinciebat.
2193 2514 2304 2568 Non
2319 2513 2460 2568 enim
2483 2521 2596 2568 erat
2615 2512 2756 2583 quod
2774 2512 2866 2567 tibi
2885 2513 3264 2584 responderem
3279 2516 3480 2574 dicenti

1883 2606 2012 2663 mihi
2030 2648 2044 2672 ,
2064 2606 2228 2677 Surge
2245 2607 2332 2677 qui
2343 2605 2554 2672 dormis,
2570 2614 2615 2659 et
2626 2622 2878 2677 exsurgea
2890 2607 3132 2672 mortuis;
3149 2617 3193 2663 et
3213 2608 3480 2664 illumina-

1885 2700 1954 2754 bit
1975 2709 2020 2753 te
2042 2697 2270 2754 Christus
2289 2697 2502 2771 (Ep/tes.
2517 2696 2669 2772 mu)
2689 2715 2701 2751 :
2718 2709 2772 2753 et
2788 2699 3019 2768 undique
3031 2700 3331 2756 ostendenti
3349 2719 3480 2761 vera

1883 2798 1936 2846 te
1961 2790 2158 2855 dicere,
2187 2805 2292 2844 non
2320 2797 2435 2845 erat
2451 2789 2670 2845 omnino
2687 2790 2828 2861 quod
2849 2791 3229 2860 responderem
3254 2794 3480 2852 veritate

1884 2881 2295 2945 convictus,nisi
2313 2881 2688 2935 tantumvcrba
2707 2881 2850 2936 lenta
2877 2883 3284 2940 etsomnolenta
3316 2901 3331 2939 :
3364 2885 3478 2942 Mo-

1885 2971 1976 3037 do,
1997 2986 2120 3026 ecce
2137 2971 2327 3035 modo;
2356 2972 2472 3026 sine
2509 2971 2799 3041 paululum.
2830 2971 2959 3040 Sed,
2985 2972 3159 3038 Modo,
3181 2983 3236 3035 et
3275 2976 3435 3031 modo
3453 3017 3472 3043 ,

1884 3078 1989 3143 non
2026 3061 2293 3117 habebant
2314 3061 2532 3117 modum
2557 3080 2572 3128 ;
2597 3069 2651 3118 et
2680 3062 2807 3119 Sine
2852 3063 3146 3133 paululum,
3173 3065 3228 3120 in
3259 3067 3480 3138 longum

1883 3157 2013 3214 ibat.
2040 3157 2258 3214 Frustra
2278 3156 2686 3212 condclectabar
2711 3156 2813 3227 legi
2832 3165 2933 3212 tute
2950 3157 3239 3213 secundum
3254 3159 3478 3216 interio-

1883 3265 1996 3307 rem
2015 3249 2306 3314 hominem,
2335 3264 2455 3302 cum
2477 3247 2559 3303 lex
2576 3247 2679 3300 alia
2701 3246 2752 3300 111
2778 3246 3033 3302 membris
3054 3248 3188 3303 meis
3212 3264 3478 3320 repugna-

1884 3352 1966 3399 ret
1997 3342 2098 3412 legi
2119 3340 2312 3396 mentis
2340 3354 2473 3394 mea:
2492 3381 2507 3404 ,
2527 3346 2581 3395 et
2601 3337 2865 3408 captivum
2884 3353 2968 3392 me
2985 3338 3206 3394 duceret
3233 3339 3283 3394 in
3304 3341 3482 3412 legem

1885 3433 2109 3504 peccati,
2123 3447 2242 3503 quae
2255 3431 2309 3486 in
2325 3429 2578 3486 membris
2591 3429 2726 3484 meis
2742 3437 2876 3484 erat.
2898 3428 3007 3484 Lex
3019 3429 3159 3484 enim
3175 3432 3377 3500 peccati
3395 3440 3483 3488 est

1887 3527 2131 3583 violentia
2143 3522 2560 3588 consuetudinis,
2574 3537 2676 3592 qua
2691 3519 2916 3576 trahitur
2927 3529 2981 3575 et
3000 3527 3210 3576 tenetur
3224 3521 3383 3577 etiam
3405 3523 3480 3577 in-

1886 3618 2024 3674 vitus
2034 3617 2263 3683 animus,
2277 3630 2343 3670 eo
2359 3613 2490 3669 meri
2499 3623 2549 3668 to
2560 3628 2665 3684 quo
2690 3612 2744 3666 in
2757 3627 2874 3667 eam
2891 3612 3078 3668 volens
3104 3612 3353 3670 illabitur.
3378 3614 3478 3669 Mi-

1886 3723 2064 3766 serum
2077 3722 2202 3778 ergo
2232 3722 2318 3761 me
2339 3705 2457 3776 quis
2474 3703 2804 3759 liberaretde
2830 3717 3056 3774 corpore
3083 3704 3268 3759 mortis
3289 3702 3473 3774 hujus,

1887 3800 1987 3855 nisi
2011 3799 2178 3871 gratia
2201 3807 2285 3854 tua
2297 3813 2394 3867 per
2405 3795 2588 3853 Iesum
2603 3793 2875 3850 Christum
2897 3795 3180 3851 Dominum
3198 3795 3479 3852 nostrum?

1893 3889 2066 3963 (Rom.
2114 3905 2208 3958 vn,
2237 3887 2460 3958 22-25.)

2512 3980 2741 4038 CAPUT
2778 3979 2870 4034 Vl.

2193 4076 2518 4132 Pontilianus
2545 4083 2720 4129 narrat
2749 4071 2955 4127 Antonii
2990 4071 3164 4125 vitam.

1964 4172 2049 4228 15.
2077 4170 2142 4225 Et
2169 4168 2236 4225 de
2263 4168 2475 4224 vinculo
2502 4166 2716 4238 quidem
2746 4163 2998 4220 desiderii
3026 4163 3339 4220 concubitus
3367 4179 3476 4236 quo

1889 4252 2186 4316 arctissimo
2229 4258 2469 4324 tenebar,
2513 4265 2567 4312 et
2585 4255 2919 4311 saecularium
2949 4254 3280 4325 negotiorum
3307 4257 3474 4310 servi-

1891 4362 2023 4417 tute,
2054 4350 2497 4423 quemadmodum
2531 4365 2615 4404 mc
2661 4347 2923 4404 exemeris
2953 4346 3198 4414 narrabo,
3218 4354 3272 4401 et
3311 4347 3480 4401 confi-

1890 4446 2041 4501 tebor
2065 4444 2261 4499 nomini
2284 4449 2397 4507 tuo,
2424 4443 2666 4506 Domine,
2692 4439 2903 4510 adjutor
2923 4452 3075 4495 meus
3095 4447 3150 4495 et
3173 4437 3479 4508 redemptor

1891 4551 2061 4592 meus.
2095 4536 2331 4606 Agebam
2362 4533 2540 4600 solita,
2562 4539 2837 4588 crescente
2864 4529 3223 4594 anxietudine,
3257 4538 3312 4586 et
3338 4545 3478 4600 quo-

1893 4627 2018 4682 tidie
2041 4625 2372 4696 suSpirabam
2403 4623 2495 4678 tibi
2519 4640 2534 4689 ;
2563 4621 2958 4692 frequentabam
2999 4621 3277 4677 ecclesiam
3307 4629 3476 4687 tuam,

1889 4727 2144 4790 quantum
2173 4716 2393 4772 vacabat
2417 4714 2485 4770 ab
2512 4714 2591 4768 eis
2620 4712 2845 4784 negotiis
2869 4713 2969 4767 sub
2992 4726 3216 4783 quorum
3238 4712 3480 4784 pondere

1889 4810 2169 4883 gemebam
2192 4807 2234 4862 ⁸.
2265 4807 2468 4862 Mecum
2498 4815 2614 4863 erat
2645 4807 2868 4878 Alypius
2893 4806 3096 4861 otiosus
3124 4806 3193 4861 ab
3213 4821 3375 4876 opere
3395 4806 3470 4877 ju-

1890 4899 2254 4971 risperitorum
2301 4905 2423 4970 post
2482 4897 2837 4953 assessionem
2884 4896 3118 4963 tertiam,
3163 4907 3481 4967 exspectans

1891 4994 2082 5067 quibus
2113 4992 2303 5047 iterum
2340 4989 2562 5046 consilia
2592 4988 2865 5054 venderet,
2895 4990 3030 5045 sicut
3055 5004 3154 5060 ego
3180 4989 3480 5045 vendebam

1892 5084 2104 5142 dicendi
2145 5083 2470 5149 facultatem,
2514 5081 2688 5152 siqua
2731 5079 2973 5136 docendo
3001 5081 3242 5150 praestari
3282 5089 3480 5152 potest.

1892 5177 2172 5236 Nebridius
2193 5186 2369 5232 autem
2395 5175 2640 5231 amicitiae
2663 5183 2860 5230 nostra:
2879 5182 3131 5240 cesserat,
3157 5183 3216 5230 nt
3239 5176 3478 5231 omnium

1957 5295 2120 5364 _*_L9v.
2151 5305 2174 5364 Δ1
2201 5291 2333 5364 Quod
2348 5287 2604 5364 faciebant
2652 5287 2958 5364 001011050ίί
2993 5287 3484 5364 ιοεςηᾶο111μᾳξιᾳα,

1892 5358 1965 5406 uti
1981 5355 2164 5406 habent
2178 5349 2260 5404 alii
2275 5349 2494 5412 codices;
2523 5359 2576 5402 et
2608 5351 2932 5414 supplendum
2967 5349 3146 5416 magis,
3168 5361 3310 5412 quam
3322 5349 3484 5410 parti-

1893 5418 2052 5468 culam
2065 5419 2281 5467 reticere
2303 5422 2431 5464 amat
2445 5415 2756 5477 Augustinus.
2834 5473 2845 5477 ,
3052 5415 3059 5416 '
3508 5419 3510 5421 ’

1955 5483 1976 5514 ³
2010 5478 2119 5529 Bad.
2139 5486 2240 5527 Am.
2265 5483 2338 5526 Er.
2357 5483 2488 5538 Lov.,
2510 5473 2612 5526 ulla
2627 5473 2888 5538 excusatio.
2915 5531 2922 5534 _

1958 5541 1980 5574 ³
2011 5548 2192 5604 111-11155.
2217 5545 2438 5604 quatuor,
2458 5529 2510 5604 et,
2530 5550 2623 5588 non
2639 5535 2866 5604 educebat.
2886 5531 2977 5603 sed
3001 5531 3162 5604 verior
3182 5529 3384 5604 01101010
3401 5543 3481 5580 eo.
3525 5543 3531 5550 ·

1893 5589 2059 5653 dicunt
2070 5601 2216 5652 lectio
2225 5589 2333 5650 sine
2349 5589 2691 5663 negationem
2706 5611 2885 5663 nempe
2901 5593 3130 5663 currebat,
3146 5589 3479 5663 quoqsaunioro

1913 5649 2666 5726 ωῑδίάίέέιίςβτωίιξεοωιω,
2693 5649 2888 5726 tametsi
2917 5649 3193 5726 inn-tuus
3215 5649 3481 5726 1911010-

1915 5726 2094 5776 untatis
2106 5723 2285 5774 affectu
2299 5715 2398 5785 non
2415 5715 2701 5785 eligeretur.
2719 5718 2858 5785 ιιηᾲοΔ
2866 5727 2980 5765 mox
2994 5716 3084 5765 ait:
3098 5721 3198 5765 Non
3211 5715 3316 5761 erat
3330 5722 3484 5766 anna.

1895 5800 1958 5840 no
1972 5784 2456 5900 ﬁrmem
2470 5777 2665 5834 ueritate
2681 5777 2930 5835 commta.

2075 5861 2146 5911 m,
2161 5859 2280 5911 uage
