3880 6406
479 399 588 473 περ,
1637 395 2158 458 CONFESSIONUM
2193 397 2251 457 S.
2295 395 2659 459 AUGUSTINI
3655 399 3747 474 Μ

479 535 723 585 nostrum
737 517 1153 577 familiarissima
1163 509 1501 580 Verecundo,
1512 508 1890 571 Mediolanrnsi
1908 515 2006 570 civi
2020 523 2074 571 et

483 615 834 690 grammatico
854 609 1192 675 subduceret,
1213 609 1560 664 vehementer
1581 606 1902 663 desideranti
1924 613 1975 661 et
1993 600 2071 661 fa-

477 705 802 764 miliaritatis
823 705 938 774 iure
959 701 1211 772 ﬂagitanti
1226 701 1293 756 de
1310 707 1530 756 nttmero
1548 699 1729 754 nostro
1752 693 1907 754 lidele
1920 693 2071 769 adju-

476 797 693 861 torium,
726 809 832 867 quo
861 789 1130 865 indigebat
1168 790 1345 847 nimis.
1393 786 1510 846 Non
1547 791 1723 861 itaque
1762 785 2073 844 Nebridium

472 888 736 960 cupiditas
756 884 1158 942 commodorum
1187 897 1253 938 eo
1275 879 1434 937 traxit
1460 899 1472 934 :
1500 879 1700 951 majora
1727 880 1869 934 enim
1892 886 2074 951 posset

470 983 517 1038 si
564 981 723 1037 vellet
768 978 836 1034 de
879 973 1068 1032 litteris
1112 989 1306 1046 agere;
1338 969 1435 1029 sed
1479 969 1653 1027 cilicio
1689 969 2072 1028 benevolentia:

471 1073 782 1146 petitionem
811 1078 1050 1125 nostram
1079 1074 1424 1121 conteutnere
1453 1055 1620 1119 noluit
1641 1064 1844 1118 amicus
1869 1057 2068 1116 dulcis-

472 1164 641 1220 simus
669 1169 724 1217 et
764 1160 1095 1216 mitissimus.
1144 1155 1350 1227 Agebat
1392 1161 1567 1209 autem
1612 1151 1739 1208 illud
1771 1150 2068 1222 prudentis-

469 1257 625 1321 sime,
652 1267 847 1315 cavens
877 1247 1212 1306 innotescere
1235 1245 1478 1318 personis
1507 1238 1799 1301 secundam
1829 1243 1928 1298 huc
1957 1241 2062 1298 sie-

469 1349 646 1403 culum
663 1341 972 1415 majoribus,
993 1337 1234 1397 devitans
1252 1339 1304 1395 in
1321 1333 1400 1395 eis
1415 1351 1628 1394 onmem
1647 1330 2066 1408 inquietudinem

468 1441 652 1502 animi,
684 1453 843 1509 quem
875 1436 1094 1491 volebat
1121 1435 1321 1491 habere
1344 1434 1568 1488 liberum
1599 1431 1653 1486 et
1696 1435 1858 1501 quam
1885 1425 2069 1484 multis

469 1539 654 1604 posset
695 1527 840 1584 Itoris
898 1526 1165 1592 feriatum,
1225 1517 1293 1579 ad
1333 1523 1677 1596 qumreudum
1718 1519 1936 1592 aliquid,
1985 1520 2068 1574 vel

469 1615 752 1694 legendum
782 1619 862 1674 vel
891 1615 1216 1673 audiendum
1241 1613 1308 1672 de
1339 1613 1616 1685 Sapientia.

555 1713 642 1769 14.
675 1711 914 1780 Quodam
943 1711 1103 1781 igitur
1117 1709 1222 1776 die,
1253 1725 1356 1762 non
1388 1707 1565 1762 recolo
1587 1719 1799 1761 causam
1826 1719 1928 1776 qua
1954 1707 2068 1759 crat

468 1799 664 1860 absens
693 1801 994 1868 Nebridius,
1022 1815 1141 1856 cum
1173 1813 1300 1855 ecce
1342 1798 1409 1853 ad
1441 1811 1540 1853 nos
1568 1793 1786 1852 domum
1827 1795 1968 1850 venit
1998 1790 2066 1849 ad

469 1915 556 1957 me
581 1908 634 1956 et
670 1898 916 1971 Alypium
950 1891 1282 1951 Pontitianus
1305 1893 1321 1925 ί
1353 1889 1570 1964 quidam
1613 1890 1746 1945 civis
1785 1895 1968 1943 uoster
2013 1886 2066 1942 in

468 2001 723 2064 quantum
765 1989 912 2055 Afer,
955 1988 1211 2060 praeclare
1242 1987 1292 2041 itt
1337 1985 1530 2056 palatio
1573 1983 1811 2038 militans
1845 1998 1857 2036 :
1886 1978 2068 2036 nescio

469 2081 595 2156 quid
617 2081 818 2138 anubis
841 2079 1075 2135 volebat.
1100 2077 1168 2132 Et
1185 2076 1525 2132 consedimus
1545 2081 1601 2128 ttt
1621 2071 2064 2142 colloquerentur;

466 2183 523 2233 et
547 2175 685 2231 forte
707 2186 865 2243 supra
906 2185 1145 2225 mensam
1177 2165 1429 2223 lusoriam
1473 2173 1594 2238 qnze
1625 2176 1748 2220 ante
1779 2179 1875 2218 nos
1904 2171 2019 2219 erat
2048 2205 2063 2230 ,

467 2265 694 2323 attendit
739 2263 1002 2327 codicem,
1051 2261 1190 2326 tulit,
1234 2259 1464 2329 aperuit,
1521 2255 1723 2313 invenit
1767 2255 2065 2328 apostolum

466 2358 709 2422 Paulum,
755 2351 1027 2424 inopinate
1071 2365 1200 2406 sane
1231 2366 1245 2404 :
1274 2355 1548 2420 potaverat
1591 2347 1732 2404 enim
1770 2345 1967 2416 aliquid
1997 2345 2066 2402 de

464 2449 614 2505 libris
637 2453 862 2518 quorum
890 2443 1152 2515 professio
1180 2451 1268 2497 me
1291 2439 1624 2496 conterebat.
1657 2439 1791 2495 Tum
1820 2455 1946 2494 vero
1975 2449 2065 2494 ar-

465 2537 667 2605 ridens,
710 2553 902 2608 meque
943 2536 1177 2600 intuens,
1205 2534 1547 2603 gratulatorie
1571 2531 1794 2587 miratus
1819 2535 1900 2587 est
1926 2529 2067 2601 quod

464 2647 560 2689 eas
592 2631 647 2686 et
682 2629 826 2685 solas
854 2637 966 2699 pra:
996 2626 1162 2682 oculis
1189 2625 1322 2680 meis
1355 2623 1559 2678 litteras
1588 2630 1807 2693 repente
1846 2635 2065 2691 compe-

463 2719 643 2783 risset.
672 2721 1009 2778 Christianus
1052 2720 1247 2790 quippe
1278 2725 1326 2772 et
1359 2715 1530 2772 lidelis
1554 2724 1686 2779 erat,
1723 2721 1776 2770 et
1802 2729 1946 2785 saepe
1973 2707 2066 2769 tibi

465 2820 576 2873 Deo
603 2822 785 2870 nostro
826 2809 1260 2884 prosternebator
1287 2810 1338 2862 itt
1364 2803 1591 2863 ecclesia
1618 2804 1822 2860 crebris
1851 2813 1906 2861 et
1933 2803 2065 2860 diu-

465 2910 640 2964 turnis
679 2903 1029 2961 orationibus.
1077 2902 1175 2956 Cui
1221 2915 1320 2972 ego
1349 2909 1472 2955 cum
1503 2895 1822 2952 iudicassem
1852 2894 1954 2950 illis
1981 2903 2068 2952 me

466 2999 758 3068 Scripturis
811 3007 994 3050 curam
1045 2994 1332 3048 maximam
1386 2988 1732 3060 impendere,
1788 2995 1936 3042 ortus
1987 2985 2069 3043 est

470 3103 671 3158 sermo,
703 3090 820 3160 ipso
849 3093 1122 3152 narrante,
1153 3083 1221 3139 de
1245 3079 1477 3139 Antonio
1504 3079 1756 3154 Egyptio
1783 3081 2064 3145 monacho,

468 3179 621 3252 cujus
663 3191 858 3235 nomen
904 3176 1230 3238 excellenter
1264 3173 1502 3229 clarebat
1530 3173 1670 3242 apud
1700 3187 1881 3227 servos
1912 3174 2064 3238 tuos;

467 3285 568 3328 nos
595 3279 775 3326 autem
821 3283 990 3339 usque
1035 3263 1263 3322 inlitam
1308 3263 1496 3320 horam
1544 3265 1761 3319 latebat.
1793 3263 1947 3331 Quod
1976 3263 2069 3320 ille

468 3363 560 3419 ubi
587 3359 867 3431 comperit,
896 3359 1208 3412 immoratus
1231 3364 1313 3412 est
1333 3355 1385 3409 in
1405 3371 1470 3409 eo
1493 3367 1768 3420 sermone,
1793 3355 2068 3410 insinuans

466 3465 674 3513 tantum
722 3453 893 3508 virum
942 3448 1348 3521 ignorantibus,
1405 3447 1458 3502 et
1500 3446 1768 3503 admirans
1821 3447 2067 3504 eamdem

469 3554 712 3604 nostram
754 3543 1124 3614 ignorantiam.
1176 3539 1533 3610 Stupebamus
1576 3545 1750 3595 autem
1789 3539 2067 3596 audientes

466 3650 577 3696 tam
621 3637 822 3694 recenti
869 3634 1146 3701 memoria,
1197 3641 1252 3688 et
1297 3647 1464 3704 prope
1508 3631 1706 3688 nostris
1738 3632 2065 3704 temporibus

467 3729 810 3790 testatissima
855 3726 1111 3784 mirabilia
1156 3733 1243 3780 tua
1286 3718 1338 3780 in
1383 3723 1488 3781 fide
1529 3735 1673 3780 recta
1711 3736 1765 3781 et
1804 3726 2064 3783 catholica

467 3823 728 3881 Ecclesia.
761 3823 958 3878 Omnes
985 3819 1327 3886 mirabamur,
1365 3819 1420 3874 et
1448 3831 1545 3873 nos
1571 3818 1695 3889 quia
1738 3826 1844 3873 tam
1876 3825 2065 3889 magna

471 3927 646 3986 erant,
675 3926 729 3973 et
773 3917 862 3971 ille
890 3915 1013 3986 quia
1043 3914 1279 3968 inaudita
1315 3914 1468 3970 nobis
1498 3925 1668 3969 erant.

439 4017 446 4053 ἐ
543 4010 630 4066 15.
682 4008 809 4063 inde
835 4022 1014 4062 sermo
1039 4007 1155 4078 ejus
1182 4005 1463 4060 devolutus
1492 4015 1575 4061 est
1612 4006 1678 4061 ad
1707 4009 2062 4064 monasterio-

466 4118 586 4160 rum
617 4117 824 4174 greges,
855 4106 911 4154 et
935 4113 1112 4154 mores
1142 4097 1519 4153 suaveolentice
1543 4108 1666 4163 tum,
1696 4107 1750 4155 et
1778 4100 1939 4156 ubera
1965 4101 2061 4158 de-

467 4195 610 4248 serta
657 4190 823 4247 eremi
871 4201 1096 4260 quorum
1145 4189 1245 4243 nos
1287 4187 1417 4243 nihil
1467 4187 1788 4243 sciebamus.
1843 4187 1911 4246 Et
1948 4199 2064 4248 erat

469 4283 856 4341 monasterium
888 4279 1167 4336 Mediolani
1198 4280 1408 4350 plentun
1437 4275 1590 4334 bonis
1619 4279 1890 4348 fratribus,
1913 4294 2061 4340 extra

470 4377 620 4438 urbis
650 4375 864 4438 moenia,
905 4373 1004 4428 sub
1033 4371 1314 4427 Ambrosio
1345 4373 1641 4438 nutritore;
1679 4383 1733 4428 et
1761 4389 1866 4429 non
1893 4392 2058 4433 nove-

469 4483 672 4524 ramus.
719 4461 1075 4523 Pertendebat
1104 4461 1192 4519 ille
1218 4471 1272 4519 et
1300 4463 1612 4534 loquebatur
1640 4465 1831 4533 adhuc,
1872 4477 1927 4523 et
1961 4481 2059 4527 nos

469 4561 659 4616 intenti
705 4559 1029 4614 tacebamus.
1088 4549 1237 4613 Unde
1292 4555 1477 4611 incidit
1527 4564 1585 4612 ttt
1633 4555 1836 4615 diceret
1878 4563 2059 4617 nescio

470 4652 683 4722 quando
711 4665 767 4706 se
793 4659 846 4705 ct
880 4660 988 4706 tres
1015 4649 1147 4704 alios
1173 4648 1579 4705 contubernales
1617 4666 1761 4717 suos,
1809 4652 2056 4711 nimirum

2180 514 2382 571 servire
2403 515 2496 571 tibi
2527 534 2540 570 :
2569 524 2723 573 erant
2751 516 2768 552 ί
2794 526 2970 576 autem
2991 533 3057 576 ex
3084 520 3165 577 eis
3184 535 3316 594 quos
3343 519 3527 581 dicunt
3549 531 3744 596 agentes

2179 606 2231 660 lu
2260 605 2436 661 rebus.
2467 607 2616 663 Tunc
2643 609 2818 664 subito
2847 612 3080 680 repletus
3095 627 3278 671 amore
3300 625 3488 672 sancto
3504 625 3557 673 et
3580 620 3745 676 sobrio

2179 697 2404 769 pudore,
2453 701 2621 757 iratus
2647 701 2749 759 sibi
2775 706 3003 774 coujccit
3031 708 3213 763 oculos
3253 707 3304 763 in
3330 711 3583 777 amicum,
3611 715 3746 773 etalt

2179 787 2251 846 illi
2284 808 2296 844 :
2331 790 2446 859 Dic,
2473 803 2643 864 quisse"
2673 801 2738 860 te,
2783 795 3013 851 omnibus
3039 798 3149 853 istis
3176 799 3429 855 laboribus
3456 805 3633 858 nostris
3660 817 3744 875 quo

2175 883 2425 940 arabimus
2470 887 2770 955 peruenire?
2815 888 2939 958 quid
2983 889 3296 960 qawtimus!
3320 896 3470 962 cujus
3514 897 3582 948 rei
3611 909 3746 954 causa

2176 976 2453 1033 militamus
2473 979 2500 1034 .’
2539 979 2777 1051 Majorne
2801 995 2908 1037 esse
2943 984 3120 1053 poterit
3139 997 3252 1055 spes
3280 997 3452 1040 nostra
3476 988 3526 1041 in
3556 985 3742 1058 palatio,

2175 1079 2325 1142 quam
2350 1080 2402 1125 ut
2430 1073 2577 1127 amici
2607 1071 2937 1144 IMperaloris
2975 1077 3178 1133 simus?
3208 1077 3274 1133 Et
3293 1079 3363 1133 ibi
3385 1081 3512 1150 Quid
3539 1097 3633 1136 non
3655 1085 3745 1153 [rite

2175 1160 2288 1230 gite,
2311 1162 2610 1234 plenumque
2636 1166 2914 1236 periculis?
2943 1166 3010 1220 Et
3037 1183 3125 1238 per
3151 1176 3272 1239 quo!
3293 1171 3522 1240 pericula
3541 1178 3744 1242 perveni-

2175 1259 2257 1306 tur
2279 1253 2348 1306 ad
2368 1255 2611 1324 grandius
2627 1256 2900 1326 periculum
2918 1258 2945 1312 2
2971 1257 3040 1312 Et
3061 1260 3263 1330 quando
3283 1261 3303 1292 ¹
3329 1261 3461 1315 istac
3480 1263 3604 1318 erit!
3625 1265 3744 1320 Antio

2173 1347 2261 1397 cits
2296 1352 2463 1399 autem
2491 1343 2604 1412 Dei,
2629 1347 2674 1401 si
2700 1347 2920 1414 coluero,
2953 1363 3064 1403 ecce
3102 1365 3236 1404 nunc
3269 1351 3360 1421 ﬁo.
3397 1351 3536 1406 Dixit
3563 1353 3674 1422 hoc,
3700 1363 3744 1412 et

2175 1434 2413 1491 turbidus
2457 1437 2805 1507 parturitioue
2834 1455 2984 1495 nova:
3016 1442 3159 1508 vitae,
3192 1437 3428 1498 reddidit
3451 1445 3632 1500 oculos
3659 1457 3738 1516 pa-

2172 1528 2340 1598 ginis;
2371 1535 2425 1584 et
2465 1529 2692 1600 legebat,
2724 1541 2778 1587 et
2805 1533 3104 1589 mutabatur
3133 1535 3275 1590 intus
3301 1536 3394 1590 ubi
3423 1543 3480 1590 tu
3506 1537 3737 1607 videbas,

2173 1625 2226 1674 et
2251 1619 2542 1675 eruebatur
2561 1620 2758 1677 mundo
2779 1625 3076 1694 mensejus,
3102 1635 3158 1680 ut
3177 1635 3302 1681 mus
3327 1629 3591 1698 apparuit.
3606 1629 3742 1685 Nam-

2172 1718 2276 1782 que
2309 1711 2434 1766 dum
2463 1712 2588 1784 legit
2622 1721 2680 1771 et
2708 1715 2869 1771 volvit
2907 1715 3099 1774 [luctus
3126 1719 3307 1774 cordis
3351 1722 3458 1783 sui.
3499 1722 3740 1780 infremuit

2171 1801 2457 1873 aliquando
2482 1813 2534 1859 et
2558 1805 2829 1871 discrevit,
2858 1806 3203 1880 decrevitque
3247 1813 3509 1878 meliOra;
3549 1813 3738 1886 jamque

2174 1901 2318 1962 tuus,
2347 1897 2420 1952 ait
2463 1897 2634 1953 amico
2667 1912 2802 1954 suo:
2833 1899 2946 1972 Ego
2981 1902 3098 1972 jam
3133 1902 3314 1975 abrapi
3346 1919 3428 1959 me
3453 1905 3514 1960 ab
3552 1907 3637 1962 illa
3668 1919 3740 1978 sps

2173 1997 2367 2058 nostra,
2398 1999 2446 2045 et
2468 1991 2574 2046 Deo
2601 1994 2784 2048 servire
2807 1997 2959 2048 statui
2981 2013 3002 2062 ;
3031 1997 3192 2051 ethoc
3210 2012 3274 2051 ea:
3297 1998 3433 2053 hera
3460 1999 3571 2065 hac,
3597 2002 3646 2055 in
3663 2003 3739 2056 nos

2173 2080 2284 2135 loco
2319 2084 2607 2153 aggredior.
2643 2085 2713 2140 Te
2739 2087 2784 2139 si
2810 2087 2944 2157 piget
2979 2088 3189 2153 imitati,
3221 2091 3326 2144 noli
3351 2092 3622 2148 adamari.
3652 2094 3736 2150 iis.

2173 2173 2388 2242 spondit
2435 2169 2541 2242 ille,
2591 2176 2867 2233 adhterere
2906 2194 2966 2234 se
3008 2181 3212 2236 socium
3243 2181 3264 2214 ³
3299 2190 3468 2239 tautae
3509 2186 3738 2243 mercedis

2173 2271 2438 2335 tantznque
2465 2266 2687 2322 militiae.
2735 2269 2802 2323 Et
2830 2269 2988 2324 ambo
3013 2271 3125 2341 jaut
3167 2272 3262 2339 tui,
3289 2273 3619 2332 aediﬁcabant
3645 2286 3735 2333 tur-

2171 2355 2272 2412 rim
2303 2367 2515 2428 sumptu
2541 2358 2733 2416 idoneo
2759 2362 3089 2434 relinquendi
3113 2365 3289 2420 omnia
3317 2379 3412 2421 sua
3442 2376 3496 2423 et
3513 2369 3734 2439 sequendi

2171 2458 2224 2504 te
2251 2447 2398 2523 (Luc.
2429 2465 2543 2518 xiv,
2580 2445 2798 2528 26-55).
2829 2455 2965 2510 Tum
2990 2457 3324 2514 Pontilianus
3353 2468 3410 2517 et
3436 2464 3523 2532 qui
3550 2477 3656 2518 cum
3677 2477 3732 2520 eo

2172 2559 2269 2614 per
2293 2545 2423 2600 alias
2464 2545 2601 2601 itorti
2636 2557 2814 2616 partes
2855 2549 3289 2620 deambulabam,
3329 2567 3616 2625 quaarentes
3650 2572 3727 2612 eos

2174 2635 2505 2692 devenerunt
2540 2638 2594 2693 in
2622 2640 2870 2695 eumdem
2902 2641 3100 2708 locum,
3127 2649 3182 2697 et
3211 2644 3534 2702 ittveuientes
3564 2647 3722 2702 admo-

2174 2736 2403 2784 nuerunt
2442 2736 2498 2784 ut
2538 2730 2797 2798 redirent,
2845 2733 2987 2802 quod
3032 2733 3354 2792 decituasset
3394 2733 3519 2794 dies.
3560 2735 3725 2794 Atilii

2175 2828 2390 2875 narrato
2423 2821 2618 2890 placito
2641 2830 2694 2877 et
2719 2825 2994 2894 proposito
3018 2838 3135 2889 suo,
3164 2839 3380 2897 quoque
3407 2828 3558 2883 modo
3585 2828 3632 2883 in
3661 2829 3730 2884 eis

2175 2910 2296 2966 talis
2319 2911 2566 2966 voluntas
2605 2921 2722 2970 orta
2751 2923 2895 2970 esset
2919 2926 3078 2987 atque
3106 2918 3335 2986 ﬁrmata,
3364 2921 3652 2992 petiverunt
3675 2935 3730 2979 ne

2174 2995 2276 3057 sibi
2303 3004 2512 3059 molesti
2538 3012 2722 3060 essent
2763 3007 2806 3061 si
2836 3007 3052 3079 adjungi
3082 3019 3412 3067 recusarent.
3463 3011 3550 3067 isti
3581 3020 3727 3068 autem

2175 3095 2341 3150 nihilo
2369 3097 2558 3152 mutati
2585 3114 2616 3153 a
2650 3099 2906 3167 pristinis,
2955 3101 3215 3156 ﬂeverunt
3244 3117 3304 3158 se
3351 3113 3547 3170 tamen,
3588 3113 3637 3160 ut
3664 3103 3730 3160 di-

2174 3189 2327 3244 cebat
2353 3188 2394 3255 ⁸,
2420 3199 2581 3262 atque
2610 3192 2712 3248 illis
2744 3193 2829 3262 pie
2855 3194 3207 3263 congratulati
3233 3203 3380 3264 sunt,
3407 3205 3466 3252 et
3491 3210 3728 3253 commes-

2173 3279 2432 3336 duvcrunt
2470 3297 2530 3338 se
2573 3283 2902 3340 orationibus
2939 3299 3145 3352 eorum,
3177 3293 3233 3340 et
3273 3287 3546 3348 trahentes
3585 3290 3726 3345 coria

2174 3381 2316 3428 terra
2358 3374 2605 3430 abierunt
2633 3373 2686 3430 in
2734 3377 3021 3446 palatium;
3061 3377 3135 3432 illi
3165 3387 3345 3434 autem
3371 3381 3634 3453 afligentcs
3653 3394 3727 3438 cor

2173 3466 2311 3521 coelo
2337 3473 2645 3523 manserunt
2671 3469 2724 3524 itt
2753 3483 2896 3524 casa.
2928 3464 2994 3524 Et
3018 3463 3178 3525 ambo
3204 3471 3472 3528 habebant
3496 3483 3724 3545 sponsas:

2177 3567 2296 3628 quae
2321 3567 2664 3630 posteaquam
2688 3560 2789 3617 hoc
2809 3562 3108 3632 audierunt,
3127 3563 3440 3623 dicaverunt
3459 3569 3606 3624 etiam
3625 3570 3726 3639 ipsa:

2173 3647 2526 3719 virgUitatem
2559 3651 2674 3707 tibi.

2773 3745 3003 3802 CAPUT
3044 3745 3157 3802 Yll.

2491 3833 2783 3890 Rodcbatur
2801 3838 2936 3892 intus
2955 3839 3129 3894 audito
3146 3838 3459 3897 Pontiliane.

2243 3933 2330 4002 lii.
2359 3940 2616 4003 Narrabat
2645 3947 2760 4004 haec
2783 3947 3115 4006 Pontitianus
3142 3970 3155 4006 :
3191 3962 3245 4009 tu
3272 3965 3470 4023 autem,
3510 3955 3716 4023 Domine,

2170 4039 2310 4097 inter
2339 4041 2498 4097 verba
2541 4037 2656 4112 ejus
2684 4043 3030 4115 retorquebas
3063 4061 3147 4102 me
3176 4046 3242 4102 ad
3286 4049 3563 4120 meipsum,
3605 4041 3722 4105 aufe-

2169 4147 2294 4189 rens
2323 4149 2409 4190 me
2442 4149 2471 4189 a
2503 4133 2663 4191 dorso
2688 4149 2810 4192 meo
2838 4137 2924 4192 ubi
2963 4151 3050 4194 me
3081 4151 3384 4209 posueram,
3413 4141 3532 4198 dum
3559 4141 3719 4197 nollem

2170 4239 2256 4279 me
2280 4217 2557 4280 attendere
2582 4242 2596 4291 ;
2625 4235 2680 4280 et
2704 4223 3063 4283 constituebas
3091 4245 3176 4285 me
3202 4237 3326 4287 ante
3351 4231 3529 4288 faciem
3553 4241 3717 4294 meum,

2167 4326 2226 4371 ut
2253 4315 2488 4373 viderem
2538 4333 2696 4388 quam
2743 4317 2912 4390 turpis
2959 4335 3156 4390 essem,
3208 4339 3369 4395 quam
3413 4325 3646 4381 distortus
3675 4329 3720 4378 et

2168 4407 2438 4476 sordidus,
2458 4409 2763 4465 maculosus
2786 4417 2841 4466 et
2859 4409 3154 4468 ulcerosus.
3185 4413 3256 4470 Et
3276 4413 3593 4485 videbam,et
3616 4415 3717 4472 hor-

2166 4497 2347 4553 rebam
2373 4516 2387 4564 ;
2415 4508 2469 4555 et
2493 4515 2600 4570 quo
2627 4515 2656 4554 a
2684 4515 2771 4556 me
2799 4494 3037 4574 fugerem
3061 4520 3165 4560 non
3195 4516 3327 4562 erat.
3359 4507 3426 4563 Et
3451 4509 3494 4564 si
3518 4495 3716 4565 conabar

2164 4605 2195 4644 a
2223 4605 2310 4645 me
2335 4601 2577 4648 avertere
2599 4601 2896 4664 aspectum,
2928 4595 3181 4653 narrabat
3204 4595 3293 4654 ille
3318 4599 3459 4670 quod
3485 4597 3712 4664 narrabat,

465 4743 607 4815 apud
634 4737 914 4811 Treveros,
957 4757 1080 4798 cum
1116 4742 1405 4814 imperator
1442 4743 1809 4815 pomeridiano
1834 4743 2054 4802 Circen-

465 4837 604 4890 sium
646 4826 950 4904 spectaculo
997 4845 1298 4902 teneretur,
1344 4835 1519 4891 exisse
1560 4835 1958 4894 deambulatum
2002 4837 2053 4896 iu

465 4923 654 4978 hortos
674 4925 844 4978 muris
873 4925 1182 4995 ‘contiguos;
1216 4933 1371 4997 atque
1396 4925 1502 4982 illic
1517 4935 1575 4982 ut
1601 4925 1737 4983 forte
1764 4925 2054 4987 combinati

418 5029 426 5042 '
463 5012 849 5083 spatiabantur,
882 5030 1043 5069 unum
1065 5029 1244 5070 secum
1272 5027 1538 5084 seorsum,
1571 5023 1625 5074 et
1653 5020 1785 5076 alios
1825 5022 1959 5078 duos
1985 5023 2052 5078 it—

462 5103 608 5162 idem
649 5115 890 5158 seorsum
939 5107 1241 5174 pariterque
1281 5107 1548 5177 digressos
1582 5125 1594 5167 :
1627 5109 1718 5166 sed
1745 5111 1862 5168 illos
1900 5125 2056 5187 vaga-

460 5193 672 5253 bundos
705 5195 922 5250 irruiSSe
963 5195 1014 5250 in
1058 5197 1338 5266 quamdam
1379 5213 1579 5265 casam,
1611 5201 1699 5256 ubi
1746 5201 2054 5265 habitabant

461 5288 676 5361 quidam
700 5287 839 5342 se'rVi
861 5287 957 5353 tui,
980 5287 1166 5357 spiritu
1183 5297 1463 5360 pauperes,
1482 5291 1713 5360 qualium
1729 5303 1811 5349 est
1833 5311 2050 5368 regnum

461 5379 722 5437 caelorum
750 5377 977 5450 (Matth.
1024 5396 1076 5448 v,
1111 5377 1200 5450 5),
1229 5390 1284 5436 et
1326 5381 1592 5440 invenisse
1638 5384 1706 5440 ibi
1735 5385 1970 5444 codicem
1996 5385 2051 5448 in

463 5489 570 5545 quo
591 5475 786 5545 scripta
803 5483 918 5530 erat
937 5474 1045 5528 vita
1071 5474 1308 5529 Antonii.
1342 5475 1509 5544 Quam
1542 5477 1718 5548 legere
1736 5480 1899 5550 capit
1917 5493 2051 5540 unus

463 5578 669 5631 eorum,
701 5573 756 5622 et
780 5565 982 5630 mirari,
1022 5572 1078 5621 et
1111 5563 1348 5633 accendi,
1381 5573 1436 5622 et
1464 5566 1601 5623 inter
1629 5567 1909 5640 legendum
1933 5577 2047 5632 me-

462 5654 618 5711 ditari
648 5657 885 5728 arripere
907 5656 1067 5713 tatem
1096 5658 1280 5724 vitam,
1313 5669 1368 5714 et
1386 5657 1574 5714 relicta
1600 5660 1788 5715 militia
1807 5664 2047 5721 saeculari

519 5829 539 5868 ⁸
574 5835 648 5884 Sic
667 5834 720 5891 in
744 5841 850 5886 Mss.
869 5839 926 5886 At
945 5836 996 5886 in
1011 5837 1255 5889 codicibus
1273 5837 1416 5889 editis
1435 5838 1662 5891 scribitm‘
1684 5838 1958 5896 Miratus.

2152 5729 2334 5797 nostris
2343 5728 2622 5797 reperimus
2651 5728 2978 5797 cathibebam.
2993 5728 3176 5797 Nempe

2152 5801 2263 5858 ᾳιειι
2280 5781 2508 5858 hauebat.
2526 5781 2910 5858 099viveblt,_et
2927 5781 3689 5858 ιιιὲθᾶδῧῐιὲῐεῖθλῐῦἕζ-ὲσῷ

2154 5849 2341 5914 bebam,
2360 5852 2502 5916 juxta
2517 5853 2782 5906 editionem
2803 5849 3143 5910 Florentium.
3206 5866 3262 5910 It.
3411 5849 3418 5893 Ῑ
3605 5865 3632 5878 "

2165 4691 2218 4739 et
2234 4689 2291 4738 tu
2321 4699 2406 4738 me
2432 4699 2616 4740 rursus
2639 4687 2946 4756 opponebas
2970 4685 3123 4758 mihi,
3153 4699 3209 4746 et
3235 4689 3554 4764 impingebas
3579 4705 3652 4746 me
3669 4690 3712 4745 in

2162 4775 2346 4829 oculos
2372 4789 2520 4830 meos
2553 4786 2610 4831 ut
2637 4777 2928 4833 invenirem
2960 4777 3290 4851 iniquitatem
3329 4799 3494 4840 meam
3518 4791 3566 4840 et
3589 4777 3708 4837 udis;

2163 4879 2296 4921 sem.
2328 4865 2592 4922 Noveram
2622 4881 2762 4938 eam,
2810 4865 2906 4925 sed
2931 4867 3367 4942 dissimulabam;
3397 4883 3450 4931 et
3491 4871 3710 4930 connive-

2159 4959 2282 5015 bam
2310 4959 2350 5020 '.
2379 4968 2434 5016 et
2459 4959 2826 5018 obliviscebar.

2232 5049 2318 5106 i7.
2351 5049 2500 5108 Tunc
2525 5067 2673 5120 vero,
2704 5062 2902 5126 quanto
2935 5051 3210 5113 ardentius
3248 5055 3488 5115 amabam
3523 5058 3623 5114 illos
3648 5049 3704 5111 de

2221 5231 2240 5265 ι
2274 5237 2374 5280 Am.
2399 5237 2473 5281 Er.
2498 5237 2628 5293 Lov.,
2651 5235 2772 5284 erat.

2221 5295 2241 5326 ⁸
2273 5301 2325 5344 tn
2342 5293 2592 5359 plerisque
2625 5295 2760 5359 add,
2788 5300 2836 5347 et
2851 5297 3100 5359 quantdiu.
3122 5299 3241 5350 stin
3259 5300 3535 5352 melioribus
3555 5305 3644 5350 Mss.
3659 5297 3704 5345 α

2158 5354 2355 5427 [λι-ω,ςί
2373 5354 2583 5427 quando.
2600 5354 2827 5427 galeatus
2842 5354 2898 5408 tit
2910 5359 3166 5427 antithesis
3180 5371 3421 5424 servetur,
3439 5365 3550 5427 quia
3573 5361 3616 5410 in
3633 5368 3700 5424 so-

2155 5419 2564 5489 queutitnembro
2585 5419 2777 5489 dicitur,
2800 5433 2910 5489 ecce
2925 5433 3053 5489 nunc
3068 5419 3218 5488 βομ-
3233 5430 3308 5474 Er.
3326 5419 3476 5489 utng
3487 5429 3594 5474 ναι.
3610 5421 3685 5472 ω*

2305 5478 2417 5544 riot-
2437 5486 2489 5530 et
2505 5479 2672 5540 nond.,
2687 5477 2838 5544 mea,
2859 5491 2954 5532 non
2975 5477 3114 5534 ishis.
3183 5489 3237 5535 at.

2219 5543 2345 5618 ἔξω
2367 5543 2858 5618 ΜβιὲἵΨ-ῑεοοβο
2917 5607 2980 5618 _.
3208 5617 3221 5618 ,
3423 5599 3440 5618 κ

2217 5602 2240 5636 ι
2272 5603 2496 5664 οωεοια,
2513 5604 2653 5666 juxta
2683 5613 2858 5658 somm.
2882 5607 3048 5659 etduo
3065 5615 3168 5660 uss.
3192 5602 3550 5662 (immites.
3607 5609 3653 5654 tl.

2216 5667 2379 5739 υ-ιΐυν,
2415 5668 2464 5716 in
2486 5663 2691 5739 quatuor
2711 5670 2814 5739 suis
2832 5678 2935 5739 uss.
2954 5669 3190 5736 legebant
3227 5673 3512 5739 emittm
3529 5683 3548 5720 -'

3185 5743 3320 5799 etiam
3341 5735 3690 5799 ίιιίαιιίιαιοωῃεε-
