3880 6384
83 353 172 412 πει
1395 314 1600 376 uasa
1635 311 1973 371 ocrsvus.

84 467 240 542 quibus
260 456 525 515 audiebam
558 448 808 508 salubres
835 443 1078 505 adactus.
1101 437 1241 512 quod
1269 451 1328 495 se
1355 442 1495 490 totos
1521 431 1617 488 tibi

84 532 301 617 sanandos
325 547 604 610 dederant,
648 548 794 598 tanto
817 532 1194 596 essecrabilius
1222 544 1310 585 me
1337 539 1619 617 compara-

86 664 172 709 tuin
193 648 260 704 eis
282 643 512 698 oderam.
542 633 807 705 Quoniam
837 627 990 686 multi
1019 625 1125 681 mei
1154 623 1280 678 anni
1307 633 1514 677 mecum
1541 614 1621 674 ef-

85 747 318 802 ﬁngunt,
339 732 474 790 forte
513 725 798 785 duodecim
823 721 950 778 anni
986 736 1053 777 ex
1077 733 1184 790 quo
1219 715 1289 773 ab
1335 711 1623 784 undevige-

85 838 194 892 simo
225 839 354 884 sane
394 819 572 879 etatis
621 831 775 884 metu,
807 814 952 871 lecto
985 808 1256 867 Ciceronis
1293 802 1576 862 Hortensio
1601 841 1618 869 ,

84 927 295 986 excitatus
327 929 470 973 erant
499 911 682 970 studio
707 908 1012 980 sapientia;
1059 913 1114 961 et
1141 900 1450 959 diil’orebam
1487 912 1619 954 eon-

85 1026 242 1088 tempta
253 1009 493 1070 felicitate
512 1015 726 1062 terrena
741 1000 808 1057 ad
825 1015 944 1058 eam
967 993 1387 1068 investigandum
1407 1005 1619 1056 vacare,

85 1113 200 1183 mins
219 1121 310 1164 non
331 1098 591 1166 inventio,
618 1096 714 1153 sed
732 1095 815 1150 vel
834 1094 948 1151 sola
976 1089 1247 1162 inquisitio
1268 1088 1377 1159 jam
1408 1099 1619 1158 praepo-

85 1179 222 1262 nenda
238 1205 337 1257 erat
354 1194 516 1252 etiam
537 1189 768 1248 inventis
785 1185 1046 1244 thesauris
1065 1182 1348 1255 regnisque
1360 1179 1618 1251 gentium,

89 1308 129 1356 et
149 1294 206 1352 ad
225 1299 385 1351 nullm
414 1279 917 1342 circumﬂuentibus
956 1276 1198 1347 corporis
1240 1269 1618 1344 voluptatibus.

87 1393 141 1448 At
174 1403 253 1459 rgo
281 1382 594 1439 adolescens
638 1376 826 1442 miser,
873 1370 1026 1428 valde
1069 1369 1256 1434 miser,
1311 1367 1364 1422 in
1401 1362 1622 1421 exordio

87 1481 211 1554 ipsius
228 1471 592 1534 adolescentia
620 1468 778 1526 etiam
803 1464 1058 1536 petieram
1087 1475 1118 1516 a
1148 1469 1202 1516 te
1227 1462 1548 1524 castitatem,
1569 1463 1625 1512 et

87 1544 312 1628 dixeram:
343 1565 415 1620 Da
461 1560 602 1617 milii
644 1557 940 1615 castitatem
987 1561 1045 1609 et
1083 1548 1486 1610 continentiam,
1526 1544 1622 1601 sed

88 1668 167 1725 noli
187 1661 340 1721 modo.
390 1655 676 1714 Timebam
717 1651 860 1708 enim
900 1664 967 1704 ne
995 1661 1083 1702 me
1107 1645 1214 1701 cito
1242 1641 1542 1703 exaudires,
1568 1646 1627 1695 et

89 1762 164 1815 cite
183 1768 375 1812 sanares
394 1765 428 1806 ι
451 1747 651 1804 inorbo
677 1738 1143 1812 concupiscentize,
1173 1749 1333 1806 quam
1359 1731 1622 1788 malebam

90 1847 237 1920 expleri
276 1857 427 1916 quam
472 1835 770 1908 exstingui.
816 1833 884 1889 Et
928 1833 1094 1887 ieram
1138 1842 1234 1898 per
1277 1825 1389 1880 vias
1434 1835 1626 1894 pravas

91 1913 397 2011 “partitione
424 1932 712 2001 sacrilega,
742 1942 847 1983 non
876 1923 1093 1996 quidem
1122 1927 1304 1977 certus
1333 1918 1386 1972 in
1415 1932 1502 1983 ea,
1529 1913 1626 1971 sed

91 2031 202 2107 quasi
234 2041 535 2101 prieponens
569 2038 689 2080 eam
717 2019 925 2076 cteteris
947 2019 989 2085 ί,
1017 2030 1136 2086 qua:
1165 2027 1272 2068 non
1303 2011 1390 2081 pie
1413 2022 1624 2082 quaere-

93 2129 199 2194 biin,
217 2123 298 2180 sed
322 2120 532 2177 inimice
556 2113 948 2187 oppugnabam.
1138 2179 1155 2191 _

142 2220 216 2277 l8.
241 2217 300 2274 Et
325 2224 632 2286 putaveram
671 2225 756 2264 me
785 2213 1066 2277 propterea
1102 2197 1319 2255 differre
1349 2195 1418 2252 de
1455 2194 1544 2250 die
1571 2193 1628 2249 iii

91 2315 206 2369 diem
225 2315 493 2378 centenipta
526 2319 629 2374 spe
652 2299 834 2356 sreculi
851 2339 864 2359 ,
893 2305 946 2352 te
972 2295 1144 2349 solum
1169 2290 1341 2360 sequi,
1369 2288 1492 2358 quia
1522 2301 1624 2341 non

93 2402 191 2460 mihi
211 2400 470 2473 apparebat
501 2405 716 2453 certum
744 2389 940 2462 aliquid
971 2402 1078 2458 quo
1101 2384 1385 2454 dirigerem
1412 2394 1627 2436 cursum

95 2510 243 2551 meum.
258 2491 314 2548 Et
328 2497 549 2546 venerat
573 2486 687 2542 dies
706 2498 812 2555 quo
830 2480 1059 2536 iiuilarer
1080 2475 1233 2541 milii,
1256 2482 1306 2529 et
1332 2473 1632 2542 int-reparet
1671 2497 1674 2502 -

94 2587 130 2640 iii
163 2599 231 2640 ius
261 2579 584 2638 conscientia
628 2590 750 2632 mea
779 2592 792 2628 :
826 2572 923 2630 Ubi
953 2570 1071 2625 est’
1101 2564 1316 2638 lingua?
1347 2563 1545 2632 Nempe
1573 2570 1628 2618 tu

95 2675 254 2732 dictitas
269 2681 491 2746 prome
519 2671 778 2726 incertum
803 2677 987 2723 verum
1014 2660 1158 2716 nolle
1180 2670 1231 2714 te
1263 2657 1494 2726 abjicere
1517 2669 1631 2708 sar-

96 2768 222 2822 cinam
243 2744 506 2821 vanitatis.
539 2762 676 2817 Ecce
699 2758 813 2830 jam
841 2763 1048 2812 eertum
1082 2759 1196 2816 est,
1241 2757 1296 2804 et
1336 2747 1423 2802 illa
1457 2753 1507 2801 te
1531 2744 1630 2800 ad-

99 2859 174 2912 lnio
188 2855 366 2927 premit,
389 2851 744 2921 humerisque
760 2844 1103 2903 liberioribus
1122 2853 1327 2912 pennas
1348 2837 1629 2907 recipiunt,

99 2950 167 3016 qui
186 2961 322 3017 itaque
346 2946 414 3002 ita
456 2939 772 3014 inquirendo
796 2937 964 2993 attriti
992 2942 1135 2996 sunt,
1163 2945 1264 2987 nec
1292 2928 1551 2985 deceiinio
1579 2935 1634 2982 et

101 3039 271 3110 amplius
289 3040 379 3094 ista
405 3034 678 3093 meditati.
707 3032 783 3088 Ita
814 3029 1038 3086 rodebar
1066 3026 1231 3090 intus,
1253 3030 1310 3079 et
1335 3019 1631 3077 confunde-

101 3130 170 3186 tur
185 3131 348 3202 pudore
363 3128 611 3186 horribili
633 3125 998 3188 vehementer,
1020 3134 1142 3176 cum
1163 3117 1494 3174 Pontitianus
1510 3113 1634 3168 talia

105 3223 360 3295 loqueretur.
385 3222 703 3281 Terminato
730 3225 909 3274 autem
940 3227 1190 3270 sermone
1228 3218 1283 3265 et
1327 3222 1487 3264 causa
1531 3221 1634 3277 qua

106 3327 290 3384 venerat,
312 3317 438 3372 abiit
464 3314 573 3369 ille.
599 3311 670 3369 Et
687 3325 788 3389 ego
812 3306 881 3362 ad
905 3319 1014 3373 me,
1037 3319 1155 3375 qua;
1180 3317 1286 3357 non
1309 3301 1363 3354 in
1385 3313 1470 3354 me
1490 3295 1635 3352 dixi?

104 3409 262 3479 Quibus
275 3409 644 3467 sententiarum
668 3401 978 3460 verberibus
995 3414 1101 3454 non
1124 3394 1382 3467 ilagellavi
1402 3391 1632 3446 animam

107 3516 266 3566 meatu,
283 3511 331 3557 ut
351 3505 666 3572 sequeretur
687 3509 777 3552 me
795 3501 1078 3550 conantem
1105 3497 1225 3560 post
1251 3496 1302 3543 te
1325 3485 1440 3542 ire?
1460 3485 1527 3540 Et
1551 3499 1635 3539 re-

111 3589 387 3658 nitebatur‘;
405 3589 702 3654 recusabat,
719 3595 774 3644 et
792 3600 898 3642 non
915 3598 974 3640 se
987 3579 1292 3638 excusabat.
1311 3576 1637 3646 Consumpta

110 3693 231 3740 erant
251 3695 294 3740 et
312 3684 539 3742 convicta
557 3688 870 3754 argumenta
893 3677 1073 3734 omnia
1097 3691 1112 3730 :
1134 3679 1466 3730 remanserat
1492 3677 1637 3724 muta

109 3777 364 3848 trepidatio;
392 3789 448 3835 et
479 3776 636 3849 quasi
664 3781 892 3830 mortem
923 3766 1304 3826 reformidabat
1331 3762 1580 3834 restringi
1605 3777 1636 3818 ιι

111 3865 217 3924 fluxu
241 3869 623 3928 consuetudinis
653 3882 759 3938 quo
787 3862 1095 3920 tabescebat
1123 3861 1179 3916 in
1206 3866 1457 3916 mortem.

647 3975 875 4038 CAPUT
916 3975 1051 4033 Vill.

379 4069 448 4131 fit
475 4074 674 4130 hortum
701 4071 912 4137 secedit,
939 4066 1061 4139 quid
1085 4057 1154 4120 ibi
1180 4065 1352 4138 eget-it.

164 4163 229 4234 l9.
247 4163 372 4233 lftim
398 4175 451 4232 in
480 4171 568 4231 illa
595 4167 781 4245 grandi
809 4167 923 4226 rixa
951 4165 1220 4223 interioris
1244 4162 1431 4219 ddmus
1465 4165 1600 4217 mea:
1619 4202 1633 4225 ,

111 4271 227 4338 Mil
244 4261 435 4327 forliter
454 4263 808 4325 excitaveram
830 4279 950 4320 cum
972 4262 1147 4317 anima
1173 4275 1289 4315 mea
1319 4257 1374 4314 in
1396 4253 1640 4314 cubiculo

112 4365 254 4416 nostro
275 4359 426 4419 corde
455 4373 576 4415 ineo
595 4400 610 4420 ,
640 4365 747 4413 tam
779 4355 922 4411 vultu
964 4367 1120 4421 quam
1158 4359 1336 4407 mente
1367 4349 1635 4417 turbatus,

109 4449 256 4512 invado
275 4447 540 4529 Alypium,
568 4459 623 4509 et
647 4447 887 4507 exclamo
911 4466 923 4502 :
953 4445 1091 4516 Quid
1117 4442 1380 4515 patimur?
1403 4441 1526 4514 quid
1558 4447 1640 4497 est

114 4543 216 4602 hoc!
233 4545 344 4620 quid
372 4543 604 4603 audisti?
624 4533 859 4613 Surgunt
887 4537 1084 4594 indocti
1110 4544 1162 4592 et
1184 4532 1378 4591 caelum
1398 4533 1638 4604 rapiunt;

113 4643 153 4690 et
171 4647 248 4694 nos
271 4643 381 4696 cum
409 4631 669 4695 doctrinis
695 4627 895 4690 nostris
921 4631 1036 4686 s‘iiie
1060 4628 1222 4686 corde
1238 4669 1251 4694 ,
1283 4641 1408 4683 ecce
1435 4624 1523 4680 ubi
1551 4640 1642 4681 vo-

113 4724 293 4787 tutantur
315 4729 365 4786 in
406 4743 567 4786 carne
589 4733 644 4784 et
665 4716 962 4796 sanguine?
983 4715 1066 4776 An
1083 4720 1202 4793 quia
1232 4721 1638 4790 prazcesserunt,

112 4811 240 4886 pudet
270 4819 439 4894 sequi,
478 4821 535 4876 et
580 4827 688 4874 non
731 4814 894 4888 pudet
939 4819 1039 4869 nec
1079 4809 1269 4867 saltem
1315 4807 1643 4881 ειεᾳυίἳυίκί

113 4909 255 4971 nescio
273 4925 379 4989 quze
405 4915 524 4974 talia
545 4956 562 4982 ,
589 4922 645 4970 et
668 4903 899 4981 abripuit
936 4919 1022 4963 me
1051 4901 1118 4961 ab
1149 4901 1240 4960 illo
1267 4911 1429 4960 aestus
1456 4918 1606 4959 metis
1626 4946 1639 4970 ,

115 5011 207 5060 eum
228 5011 402 5065 taceret
440 5005 698 5063 attonitus
733 5001 945 5058 intuens
977 5009 1084 5055 me.
1107 4995 1292 5068 Neque
1314 4995 1456 5053 enim
1488 4996 1643 5051 solita

116 5091 337 5166 sonabam,
365 5095 587 5172 plusque
614 5092 966 5167 loquebantur
993 5087 1228 5145 animum
1259 5101 1435 5144 meum
1465 5087 1641 5153 frons,

119 5191 438 5261 genteculi,
480 5189 654 5254 color,
701 5185 892 5242 modus
924 5181 1103 5248 vocis,
1136 5196 1294 5252 quam
1330 5180 1488 5236 verba
1527 5187 1646 5251 qiiaa

120 5283 390 5346 mtuebam.
421 5281 679 5340 ﬂortulus
701 5277 914 5351 quidam
946 5283 1061 5332 erat
1087 5271 1299 5345 hospitii
1331 5269 1517 5337 nostri,
1540 5287 1647 5343 quo

120 5381 199 5428 n00
219 5375 471 5434 utebamur
509 5373 651 5432 sicut
687 5377 796 5429 tota
834 5369 1032 5425 domo:
1059 5379 1180 5422 nam
1211 5363 1404 5436 δοβρεε
1435 5363 1505 5420 ibi
1541 5373 1646 5420 non

123 5455 345 5523 habitabat
366 5463 614 5524 dominus
635 5463 846 5521 domus.
872 5457 1001 5515 illuc
1028 5471 1116 5514 me
1143 5455 1434 5513 abstulerat
1458 5455 1647 5510 tumul-

122 5559 192 5608 ιω
207 5555 427 5630 pectoris,
444 5557 533 5614 ubi
553 5570 712 5613 nemo
731 5550 1013 5624 impediret
1032 5547 1308 5605 ardentem
1327 5547 1470 5602 litem
1490 5559 1648 5618 quam

174 5687 641 5785 ἔξιθι(

179 5727 648 5849 ΞΞΜἚ
665 5727 925 5824 ίδὶρῖῗῖειηι.
960 5757 1015 5801 ιι.
1051 5809 1064 5822 ,

208 5817 457 5887 ιιι-,Αηειν
469 5817 797 5883 'mm;
826 5813 928 5878 ’ω’
957 5809 1250 5872 rmw

438 5847 750 5891 μηνίσω-υ
776 5849 794 5883 ο
826 5847 928 5878 IIII,
960 5847 1268 5872 summo

3218 319 3328 382 758

1725 443 1933 484 mecum
1959 440 2243 499 aggressus
2267 441 2416 484 eram
2432 467 2447 493 ,
2475 426 2646 483 donec
2672 426 2844 483 exiret
2867 444 2971 500 qua
2999 437 3053 484 tu
3075 433 3319 502 sciebas;

1724 535 1825 592 ego
1853 528 2032 576 autem
2055 536 2160 576 non
2179 520 2198 553 ¹
2229 537 2242 574 :
2273 518 2368 574 sed
2396 529 2597 575 tantum
2620 519 2949 577 insaniebam
2971 524 2992 554 ²
3013 525 3319 596 salubriter,

1726 623 1780 670 et
1807 614 2076 670 moriebar
2095 613 2346 681 vitaliter,
2363 629 2557 685 gnarus
2578 614 2704 686 quid
2725 615 2848 670 mali
2875 631 3075 684 essem,
3096 626 3152 674 et
3175 619 3325 690 igna-

1725 720 1818 762 rus
1845 705 1973 776 quid
2000 706 2125 762 boni
2155 716 2272 776 post
2297 705 2567 776 paululum
2607 704 2814 762 futurus
2840 721 3034 764 essem.
3069 709 3320 768 Abscessi

1725 814 1856 872 ergo
1880 799 1932 855 in
1964 799 2200 868 hortum,
2228 807 2283 854 et
2313 799 2532 872 Alypius
2559 799 2694 870 pede
2718 809 2836 870 post
2859 801 3048 872 pedem
3065 802 3106 856 ³.
3136 803 3320 876 Neque

1725 893 1868 949 enim
1898 903 2164 950 secretum
2208 907 2385 948 meum
2413 907 2516 947 non
2550 901 2701 957 erat,
2733 892 2822 948 tibi
2860 894 2950 950 ille
2977 895 3198 953 aderat:
3227 908 3322 956 aut

1726 985 1943 1058 quando
1986 1000 2074 1041 me
2114 985 2194 1041 sic
2233 985 2479 1040 affectum
2520 984 2832 1041 desereret?
2860 985 3124 1052 Sediinus,
3149 1005 3319 1060 quan.

1726 1085 1840 1133 tum
1869 1077 2136 1147 potuimus
2164 1077 2356 1132 remoti
2385 1075 2453 1130 ab
2478 1074 2700 1132 tedibus.
2727 1076 2844 1148 Ego
2881 1075 3174 1135 fremebant
3208 1083 3319 1152 Spi-

1727 1170 1834 1226 ritu
1882 1169 2164 1240 iiidigiians
2218 1167 2672 1224 tiirbulentissima
2722 1168 3122 1240 indignatione,
3177 1177 3319 1243 quod

1727 1276 1833 1317 non
1861 1263 1992 1318 irem
2020 1263 2071 1316 in
2099 1261 2347 1332 placitum
2369 1269 2423 1316 et
2445 1267 2656 1330 pactum
2685 1269 2880 1322 tecum,
2905 1262 3046 1318 Dens
3071 1279 3240 1328 lllt'llS,
3267 1266 3318 1322 iii

1727 1353 1868 1424 quod
1894 1353 2126 1409 cundum
2153 1367 2274 1408 esse
2303 1351 2481 1406 omnia
2507 1366 2631 1408 ossa
2668 1367 2785 1408 mea
2815 1351 3149 1418 clamabant,
3182 1367 3229 1410 et
3267 1357 3319 1414 in

1728 1445 1923 1502 caelum
1953 1443 2206 1500 tollebant
2230 1444 2474 1500 laudibus
2504 1462 2517 1499 :
2541 1453 2596 1499 et
2621 1460 2726 1499 non
2754 1445 2880 1500 illuc
2903 1446 3076 1502 ibatur
3101 1450 3322 1507 navibus

1730 1551 1816 1593 aut
1845 1539 2136 1610 quadrigis,
2167 1547 2257 1592 aut
2287 1537 2532 1608 pedibus,
2563 1547 2818 1608 quantum
2849 1540 3038 1595 saltem
3065 1541 3133 1597 de
3161 1543 3325 1601 domo

1729 1630 1784 1684 in
1812 1645 1932 1685 eum
1964 1629 2150 1685 locum
2165 1629 2351 1692 ieram,
2377 1628 2465 1683 tibi
2492 1629 2830 1684 sedebainus.
2860 1629 2990 1684 Nam
3016 1647 3120 1686 non
3149 1641 3321 1692 solum

1730 1721 1844 1787 ire,
1876 1737 2062 1777 verum
2111 1722 2273 1777 etiam
2325 1721 2605 1792 pervenire
2651 1723 2801 1786 illuc,
2850 1725 2981 1780 nihil
3023 1737 3138 1782 erat
3179 1729 3325 1786 aliud

1730 1831 1888 1886 quam
1918 1817 2054 1871 velle
2083 1816 2184 1880 ire,
2213 1816 2305 1870 sed
2337 1815 2476 1872 velte
2506 1814 2714 1870 fortiter
2738 1824 2794 1872 et
2822 1816 3062 1888 integre;
3094 1836 3198 1875 non
3233 1837 3323 1879 se-

1732 1909 2041 1964 misauciam
2075 1907 2174 1963 bac
2213 1916 2373 1979 atque
2402 1907 2503 1962 liae
2527 1923 2744 1963 versare
2773 1918 2827 1964 et
2855 1907 3053 1979 jactare
3083 1913 3329 1970 Vtilllllla-

1732 2010 1860 2066 tem,
1893 2005 2042 2073 parte
2068 2009 2381 2071 assurgente
2408 2015 2529 2055 cum
2556 1999 2655 2054 alia
2683 2009 2834 2070 parte
2862 2000 3087 2057 cadente
3117 2004 3326 2061 luctan-

1732 2102 1838 2148 tem
1862 2097 1902 2146 ⁸.

1800 2184 1890 2242 20.
1937 2183 2172 2256 Denique
2199 2188 2307 2240 tam
2335 2183 2499 2239 multa
2534 2181 2792 2238 faciebam
2831 2199 3057 2255 corpore
3097 2187 3150 2244 in
3196 2189 3327 2260 ipsis

1731 2277 2084 2334 cunctationis
2107 2276 2345 2344 testibus,
2373 2292 2491 2346 qua:
2517 2274 2803 2346 aliquando
2832 2275 3016 2332 volunt
3044 2279 3287 2338 homines
3305 2326 3321 2350 ,

1731 2373 1786 2425 et
1813 2384 1917 2425 non
1946 2368 2155 2433 valent,
2185 2367 2230 2424 si
2256 2373 2346 2423 aut
2378 2368 2492 2436 ipsa
2529 2365 2766 2422 membra
2799 2384 2906 2423 non
2941 2369 3202 2440 habeant,
3232 2381 3328 2431 aut

1732 2477 1792 2517 ea
1826 2461 1909 2518 vel
1944 2461 2187 2533 colligata
2230 2459 2486 2525 vinculis,
2516 2458 2600 2515 vel
2632 2459 2863 2514 resoluta
2907 2462 3194 2533 languore,
3237 2465 3323 2522 vel

1733 2570 1950 2624 quoquo
1976 2553 2136 2610 modo
2163 2554 2414 2625 impedita
2443 2554 2568 2610 sint.
2601 2554 2654 2610 Si
2682 2554 2817 2610 vulsi
2845 2557 3113 2627 'capillnm.
3141 2559 3184 2612 si
3207 2576 3330 2632 per-

1735 2644 1878 2699 cussi
1919 2643 2145 2700 frontem
2172 2687 2187 2712 ,
2228 2645 2272 2699 si
2310 2647 2571 2700 consertis
2609 2645 2787 2718 digitis
2833 2649 3165 2717 amplexatus
3209 2667 3328 2707 sum

1735 2751 1908 2807 genu;
1937 2737 2056 2807 quia
2086 2735 2264 2800 volui,
2295 2736 2416 2792 feci.
2449 2737 2602 2792 Potui
2641 2747 2817 2794 autem
2847 2741 2983 2796 velle
3019 2751 3069 2796 et
3112 2757 3217 2797 non
3247 2741 3329 2800 fa-

1735 2843 1892 2895 cere,
1940 2828 1985 2883 si
2040 2827 2306 2884 mobilitas
2353 2829 2716 2886 membrorum
2767 2846 2872 2886 non
2923 2832 3326 2904 obsequeretur.

1737 2919 1866 2975 Tum
1913 2919 2073 2974 multa
2118 2935 2246 2990 ergo
2289 2918 2423 2987 feci,
2455 2919 2544 2975 ubi
2587 2936 2691 2975 non
2738 2919 2838 2976 hoc
2877 2928 2992 2978 erat
3020 2924 3156 2980 velle
3185 2927 3328 2996 quod

1737 3025 1933 3081 posse:
1960 3017 2014 3066 et
2041 3026 2146 3066 non
2175 3010 2430 3067 faciebam
2459 3011 2600 3083 quod
2626 3020 2680 3068 et
2711 3012 3109 3080 incomparabili
3135 3016 3330 3075 affectu

1737 3102 1965 3174 amplius
2008 3101 2139 3158 milii
2181 3102 2456 3171 placebat,
2498 3111 2553 3157 et
2589 3119 2712 3157 mox
2746 3112 2800 3158 ut
2826 3103 3049 3172 Vellem,
3078 3121 3328 3178 possem;

1739 3195 1861 3266 quia
1890 3210 2017 3250 mox
2045 3202 2100 3249 ut
2133 3194 2352 3261 vellem,
2385 3194 2567 3265 utique
2595 3193 2807 3250 vellem.
2831 3195 2905 3252 lbi
2933 3198 3076 3253 enim
3110 3197 3332 3258 facultas

1739 3303 1801 3344 ea
1829 3304 1946 3358 qua:
1971 3285 2253 3354 voluntas,
2286 3296 2339 3341 et
2378 3287 2551 3356 ipsum
2591 3287 2728 3341 velle
2752 3287 2862 3356 jam
2894 3287 3070 3344 facere
3097 3299 3245 3357 erat;
3277 3293 3334 3348 et

1741 3387 1916 3436 tamen
1961 3392 2068 3432 non
2114 3376 2277 3432 fiebat
2309 3393 2323 3430 :
2355 3375 2667 3446 faciliusque
2696 3377 3096 3449 obtemperabat
3137 3395 3333 3451 corpus

1740 3469 2068 3526 tenuissimae
2112 3466 2371 3522 voluntati
2416 3468 2646 3532 animae,
2699 3474 2758 3522 ut
2798 3465 2865 3522 ad
2908 3477 3093 3524 nutum
3133 3473 3330 3527 mentis

1739 3560 1977 3617 membra
2007 3566 2366 3622 moverentur,
2399 3571 2555 3627 quam
2582 3556 2696 3628 ipsa
2725 3557 2828 3614 sibi
2853 3560 3028 3616 anima
3049 3557 3116 3616 ad
3145 3561 3334 3618 volun-

1741 3659 1904 3708 tatem
1931 3667 2084 3707 suain
2101 3649 2123 3683 '
2151 3663 2395 3722 magnam
2423 3649 2475 3703 in
2504 3649 2615 3704 sola
2643 3648 2910 3704 voluntate
2932 3650 3332 3721 perficiendam.

2385 3761 2609 3817 CAPUT
2651 3760 2742 3818 IX.

1905 3855 2053 3912 Unde
2076 3855 2136 3926 ﬁt
2158 3863 2212 3909 ut
2237 3854 2434 3909 animus
2459 3855 2668 3925 imperet
2696 3853 2790 3909 sibi
2811 3863 2858 3909 et
2887 3857 3168 3912 resistatur.

1811 3971 1902 4026 Si.
1943 3969 2098 4026 Unde
2136 3968 2239 4024 hoc
2267 3969 2604 4024 monstrum?
2628 3977 2681 4022 et
2710 3983 2877 4037 quare
2920 3970 3096 4024 istud?
3133 3970 3334 4028 Lueeat

1741 4062 2105 4120 misericordia
2131 4071 2216 4115 tua
2237 4077 2253 4127 ;
2276 4070 2328 4116 et
2358 4061 2699 4130 interrogem,
2718 4061 2763 4115 si
2787 4059 2920 4115 forte
2949 4060 3076 4115 milii
3107 4077 3332 4133 respon-

1741 4155 1871 4211 dere
1897 4152 2101 4224 possint
2129 4152 2344 4206 latebra:
2371 4166 2644 4221 poenarum
2677 4151 2974 4216 hominum,
3005 4161 3060 4208 et
3088 4153 3334 4210 tenebro-

1743 4249 1969 4305 sissimie
2007 4245 2355 4302 contritiones
2384 4243 2608 4298 ﬁliorum
2643 4242 2834 4298 Adam.
2864 4243 3016 4299 Unde
3047 4245 3147 4300 hoc
3174 4259 3329 4304 mon-

1745 4342 1954 4399 strum?
1992 4349 2047 4398 et
2085 4355 2248 4411 quare
2291 4337 2466 4394 istud?
2503 4337 2735 4407 imperat
2767 4353 2974 4393 animus
3000 4339 3242 4410 corpori,
3275 4350 3331 4396 et

1746 4446 1960 4508 paretur
1999 4435 2208 4498 statim;
2263 4433 2488 4502 imperat
2531 4432 2742 4485 animus
2789 4429 2889 4485 sibi
2939 4440 2990 4486 et
3043 4431 3329 4487 reslSlillll'.

1746 4528 1976 4599 Imperat
1997 4526 2205 4581 animus
2231 4533 2287 4579 ut
2310 4531 2585 4579 moveatur
2606 4537 2811 4588 manus,
2840 4529 2896 4577 et
2922 4529 3065 4577 tanta
3094 4533 3175 4578 est
3201 4523 3332 4578 [ειεξι-

1747 4624 1868 4680 litas
1894 4631 1951 4678 ut
1979 4623 2064 4676 vix
2089 4634 2121 4674 a
2149 4618 2368 4675 servitio
2402 4617 2736 4672 discernatur
2775 4616 3055 4686 imperium
3087 4632 3100 4669 :
3129 4625 3182 4671 et
3216 4615 3334 4672 ani-

1747 4731 1868 4771 mus
1906 4713 2113 4769 animus
2157 4719 2272 4778 est,
2303 4724 2495 4766 manus
2531 4720 2709 4765 autem
2751 4723 2946 4780 corpus
2974 4716 3075 4765 est.
3108 4707 3338 4780 imperat

1748 4809 1956 4863 animus
1984 4814 2043 4860 ut
2067 4801 2194 4858 velit
2215 4802 2444 4871 animus,
2464 4815 2563 4857 nec
2581 4801 2715 4856 alter
2733 4807 2837 4868 est,
2867 4815 2968 4856 nec
2988 4799 3111 4856 facit
3133 4809 3334 4858 tamen.

1751 4899 1902 4957 Unde
1945 4899 2046 4953 lioc
2087 4894 2425 4952 monstrum?
2465 4903 2520 4950 et
2555 4909 2723 4965 quare
2757 4892 2931 4948 istud?
2969 4893 3232 4964 Imperat,
3258 4895 3339 4950 iii-

1815 5059 1832 5091 ι
1855 5066 1954 5110 Non
1970 5053 2180 5118 sciebant
2194 5087 2210 5112 ,
2225 5054 2364 5118 juxta
2380 5059 2454 5102 Er.
2475 5053 2625 5118 Lugd.
2644 5058 2764 5101 ven.
2799 5055 2855 5100 ιι.

1811 5107 1900 5170 'ln
1935 5125 1984 5168 Β.
2002 5107 2286 5179 insalubria.
2324 5120 2406 5165 iEr.
2443 5107 2586 5179 Lugd.
2616 5121 2733 5164 ven.
2771 5119 2880 5164 ιον.
2914 5121 3088 5165 somni.
3125 5107 3247 5164 Flor.
3285 5121 3339 5166 et

1751 5183 1916 5241 ttond.,
1933 5177 2244 5232 buaniebam.
2265 5185 2318 5227 tu.

1815 5237 2477 5318 ξξὲίτ,ιθεςεεκὶιιτξιίαξιειιτξε;
2506 5237 2643 5318 Mi“
2668 5251 2788 5318 ιθεο
2813 5239 3109 5318 "tauros!
3128 5239 3336 5318 ρςάείηίε

1764 5368 1774 5380 _
1815 5305 1836 5338 ⁸
1854 5293 2794 5380 vetusto.corbizfurte‘ossitrgeptejm;
2818 5307 2929 5350 cum
2948 5293 3050 5380 {illa
3068 5293 3202 5364 parte
3221 5293 3339 5380 τιίὶὑὶ

1743 5368 1944 5433 jaceat;
1957 5366 2222 5425 cadentem,
2260 5361 2802 5433 luctantem.angl._duo
2816 5367 2989 5433 [parte
3018 5361 3341 5433 apartments-ut

1753 5422 1991 5482 Malia.
2009 5456 2073 5466 —-
2089 5422 2279 5480 Partem
2297 5422 2650 5487 assurgentem}
2684 5422 2822 5487 juxta
2931 5422 3078 5487 Lugd.
3099 5422 3215 5470 ven.
3237 5422 3340 5487 Edi-

1753 5436 1991 5482 carnalia.
2009 5456 2073 5466 —-
2089 5436 2279 5480 Partem
2297 5440 2431 5477 assur
2465 5436 2620 5476 entem
2637 5463 2650 5486 ,
2684 5436 2822 5487 Juxta
2839 5436 2910 5472 er.
2931 5436 2962 5470 ι.
3030 5436 3078 5470 a.
3102 5436 3215 5470 ven.
3237 5436 3336 5469 wi-

1753 5491 2122 5606 ggoflgfentina
2151 5490 2276 5554 legit
2304 5497 2359 5539 ut
2499 5487 2637 5538 Corb.
2657 5501 2672 5548 ;
2691 5486 2788 5536 duo
2820 5493 2924 5534 Mss.
2958 5436 3078 5531 ξῆν.
3117 5487 3170 5529 ιιι
3198 5481 3336 5543 Αυει.

1819 5569 1866 5606 ο.
1904 5569 1959 5605 Μ.

1817 5620 1967 5668 διον.
1986 5624 2159 5668 80mm.
2193 5615 2313 5665 Bias.
2333 5612 2397 5663 ad
2426 5611 2709 5675 voluptatem
2740 5618 2876 5675 suum
2898 5609 3158 5675 :eorrupte
3177 5615 3340 5675 ,‘nam

1755 5679 1820 5731 de
1837 5663 2383 5738 perficiendavoluntate
2398 5663 2993 5738 loquilur_.ltugust_i_nus.._t;t
3012 5663 3193 5738 vei'o‘in
3210 5671 3338 5738 Mss,

1757 5725 1896 5793 nullo
1904 5725 2029 5792 iere
2039 5725 2284 5802 "sicario,
2301 5725 2349 5786 iii
2366 5725 3017 5800 antiquior-inuidiaean
3037 5732 3091 5776 et
3119 5733 3230 5776 arti.
3251 5725 3340 5776 ba-

1759 5805 1925 5870 betur,
1960 5803 2025 5856 ad
2043 5801 2326 5856 intentarent
2338 5809 2492 5852 suam.
