3880 6396
510 331 616 390 759
1345 303 1358 312 “
1677 325 2190 388 CONFESSIONUM
2227 329 2284 388 s.
2327 330 2694 394 AUGUSTINI
3681 357 3769 423 τσο

510 462 693 522 quam,
717 452 773 501 ut
801 441 959 510 velit,
993 443 1082 516 qui
1112 456 1216 500 non
1245 442 1534 516 imperaret
1563 441 1666 499 nisi
1691 442 1880 513 vellet,
1912 453 1968 501 et
1994 460 2101 502 non
2211 447 2405 503 malam
2431 466 2443 503 :
2469 458 2561 506 aut
2580 460 2959 514 convertentur
2976 457 3044 515 ad
3063 473 3271 530 verum,
3299 468 3474 522 etnon
3493 470 3765 545 negabunt,

509 543 565 596 tit
593 539 733 612 quod
762 539 1006 608 imperat.
1031 537 1137 593 Sed
1166 551 1273 592 non
1313 552 1379 592 ex
1409 545 1521 592 toto
1548 537 1696 602 vult;
1732 552 1839 593 non
1879 553 2008 610 ergo
2036 554 2102 595 ex
2211 555 2331 596 cum
2356 543 2582 614 quisque
2610 544 2891 618 deliberat,
2921 549 3156 610 animam
3178 570 3342 613 unam
3367 537 3588 619 diversis
3603 537 3768 625 volun;

507 608 627 691 toto
638 634 879 703 imperat.
897 631 1031 687 Nam
1052 631 1107 687 in
1125 639 1328 686 tantum
1357 630 1603 702 imperat,
1621 608 2098 703 iuquantumvvult,
2211 608 2410 689 tatibus
2436 608 2682 692 aestuare.

469 721 474 724 ’
502 737 556 782 et
605 728 655 781 iu
689 733 892 781 tantum
917 740 1023 778 non
1071 723 1132 778 ﬁt
1171 723 1310 794 quod
1351 724 1606 795 imperat,
1629 724 1682 779 in
1707 734 1963 796 quantum
1991 739 2101 781 non
2280 724 2370 782 24.
2412 727 2530 784 Jam
2559 745 2688 803 ergo
2721 747 2826 788 non
2850 734 3064 806 dicant,
3104 755 3224 796 eum
3265 740 3402 798 duas
3425 745 3704 806 voluntates
3725 753 3768 811 in

507 820 638 873 vult.
667 816 928 884 Quoniam
960 815 1204 870 voluntas
1243 816 1468 886 imperat
1505 823 1566 870 ut
1594 815 1664 870 sit
1686 816 1932 872 voluntas
1957 859 1971 882 ,
2002 832 2102 873 nec
2209 817 2427 876 homine
2463 836 2573 877 uno
2601 822 2872 882 adversari
2912 829 3012 885 sibi
3054 833 3321 900 sentiunt,
3348 834 3482 892 duas
3509 844 3770 901 contrarias

503 911 739 977 alia,sed
770 912 903 978 ipsa.
927 910 1042 964 Non
1066 910 1247 979 utique
1277 909 1433 979 plena
1463 909 1710 980 imperat,
1739 907 1860 965 ideo
1887 924 1994 964 non
2019 919 2103 965 est
2209 920 2415 969 mentes
2457 913 2528 970 de
2562 916 2767 975 duabus
2804 924 3087 980 contrariis
3128 925 3439 983 substantiis
3476 938 3530 986 et
3563 931 3627 987 de
3659 934 3770 992 duo-

503 1006 645 1076 quod
679 1005 924 1074 imperat.
949 1003 1081 1058 Nam
1110 1004 1153 1057 si
1181 1002 1335 1074 plena
1365 1010 1537 1067 esset,
1571 1017 1671 1058 nec
1714 1002 2004 1074 imperaret
2045 1013 2102 1060 ut
2209 1001 2311 1059 bus
2347 1007 2630 1063 contrariis
2672 1011 2947 1083 principiis
2989 1017 3348 1086 contendere,
3382 1036 3539 1076 unam
3579 1023 3763 1094 bonam,

503 1109 680 1163 esset,
726 1097 845 1167 quia
885 1096 996 1166 jam
1041 1105 1203 1151 esset.
1234 1095 1348 1150 Non
1396 1096 1556 1166 igitur
1579 1105 1879 1151 monstrum
1910 1097 2101 1166 partim
2208 1099 2430 1155 alteram
2477 1102 2689 1158 malam.
2730 1105 2861 1161 Nam
2889 1116 2972 1175 tu,
3001 1109 3140 1166 Deus
3167 1127 3352 1179 verax,
3384 1114 3645 1185 improbas
3669 1135 3762 1191 eos,

497 1193 663 1268 velle,
692 1189 879 1259 partim
910 1190 1081 1254 nolle;
1116 1189 1209 1243 sed
1251 1188 1508 1259 aegritudo
1533 1189 1698 1244 animi
1721 1199 1822 1256 est,
1845 1190 1966 1261 quia
1995 1205 2101 1246 non
2208 1200 2261 1247 et
2304 1193 2579 1265 redarguis
2616 1206 2776 1269 atque
2813 1202 3084 1259 convincis
3121 1207 3431 1270 eos,’sicut
3473 1209 3527 1264 in
3571 1188 3764 1287 utraque

503 1292 647 1338 totus
672 1283 902 1351 assurgit
927 1281 1150 1336 veritate
1181 1281 1521 1348 sublevatus,
1551 1282 1936 1338 consuetudine
1964 1299 2102 1353 prae-
2207 1285 2345 1340 mala
2390 1287 2662 1345 voluntate
2685 1332 2699 1355 ,
2744 1306 2864 1346 cum
2913 1295 3134 1368 quisque
3177 1296 3443 1355 deliberat
3480 1311 3650 1360 utrum
3688 1281 3766 1364 bo.

501 1384 768 1445 gravatus.
815 1373 884 1427 Et
937 1373 1058 1428 ideo
1103 1382 1226 1427 sunt
1278 1372 1397 1427 dum
1449 1372 1778 1439 voluntates,
1829 1373 1950 1444 quia
1997 1391 2100 1430 una
2208 1378 2406 1434 minem
2445 1397 2652 1437 veneno
2698 1383 2968 1442 interimat
3019 1404 3088 1444 an
3133 1389 3306 1458 ferro;
3357 1402 3535 1450 utrum
3575 1397 3763 1459 fundum

501 1483 686 1524 earum
729 1476 841 1523 tota
884 1481 990 1522 non
1037 1474 1148 1532 est,
1179 1473 1234 1521 et
1271 1465 1373 1521 hoc
1417 1465 1569 1521 adest
1602 1465 1753 1521 alteri
1783 1465 1925 1538 quod
1950 1465 2100 1523 deest
2206 1467 2441 1524 alienum
2491 1471 2675 1540 illum,
2722 1489 2787 1528 an
2837 1476 2982 1531 illum
3029 1479 3278 1549 invadat,
3329 1486 3544 1554 quando
3591 1497 3764 1546 utrum-

499 1559 674 1615 alteri,
1153 1628 1222 1645 Ν
1245 1629 1378 1645 mw
1417 1629 1461 1645 ν
1727 1637 1742 1645 _
2205 1575 2309 1630 que
2342 1576 2446 1616 non
2492 1572 2701 1634 potest;
2725 1575 2900 1622 utrum
2935 1579 3078 1625 emat
3111 1572 3439 1643 voluptatem
3473 1577 3684 1645 luxuria,
3708 1598 3762 1640 an

1150 1628 1378 1684 CAPUT
1417 1629 1486 1683 Χο
1719 1637 1742 1670 "
2204 1628 2704 1725 pecuniam-servet
2736 1662 2982 1730 avaritia;
3011 1673 3191 1720 utrum
3232 1628 3300 1721 ad

500 1745 754 1799 Adversus
779 1743 1089 1798 Manichmos
1115 1744 1201 1814 qui
1226 1760 1288 1799 ca:
1317 1743 1510 1798 duabus
1541 1743 1808 1798 contrariis
1830 1745 2099 1800 voluntati-
2204 1761 2272 1800 an
2289 1747 2354 1802 ad
2383 1747 2668 1817 theatrum,
2693 1751 2735 1806 si
2760 1767 2864 1808 uno
2883 1753 2970 1809 die
2992 1764 3276 1828 utrumque
3290 1759 3627 1828 exhibeatur;
3647 1743 3760 1821 addo

738 1835 829 1890 bus
855 1835 983 1888 duas
1009 1837 1288 1890 contrarias
1319 1846 1528 1890 naturas
1557 1845 1861 1890 asseverant.
2204 1837 2363 1892 etiam
2397 1840 2629 1906 tertium,
2657 1857 2724 1898 an
2754 1844 2821 1898 ad
2855 1843 3052 1901 furtum
3081 1847 3151 1904 de
3176 1848 3340 1905 domo
3362 1852 3563 1921 aliena,
3587 1857 3629 1911 si
3654 1859 3759 1914 sub-

568 1946 658 2002 22.
701 1947 932 2001 Pereunt
952 1962 980 2000 a
1008 1946 1142 2001 facie
1171 1957 1276 2011 tua,
1307 1947 1448 2002 Deus
1468 1988 1481 2010 ,
1511 1947 1662 2002 sicuti
1693 1956 1919 2017 pereunt
1951 1948 2099 2002 vani—
2206 1939 2288 1984 θεῑ
2318 1931 2567 1999 οεεθδῖοὶ
2596 1933 2736 1988 addo
2763 1944 2819 1990 ει
2848 1945 3098 2007 quartum
3119 1981 3134 2006 9
3164 1955 3231 1995 an
3261 1941 3327 1995 ad
3357 1945 3757 2006 σοιηῐηίιιθηιιιιιη

499 2040 644 2110 loqui
671 2049 725 2094 et
751 2040 944 2093 mentis
971 2038 1280 2094 seductores
1305 2079 1318 2104 ,
1347 2039 1436 2108 qui
1476 2054 1596 2094 cum
1636 2039 1770 2094 duas
1796 2040 2096 2096 voluntates
2203 2023 2542 2090 adnuel'ium’
2567 2026 2611 2081 5i
2632 2037 2688 2083 εί
2708 2027 2830 2084 inde
2850 2030 3007 2086 Simul
3032 2032 3256 2090 (“cuius
3273 2035 3530 2106 aperitur.
3552 2040 3595 2094 Si
3613 2044 3756 2097 omnia

497 2117 924 2186 in‘deliberando
950 2129 1441 2194 animadverterint,
1469 2129 1602 2186 duas
1629 2139 1848 2186 naturas
1868 2131 2029 2186 duaru

2222 2126 2527 2175 roncurrant
2569 2120 2621 2176 in
2653 2121 2815 2177 unum
2852 2123 3135 2182 articulum
3176 2129 3466 2198 temporis,
3491 2132 3754 2204 pariterque

499 2224 757 2279 mentium
789 2237 911 2276 esse
934 2230 1261 2287 asseverant,
1293 2237 1449 2276 unam
1476 2222 1693 2284 bonam,
1723 2223 1949 2277 alteram
1977 2238 2093 2277 ma-
2203 2210 2482 2279 θυρῖεηῑυι·
2503 2213 2680 2268 omnia
2711 2230 2830 2286 quae
2857 2216 3015 2271 Simul
3039 2217 3120 2289 agi
3150 2229 3459 2290 nequeunt:
3483 2222 3753 2295 discerpunt

497 2319 625 2372 lam.
657 2317 770 2388 Ipsi
787 2331 914 2370 vere
940 2316 1062 2369 mali
1105 2323 1263 2379 sunt,
1297 2330 1416 2370 cum
1450 2315 1546 2368 ista
1577 2315 1712 2369 mala
1745 2315 2009 2381 sentiunt,
2043 2324 2097 2371 et
2203 2300 2344 2354 enim
2369 2301 2602 2357 animum
2631 2304 2845 2361 εῖδίῐηθι
2874 2306 3278 2365 adversantibus
3301 2321 3528 2382 (Ιυθιυοτ
3550 2316 3752 2372 νοιυηιεδ

497 2409 656 2464 iidem
686 2408 784 2478 ipsi
813 2407 939 2461 boni
969 2417 1128 2462 erunt
1157 2407 1200 2460 si
1231 2422 1354 2460 vera
1381 2406 1665 2471 senserint,
1698 2405 1942 2475 verisque
1968 2421 2096 2461 con-
2203 2393 2376 2462 ῑίδυεν
2410 2395 2494 2449 νει
2525 2396 2687 2452 ﬁliam
2727 2398 2968 2467 Pluribus
3010 2401 3064 2454 ίη
3103 2410 3249 2457 lauta
3277 2404 3431 2475 OOPia
3459 2421 3624 2462 rerum
3655 2425 3751 2480 qua:

495 2503 782 2563 senserint,
801 2499 1015 2554 utdicat
1036 2500 1113 2555 eis
1130 2499 1415 2568 Apostolus
1435 2506 1554 2551 tuus
1576 2516 1586 2550 :
1611 2496 1805 2550 Fuistis
1823 2497 2095 2567 aliquando
2203 2493 2545 2556 appetuntur.
2572 2503 2672 2543 nec
2699 2496 2874 2545 ιεηιθη
2903 2499 3102 2546 tantam
3133 2494 3525 2552 multitudinem
3551 2498 3750 2555 diversa-

497 2590 714 2646 tenebrw
729 2606 750 2655 ;
775 2607 907 2644 nunc
935 2599 1104 2644 autent
1134 2590 1225 2643 tua:
1243 2590 1296 2643 in
1315 2588 1535 2642 Domino
1560 2587 1579 2659 (
1595 2586 1783 2658 Ephes.
1806 2603 1860 2653 v,
1887 2587 1978 2660 8).
2006 2588 2095 2643 Isti
2204 2594 2322 2634 Tum
2363 2580 2778 2637 Sllbsmnlial‘um
2806 2584 2979 2640 8016M
3008 2586 3188 2642 dicere
3212 2605 3229 2642 :
3254 2588 3327 2643 ita
3357 2598 3412 2644 et
3435 2590 3484 2646 in
3507 2591 3643 2646 bonis
3665 2607 3746 2648 vo-

498 2685 642 2739 enim
687 2683 812 2736 dum
851 2682 1038 2738 volunt
1075 2698 1195 2738 esse
1240 2682 1329 2736 lux
1351 2722 1364 2746 ,
1405 2696 1510 2735 non
1551 2681 1604 2734 in
1645 2680 1890 2747 Domino,
1920 2679 2012 2734 sed
2042 2679 2095 2734 in
2203 2669 2516 2726 lunlalibus-
2544 2671 2680 2728 Nam
2710 2690 2893 2746 (tlter
2922 2676 2989 2731 ab
3014 2678 3092 2731 eis
3121 2686 3300 2734 utrum
3331 2680 3512 2737 bonum
3536 2682 3600 2738 sit
3619 2682 3744 2740 dele-

497 2777 707 2849 seipsis,
739 2775 973 2845 putando
998 2776 1187 2830 anima:
1218 2784 1460 2829 naturam
1491 2773 1593 2829 hoc
1621 2788 1740 2829 esse
1777 2772 1916 2844 quod
1956 2773 2096 2828 Deus
2203 2764 2334 2818 Clal‘i
2360 2764 2590 2822 Ιεοιῖοῐιθ
2615 2768 2888 2836 Αροειοιί,
2916 2779 2972 2825 el
2995 2779 3173 2826 utrum
3200 2767 3494 2830 bonumsit
3522 2776 3746 2832 delectari

497 2877 599 2931 est,
630 2868 699 2921 ita
724 2866 846 2921 iacti
868 2875 992 2921 sunt
1015 2866 1292 2922 densiores
1319 2865 1588 2931 tenebrm;
1616 2864 1863 2936 quoniam
1887 2864 2094 2935 longius
2203 2854 2411 2925 psalmo
2439 2856 2637 2921 SObriO.
2661 2865 2717 2913 el
2743 2866 2920 2914 utrum
2951 2861 3148 2916 bonum
3171 2864 3243 2918 sit
3265 2864 3593 2938 Evangelium
3611 2867 3747 2924 disse-

495 2975 525 3013 a
556 2968 607 3013 te
632 2967 970 3014 recesserunt
991 2957 1254 3012 horrenda
1279 2956 1598 3026 arrogantia,
1622 2971 1651 3009 a
1677 2965 1727 3010 te
1747 2971 1872 3011 vero
1894 2955 2020 3009 lumi

2212 2960 2344 3001 rere.
2371 2945 2791 3017 Respondebunt
2817 2951 2883 3005 ad
2914 2954 3122 3023 singula
3150 2973 3166 3009 :
3188 2955 3415 3013 Bonum.
3441 2958 3567 3024 Quid
3591 2960 3628 3014 si
3647 2975 3744 3030 ergo

497 3050 827 3104 illuminante
849 3065 1061 3104 omnem
1085 3049 1354 3103 hominem
1374 3049 1674 3103 venientem
1694 3047 1745 3100 in
1772 3046 1914 3102 hunc
1940 3062 2093 3101 mun-
2203 3037 2402 3107 pariter
2420 3037 2686 3094 delectent
2700 3042 2876 3097 omnia
2899 3043 3164 3116 simulque
3187 3062 3294 3101 uno
3315 3049 3743 3119 tempore?wa

495 3143 620 3197 dum
645 3141 825 3209 (Joan.
850 3158 887 3205 ι,
908 3139 985 3214 9).
1011 3141 1282 3197 Attendite
1303 3140 1428 3210 quid
1454 3139 1661 3205 dicatis,
1691 3147 1746 3193 et
1771 3137 2089 3206 erubescitc,
2203 3128 2429 3184 ἀίνθτεω
2455 3130 2760 3186 νοιυηιοιθε
2784 3133 3097 3190 distendunt
3115 3151 3212 3192 cor
3239 3138 3492 3205 hominis,
3517 3155 3626 3196 cum
3643 3141 3744 3196 deli-

495 3242 550 3288 et
580 3232 816 3288 accedite
841 3231 907 3285 ad
937 3247 1058 3286 eum
1099 3239 1152 3285 et
1194 3229 1566 3283 illuminamini
1586 3270 1600 3295 ,
1632 3237 1685 3282 et
1724 3227 1900 3282 vultus
1926 3229 2093 3283 vestri
2201 3220 2417 3275 beralul‘
2442 3221 2568 3292 quid
2598 3224 2930 3293 potissimum
2957 3227 3312 3298 arripiamus?
3333 3231 3398 3286 Et
3428 3247 3604 3306 omnes
3624 3232 3742 3288 boum

499 3341 608 3380 non
638 3325 958 3380 erubescent
983 3324 1160 3396 (Psal.
1195 3339 1396 3388 χχχιιι,
1426 3320 1502 3394 6).
1531 3322 1644 3391 Ego
1673 3337 1794 3376 eum
1825 3321 2031 3378 deliber

2211 3321 2346 3379 sunt,
2369 3322 2424 3369 et
2451 3323 2659 3370 certant
2683 3331 2889 3385 secum,
2917 3319 3089 3376 donec
3111 3322 3341 3393 eligatur
3367 3341 3553 3388 unum,
3577 3341 3667 3397 quo
3685 3325 3743 3382 ie-

497 3417 623 3473 ham
649 3425 707 3471 ut
731 3417 840 3485 jam
873 3416 1127 3470 servirem
1154 3415 1376 3468 Domino
1401 3415 1508 3468 Deo
1534 3428 1676 3474 meo,
1703 3413 1838 3468 sicut
1862 3413 1952 3468 diu
1977 3413 2089 3468 dis-
2199 3401 2350 3462 1‘8th
2384 3414 2493 3462 Wa
2522 3408 2768 3465 νοιυηῐαε
2808 3426 2912 3466 una
2935 3452 2951 3478 ν
2981 3429 3101 3484 fill-’8
3140 3413 3193 3469 in
3227 3416 3406 3484 plures
3433 3417 3737 3474 diVidebnlllr-

495 3523 778 3580 posueram
797 3548 815 3574 ,
843 3522 942 3578 ego
966 3507 1112 3562 eram
1140 3506 1231 3576 qui
1258 3505 1500 3560 volebam
1521 3546 1536 3570 ,
1558 3519 1656 3575 ego
1689 3505 1776 3574 qui
1805 3504 2084 3572 nolebam;
2197 3497 2274 3554 Ita
2302 3500 2461 3554 etiam
2491 3515 2613 3555 eum
2643 3503 2916 3559 :etcrnitas
2944 3504 3178 3561 delectat
3202 3509 3466 3578 superius,
3492 3520 3544 3565 et
3569 3518 3737 3580 tempo-

497 3613 628 3668 ego,
660 3613 759 3669 ego
788 3613 953 3653 eram.
977 3596 1086 3652 Nec
1114 3598 1269 3667 plene
1292 3596 1532 3650 volebam
1555 3637 1569 3660 ,
1604 3611 1704 3650 nec
1743 3595 1898 3665 plene
1935 3595 2086 3652 nole-
2194 3593 2324 3648 ralis
2349 3591 2476 3648 boni
2497 3596 2742 3666 voluptas
2770 3605 3004 3651 retentat
3029 3597 3268 3666 inferius,
3295 3601 3482 3657 eadem
3505 3603 3660 3658 anima
3678 3611 3739 3657 est

494 3689 640 3746 bam.
669 3689 792 3745 Ideo
819 3705 1024 3744 mecum
1054 3689 1438 3745 contendebant
1462 3729 1477 3754 ,
1512 3697 1567 3744 et
1595 3688 1888 3759 dissipabar
1915 3704 1946 3745 a
1973 3704 2088 3746 me-
2195 3700 2302 3742 non
2325 3694 2434 3742 tota
2455 3687 2728 3744 voluntate
2755 3689 2884 3745 illud
2905 3700 2996 3744 aut
3017 3690 3121 3746 hoc
3141 3693 3356 3760 volens;
3380 3703 3434 3750 et
3453 3695 3564 3750 ideo
3583 3693 3737 3751 discer-

495 3779 634 3850 ipso.
665 3780 730 3834 Et
770 3780 880 3850 ipsa
908 3780 1182 3850 dissipatio
1213 3795 1296 3834 me
1324 3779 1486 3835 invito
1512 3779 1724 3851 quidem
1766 3779 1951 3847 (iebat,
1986 3795 2086 3837 nec
2193 3776 2336 3847 pitur
2360 3779 2507 3849 gravi
2529 3780 2794 3849 molestia,
2817 3781 2944 3836 dum
2974 3782 3104 3837 illud
3127 3785 3355 3842 veritate
3377 3788 3639 3860 praeponit,
3657 3786 3733 3841 hoc

494 3880 672 3926 tamen
703 3871 1016 3927 ostendebat
1043 3881 1279 3926 naturam
1309 3871 1498 3926 mentis
1525 3871 1732 3934 alicam,
1757 3869 1848 3925 sed
1873 3886 2084 3939 poenam
2191 3867 2549 3929 familiaritate
2573 3889 2678 3930 non
2704 3876 2855 3946 ponit
2872 3877 2910 3929 ¹.

493 3979 652 4019 meae.
679 3965 746 4018 Et
771 3963 890 4019 ideo
919 3979 1024 4018 non
1049 3963 1159 4034 jam
1191 3979 1288 4034 ego
1324 3963 1584 4033 Operabar
1613 3963 1756 4017 illam
1775 4005 1789 4030 ,
1819 3962 1912 4017 sed
1942 3962 2085 4032 quod
2793 3967 3020 4025 CAPUT
3057 3969 3153 4026 XI.

491 4053 763 4110 habitabat
794 4055 844 4108 in
874 4071 961 4110 me
987 4063 1259 4125 peccatum
1286 4053 1467 4127 (Rom.
1491 4069 1582 4117 vn,
1613 4051 1712 4125 14)
1736 4052 1804 4108 de
1824 4053 2083 4124 supplicio
2471 4044 2636 4101 Ιιιιοεα
2662 4047 2873 4118 spiritu:
2909 4057 2958 4102 et
2985 4051 3154 4106 carnis
3180 4051 3238 4106 in
3260 4052 3554 4124 Augustino.

489 4147 756 4203 liberioris
784 4149 1008 4218 peccati,
1041 4149 1161 4218 quia
1188 4163 1333 4203 eram
1361 4147 1500 4203 ﬁlius
1521 4147 1709 4202 Adam.
2260 4133 2350 4190 25-
2377 4132 2466 4191 δίο
2493 4138 2817 4206 inﬁrmam"!
2838 4149 2890 4196 ei
2911 4142 3257 4199 CICNCiabal'
3279 4158 3528 4202 accusans
3549 4151 3728 4202 ωθωειν

560 4241 653 4297 25.
694 4241 825 4296 Nam
855 4242 898 4296 si
925 4250 1005 4296 tot.
1032 4251 1156 4297 sunt
1180 4241 1462 4297 contrariae
1489 4250 1711 4309 naturae,
1740 4250 1868 4313 quot
1895 4243 2082 4298 volun—
2189 4226 2363 4297 ipsum
2391 4229 2548 4284 εοιίῑο
2575 4230 2816 4287 acerbius
2837 4232 3015 4299 nimis.
3039 4249 3103 4290 ac
3127 4235 3348 4293 νοινϐηε
3373 4246 3427 4293 ει
3449 4251 3728 4294 νετδεηεωε

489 4341 626 4389 tates
654 4334 754 4388 sibi
785 4334 1070 4400 resistunt;
1112 4350 1218 4390 non
1253 4335 1364 4404 jam
1391 4334 1541 4400 duae,
1571 4334 1663 4388 sed
1693 4335 1870 4405 plures
1901 4344 2074 4391 erunt.
2186 4317 2241 4374 ίη
2271 4319 2480 4374 νίηθυιο
2509 4336 2648 4385 τηθον
2679 4321 2851 4378 donec
2875 4323 3284 4393 abrumperet“?
3327 4335 3493 4384 ῑοιυηι
3531 4327 3726 4399 quoiam

488 4426 546 4483 Si
572 4427 836 4484 deliberet
857 4429 1137 4498 quisquam
1154 4436 1329 4482 utrum
1351 4426 1416 4481 ad
1443 4428 1867 4483 conventiculum
1891 4443 2020 4484 eoru

2190 4411 2378 4482 exiguo
2408 4413 2642 4479 tenebar,
2689 4413 2784 4468 sed
2812 4415 3031 4471 tenebar
3059 4424 3258 4472 tamen.
3289 4418 3354 4473 Et
3381 4419 3595 4474 instabas
3619 4417 3722 4471 tuin

484 4527 693 4589 pergat,
725 4535 795 4574 an
823 4519 890 4573 ad
920 4519 1220 4585 theatrum;
1253 4519 1485 4574 clamant
1513 4519 1601 4573 isti
1631 4538 1642 4573 :
1674 4519 1810 4575 Ecce
1836 4520 1954 4575 duae
1979 4535 2077 4576 na-
2185 4504 2407 4560 occums
2449 4505 2603 4571 meis:
2637 4505 2878 4570 Domine,
2919 4521 3107 4564 εθνεΐα
3154 4509 3532 4577 misericordia.
3558 4507 3725 4580 “389m

485 4616 650 4676 tum;
692 4625 796 4664 una
835 4610 973 4665 bona
1002 4611 1101 4665 hac
1129 4609 1307 4672 ducit,
1337 4610 1504 4665 altera
1529 4609 1668 4664 mala
1697 4610 1818 4666 illac
1845 4611 2017 4666 reduci

2192 4594 2520 4666 ingeminans
2543 4596 2747 4651 timoris
2767 4605 2821 4652 et
2838 4597 3074 4667 pudoris,
3099 4615 3166 4656 ne
3192 4616 3378 4660 rursus
3405 4615 3658 4666 cessarem,
3682 4607 3724 4652 et

483 4700 620 4755 Nam
649 4701 791 4756 unde
814 4703 912 4756 ista
938 4703 1204 4758 cunctatio
1229 4702 1444 4758 sibimet
1467 4702 1861 4758 adversantium
1892 4703 2011 4758 volu

2189 4703 2292 4743 non
2321 4688 2972 4760 abrumpereturidipsum
2997 4693 3245 4764 exiguum
3271 4705 3328 4752 et
3351 4705 3502 4752 tenue
3523 4693 3644 4766 quod
3657 4705 3721 4748 re-

487 4793 696 4847 mum?
725 4794 839 4863 Ego
865 4805 1042 4851 autem
1070 4796 1191 4852 dico
1217 4796 1402 4851 ambas
1429 4796 1619 4862 malas,
1643 4805 1697 4850 οι
1717 4812 1835 4867 qum
1859 4797 1925 4851 ad
1955 4797 2076 4852 mos
2185 4790 2490 4846 manserat;
2522 4791 2577 4837 et
2600 4781 2952 4838 revalesceret
2977 4783 3192 4853 iterum,
3216 4793 3272 4842 et
3293 4803 3380 4844 me
3395 4786 3636 4842 robustius
3655 4781 3720 4838 al-

483 4883 660 4949 ducit,
703 4892 759 4938 et
798 4901 916 4954 quae
945 4887 1011 4941 ad
1040 4887 1301 4944 theatrum
1328 4889 1553 4943 reducit.
1578 4887 1682 4944 Sed
1716 4905 1819 4944 non
1851 4889 2075 4944 credunt
2181 4871 2387 4940 ιίὶἔθτθιο
2441 4871 2688 4928 Dicebam
2729 4872 2872 4928 enim
2912 4874 3052 4944 apud
3094 4891 3179 4932 me
3223 4877 3366 4933 imus
3393 4895 3406 4933 ⁵
3434 4878 3562 4934 Ecce
3597 4870 3721 4931 modo

481 4973 586 5028 nisi
629 4974 826 5028 bonam
864 4991 982 5033 esse
1021 4991 1122 5048 qua
1167 4979 1272 5033 itur
1300 4979 1366 5034 ad
1401 4993 1513 5034 eos.
1537 4979 1671 5047 Quid
1703 4981 1748 5034 si
1778 4995 1904 5051 ergo
1929 4981 2013 5051 qui

2182 4963 2290 5028 ﬁat,
2319 4963 2480 5019 modo
2505 4963 2614 5020 ﬁat.
2647 4964 2858 5020 Etcum
2880 4967 3042 5021 verbo
3081 4967 3191 5038 jam
3227 4967 3368 5024 ibam
3405 4970 3458 5025 in
3494 4966 3714 5038 placitum.

483 5080 646 5136 quam
676 5075 914 5120 nostrum
944 5068 1221 5136 deliberet,
1253 5078 1308 5126 et
1335 5085 1516 5124 secum
1539 5071 1914 5128 altercantibus
1943 5072 2071 5128 dua-
2177 5055 2295 5112 ’3'“
2314 5071 2450 5126 Ρθηθ
2469 5055 2747 5122 ﬁdebam:
2767 5065 2820 5112 θί
2841 5071 2946 5112 ηοη
2959 5056 3214 5114 Γθεῖθικιηι
3240 5077 3252 5112 ε
3276 5074 3374 5115 nec
3393 5057 3713 5116 Γειτιῧθίηΐυ·

478 5159 582 5215 bus
606 5157 966 5213 voluntatibus
995 5160 1244 5227 ﬂuctuet,
1267 5169 1445 5214 utrum
1470 5161 1538 5215 ad
1567 5161 1828 5217 theatrum
1855 5178 2010 5234 perga

2177 5163 2302 5204 men
2323 5148 2372 5204 in
2387 5148 2628 5218 pristina,
2644 5147 2736 5204 sed
2753 5148 2821 5204 de
2837 5149 3078 5218 proximo
3093 5151 3322 5216 stabam,
3347 5159 3401 5207 et
3413 5148 3708 5220 reSpirabam.

477 5266 546 5306 an
577 5250 642 5306 ad
669 5247 950 5305 ecclesiam
979 5250 1255 5305 nostram?
1280 5265 1456 5307 nonne
1485 5261 1538 5307 et
1574 5251 1659 5306 isti
1690 5253 1816 5323 quid
1845 5270 2009 5325 re5p01

2177 5239 2247 5295 Et
2258 5241 2382 5296 item
2394 5239 2642 5307 conabar,
2660 5249 2713 5295 et
2725 5240 2882 5310 paulo
2895 5241 3067 5296 minus
3085 5241 3156 5296 ibi
3172 5257 3337 5310 eram,
3354 5252 3407 5298 et
3420 5241 3563 5312 paulo
3573 5238 3709 5295 minus

478 5342 642 5397 deant
665 5339 1027 5396 ﬂuctuabunt?
1057 5341 1164 5395 Aut
1185 5342 1327 5395 enim
1349 5341 1674 5408 fatebuntur,
1697 5344 1839 5415 quod
1861 5347 2065 5414 nolunt,
2171 5333 2838 5406 iamiamqueattinsebam
2850 5337 3260 5401 θιιειιθὺειηιςθι
3280 5335 3708 5398 ηοηίῧῖεηωοηοα

475 5431 617 5489 bona
647 5433 920 5488 voluntate
949 5433 1096 5504 pergi
1134 5431 1187 5487 in
1219 5433 1498 5489 ecclesiam
1541 5443 1808 5502 nostram,
1846 5436 1983 5492 sicut
2013 5439 2066 5495 in
2175 5425 3181 5499 attingebaln.nectenebam.haesitans
3211 5429 3343 5483 mori
3364 5425 3594 5490 monte!
3614 5419 3706 5474 τίιε

475 5539 594 5580 eam
624 5532 852 5596 pergunt
884 5524 974 5596 qui
1014 5524 1361 5580 sacramentis
1403 5526 1521 5595 ejus
1551 5525 1735 5582 imbuti
1761 5537 1885 5584 sunt
1908 5536 2067 5601 atque
2175 5520 2385 5586 Vivere;
2416 5519 2639 5591 plusque
2663 5519 2716 5574 ίῐι
2734 5534 2820 5576 me
2833 5518 3043 5576 valebal
3067 5518 3558 5582 ἀειθΐῑυεὶηοιίιυωι
3577 5519 3702 5586 qua"

473 5615 780 5673 detinentur
809 5637 822 5673 :
851 5627 942 5674 aut
969 5619 1102 5673 duas
1131 5618 1297 5674 malas
1326 5625 1542 5674 naturas
1560 5659 1576 5685 ,
1625 5628 1679 5675 et
1723 5618 1855 5676 duas
1897 5623 2001 5677 mal

2174 5611 2362 5667 melius
2387 5610 2697 5666 insolitum:
2731 5621 3090 5681 punctumque
3125 5610 3296 5682 ipsum
3343 5604 3574 5678 temporis
3611 5611 3694 5672 quo

472 5719 682 5766 mentes
705 5712 757 5766 in
786 5728 890 5768 uno
915 5712 1130 5770 homine
1149 5712 1435 5785 conﬂigere
1455 5713 1741 5785 putabunt;
1760 5724 1814 5771 et
1835 5731 1940 5771 non
1960 5733 2004 5772 ei

2170 5704 2313 5760 aliud
2335 5703 2545 5760 futurus
2574 5718 2738 5772 eram,
2757 5711 2957 5775 quanto
2970 5707 3182 5774 propius
3193 5697 3695 5766 admovebatur,“th

471 5813 657 5855 verum
686 5804 826 5873 quod
865 5807 1037 5862 solent
1063 5805 1258 5876 dicere,
1302 5821 1462 5864 unam
1505 5806 1698 5868 bonam
1745 5813 1804 5872 et
1835 5808 2057 5868 alteram
2235 5818 2377 5870 'Mss.
2395 5816 2532 5868 σοι-ι).
2555 5822 2606 5868 et
2622 5815 2805 5882 aliquot
2819 5817 2919 5880 alit,
2937 5829 3029 5868 non
3047 5816 3196 5882 punit.
