3926 6272
240 413 510 490 ampliorem
549 399 844 462 incutiebat
885 397 1200 458 honorem;
1229 387 1326 448 sed
1351 397 1462 444 non
1486 377 1781 439 recutiebat

238 486 370 573 retro,
397 519 486 562 nec
504 499 792 561 avertebat,
814 493 908 551 sed
927 486 1301 562 suspendebat.

295 571 373 659 26.
401 593 711 654 lletinebant
740 603 894 660 nugte
923 596 1200 655 nugarum,
1227 585 1283 634 et
1297 575 1558 631 vanitates
1579 571 1787 627 vanita-

193 682 206 698 ⁶
246 695 370 756 um‘
395 690 609 758 antiqua:
649 684 838 738 amicae
871 693 1036 743 meae,
1075 684 1131 732 et
1179 668 1544 728 succutiebant
1584 673 1787 721 vestem

247 802 385 850 meam
399 756 656 844 eameam,
673 783 730 832 et
751 767 1254 830 submurmurabant
1283 783 1297 818 :
1327 761 1628 818 Dimittisne
1655 756 1790 812 nos?

249 897 335 946 ets
357 883 603 936 momento
638 871 743 926 isto
787 883 894 923 non
933 864 1132 920 erimus
1172 868 1347 915 tecum
1385 856 1524 910 ultra
1549 854 1602 908 in
1634 861 1790 907 teter-

252 943 448 1036 nom2et
470 985 499 1026 ε
522 971 794 1022 momento
834 961 940 1015 isto
979 971 1090 1012 non
1128 953 1220 1008 tibi
1245 949 1426 1006 licebit
1452 949 1556 1003 hoc
1583 954 1636 1002 ct
1661 943 1790 999 illud

251 1075 362 1130 ultra
389 1069 434 1122 in
471 1058 759 1120 aeternum?
796 1056 864 1111 Et
892 1067 1010 1124 quae
1052 1046 1411 1120 suggerebant.
1451 1044 1505 1098 in
1552 1054 1617 1096 eo
1647 1037 1791 1110 quod

253 1166 364 1230 dixi,
385 1161 482 1218 Hoc
523 1164 578 1212 et
615 1151 784 1210 illud?
828 1163 948 1221 qua:
994 1143 1366 1216 suggerebant,
1415 1138 1557 1193 Deus
1605 1132 1791 1190 meus?

259 1265 430 1320 Avertat
446 1253 506 1308 ab
527 1250 703 1305 anima
723 1244 865 1301 servi
896 1241 969 1296 tui
998 1234 1362 1296 misericordia
1385 1232 1505 1287 tua!
1527 1229 1670 1297 Quas
1685 1241 1794 1282 sor-

256 1343 686 1421 deswggerehant!
715 1353 836 1410 qum
865 1335 1123 1390 dedecora
1144 1333 1158 1384 !
1179 1325 1536 1384 Etaudiebam
1567 1336 1660 1377 eas
1680 1320 1792 1390 jam

254 1451 377 1518 longe
396 1415 556 1496 minus
582 1449 741 1506 quam
766 1429 1042 1491 dimidius,
1071 1438 1176 1478 non
1204 1430 1451 1488 tauquam
1475 1415 1641 1470 libere
1664 1426 1793 1468 con-

252 1505 523 1597 tradieeutcs
545 1505 720 1584 eundo
745 1523 799 1576 in
829 1519 1061 1580 obviam,
1090 1511 1184 1569 sed
1211 1509 1369 1565 veluti
1397 1522 1427 1560 a
1452 1505 1612 1560 dorso
1642 1516 1792 1556 mus-

254 1633 454 1688 sitantes,
478 1631 530 1678 et
568 1615 930 1675 discedentem
966 1606 1116 1680 quasi
1155 1603 1339 1658 furtim
1378 1597 1705 1661 vellicantes,
1737 1602 1795 1648 ut

253 1723 546 1793 respicerem.
574 1707 937 1768 Retardabant
967 1713 1143 1756 tamen
1169 1701 1508 1752 cunctantem
1538 1705 1624 1744 me
1648 1687 1792 1743 abri-

251 1779 353 1889 pere
383 1820 525 1881 atque
561 1811 810 1862 excutere
838 1798 906 1852 ab
925 1795 1006 1850 eis
1027 1801 1082 1847 et
1108 1787 1372 1846 transilire
1410 1798 1514 1855 quo
1544 1779 1790 1845 vocabar,

255 1873 352 1969 cum
393 1873 576 1962 diceret
603 1897 734 1954 mihi
759 1886 1090 1950 consuetudo
1115 1883 1345 1939 violenta
1373 1896 1387 1932 :
1418 1878 1649 1935 Putasne
1679 1873 1794 1927 sine

253 2003 346 2060 istis
361 1995 574 2071 poteris?

306 2059 381 2148 27..
406 2087 496 2145 Sed
517 2087 624 2156 jam
664 2077 993 2153 tepidissime
1030 2073 1134 2127 hoc
1167 2067 1397 2156 dicebat.
1446 2059 1798 2133 Aperiebatur

251 2186 371 2242 enim
383 2183 441 2237 ab
457 2153 680 2249 ea'parte
701 2189 806 2246 qua
821 2167 1153 2226 intenderam
1184 2153 1394 2224 faciem,
1422 2164 1476 2212 et
1503 2170 1606 2226 quo
1625 2163 1798 2208 trans-

256 2271 650 2346 iretrepidabam,
681 2275 828 2322 casta
854 2261 1087 2332 dignitas
1109 2250 1471 2314 continentia),
1512 2261 1700 2303 serena
1742 2252 1797 2298 et

253 2383 341 2424 non
376 2338 606 2421 dissolute
645 2357 854 2421 hilaris,
888 2356 1109 2408 honeste
1150 2345 1426 2403 blandiens
1461 2349 1519 2395 ut
1557 2338 1794 2394 venirem

251 2475 392 2531 neque
422 2456 732 2516 dubitarem,
774 2457 828 2504 et
865 2443 1159 2502 extendens
1194 2439 1261 2494 ad
1284 2453 1372 2493 me
1401 2431 1795 2504 suscipiendum

251 2562 294 2607 et
317 2525 707 2621 amplectendum
740 2544 854 2614 pias
886 2553 1077 2596 manus
1103 2536 1289 2606 plenas
1333 2529 1580 2601 gregibus
1626 2525 1795 2580 hono-

248 2659 344 2700 rum
366 2619 728 2711 exemplorum.
757 2635 832 2690 lbi
853 2641 928 2688 tot
949 2629 1097 2703 pueri
1126 2635 1179 2682 et
1205 2625 1424 2696 puellm;
1454 2621 1525 2677 ibi
1547 2619 1796 2689 juventus

248 2737 386 2791 malta
422 2744 471 2791 et
507 2709 679 2787 omnis
724 2736 877 2791 mtas,
919 2733 974 2778 et
1013 2735 1202 2792 graves
1247 2717 1440 2779 vidure,
1482 2722 1538 2768 et
1562 2709 1798 2782 virgines

248 2838 360 2883 Inus
383 2846 396 2882 :
422 2837 472 2880 et
494 2827 543 2879 in
564 2821 812 2878 omnibus
841 2818 953 2886 ipsa
983 2809 1307 2868 continentia
1328 2818 1657 2876 nequaquam
1692 2809 1799 2855 ste-

250 2919 370 2985 rilis;
392 2917 473 2974 sed
501 2913 720 2972 fecunda
749 2920 922 2966 mater
951 2907 1178 2961 ﬁliorum
1203 2901 1512 2972 gaudiorum
1539 2896 1607 2951 de
1633 2893 1797 2948 mari-

250 3015 296 3064 ιο
331 3019 390 3076 te,
419 3008 652 3062 Domine.
692 3003 762 3058 Et
802 2998 1058 3055 irridebat
1080 3011 1166 3050 me
1194 2992 1440 3048 irrisione
1485 2986 1792 3050 hortatoria,

247 3100 372 3171 quasi
388 3099 574 3155 diceret
604 3115 620 3151 :
649 3095 732 3150 Tu
761 3108 867 3148 non
892 3088 1091 3162 poteris
1113 3085 1255 3157 quod
1283 3084 1390 3149 isti,
1421 3080 1564 3153 quod
1600 3081 1714 3135 ista:
1737 3080 1799 3133 '?

249 3193 317 3248 An
331 3209 441 3248 vero
466 3192 547 3247 isti
575 3198 629 3245 et
652 3189 770 3244 ista:
797 3185 852 3240 in
887 3181 1186 3251 semetipsis
1214 3186 1456 3249 possunt,
1485 3189 1548 3228 ac
1577 3171 1720 3226 non'
1744 3170 1797 3226 in

247 3283 441 3341 Domino
469 3284 571 3339 Deo
598 3281 735 3336 suo?
759 3278 1013 3334 Dominus
1038 3275 1180 3330 Deus
1209 3285 1394 3326 eorum
1422 3282 1508 3322 me
1533 3265 1679 3321 dedit
1697 3264 1796 3318 eis.

243 3375 364 3446 Quid
386 3377 500 3432 inte
523 3384 651 3437 stas,
687 3381 743 3428 et
783 3384 888 3426 non
921 3367 1066 3423 stas?
1113 3363 1318 3433 Projice
1354 3370 1405 3415 te
1431 3360 1483 3413 in
1508 3372 1663 3420 eum;
1692 3355 1802 3409 noli

245 3479 474 3536 metuere,
495 3484 593 3524 non
623 3482 685 3522 se
721 3462 996 3520 subtrahet
1015 3468 1072 3513 ut
1101 3455 1259 3512 cadas
1291 3472 1304 3506 ε
1335 3451 1537 3523 projice
1567 3459 1618 3505 te
1644 3463 1801 3503 secu-

251 3575 352 3624 rus,
370 3559 562 3630 excipiet
585 3567 637 3614 et
654 3554 863 3611 sanabit
884 3562 956 3607 te.
981 3551 1047 3606 Et
1074 3545 1451 3602 crnbesceham
1477 3542 1658 3606 nimis,
1680 3538 1802 3611 quia

240 3651 432 3708 illarum
449 3665 689 3722 nugarum
722 3661 964 3703 murmur
991 3641 1166 3696 adhuc
1191 3637 1496 3700 audiebam,
1515 3642 1568 3688 et
1589 3641 1806 3688 cuncta-

239 3739 426 3799 hundus
472 3741 782 3814 pendeham.
815 3738 879 3791 Et
903 3749 1086 3790 rursus
1106 3731 1217 3796 illa,
1237 3727 1387 3800 quasi
1414 3727 1616 3781 diceret
1647 3741 1661 3778 :
1695 3723 1804 3779 Ob—

237 3834 465 3890 surdesce
497 3833 750 3888 adversus
774 3825 1044 3883 immunda
1085 3824 1173 3877 illa
1213 3819 1452 3875 membra
1506 3827 1593 3871 tua
1645 3829 1807 3884 super

245 3932 438 3992 terram,
465 3935 520 3980 ut
553 3922 960 3980 mortiﬁccntur.
1001 3917 1227 3972 Narrant
1268 3913 1360 3968 tibi
1401 3909 1800 3972 delectationes,

241 4015 331 4071 sed
367 4031 461 4072 non
503 4015 637 4071 sicut
660 4014 745 4069 lex
774 4008 985 4066 Domini
1021 4007 1116 4061 Dei
1137 4003 1252 4075 tui(
1280 4001 1424 4057 Psal.
1449 4016 1640 4067 cxvm,
1669 3999 1738 4054 85
1760 3996 1802 4069 )-

243 4103 340 4161 Ista
362 4107 694 4163 controversia
729 4105 785 4158 in
813 4100 974 4158 corde
1027 4112 1166 4158 meo.
1214 4093 1425 4150 nonnisi
1479 4091 1548 4148 dc
1595 4091 1801 4161 meipso

245 4195 470 4253 adversus
492 4197 767 4267 meipsum.
797 4194 867 4247 At
897 4189 1121 4262 Alypius
1148 4186 1338 4241 afﬁxus
1367 4183 1519 4238 lateri
1567 4196 1690 4238 meo
1729 4181 1809 4236 in-

247 4288 408 4346 usitati
433 4299 593 4346 motus
619 4288 727 4344 mei
751 4286 957 4343 exitum
989 4283 1181 4338 tacitus
1201 4277 1594 4349 opperiebatur.

831 4393 1057 4452 CAPUT
1097 4391 1212 4446 XII.

414 4470 551 4528 Vocis
581 4469 846 4526 admonitu
881 4464 1134 4537 quomodo
1174 4469 1306 4518 totus
1346 4474 1628 4514 conversus.

323 4561 399 4620 ἥ.
415 4563 509 4620 Ubi
543 4579 668 4620 vero
696 4577 728 4617 a
759 4558 922 4615 fundo
954 4570 1149 4612 arcano
1170 4553 1276 4608 alta
1305 4549 1660 4607 consideratio
1683 4563 1813 4603 con-

273 4655 403 4711 traxit
418 4665 463 4712 et
479 4656 742 4728 congessit
769 4662 934 4708 totam
980 4649 1248 4706 miseriam
1284 4661 1458 4702 meam
1498 4644 1552 4698 in
1591 4656 1814 4712 conspe-

271 4755 386 4803 ctum
403 4749 560 4805 cordis
579 4727 704 4813 mei,
732 4746 922 4801 oborta
949 4751 1033 4799 est
1055 4727 1289 4812 "procella
1311 4739 1518 4809 ingens,
1537 4735 1713 4791 ferens
1742 4733 1816 4788 in-

269 4849 442 4909 gentem
463 4841 682 4896 imbrem
711 4838 1092 4908 lacrymarum.
1117 4833 1185 4888 Et
1212 4839 1272 4886 ut
1299 4837 1467 4885 totum
1487 4825 1814 4882 eﬂundercm

264 4944 364 4988 cum
389 4935 593 4991 vocibus
614 4933 748 4999 suis,
771 4928 977 4986 surrexi
998 4928 1073 4992 ab
1096 4924 1288 4997 Alypio
1313 4941 1326 4978 :
1357 4920 1586 4977 solitudo
1601 4918 1730 4973 mihi
1751 4917 1817 4972 ad

263 5028 494 5097 negotium
520 5026 679 5084 ﬂendi
717 5023 892 5094 aptior
927 5019 1336 5092 suggerebatur;
1368 5023 1423 5071 et
1437 5012 1635 5070 secessi
1652 5025 1819 5066 remo-

264 5116 367 5182 tius.
401 5135 549 5191 quam
585 5126 646 5174 ut
677 5124 861 5188 posset
903 5113 1033 5168 mihi
1082 5123 1310 5166 onerosa
1355 5122 1474 5164 esse
1517 5106 1677 5162 etiam
1703 5104 1820 5174 ejus

265 5211 530 5277 mentio.
556 5209 645 5267 Sic
669 5217 794 5264 tunc
819 5219 988 5270 eram,
1009 5201 1166 5258 etille
1192 5199 1360 5256 sensit
1389 5217 1402 5252 :
1434 5196 1614 5254 nescio
1656 5194 1820 5266 quid“

266 5299 569 5376 euim,puto,
612 5301 874 5365 dixeram,
906 5297 958 5352 in
991 5309 1098 5368 quo
1133 5291 1422 5364 apparebat
1468 5303 1631 5345 sonus
1677 5287 1822 5342 vocis

313 5435 331 5471 ⁸
357 5445 477 5502 ωβ.
498 5436 860 5502 ,oauitantium.
885 5441 973 5502 ει.
1008 5432 1155 5496 Lugd.
1192 5437 1310 5479 Ven.
1345 5433 1456 5478 ιον.
1488 5435 1660 5478 50mm.
1701 5425 1821 5475 Dub.

257 5495 511 5556 IlI-Lm;
526 5499 738 5554 etnond.
752 5533 769 5559 ,
787 5496 1066 5549 emittam.
1083 5495 1158 5559 ιι,

783 5560 924 5622 juxta
940 5564 1015 5608 Er.
1033 5556 1182 5621 Lugd.
1200 5562 1372 5606 50mm.
1392 5559 1502 5601 ιον.
1523 5549 1669 5600 Band.
1692 5558 1746 5600 at.

361 5637 515 5657 ιιι-η..
548 5627 687 5657 ςιιση
705 5628 816 5657 κει-εί
853 5634 965 5657 mm
987 5619 1020 5657 Δ
1043 5627 1146 5657 Mea,
1186 5626 1237 5657 Μ.

312 5624 970 5740 ἶίῗνῗὲἆῗδῗσέἓιηῶῳο
1347 5690 1489 5731 enim
1509 5701 1568 5716 --
1594 5675 1666 5727 sic
1684 5674 1829 5731 etiam

241 5734 330 5800 ῆι.
807 5734 862 5798 et
874 5734 1019 5798 nond'.
1040 5750 1094 5796 ιι.

1795 5850 1892 5860 ν--ηο-

1552 258 1760 320 LIBER
1793 255 2136 317 OCTAVUS.

3377 265 3508 326 763-

1891 393 2026 434 meae
2049 378 2161 450 jam
2195 377 2324 436 ﬂetu
2353 379 2637 451 gravidus,
2684 386 2740 438 et
2774 379 2853 438 sic
2892 393 3249 439 surrexeram.
3295 383 3490 443 Mansit

1891 488 2019 544 ergo
2044 474 2135 530 ille
2155 472 2244 528 ubi
2272 473 2609 540 sedebamus,
2639 473 2801 529 nimie
2830 482 3072 546 stupens.
3103 473 3218 548 Ego
3243 476 3342 531 sub
3367 493 3489 548 qua-

1891 567 2013 624 dam
2042 567 2127 624 ﬁci
2152 567 2345 623 arbore
2369 569 2532 624 stravi
2567 585 2655 625 me
2700 568 2882 625 nescio
2919 569 3206 641 quomodo,
3235 580 3290 627 et
3311 571 3490 629 dimisi

1893 661 2129 718 habenas
2173 661 2443 734 lacrymis,
2488 672 2543 718 et
2589 674 2950 735 proruperunt
2973 663 3190 720 ﬁumina
3215 665 3489 722 oculorum

1893 772 2156 823 meorum,
2185 757 2508 830 acceptabile
2526 758 2844 814 sacriﬁcium
2865 767 3033 813 tuum.
3059 759 3125 813 Et
3149 773 3253 814 non
3273 759 3490 831 quidem

1894 849 1978 905 his
1999 849 2195 914 verbis,
2221 847 2315 904 sed
2338 850 2388 903 in
2412 849 2512 904 hac
2531 851 2794 906 sententia
2815 850 2983 904 multa
3009 850 3117 904 dixi
3143 850 3238 906 tibi
3269 865 3284 905 ‘.
3315 850 3383 906 Et
3411 861 3489 918 tu,

1895 940 2136 1007 Domine,
2170 938 2521 1013 usquequo?(
2539 939 2684 995 Psal.
2715 957 2790 1004 vl,
2812 941 2891 1013 4.)
2912 939 3215 1012 Usquequo,
3246 941 3488 1009 Domine,

1896 1034 2144 1091 irasceris
2185 1033 2238 1089 in
2271 1033 2467 1088 linem?
2498 1032 2576 1088 Ne
2601 1048 2806 1088 memor
2833 1033 2998 1088 lucris
3027 1033 3364 1104 iniquitatum
3391 1050 3492 1090 no-

1895 1135 2124 1181 strarum
2152 1124 2488 1194 antiquarum
2511 1122 2531 1196 (
2552 1122 2699 1178 Psal.
2733 1140 2955 1191 Lxxvm,
2987 1125 3042 1190 5,
3074 1123 3154 1195 8).
3186 1123 3494 1183 Sentiebam

1896 1217 2037 1273 enim
2078 1217 2158 1273 eis
2209 1231 2296 1272 me
2342 1215 2513 1270 teneri
2555 1233 2568 1269 :
2605 1215 2873 1286 jactabam
2935 1229 3094 1271 voces
3143 1217 3492 1274 miserabiles.

1897 1309 2194 1378 Quamdiu?
2217 1307 2492 1380 quamdiu,
2529 1320 2648 1362 cras
2670 1317 2723 1362 et
2761 1306 2916 1361 cras?
2956 1305 3133 1375 Quare
3161 1322 3269 1362 non
3302 1307 3496 1365 modo?

1897 1417 2061 1473 quare
2089 1417 2194 1456 non
2225 1399 2325 1455 hac
2347 1400 2474 1454 hora
2495 1397 2612 1454 ﬁnis
2643 1398 2984 1468 turpitudinis
3011 1399 3180 1454 mete?

1966 1493 2058 1549 29.
2087 1492 2337 1549 Dicebam
2359 1491 2494 1558 haec,
2518 1498 2575 1546 et
2600 1491 2794 1546 ﬁebam
2815 1489 3150 1546 amarissima
3178 1492 3499 1550 contritione

1899 1589 2075 1644 cordis
2091 1589 2216 1643 mei.
2246 1587 2313 1642 Et
2336 1601 2462 1642 ecce
2490 1584 2650 1640 audio
2673 1599 2858 1641 vocem
2893 1583 2962 1640 de
2998 1584 3172 1639 vicina
3193 1585 3354 1641 domo
3377 1601 3498 1642 cum

1900 1688 2057 1735 cantu
2100 1677 2324 1733 dicentis
2367 1685 2422 1732 et
2453 1676 2645 1731 crebro
2681 1674 3009 1745 repetentis,
3050 1674 3201 1745 quasi
3235 1675 3382 1745 pueri
3430 1692 3496 1733 an

1899 1773 2110 1843 puellm,
2139 1771 2319 1827 nescio
2344 1788 2357 1823 :
2390 1768 2556 1834 Tolle,
2577 1769 2716 1840 lege;
2747 1769 2886 1834 tolle,
2909 1768 3035 1839 lege.
3064 1766 3362 1838 Statimque
3383 1784 3500 1824 mu-

1902 1877 2011 1922 tato
2048 1867 2217 1932 vultu,
2248 1862 2633 1919 intentissimus
2656 1861 2892 1933 cogitare
2917 1860 3052 1930 coepi
3069 1869 3372 1916 utrumnam
3413 1876 3502 1917 so-

1903 1958 2070 2012 lerent
2095 1956 2241 2026 pueri
2291 1955 2344 2009 in
2381 1955 2560 2024 aliquo
2598 1967 2796 2024 genere
2838 1950 3054 2005 ludendi
3097 1951 3359 2007 cantitare
3394 1953 3500 2008 tale

1901 2047 2130 2119 aliquid;
2162 2061 2261 2102 ncc
2281 2045 2598 2101 occurrebat
2623 2043 2841 2098 omnino
2865 2042 3132 2098 audivisse
3158 2057 3244 2098 me
3270 2044 3497 2114 uspiam.

1905 2141 2278 2210 Repressoque
2303 2137 2502 2206 impetu
2531 2136 2912 2206 lacrymarum,
2944 2135 3169 2198 surrexi,
3201 2134 3332 2189 nihil
3357 2135 3500 2191 aliud

1904 2232 2277 2302 interpretans,
2311 2228 2412 2283 nisi
2455 2226 2712 2282 divinitus
2755 2225 2886 2280 mihi
2921 2225 3095 2295 juberi
3137 2234 3196 2280 ut
3239 2227 3500 2296 aperirem

1902 2324 2165 2389 codicem,
2197 2331 2251 2377 et
2276 2322 2504 2392 legerem
2531 2317 2672 2390 quod
2701 2318 2930 2388 primum
2961 2324 3119 2386 caput
3157 2315 3499 2373 invenissem.

1903 2417 2189 2473 Audieram
2221 2417 2362 2470 enim
2393 2413 2462 2468 de
2479 2412 2712 2467 Antonio
2733 2409 2874 2481 quod
2900 2425 2963 2464 ex
2987 2409 3291 2479 evangelica
3315 2409 3503 2465 lectio-

1904 2527 1994 2575 uc,
2025 2509 2110 2564 cui
2139 2507 2273 2561 forte
2296 2511 2696 2576 supervenerat.
2724 2499 3025 2556 admonitus
3047 2499 3224 2566 fuerit,
3252 2508 3503 2570 tanquam

1902 2603 2002 2658 sibi
2034 2601 2298 2656 diceretur
2323 2597 2463 2668 quod
2488 2595 2761 2666 legebatur
2785 2611 2798 2647 :
2837 2591 2998 2658 Vade,
3023 2591 3178 2646 vende
3204 2591 3372 2645 omnia
3390 2608 3504 2662 qua:

1904 2695 2075 2756 habes,
2103 2703 2149 2747 et
2169 2693 2236 2747 da
2257 2690 2595 2762 pauperibus;
2623 2697 2671 2742 et
2691 2685 2894 2740 habebis
2923 2684 3217 2738 thesaurum
3242 2684 3294 2737 in
3319 2684 3455 2738 oculis
3477 2700 3498 2748 ;

1904 2797 1949 2842 et
1976 2786 2106 2850 veni,
2132 2799 2335 2854 sequere
2361 2798 2439 2835 me
2479 2778 2708 2849 (Matth.
2751 2792 2864 2839 xix,
2908 2775 2971 2830 2'1
3000 2775 3134 2845 );et
3161 2774 3248 2828 tali
3289 2775 3507 2830 oraculo

1903 2876 2182 2934 Confestim
2229 2873 2296 2927 ad
2346 2882 2397 2926 te
2426 2886 2547 2926 eSse
2587 2883 2924 2924 conversum.
2952 2866 3133 2938 Itaque
3160 2867 3398 2922 concitus
3422 2882 3508 2924 re-

1904 2971 1977 3026 dii
2006 2969 2072 3024 ad
2099 2985 2218 3023 cum
2245 2967 2420 3021 locum
2453 2963 2540 3018 ubi
2573 2962 2794 3018 sedebat
2821 2960 3079 3032 Alypius:
3113 2960 3185 3015 ibi
3225 2960 3366 3015 cnim
3413 2977 3509 3032 po-

1904 3078 2112 3118 sueram
2138 3060 2374 3116 codicem
2400 3056 2660 3127 Apostoli.
2696 3069 2817 3109 cum
2855 3052 2979 3108 inde
3007 3069 3368 3110 surrexeram.
3397 3053 3502 3109 Ar—

1904 3155 2065 3226 ripui,
2097 3152 2299 3223 aperui,
2327 3160 2380 3206 et
2421 3149 2521 3219 legi
2563 3147 2617 3202 in
2657 3146 2872 3203 silentio
2914 3144 3221 3216 capitulum,
3265 3159 3370 3215 quo
3401 3145 3509 3214 pri-

1905 3263 2052 3302 mum
2073 3243 2302 3313 conjecti
2331 3249 2454 3296 sunt
2479 3240 2617 3294 oculi
2646 3238 2749 3292 mei
2774 3255 2787 3290 :
2819 3236 2940 3291 Non
2981 3236 3033 3289 in
3068 3235 3509 3290 comessationibus

1906 3349 1952 3393 et
1979 3334 2316 3397 ebrietatibus,
2365 3350 2466 3386 non
2499 3331 2553 3384 in
2591 3329 2837 3383 cubilibus
2857 3336 2903 3381 et
2933 3325 3280 3395 impudicitiis,
3319 3341 3419 3379 non
3455 3327 3511 3380 iu

1908 3430 2219 3485 contentione
2245 3435 2288 3479 et
2315 3423 2672 3486 aemulatione;
2714 3419 2803 3474 sed
2822 3419 3015 3473 induite
3038 3417 3312 3471 Dominum
3334 3415 3510 3476 Iesum

1908 3521 2182 3582 Christum,
2218 3529 2263 3572 et
2302 3516 2468 3571 carnis
2499 3512 2863 3586 providentiam
2890 3527 2954 3564 ne
2989 3509 3205 3582 feceritis
3242 3509 3295 3564 in
3321 3526 3509 3564 concu-

1909 3613 2164 3687 piscentiis
2189 3609 2361 3683 (Rom.
2396 3624 2524 3672 xm,
2554 3607 2642 3674 15,
2675 3605 2738 3660 l4
2757 3603 2795 3675 ).
2829 3602 2938 3658 Nec
2966 3602 3100 3655 ultra
3131 3600 3271 3656 volui
3302 3601 3507 3672 legere;

1911 3723 2011 3764 nec
2035 3721 2166 3777 Opus
2189 3712 2325 3760 erat.
2356 3701 2544 3756 Statim
2567 3699 2762 3769 quippe
2778 3711 2899 3751 cum
2923 3694 3026 3749 ﬁne
3055 3695 3273 3764 hujusce
3296 3703 3512 3749 senten-

1914 3800 2000 3854 tire
2019 3797 2170 3867 quasi
2198 3796 2316 3850 luce
2333 3791 2634 3848 securitatis
2661 3789 2830 3843 inlusa
2861 3786 3008 3842 cordi
3037 3802 3176 3851 meo,
3209 3801 3394 3842 omnes
3414 3785 3512 3842 du-

1912 3889 2185 3947 bitationis
2204 3887 2436 3942 tenebrae
2466 3883 2804 3952 dill‘ugerunt.

1984 3981 2230 4040 30.Tum
2258 3977 2534 4047 interiecto
2575 3984 2666 4028 aut
2695 3972 2860 4043 digito
2889 3979 2982 4025 aut
3024 3971 3206 4026 nescio
3254 3983 3358 4040 quo
3404 3968 3512 4026 alio

1913 4076 2084 4144 signo,
2113 4069 2349 4126 codicem
2376 4066 2561 4130 clausi,
2589 4075 2643 4120 et
2665 4062 2944 4133 tranquillo
2966 4061 3074 4130 jam
3104 4061 3248 4113 vultu
3280 4058 3513 4118 iudicavi

1913 4165 2124 4239 Alypio.
2158 4161 2334 4216 Atille
2379 4157 2504 4229 quid
2531 4157 2584 4211 in
2613 4171 2672 4210 sc
2704 4161 2967 4225 ageretur,
2993 4150 3131 4221 quod
3163 4165 3262 4220 ego
3303 4150 3514 4205 nescie-

1913 4259 2147 4324 bam,sic
2162 4255 2429 4312 indicavit.
2448 4251 2587 4308 Petit
2607 4249 2783 4303 videre
2811 4246 2938 4317 quid
2961 4244 3205 4314 legissem
3234 4263 3247 4298 :
3273 4243 3512 4310 ostendi;

1915 4359 1970 4409 et
1997 4347 2224 4406 attendit
2246 4345 2404 4402 etiam
2425 4344 2563 4398 ultra
2589 4354 2748 4412 quam
2775 4352 2874 4408 ego
2910 4338 3168 4404 legeram,
3211 4346 3265 4389 et
3306 4334 3519 4405 ignora-

1916 4444 2038 4499 bam
2064 4439 2188 4512 quid
2215 4442 2549 4508 sequeretur.
2570 4431 2903 4502 Sequebatur
2917 4441 3044 4482 vero
3077 4445 3089 4480 :
3124 4424 3396 4495 Inﬁrmum
3420 4443 3519 4480 au-

1918 4545 2014 4591 tem
2043 4535 2095 4588 in
2116 4532 2218 4603 ﬁde
2241 4528 2448 4598 recipile
2475 4529 2490 4559 ¹
2515 4524 2650 4598 (ld.,
2669 4539 2774 4586 xlv,
2807 4521 2880 4591 l).
2900 4517 3051 4586 Quod
3077 4517 3164 4572 ille
3193 4517 3259 4572 ad
3288 4531 3346 4572 se
3371 4527 3519 4573 relu-

1918 4628 1999 4696 lit,
2026 4625 2260 4695 mihique
2301 4620 2527 4692 aperuit.
2571 4616 2682 4673 Sed
2727 4615 2820 4670 tali
2866 4610 3229 4667 admonitione
3281 4610 3523 4666 ﬁrmatus

1919 4730 2020 4786 est,
2044 4718 2338 4790 placitoque
2378 4729 2442 4769 ac
2465 4710 2742 4784 proposito
2767 4708 2908 4762 bono
2949 4715 3003 4760 et
3045 4705 3525 4776 congruentissimo

1920 4815 2030 4870 suis
2056 4811 2311 4876 moribus,
2339 4807 2534 4879 quibus
2561 4820 2590 4858 a
2621 4819 2709 4859 me
2736 4803 2788 4857 in
2816 4801 3007 4857 melius
3049 4799 3157 4870 jam
3199 4800 3326 4855 olim
3371 4799 3527 4854 valde

1921 4907 2180 4976 longeque
2219 4899 2471 4964 distabat,
2525 4897 2639 4951 sine
2682 4894 2790 4949 ulla
2841 4891 3145 4948 turbulenta
3186 4890 3528 4947 cunctatione

1923 4995 2236 5066 coniunctus
2278 5000 2380 5048 est.
2429 4989 2558 5044 lnde
2597 4986 2663 5042 ad
2689 4994 2915 5041 matrem
2940 4982 3288 5056 ingredimur,
3324 4981 3528 5036 indica-

1925 5104 2076 5156 mus;
2111 5086 2325 5160 gaudet.
2353 5084 2643 5140 Narramus
2680 5078 3126 5152 quemadmodum
3167 5086 3375 5148 gestum
3420 5074 3526 5138 sit;

1926 5180 2158 5238 exsultat
2179 5186 2233 5232 et
2258 5175 2578 5246 triumphat;
2613 5181 2667 5228 et
2689 5170 3039 5228 hencdicehat
3083 5169 3199 5236 tibi,
3223 5169 3310 5239 qui
3340 5176 3530 5236 patens

1927 5291 1984 5332 es
2006 5274 2145 5329 ultra
2173 5284 2332 5342 quam
2363 5267 2592 5339 petimus
2614 5272 2704 5320 aut
2726 5262 3068 5332 intelligimus
3095 5259 3271 5314 facere
3293 5255 3310 5326 (
3333 5254 3526 5326 Ep/lt’s.

1929 5384 2008 5434 ιιι,
2036 5364 2155 5436 20),
2187 5362 2309 5436 quia
2340 5369 2489 5416 tanto
2509 5357 2736 5428 amplius
2760 5355 2861 5411 sibi
2891 5361 2992 5408 ate
3017 5360 3326 5407 concessum
3356 5344 3422 5398 dc
3445 5359 3529 5398 me

1931 5460 2166 5524 videbat,
2192 5470 2350 5527 quam
2378 5462 2559 5525 petere
2589 5449 2794 5506 solebat
2829 5441 3214 5503 miserabilibus
3240 5436 3532 5494 ﬂebilibus-

1934 5568 2038 5624 que
2062 5547 2369 5622 gemitibus.
2403 5541 2722 5600 Convcrtisti
2750 5539 2891 5596 enim
2907 5551 2994 5592 me
3018 5533 3084 5592 ad
3105 5541 3177 5600 te,
3207 5537 3267 5585 ut
3283 5541 3381 5584 nec
3397 5541 3529 5586 uxo-

2007 5732 2022 5763 ι
2044 5735 2177 5790 Lov.,
2196 5723 2460 5785 assumite;
2492 5719 2570 5771 alii
2583 5716 2716 5779 cdd.,
2741 5710 2951 5777 recipito.
