3926 6272
534 294 642 358 76$

1670 284 1896 345 CONFE
1904 284 2102 346 SSION

2229 284 2291 348 Β.
2330 282 2696 346 AUGUSTINI
3691 306 3787 367 τοι

524 434 639 477 rem
665 422 981 489 numerem,
1006 418 1107 467 nec
1133 407 1365 481 aliquam
1395 416 1547 479 spem
1571 404 1739 463 seculi
1765 403 1941 476 hujus,
1974 410 2124 462 stans
2228 400 2322 475 η)
2358 403 2528 459 multo
2568 405 2786 461 uberius
2811 421 2975 479 quam
3010 409 3284 479 voluerat;
3312 420 3369 472 et
3392 414 3559 471 multo
3592 416 3779 481 charim

523 513 575 567 in
605 525 665 565 ea
693 506 872 578 regula
918 498 1037 560 fidei
1062 500 1114 558 in
1142 512 1243 572 qua
1278 509 1366 557 me
1390 506 1515 554 ante
1538 504 1615 554 tot
1636 508 1806 553 annos
1832 496 1883 552 ei
1911 495 2119 552 revelato
2224 505 2381 566 atque
2403 497 2621 565 castius,
2653 514 2810 569 quam
2847 499 2916 556 de
2950 503 3232 573 nepotibus
3253 507 3433 562 carnis
3471 522 3601 564 mea
3623 515 3781 585 rem.

518 615 689 659 veras.
705 598 772 656 Et
784 595 1091 654 convertisti
1104 594 1301 650 luctum
1311 592 1427 664 ejus
1439 592 1491 647 in
1503 591 1752 664 gaudium
1766 587 1935 661 (Paul.
1953 602 2109 657 ms,

2222 589 2391 646 rehat.

1596 842 2076 956 LIBER
2176 816 2727 953 NONUS.

576 1030 697 1089 Dicit
716 1030 781 1079 de
818 1035 958 1089 carm
978 1037 1006 1076 ο
1029 1035 1086 1074 se
1123 1018 1326 1089 οοιιείιίο
1368 1016 1624 1089 rbem?
1670 1002 2976 1089 ετφίὲξὲῖοέὶθ[νμέἓὲῖῗῖξῖηέξρε,Ρῗξῖ..ίέ.⁰1⁶ἒιὲἒιὲἑθίῐ¹ξ³¹⁰
2997 1010 3359 1089 *τυίὲειηῖθίίπω
3403 1014 3655 1089 meum.
3676 1023 3783 1087 (Μ

513 1066 965 1159 metamus
978 1066 2102 1159 ifo'miiis'ia'winis‘se

2213 1066 2585 1159 Lartem
2598 1066 3782 1159 Hegesmgvewwaééiﬁéﬁ

512 1129 965 1206 3ἑίἓὲὲῖήίὶῖίῖὑὲ
978 1129 1138 1213 Ξειιῆἄὲ
1152 1129 1318 1206 suis,
1340 1129 1424 1207 qui
1438 1176 1453 1203 ,
1478 1140 1715 1204 baptizata
1737 1137 1865 1200 ipso,
1885 1131 2051 1183 incidit
2072 1131 2122 1182 in
2140 1129 2367 1180 eumdem
2388 1132 2575 1184 huncce
2596 1148 2795 1199 annum,
2818 1129 2975 1190 aetatis
2997 1129 3225 1191 vinacea

516 1219 735 1270 tertium.

3240 1144 3495 1207 Augustim'
3481 1144 3492 1155 '
3511 1146 3780 1210 trigesimum

1916 1276 2424 1357 Memb-

1037 1426 1265 1496 CAPUT
1301 1424 1589 1491 PRIMUM.

587 1515 794 1575 Laudat
837 1512 934 1569 Del
963 1494 1252 1575 bonitatem,
1283 1518 1556 1578 agnoscens
1586 1514 1731 1555 suam
1758 1494 2030 1551 antarium.

586 1611 638 1667 ι.
669 1609 714 1665 0
743 1606 1001 1673 Domine,
1032 1616 1130 1674 ego
1156 1612 1343 1656 servus
1378 1607 1533 1662 tuus;
1584 1608 1683 1664 ego
1727 1601 1914 1645 servus
1968 1596 2108 1652 tuus,

514 1712 570 1761 et
596 1701 736 1757 ﬁlius
774 1697 982 1753 ancilia:
1028 1704 1150 1750 ture.
1184 1690 1434 1760 Dirupisti
1478 1683 1686 1741 vincula
1716 1695 1869 1744 mea;
1901 1676 1994 1732 tibi
2020 1689 2110 1730 sa-

513 1792 762 1851 crificabo
792 1786 1109 1846 sacrificium
1134 1782 1305 1839 laudis
1330 1780 1348 1852 (
1369 1778 1516 1834 Psaf.
1551 1790 1679 1839 exv,
1704 1774 1792 1837 l6,
1822 1770 1944 1841 l7).
1970 1766 2109 1822 Lau-

513 1885 605 1941 det
630 1892 683 1940 te
710 1896 806 1938 cor
834 1890 1010 1935 meum
1044 1885 1098 1933 et
1123 1876 1303 1945 lingua
1334 1886 1451 1926 mea
1475 1908 1491 1935 ,
1538 1875 1594 1923 et
1618 1862 1797 1919 omnia
1841 1875 1960 1915 ossa
1989 1871 2109 1912 mea

512 1977 693 2034 dicant
721 1990 735 2028 :
771 1973 1004 2038 Domine,
1040 1969 1153 2041 quis
1181 1965 1362 2022 similis
1386 1964 1475 2019 tibi
1485 1963 1511 2018 i’
1533 1960 1740 2023 Dicant,
1766 1964 1821 2011 et
1844 1949 2108 2022 responde

512 2068 663 2133 milii,
713 2073 766 2123 et
805 2064 889 2119 dic
921 2062 1104 2117 animos
1138 2072 1262 2114 mm
1288 2097 1303 2124 ,
1341 2055 1501 2111 Salus
1525 2061 1612 2107 tua
1663 2065 1755 2121 ego
1783 2062 1894 2101 sum
1925 2041 2105 2114 (Psaf.

511 2175 703 2221 χχχιιι,
724 2158 810 2224 10,
840 2158 874 2211 '5
890 2157 932 2227 ).
960 2153 1090 2221 Quis
1119 2166 1239 2223 ego,
1260 2158 1314 2204 et
1327 2146 1501 2217 qualis
1518 2142 1653 2214 ego?
1674 2138 1813 2208 Quid
1855 2152 1959 2192 non
1982 2133 2106 2189 mali

510 2251 749 2311 authors
768 2265 884 2305 mea
907 2250 923 2281 ί
943 2265 958 2314 ;
981 2254 1091 2313 aut,
1113 2244 1157 2300 si
1176 2258 1281 2298 non
1304 2240 1463 2307 facta,
1486 2237 1623 2293 dicta
1640 2248 1759 2291 mea
1777 2249 1793 2299 ;
1811 2238 1920 2295 aut,
1936 2229 1979 2283 si
1998 2241 2104 2283 non

510 2346 669 2411 dicta,
689 2342 930 2398 voluntas
948 2350 1066 2393 mea
1100 2335 1230 2391 fuit?
1256 2334 1337 2389 Tu
1361 2339 1563 2393 autem,
1589 2325 1833 2386 Domine,
1856 2321 2029 2377 bonus
2053 2326 2107 2373 et

507 2435 835 2500 misericors,
874 2438 929 2485 et
969 2429 1189 2484 dextera
1218 2434 1309 2480 tua
1357 2419 1653 2492 respiciens
1692 2411 2104 2487 profunditatem

508 2530 696 2587 mortis
712 2540 867 2590 mete,
891 2530 945 2578 et
963 2537 993 2576 a
1014 2519 1177 2576 fundo
1197 2516 1376 2574 cordis
1394 2513 1499 2569 mei
1519 2508 1839 2568 exhauriens
1853 2504 2105 2575 abyssum

507 2619 881 2692 corruptionis.
902 2617 969 2672 Et
984 2616 1087 2670 hoc
1108 2618 1228 2668 erat
1251 2617 1417 2666 totum
1442 2606 1581 2661 nolle
1601 2601 1745 2675 quod
1764 2598 2028 2661 volebam,
2052 2601 2107 2648 et

508 2713 646 2771 velle
665 2708 807 2783 quod
828 2707 1041 2764 volebas
1056 2704 1098 2759 ί.
1123 2699 1329 2760 Seduhi
1353 2707 1468 2756 erat
1484 2706 1589 2753 tam
1609 2706 1813 2750 annoso
1844 2698 2099 2791 tempore,

508 2814 562 2863 et
598 2803 666 2860 de
698 2816 803 2874 quo
839 2802 946 2856 imo
986 2798 1203 2867 altoque
1231 2796 1441 2850 secreto
1487 2794 1771 2844 evocatum
1800 2788 1885 2838 est
1909 2788 1961 2833 in
1991 2792 2104 2880 mo-

507 2905 690 2953 mento
724 2893 951 2948 liberum
980 2888 1259 2945 arbitrium
1287 2895 1600 2952 meum,quo
1618 2876 1902 2935 subderem
1927 2876 2102 2927 cervi-

512 3004 630 3046 cem
653 2988 757 3043 leni
780 2987 908 3057 jugo
937 2992 1049 3051 tuo,
1062 2988 1119 3038 et
1141 2980 1394 3036 humeros
1413 2973 1752 3032 ievisarcinae
1765 2978 1869 3025 tute
1890 2963 2100 3039 (Matth.

506 3099 583 3151 ιι,
613 3080 749 3153 50),
786 3078 1000 3135 Christe
1043 3075 1193 3141 Jesu,
1240 3073 1462 3142 adjutor
1505 3080 1656 3123 meus
1698 3074 1754 3122 et
1799 3062 2103 3129 redemptor

510 3175 698 3233 meus?
715 3173 885 3241 Quam
910 3184 1074 3225 suave
1098 3167 1228 3223 mihi
1242 3166 1420 3222 subito
1438 3162 1637 3218 factum
1664 3166 1748 3215 est
1767 3170 1952 3213 carere
1978 3168 2101 3208 sua-

509 3265 763 3321 vitatibus
805 3261 1095 3333 nugarum!
1142 3270 1197 3314 et
1222 3273 1356 3329 quas
1397 3256 1645 3311 amittere
1684 3259 1858 3306 metus
1908 3246 2102 3312 fuerat,

502 3361 616 3433 jam
646 3357 915 3413 dimittere
935 3352 1182 3425 gaudium
1210 3359 1345 3408 erat.
1380 3347 1645 3419 Ejiciebas
1670 3345 1814 3401 enim
1834 3353 1969 3398 casa
1994 3354 2102 3405 me,

507 3465 636 3507 vera
666 3457 721 3504 tu
741 3454 796 3504 et
818 3460 1023 3500 summa
1050 3444 1285 3499 suavitas
1313 3458 1327 3496 :
1363 3438 1640 3511 ejiciebas,
1670 3445 1726 3493 et
1748 3435 1987 3492 intrahas
2006 3450 2105 3506 pro

509 3541 592 3599 eis
614 3539 761 3597 omni
791 3536 1061 3607 voluptate
1082 3533 1309 3599 dulcior,
1333 3532 1427 3588 sed
1451 3545 1557 3587 non
1579 3529 1725 3585 carni
1746 3537 1802 3585 et
1823 3526 2101 3597 sanguini;

510 3634 659 3693 omni
709 3632 829 3689 luce
854 3630 1071 3697 clarior,
1113 3627 1207 3684 sed
1234 3627 1381 3683 omni
1427 3631 1633 3680 secreto
1676 3620 1929 3687 interior;
1956 3618 2102 3675 omni

509 3729 716 3785 honore
742 3724 1046 3792 sublimior,
1077 3720 1172 3777 sed
1200 3737 1307 3777 non
1333 3717 1645 3776 sublimibus
1690 3716 1742 3771 in
1781 3730 1861 3770 se.
1887 3712 2006 3770 Jam
2033 3711 2101 3767 li-

510 3821 608 3879 her
635 3830 751 3877 erat
782 3819 995 3874 animus
1034 3830 1189 3872 meus
1234 3830 1265 3870 a
1293 3813 1438 3870 curis
1475 3809 1812 3867 mordacibus
1836 3804 2100 3863 ambiendi

507 3927 564 3974 et
582 3912 912 3986 acquirendi,
950 3918 1005 3966 et
1046 3907 1324 3964 volutandi
1357 3914 1521 3976 atque
1552 3900 1823 3974 scalpendi
1868 3898 2101 3955 scabiem

506 4005 818 4069 libidinum;
848 4012 901 4057 et
926 3998 1227 4073 garriebam
1257 3999 1350 4054 tibi
1381 3995 1611 4051 claritati
1640 4007 1795 4059 mem,
1823 3999 1878 4048 et
1904 3988 2101 4046 divitiis

507 4097 665 4162 meis,
697 4105 751 4151 et
779 4094 934 4150 saluti
962 4107 1097 4149 mea:
1121 4090 1345 4147 Domino
1372 4088 1484 4146 Deo
1510 4101 1651 4143 meo.

1117 4203 1348 4260 CAPUT
1386 4202 1451 4257 ll.

506 4289 749 4347 Deserere
771 4285 1044 4343 rhetorices
1074 4254 1638 4357 professione—inimici“
1686 4288 1845 4351 usque
1882 4279 1951 4333 ad
1986 4279 2100 4335 vim
2118 4254 2133 4275 ί

1076 4354 1319 4410 dentium
1359 4354 1531 4424 ferias.

577 4452 635 4508 2.
669 4450 731 4507 Et
764 4449 961 4521 placuit
1006 4447 1135 4503 mihi
1185 4448 1238 4502 in
1282 4453 1575 4517 conspectu
1616 4451 1707 4499 tuo
1748 4458 1854 4499 non
1904 4442 2102 4499 tumulo

506 4556 665 4603 tonse
707 4544 974 4614 abripere,
1020 4540 1116 4598 sed
1160 4540 1355 4597 leniter
1402 4538 1723 4595 subtrahere
1749 4537 2100 4593 ministerium

506 4639 703 4709 linguae
726 4651 858 4691 mea:
885 4634 1139 4691 nundinis
1164 4633 1501 4705 loquacitatis
1527 4632 1582 4698 ³;
1611 4648 1681 4687 ne
1701 4631 1921 4686 ulterius
1949 4629 2099 4701 pueri

508 4729 833 4786 meditantes
858 4740 963 4781 non
993 4729 1164 4797 legem
1196 4734 1361 4790 tuam,
1410 4738 1517 4780 non
1574 4738 1757 4795 pacem
1792 4731 1958 4786 tuam,
2005 4720 2099 4778 sed

509 4821 749 4879 insanias
777 4824 1081 4882 mendaces.
1113 4828 1164 4873 et
1191 4818 1327 4874 bella
1359 4816 1610 4881 forensia,
1645 4823 2013 4872 mercarentur
2033 4829 2099 4870 ex

508 4928 605 4970 ore
633 4927 757 4968 meo
784 4926 931 4967 arma
961 4909 1128 4966 furori
1162 4925 1278 4967 suo.
1308 4910 1377 4966 Et
1412 4920 1709 4982 opportune
1752 4909 1862 4980 jam
1893 4907 2101 4979 paucis-

512 5005 637 5063 simi
665 5003 781 5060 dies
810 5010 1127 5074 supererant
1147 5002 1213 5057 ad
1239 5001 1585 5058 vindemiales
1633 5001 1811 5067 ferias,
1856 5010 1910 5058 et
1937 5001 2098 5057 statui

509 5099 738 5155 tolerare
761 5097 881 5154 illos
910 5104 969 5152 ut
996 5097 1308 5154 solemniter
1326 5097 1693 5162 abscederem,
1715 5104 1771 5153 et
1789 5095 2097 5167 redemptus

506 5208 536 5247 a
567 5200 620 5248 te
639 5190 750 5264 jam
774 5205 879 5245 non
903 5186 1133 5246 redirem
1158 5190 1378 5247 venalis.
1402 5188 1693 5245 Consilium
1710 5206 1836 5261 ergo
1856 5197 2098 5245 nostrum

507 5294 624 5340 crat
655 5298 836 5341 coram
867 5290 951 5350 te;
981 5297 1163 5338 coram
1189 5283 1493 5339 hominibus
1519 5293 1719 5350 autem,
1746 5283 1848 5338 nisi
1877 5283 2093 5348 nostris,

572 5400 588 5432 ί
609 5399 683 5451 sic
699 5407 805 5465 Mss.
827 5406 880 5450 et
895 5398 1005 5465 Arn.
1027 5413 1042 5461 ;
1062 5405 1126 5465 at
1141 5396 1249 5465 tor.
1287 5412 1299 5449 :
1336 5397 1461 5461 Quid
1476 5410 1569 5450 non
1587 5397 1705 5465 mali
1719 5410 1805 5465 ego
1824 5398 1849 5449 ?
1887 5402 1956 5465 Αιι
1970 5400 2100 5462 facta

508 5473 631 5529 utea.
654 5461 828 5529 maliis
845 5462 993 5529 etiam
1012 5462 1124 5512 add.
1146 5461 1354 5529 habetur
1390 5475 1494 5529 ego,
1515 5464 1603 5512 sed
1621 5475 1684 5512 an
1700 5461 1909 5529 mutatur
1926 5461 1977 5529 in
1994 5467 2093 5529 aut.

571 5525 592 5557 ³
616 5525 862 5589 mitiones
883 5524 1137 5589 plerasque
1162 5536 1175 5573 :
1201 5530 1258 5575 Et
1280 5523 1377 5589 hoc
1391 5520 1497 5589 erat
1518 5530 1665 5575 totum
1687 5524 1811 5574 nolle
1833 5521 1959 5589 quod
1979 5520 2098 5589 vole-

509 5582 612 5647 bas,
637 5592 684 5636 et
714 5582 974 5652 celleqiwd
996 5582 1201 5638 uolebas.
1235 5587 1382 5650 Sequi
1405 5585 1644 5637 malumus
1665 5599 1776 5637 cum
1798 5582 1908 5636 Arn.
1923 5582 2095 5640 lectio-

509 5654 855 5762 ne?er
870 5710 1037 5775 Benig.
1070 5708 1332 5763 mdanis
1354 5706 1733 5778 loquacitatibus.

2223 1436 2329 1512 non
2363 1430 2497 1478 erat.
2528 1422 2594 1481 Et
2615 1436 2937 1483 convenerat
2958 1428 3097 1485 inter
3123 1445 3223 1488 nos
3246 1448 3315 1488 ne
3340 1436 3541 1504 passim
3565 1438 3776 1512 cuiquam

2219 1509 2616 1581 effunderetur;
2664 1531 2967 1590 quanquam
2998 1529 3053 1577 tu
3103 1523 3256 1578 nobis
3285 1539 3315 1578 a
3363 1528 3603 1584 convalle
3627 1509 3772 1601 plora-

2217 1604 2380 1661 tionis
2432 1607 2849 1666 ascendentibus
2880 1610 3065 1685 (Psaf.
3110 1630 3333 1681 Lxxxm,
3364 1616 3417 1681 6,
3453 1618 3563 1687 7),
3588 1632 3639 1675 et
3672 1639 3774 1679 can.

2219 1698 2452 1755 tantibus
2476 1702 2742 1757 canticum
2772 1703 3053 1773 graduum,
3099 1706 3329 1763 dederas
3354 1710 3576 1781 sagittas
3599 1725 3770 1783 acutas,

2215 1798 2271 1845 et
2316 1790 2576 1848 carbones
2624 1804 2920 1852 vastatores
2963 1797 3222 1854 adversus
3260 1800 3495 1873 linguam
3534 1804 3771 1865 subdolam

2215 1881 2400 1951 (Prol.
2432 1899 2577 1951 calx,
2601 1887 2768 1957 5-5),
2801 1888 2943 1944 velut
2974 1891 3305 1947 consulendo
3329 1896 3768 1969 contradicentem,

2216 1982 2286 2038 et,
2318 1984 2457 2029 Sicut
2477 1976 2650 2030 cibum
2680 1978 2897 2045 assolet,
2928 1981 3156 2036 amando
3177 1996 3601 2043 consumentem.

2288 2066 2343 2121 5.
2373 2066 2738 2137 Sagittaveras
2760 2079 2814 2125 tu
2839 2087 2935 2127 eor
2962 2084 3203 2130 nostrum
3230 2076 3497 2134 cbaritate
3520 2090 3765 2156 tua,elge-

2212 2156 2486 2214 stabamus
2514 2160 2675 2217 verba
2704 2171 2791 2217 tua
2820 2164 3077 2219 transfixa
3128 2166 3462 2235 visceribus;
3492 2180 3543 2226 et
3561 2176 3764 2247 exempla

2214 2261 2490 2305 servorum
2521 2260 2754 2317 tuorum,
2787 2269 2921 2324 quos
2949 2254 3017 2311 de
3042 2256 3206 2328 nigris
3230 2257 3466 2324 lucidos.
3495 2272 3545 2317 et
3569 2262 3627 2319 de
3651 2280 3763 2321 inor-

2216 2341 2318 2397 luis
2346 2343 2492 2398 vivos
2521 2343 2749 2414 feceras,
2780 2358 3030 2419 congesta
3056 2350 3107 2405 in
3132 2352 3308 2408 sinum
3338 2356 3662 2425 cogitationis
3684 2376 3759 2415 no-

2213 2441 2337 2489 stra:
2362 2434 2587 2491 urebant
2619 2446 2675 2493 et
2700 2439 3056 2497 absumebant
3081 2458 3298 2513 gravem
3329 2456 3617 2517 torporem,
3641 2466 3695 2505 ne
3715 2452 3754 2508 in

2213 2524 2320 2579 ima
2374 2541 2725 2597 vergeremus
2755 2531 2804 2595 ';
2860 2539 2916 2585 et
2960 2533 3316 2590 ascendebant
3372 2552 3476 2593 nos
3517 2539 3673 2606 valide,
3710 2551 3754 2597 ut

2211 2616 2385 2670 omnis
2448 2632 2513 2672 ex
2562 2618 2739 2690 lingua
2783 2620 3003 2677 subdola
3060 2624 3505 2686 eontradictionis
3539 2629 3745 2688 fiatusin-

2209 2706 2483 2765 ﬂammare
2513 2724 2612 2766 nos
2638 2713 2815 2768 acrius
2838 2724 3036 2786 posset,
3065 2734 3168 2772 non
3195 2721 3552 2793 exstinguere.
3577 2722 3750 2780 Verum.

2209 2806 2386 2854 tamen
2411 2800 2534 2871 quia
2559 2810 2776 2873 propter
2822 2820 3018 2863 nomen
3060 2818 3230 2875 tuum,
3264 2813 3409 2882 quod
3459 2815 3751 2874 sanctiﬁcasti

2209 2907 2305 2963 per
2359 2903 2551 2963 terras,
2580 2895 2739 2950 etiam
2790 2897 3095 2957 laudatores
3141 2904 3324 2974 utique
3372 2905 3752 2965 baberotvotuin

2207 2994 2262 3041 et
2306 2989 2638 3058 propositum
2678 2997 2941 3057 nostrum,
2995 2993 3265 3063 iactantia:
3311 2999 3488 3055 simile
3529 2999 3750 3057 videbatur

2211 3092 2317 3132 non
2345 3080 2579 3151 opperiri
2609 3092 2714 3137 tam
2743 3084 3041 3152 proximum
3074 3084 3321 3142 feriarum
3352 3090 3669 3161 tempus,sed
3691 3090 3746 3146 de

2209 3171 2419 3241 publica
2464 3174 2795 3244 professione
2833 3186 2995 3247 atque
3039 3187 3162 3233 ante
3206 3182 3396 3238 oculos
3438 3185 3643 3238 omnium
3663 3183 3746 3238 sita

2209 3272 2334 3321 ante
2381 3264 2738 3335 discedere',
2772 3277 2828 3322 ut
2869 3283 3126 3325 conversa
3175 3271 3228 3326 in
3272 3271 3473 3329 factum
3505 3292 3657 3331 meum
3677 3290 3751 3330 ora

2209 3365 2521 3413 cunctorum
2550 3358 2868 3414 intuentium
2891 3399 2907 3426 ,
2935 3377 3095 3433 quam
3126 3364 3358 3419 vicinum
3406 3367 3749 3423 vindemialium

2210 3445 2354 3501 diem
2408 3448 2703 3517 prmvenire
2748 3450 3030 3519 voluerim,
3077 3454 3244 3509 multa
3285 3456 3527 3515 dicereut
3568 3458 3605 3526 ³,
3643 3458 3749 3531 quod

2210 3538 2359 3607 quasi
2399 3540 2721 3610 appetissem
2763 3557 2987 3615 magnus
3033 3545 3221 3601 videri.
3253 3547 3318 3602 Et
3358 3566 3463 3620 quo
3504 3550 3625 3607 mihi
3667 3560 3753 3608 erat

2210 3629 2350 3684 istud
2374 3668 2390 3697 ,
2443 3642 2501 3686 ut
2545 3640 2817 3702 putaretur
2844 3643 2899 3691 et
2926 3634 3289 3706 disputaretur
3322 3641 3390 3696 de
3432 3643 3606 3699 animo
3635 3657 3750 3711 meo.

2208 3727 2261 3774 et
2286 3718 2745 3791 blasphemaretur
2771 3721 2967 3781 bonum
3007 3730 3284 3784 nostrum?

2209 3847 2212 3865 ;
2281 3812 2337 3866 4.
2366 3811 2503 3878 Quin
2530 3813 2711 3881 etiam,
2742 3816 2887 3886 quod
2907 3817 3020 3888 ipsa
3034 3821 3493 3879 testatelitterario
3516 3812 3670 3883 labori
3688 3818 3751 3882 ni-

2214 3903 2322 3959 mio
2352 3903 2536 3974 pulmo
2565 3920 2717 3960 meus
2757 3906 2949 3964 cedere
2991 3920 3250 3981 cmperat,
3286 3923 3342 3969 et
3368 3915 3637 3974 difficulter
3668 3928 3749 3972 tra-

2211 3995 2343 4053 here
2382 3998 2635 4069 suspiria,
2686 3999 3064 4074 doloribusque
3106 4008 3337 4076 pectoris
3384 4012 3557 4066 testari
3586 4025 3752 4069 sessu-

2216 4091 2380 4159 cium,
2407 4106 2708 4164 vocemque
2733 4095 3013 4152 clariorem
3041 4100 3501 4168 productioremre
3522 4117 3749 4171 recusare,

2222 4184 2401 4256 primo
2444 4186 2846 4257 perlurbaverat
2873 4204 2981 4257 me,
3012 4191 3136 4261 quia
3182 4194 3470 4265 magisterii
3511 4198 3639 4254 illius
3658 4212 3748 4252 sar-

2211 4274 2387 4331 cinam
2425 4291 2571 4346 pene
2605 4277 2717 4347 jam
2765 4280 3085 4337 necessitate
3114 4281 3383 4354 deponere
3422 4288 3655 4359 cegebat,
3678 4294 3751 4343 aut

2210 4368 2256 4422 si
2299 4368 2473 4423 curari
2522 4377 2578 4425 et
2616 4370 2989 4427 convalescere
3017 4374 3330 4443 potuissem,
3360 4390 3504 4435 certe
3530 4380 3747 4435 intermit-

2211 4468 2345 4515 tere.
2370 4459 2478 4516 Sed
2506 4460 2597 4516 ubi
2627 4462 2779 4531 plena
2806 4462 3053 4519 voluntas
3078 4468 3321 4536 racaudi,
3346 4479 3402 4526 et
3426 4470 3617 4527 videndi
3636 4483 3743 4541 quo-

2210 4554 2353 4611 niam
2383 4564 2438 4610 tu
2481 4569 2542 4612 es
2583 4556 2859 4623 Dominus,
2888 4558 3071 4614 oborta
3101 4560 3232 4615 mibi
3259 4571 3343 4618 est
3367 4574 3523 4637 atque
3546 4565 3738 4627 firmata;

2208 4648 2373 4716 nosti,
2421 4647 2564 4704 Deus
2604 4664 2778 4717 meus,
2819 4650 2978 4706 etiam
3016 4652 3251 4723 gaudere
3287 4656 3449 4727 cmpi,
3494 4655 3620 4729 quod
3654 4656 3744 4710 inec

2209 4755 2422 4812 quoque
2452 4739 2671 4798 suberat
2698 4756 2803 4797 non
2834 4741 3062 4799 mendax
3084 4747 3377 4813 excusatio,
3401 4763 3515 4818 qum
3537 4745 3741 4803 oil‘eusio-

2206 4848 2331 4889 nem
2360 4834 2634 4890 hominum
2678 4842 3032 4906 temperaret,
3072 4838 3160 4907 qui
3188 4851 3405 4911 propter
3440 4841 3623 4897 liberos
3638 4850 3741 4897 suos

2208 4942 2295 4981 me
2321 4926 2545 4983 liberum
2567 4941 2691 4983 esse
2714 4942 2983 4998 nunquam
3010 4928 3277 4985 volebant.
3301 4930 3492 4989 Plenus
3518 4932 3655 5005 igitur
3669 4926 3737 4985 tali

2207 5018 2403 5091 gaudio
2431 5019 2723 5077 tolerabam
2768 5019 2898 5075 illud
2940 5020 3278 5078 intervallum
3310 5028 3577 5096 temporis,
3602 5024 3737 5078 donec

2206 5112 2555 5168 decurreret:
2588 5112 2770 5168 nescio
2799 5121 2975 5168 utrum
3016 5113 3101 5169 vel
3141 5113 3325 5185 viginti
3350 5115 3463 5171 dies
3486 5123 3637 5183 erant,
3665 5107 3737 5168 sed

2208 5213 2386 5261 tamen
2413 5204 2623 5260 fortiter
2649 5204 3038 5272 tolerabantur;
3068 5206 3190 5278 quia
3210 5216 3501 5263 recesserat
3523 5204 3735 5279 cupiditas

2206 5312 2325 5370 qua:
2351 5312 2561 5354 mecum
2588 5296 2792 5354 solebat
2820 5296 2963 5355 ferre
2976 5313 3140 5370 grave
3160 5302 3449 5371 negotium,
3471 5309 3522 5357 et
3541 5315 3628 5371 ego
3644 5309 3734 5371 pre

2206 5390 2435 5448 mendus
2464 5405 2846 5459 remanseram,
2872 5391 2973 5447 nisi
3016 5392 3271 5463 patientia
3301 5394 3609 5450 succederet.
3634 5392 3732 5447 Pac-

2267 5531 2283 5564 ι
2305 5535 2411 5580 Mss.
2428 5528 2524 5579 duo
2537 5527 2721 5579 habent
2738 5541 2752 5577 :
2771 5536 2838 5580 Ne
2852 5525 2904 5579 in
2918 5525 3018 5579 ima
3030 5532 3371 5582 "struerentur.

2262 5592 2287 5625 ⁸
2304 5590 2631 5651 Discederem,
2644 5589 2783 5653 juxta
2798 5589 2831 5640 6
2847 5598 2948 5655 Mss.
2968 5586 3174 5655 quorum
3196 5592 3293 5642 duo
3307 5600 3461 5655 Germ.
3478 5596 3613 5653 ω,
3624 5598 3663 5643 tl
3676 5586 3728 5643 lt

2204 5652 2522 5719 discederem,
2562 5652 2688 5703 Unus
2884 5652 3143 5719 fert'etiam
3160 5655 3354 5707 voculas
3369 5654 3413 5708 si
3429 5660 3510 5709 ua.
3528 5661 3579 5704 It.

2268 5712 2291 5750 ⁸
2306 5714 2445 5771 uuln
2460 5714 2844 5781 dtcerent,juxta
2862 5718 2983 5768 uari,
3008 5724 3072 5766 er
3090 5716 3121 5765 4
3147 5720 3251 5780 uss.
3287 5724 3341 5767 ιι.
