3880 6394
139 394 228 456 763

137 526 260 569 casse
281 523 356 562 me
383 506 436 562 in
463 505 566 562 hoc
590 505 866 578 quisquam
896 520 1168 562 servorum
1215 513 1422 561 tuorum
1450 504 1672 560 fratrum

140 615 341 658 meorum
381 597 611 662 dixerit,
663 596 798 667 quod
820 598 929 668 jam
959 597 1115 667 pleno
1143 597 1303 653 corde
1347 598 1531 654 militia
1563 609 1670 664 tua,

140 706 288 767 passus
314 705 391 744 me
430 686 622 743 fuerim
667 683 744 742 vel
772 704 870 742 una
918 681 1049 743 hora
1075 687 1264 745 sedere
1308 688 1360 743 in
1403 688 1662 745 cathedra

140 777 370 843 mendacii.
397 777 466 835 At
489 795 591 850 ego
618 795 722 834 non
744 780 1027 835 contendo.
1058 777 1162 836 Sed
1194 789 1268 845 tu,
1320 777 1548 838 Domine
1571 783 1672 838 mi-

139 869 511 932 sericordissime
531 912 546 933 ,
575 885 752 926 nonne
781 879 834 926 et
862 871 963 928 hoc
991 883 1268 943 peccatum
1295 890 1416 930 cum
1461 875 1672 932 caeteris

138 962 366 1024 horrendis
391 965 444 1018 et
467 955 725 1029 funereis,
755 959 810 1018 in
834 977 971 1034 aqua
1002 975 1186 1022 sancta
1227 965 1474 1038 ignovisti
1503 976 1558 1024 et
1580 983 1668 1024 re-

136 1055 284 1114 misisti
309 1053 467 1110 mihi?

712 1123 944 1184 CAPUT
983 1125 1071 1185 Ill.

366 1215 692 1274 Verecundus
734 1217 960 1275 consedit
988 1219 1067 1276 illi
1107 1239 1194 1278 rus
1219 1235 1385 1277 suum.

197 1312 242 1372 5.
257 1305 598 1368 lacerabatur
623 1309 963 1369 anxietudlne
991 1307 1339 1372 Verecundus
1363 1315 1430 1372 de
1452 1315 1554 1373 isto
1575 1327 1670 1372 no-

145 1415 231 1464 stra
248 1406 383 1470 bono,
408 1403 551 1475 quod
579 1411 799 1478 propter
822 1403 1030 1463 vincula
1057 1422 1152 1464 sua
1173 1451 1186 1476 ,
1220 1409 1414 1480 quibus
1442 1411 1670 1467 tenacis-

138 1499 236 1556 sime
257 1494 538 1563 tenebatur,
580 1493 757 1554 deseri
791 1513 850 1554 se
890 1508 1074 1555 nostro
1117 1501 1392 1557 consortio
1431 1501 1662 1560 videbat.

135 1590 325 1648 Nondum
354 1585 695 1659 christianus,
749 1590 976 1663 conjuge
1024 1589 1198 1660 tldeli,
1241 1610 1304 1651 ea
1348 1594 1459 1667 ipsa
1490 1605 1667 1653 tamen

137 1687 310 1742 artiore
348 1697 451 1757 prae
479 1686 694 1740 caeteris
737 1685 1018 1757 compede,
1064 1678 1132 1744 ab
1163 1687 1354 1745 itinere
1403 1689 1544 1760 quod
1571 1703 1666 1762 ag-

138 1777 260 1849 gte'sSl
302 1787 530 1843 eramus,
582 1773 997 1835 retardabatur:
1039 1796 1138 1838 nec
1169 1780 1519 1839 christianum
1548 1796 1666 1842 esse

137 1869 210 1923 alio
227 1867 362 1923 modo
388 1881 445 1925 se
469 1865 608 1924 velle
625 1867 857 1934 dicebat.
881 1888 1039 1943 quam
1069 1875 1160 1930 illo
1176 1890 1281 1947 quo
1309 1893 1412 1931 non
1434 1877 1661 1948 poterat.

138 1959 314 2031 Benigne
334 1973 452 2014 sane
476 1959 693 2028 obtulit,
720 1963 1049 2034 utquamdiu
1077 1965 1148 2020 ibi
1170 1975 1427 2032 essemus,
1460 1968 1512 2023 in
1539 1984 1664 2024 rure

35 2044 42 2112 ι
137 2051 219 2118 ejus
237 2059 445 2104 essemus
471 2050 509 2102 ί.
539 2044 828 2108 Retribues
871 2051 946 2108 illi
971 2049 1015 2119 ‘,
1049 2055 1294 2121 Domine,
1340 2056 1390 2112 in
1420 2074 1663 2115 resurre-

139 2138 538 2212 ttitmejustorum.
569 2142 698 2214 quia
718 2146 826 2213 jam
860 2144 1028 2215 ipsam
1057 2155 1252 2203 sortem
1277 2149 1564 2205 retribuisti
1591 2149 1660 2208 ei.

135 2231 342 2301 Quamvis
366 2234 494 2290 enim
522 2233 844 2291 absentibus
865 2237 1021 2294 nobis
1066 2254 1187 2294 cum
1215 2241 1402 2296 Romae
1439 2241 1550 2313 jam
1572 2260 1663 2299 es-

136 2337 293 2390 remus,
315 2324 548 2396 corporali
578 2324 904 2398 aegritudine
928 2341 1226 2399 correptus,
1256 2340 1313 2387 et
1340 2331 1392 2387 in
1426 2346 1488 2389 ea
1515 2333 1660 2390 chri-

137 2415 292 2472 stianos
323 2423 368 2471 et
389 2413 555 2473 ﬁdelis
600 2417 799 2487 factus,
849 2435 913 2476 ex
956 2421 1054 2477 hac
1085 2423 1192 2478 vita
1236 2425 1516 2497 emigravit
1548 2446 1560 2482 :
1592 2428 1662 2485 ita

139 2507 326 2564 misertus
345 2523 397 2565 es
420 2525 520 2564 non
550 2510 730 2565 solum
772 2510 907 2582 ejus,
940 2514 1032 2568 sed
1060 2514 1222 2570 etiam
1254 2518 1445 2584 nostri,
1475 2531 1542 2574 ne
1566 2534 1662 2575 co-

139 2602 307 2672 gitantes
331 2602 578 2674 egregiam
607 2617 747 2675 erga
789 2621 888 2660 nos
913 2606 1072 2662 amici
1117 2605 1522 2676 humanitatem,
1554 2627 1653 2667 nec

140 2706 226 2750 eum
268 2691 313 2750 in
348 2701 496 2768 grege
539 2703 637 2752 tuo
684 2708 1068 2768 numerantes,
1106 2701 1293 2759 dolore
1333 2703 1657 2762 intolerabili

139 2787 439 2846 cruciat-emitr.
484 2790 706 2847 Gratias
733 2789 849 2854 tibi,
894 2791 1036 2849 Deus
1079 2803 1281 2862 noster,
1333 2795 1408 2851 tui
1440 2814 1658 2866 sumus;

43 2877 46 2948 3,
141 2877 318 2936 indicant
336 2877 660 2939 hortationes
681 2885 734 2938 et
759 2883 1153 2941 consolationes
1182 2895 1284 2943 tute
1308 2905 1320 2942 :
1347 2889 1516 2947 ﬁdelis
1542 2907 1664 2962 pro-

35 2973 42 3036 ᾖ
140 2969 300 3040 missor,
321 2969 496 3030 reddes
540 2974 866 3032 Verecundo
886 3018 900 3042 ,
934 2991 1029 3047 pro
1057 2987 1179 3034 rure
1211 2980 1304 3034 illo
1332 2980 1448 3052 ejus
1479 2984 1660 3040 Cassi-

142 3061 265 3132 cieeo,
286 3057 358 3120 tibi
377 3065 438 3120 ab
451 3075 580 3121 testu
603 3067 793 3123 saeculi
816 3068 1178 3139 requievimus
1203 3071 1254 3126 in
1283 3081 1353 3139 te,
1383 3077 1661 3131 amoenita-

143 3158 513 3228 temsetnpiterne
552 3159 788 3217 virentis
834 3161 1063 3232 paradisi
1096 3163 1190 3230 tui,
1225 3166 1472 3236 quoniam
1501 3167 1658 3223 dimi-

143 3241 224 3302 sisti
243 3247 284 3304 ei
317 3255 508 3320 peccata
552 3261 726 3323 super
767 3255 988 3318 terram,
1042 3255 1092 3310 in
1131 3267 1311 3312 monte
1362 3257 1655 3328 ineaseato,

144 3337 387 3407 moniciae,
412 3353 586 3398 monte
610 3341 769 3399 uberi
803 3339 974 3418 (Psai.
1006 3361 1172 3412 uvn,
1209 3347 1335 3419 16).

193 3427 238 3484 ϐ.
259 3427 518 3504 Augebatur
537 3450 677 3508 ergo
707 3443 832 3491 tunc
864 3435 1012 3507 ipse;
1043 3435 1326 3496 Nebridius
1349 3451 1524 3499 autem
1550 3445 1658 3500 col-

143 3511 377 3578 laetabatur.
398 3525 646 3594 Quamvis
673 3529 817 3584 enim
844 3537 896 3586 et
922 3529 1036 3600 ipse
1063 3533 1305 3588 nondum
1335 3535 1656 3592 christianos

152 3700 340 3762 Veritatis
362 3707 462 3768 Filii
504 3711 578 3768 tui
639 3727 856 3768 carnem
905 3715 1217 3786 phantasma
1267 3718 1545 3787 crederet;
1577 3731 1653 3776 ta-

143 3807 234 3851 men
252 3795 350 3856 inde
363 3815 655 3877 emergens,
684 3802 762 3861 sic
787 3806 890 3864 sibi
908 3817 1041 3873 erat,
1061 3809 1297 3866 nondum
1325 3814 1446 3870 ullis
1465 3811 1654 3872 Eccle-

39 3888 46 3976 ξ
145 3888 674 3957 siahtzsacramentis
716 3900 970 3969 imbutus,
1018 3903 1112 3958 sed
1159 3905 1438 3976 inquisitor
1467 3909 1655 3966 arden-

147 3975 570 4047 litiimnsveritatis.
595 3991 772 4058 Quem
796 4007 902 4048 non
927 3993 1094 4050 multo
1112 3975 1656 4065 postcmiversionem

145 4073 321 4131 nestum
362 4081 411 4135 et
455 4081 913 4154 regenerationem
963 4101 1058 4156 per
1105 4087 1430 4157 Baptismum
1484 4101 1650 4159 tuum,

51 4243 54 4246 _
295 4167 436 4228 etiam
459 4169 669 4232 fidelem
693 4177 1018 4234 Catholicum
1047 4182 1290 4238 castitate
1318 4185 1547 4254 perlecta
1575 4195 1654 4244 at-
1711 4219 1737 4233 κ

49 4255 56 4348 ξ
144 4257 518 4348 “continentia
557 4266 654 4323 tibi
694 4265 1019 4326 servientem
1053 4270 1105 4326 in
1132 4272 1306 4329 Africa
1337 4276 1474 4348 apud
1506 4295 1650 4348 suos,

246 4353 336 4405 tota
361 4351 537 4412 domus
564 4357 681 4429 ejus
707 4376 805 4431 per
828 4377 949 4417 eum
980 4363 1269 4420 christiana
1301 4367 1438 4423 facta
1469 4383 1609 4427 esset

143 4441 262 4518 uti
289 4441 507 4515 solvisti;
548 4457 603 4506 et
650 4467 792 4508 nunc
823 4452 912 4510 ille
950 4453 1078 4510 vivit
1106 4455 1155 4509 in
1186 4457 1308 4513 sinu
1357 4459 1647 4518 Abraham.

43 4517 50 4627 ξ
372 4535 492 4596 illud
533 4551 616 4600 est
644 4545 783 4616 quod
819 4541 907 4602 illo
936 4547 1263 4619 signiﬁcatur
1290 4553 1408 4608 sinu
1443 4553 1516 4627 (a)
1538 4597 1550 4620 ,
1581 4517 1649 4611 ibi

142 4615 358 4719 Was
381 4645 521 4690 meus
532 4633 675 4704 vivit,
695 4637 864 4694 dulcis
883 4642 1087 4698 amicus
1115 4659 1286 4714 meus,
1311 4653 1433 4703 tuus
1449 4658 1646 4719 autem,

360 4721 630 4796 adoptivus
668 4741 733 4786 ex
765 4731 956 4787 liberto
985 4733 1158 4799 illius;
1208 4705 1285 4791 ibi,
1326 4739 1470 4795 vivit.
1518 4705 1648 4797 Nam

142 4797 233 4894 illis
250 4805 365 4870 alios
381 4817 468 4874 tali
497 4821 684 4876 anima:
711 4825 885 4880 locus!
920 4825 995 4882 lbi
1019 4797 1168 4894 vivit,
1195 4829 1337 4886 unde.
1371 4849 1456 4889 me
1485 4836 1648 4890 multa

142 4890 430 4998 itiier'rogsbat
451 4910 863 4972 homuncionem
885 4890 1238 4990 inexpertum.
1267 4922 1384 4978 Jam
1423 4942 1526 4981 non
1555 4943 1650 4998 po-

143 4985 453 5082 fillﬁmnsd
476 5013 538 5060 0s
566 5019 738 5063 meum
761 5047 776 5075 ,
809 5008 903 5064 sed
947 4985 1224 5082 spirituale
1266 5028 1327 5069 os
1354 5015 1419 5072 ad
1446 4985 1646 5076 fontem

369 5079 514 5164 bibit,
556 5108 806 5168 quantum
849 5079 1044 5172 potest,
1073 5104 1383 5176 sapientiam
1410 5125 1506 5180 pro
1532 5113 1644 5168 avi-

144 5163 272 5236 dilata
289 5191 393 5252 Itis,
421 5163 534 5245 sine
574 5163 681 5248 line
718 5163 870 5249 felix:
918 5163 1278 5254 Nec'sic'eum
1309 5163 1537 5259 arbitror
1562 5206 1643 5261 in-

189 5321 1050 5454 immani
1073 5359 1199 5454 τε
1215 5351 1320 5416 δίκε
1335 5368 1561 5410 am

190 5400 648 5515 'Mmiugguxta
663 5400 882 5482 Mamre;
904 5400 1065 5486 tates:
1095 5400 1191 5487 ita:
1219 5400 1318 5416 ⁷⁷⁷⁷
1337 5400 1561 5410 "mm"

144 5441 458 5561 41mm
633 5477 638 5482 '
666 5471 918 5576 signiﬁcari
937 5474 1645 5576 credideritOAugustinusmge-

177 5563 220 5576 _.,
333 5527 549 5576 Meam
563 5527 679 5576 “b4
727 5545 757 5576 e
769 5534 928 5576 Anima
948 5543 998 5576 nt.
1016 5551 1123 5576 mne
1137 5545 1331 5576 nrimnn
1349 5555 1375 5576 ρ
1410 5543 1465 5576 In
1495 5558 1524 5576 η
1595 5543 1616 5576 ι
1629 5565 1640 5576 .

315 5497 704 5521 -σ-ιυωυωωθι
742 5497 892 5523 ιιιιιωι
906 5497 918 5520 l
937 5497 1514 5543 u'cutuct'tuugusunus,
1590 5498 1640 5536 e-

315 5527 549 5638 mitr
563 5527 679 5581 litui
693 5497 757 5604 (ἦ
767 5534 930 5586 Anima
948 5543 998 5585 et
1016 5535 1123 5602 ejus
1137 5539 1331 5604 Origine
1349 5555 1389 5591 c.
1410 5543 1482 5603 l6,
1495 5497 1640 5599 [δεῇ

369 5637 372 5638 γ
507 5587 723 5638 Menke
746 5603 981 5638 remotam
1005 5599 1175 5638 cadam
1192 5601 1371 5638 nninliu
1397 5611 1542 5638 ειιηιιο
1568 5621 1640 5638 me

693 5605 723 5644 e
746 5601 982 5668 remotam
1005 5599 1176 5668 sedem
1192 5599 1373 5668 quietis
1396 5599 1544 5668 atque
1567 5621 1646 5658 se-

151 5637 430 5752 :ggsm
443 5637 982 5726 erm;'ane‘a
993 5637 1387 5713 magism.
1396 5637 1644 5738 ὶῖἦῒξιῖᾶῑ

154 5755 272 5768 --.4.
666 5713 796 5768 αιιοά
809 5711 914 5768 inse
930 5728 1066 5768 nam
1079 5723 1336 5768 multarum
1348 5737 1564 5768 anntmm
1583 5734 1642 5768 nil

1345 5711 1645 5790 gentium-

1033 5779 1144 5838 ﬁdei
1168 5777 1437 5856 “incidant

1495 387 1698 446 LIBER
1735 385 1983 446 NONUS.

1783 507 1974 562 ebriari
2003 523 2067 564 ex
2095 524 2175 577 ea,
2209 518 2267 566 ut
2310 514 2651 574 obliviscatur
2678 521 2808 587 mei,
2847 537 2968 579 cum
3015 533 3092 586 tu.
3122 525 3369 599 Domine,

1779 615 1937 668 quem
1961 610 2107 669 potat
2136 603 2223 658 ille
2254 605 2293 667 ¹,
2323 609 2488 662 nostri
2516 611 2588 665 sis
2614 629 2840 669 utemur.
2869 616 2957 671 Sic
2988 633 3118 688 ergo
3151 636 3368 682 eramus

1778 689 2150 748 Verecundum
2182 699 2520 756 consolantes
2563 703 2789 774 tristem,
2821 710 2964 764 salva
2995 713 3248 776 amicitia.
3297 716 3368 776 de

1780 782 1869 838 tali
1900 787 2250 843 conversione
2294 801 2474 846 nostra
2505 794 2526 825 ¹
2554 836 2568 859 ,
2610 804 2664 851 et
2708 798 3052 859 exhortantes
3077 805 3143 862 ad
3196 809 3358 868 iidem

1776 873 1971 944 gradus
2001 876 2102 942 sui,
2129 878 2250 934 vita:
2278 882 2482 939 scilicet
2500 886 2823 957 conjugalis;
2854 892 3158 952 Nebridium
3184 910 3364 960 autem

1777 965 2114 1036 opperientes
2134 972 2344 1041 quando
2369 987 2702 1046 sequeretur,
2721 983 2862 1052 quod
2885 985 2950 1040 de
2983 995 3088 1043 tam
3121 994 3366 1061 proximo

1776 1067 2008 1128 poterat,
2037 1069 2088 1116 et
2114 1073 2226 1118 erat
2251 1063 2360 1134 jam
2393 1065 2608 1139 jamque
2631 1071 2864 1129 facturus
2895 1093 2908 1128 :
2932 1092 3053 1133 cum
3080 1097 3203 1138 ecce
3231 1102 3362 1142 evo-

1777 1148 1872 1204 luti
1897 1160 2021 1206 sunt
2047 1153 2162 1210 dies
2186 1156 2258 1211 illi
2287 1158 2529 1226 tandem;
2554 1178 2674 1218 nam
2698 1166 2838 1238 longi
2853 1178 2908 1226 et
2935 1173 3082 1228 inniti
3110 1177 3366 1235 videban—

1778 1248 1862 1296 tur
1901 1259 2008 1314 prze
2044 1261 2227 1304 amore
2270 1249 2526 1308 libertatis
2551 1257 2759 1322 otiosae,
2813 1261 2878 1316 ad
2923 1269 3245 1325 cantandum
3302 1272 3370 1329 de

1778 1333 2022 1392 medullis
2048 1340 2313 1407 omnibus,
2333 1341 2447 1400 Tibi
2473 1348 2599 1402 dixit
2618 1366 2704 1404 cor
2728 1369 2915 1416 meum,
2935 1357 3154 1422 Quaesivi
3179 1365 3370 1420 vultum

1793 1438 1935 1486 tuum
1953 1450 1974 1500 ,'
1995 1435 2356 1509 vultumtuum,
2379 1438 2616 1511 Domine,
2644 1448 2895 1517 requiram
2913 1449 3082 1526 (Paul.
3109 1473 3262 1525 xxvr,
3287 1459 3369 1531 8).

2428 1577 2658 1638 CAPUT
2696 1584 2785 1642 IV.

1777 1676 1921 1736 Libri
1945 1683 2084 1754 apud
2110 1681 2446 1746 Cassiciacum
2465 1694 2657 1764 scripti.
2684 1689 2937 1769 Epistolis
2957 1702 3026 1757 ad
3042 1691 3367 1765 Nebridium.

1843 1774 1924 1831 De
1965 1776 2135 1834 ablato
2185 1792 2388 1853 repente
2425 1784 2602 1843 dolore
2643 1787 2884 1847 Dentium
2928 1797 3203 1868 acerrimo,
3245 1791 3366 1858 dunt

1845 1867 2073 1938 psalmos
2103 1872 2186 1943 pie
2209 1875 2407 1929 evolvit.

1842 2005 1895 2060 7.
1936 2007 2004 2062 Et
2030 2009 2174 2064 venit
2197 2010 2315 2067 dies
2349 2013 2402 2068 in
2439 2029 2544 2086 quo
2572 2018 2732 2074 etiam
2763 2031 2885 2078 actu
2914 2025 3156 2084 solvercr
3184 2046 3214 2085 a
3243 2046 3369 2101 pro.

1768 2093 2002 2154 fessione
2040 2098 2322 2170 rhetorica,
2375 2105 2514 2161 unde
2548 2107 2657 2176 jam
2687 2113 2918 2182 cogitatu
2948 2117 3154 2176 solutus
3193 2093 3362 2180 eram;

1771 2186 1837 2241 Et
1874 2187 2071 2245 factum
2114 2200 2215 2260 est,
2256 2203 2311 2250 et
2347 2197 2531 2252 eruisti
2573 2199 2806 2271 linguam
2853 2220 3046 2273 meam,
3079 2213 3219 2269 unde
3251 2215 3362 2286 jam

1769 2293 1985 2337 erucras
2008 2297 2102 2338 cor
2128 2298 2336 2352 meum;
2366 2294 2422 2342 et
2449 2288 2826 2350 benedicebam
2847 2299 2937 2353 tibi
2961 2304 3218 2372 gaudens,
3239 2324 3358 2377 pro-

1769 2372 1940 2430 fectus
1979 2377 2030 2430 in
2077 2377 2257 2433 villam
2285 2395 2406 2436 cum
2435 2384 2568 2440 meis
2596 2388 2863 2444 omnibus.
2895 2392 2967 2447 lbi
3006 2395 3132 2465 quid
3160 2372 3360 2470 egerim

1769 2465 1824 2520 in
1864 2467 2078 2535 litteris,
2115 2468 2224 2540 jam
2273 2473 2486 2543 quidem
2517 2479 2874 2538 servientibus
2912 2484 3026 2551 tibi,
3062 2489 3156 2543 sed
3185 2465 3360 2551 adhuc

1769 2560 2032 2628 superbiae
2059 2561 2318 2632 scholam,
2353 2575 2602 2638 tanquam
2647 2570 2698 2626 in
2732 2578 3039 2643 pausatione
3067 2580 3362 2642 anhelanti-

1770 2651 1868 2706 bus
1886 2653 1925 2718 ³,
1953 2662 2212 2710 testantur
2228 2657 2345 2714 libri
2363 2659 2612 2732 disputati
2633 2679 2753 2721 cum
2782 2673 3150 2742 praesentibus,
3169 2685 3360 2736 etcum

1768 2744 1885 2814 ipso
1922 2762 2006 2801 me
2034 2749 2148 2803 solo
2172 2767 2351 2806 coram
2394 2763 2478 2808 te:
2503 2771 2622 2826 qua).
2665 2769 2841 2816 autem
2867 2778 2988 2819 cum
3015 2767 3234 2825 absente
3257 2771 3362 2827 Nec

1769 2833 1960 2899 liridio,
2004 2846 2266 2895 testantur
2300 2843 2560 2913 epistolae.
2601 2847 2669 2902 Et
2708 2853 2920 2920 quando
2965 2857 3092 2912 mihi
3132 2861 3361 2919 sulliciat

1770 2935 1976 2996 tempus
1998 2935 2450 2990 commemorandi
2479 2939 2656 2994 omnia
2678 2955 2865 3013 magna
2889 2962 3010 3016 erga
3033 2963 3131 3004 nos
3161 2951 3359 3010 beneﬂ-

1766 3019 1848 3073 cia
1876 3027 1961 3073 tua
1986 3021 2036 3075 in
2064 3022 2158 3078 illo
2186 3032 2444 3095 tempore,
2479 3033 2774 3098 praesertim
2798 3035 2863 3089 ad
2881 3037 2982 3092 alia
3011 3041 3210 3110 majora
3235 3060 3360 3114 pro—

1768 3113 2012 3179 paranti?
2039 3113 2272 3170 Revocat
2299 3117 2443 3174 enim
2471 3136 2556 3175 me
2585 3124 2885 3181 recordatio
2928 3145 3067 3196 mea,
3110 3143 3165 3188 et
3198 3113 3357 3194 dulce

1767 3204 1893 3258 mihi
1919 3208 1996 3272 tit,
2031 3207 2266 3273 Domine,
2292 3213 2537 3269 conﬁteri
2565 3215 2659 3270 tibi
2689 3219 2880 3288 quibus
2905 3221 3127 3281 internis
3154 3243 3240 3284 me
3261 3231 3358 3286 sti-

1693 3363 1718 3376 !
1765 3295 1925 3350 mulis
1955 3297 2338 3368 perdomueris,
2372 3312 2424 3357 et
2449 3307 2902 3373 quemadmodum
2929 3327 3016 3368 me
3053 3319 3357 3388 complana‘

1766 3387 1928 3453 veris,
1964 3385 2255 3444 httmiliatis
2301 3393 2570 3450 montibus
2615 3405 2670 3451 et
2712 3399 2943 3456 collibus
2975 3385 3354 3476 cogitationum

1713 3518 1720 3525 .
1765 3492 2026 3546 mearum,
2053 3489 2107 3535 et
2133 3490 2366 3538 tortuosa
2393 3501 2512 3542 mea
2531 3487 2809 3554 direxeris,
2833 3501 2888 3546 et
2905 3509 3093 3564 aspera
3112 3499 3354 3569 lenieris;

1698 3611 1708 3624 .
1763 3585 1974 3640 quoque
2007 3572 2166 3627 modo
2209 3575 2383 3644 ipsum
2427 3579 2585 3634 etiam
2631 3581 2880 3652 Alypium
2924 3585 3141 3644 fratrem
3175 3593 3355 3650 cordis

148 3609 191 3665 in
211 3605 322 3670 illam
345 3607 512 3676 loream
561 3621 1007 3692 perniciosissimi
1032 3625 1237 3682 erroris
1280 3626 1562 3694 inciderat,
1600 3635 1657 3685 ut
1698 3611 1736 3662 ’-

1765 3665 1867 3718 mei
1894 3665 2169 3735 subegeris
2197 3670 2397 3724 nomini
2427 3672 2681 3742 unigeniti
2727 3675 2799 3730 tui
2847 3678 3056 3735 Domini
3095 3695 3150 3738 et
3173 3685 3354 3742 Salvae

1764 3756 1894 3812 toris
1921 3759 2087 3813 nostri
2105 3759 2466 3829 JesuChristi,
2491 3765 2631 3834 quod
2663 3767 2836 3835 primo
2861 3769 3244 3841 dedignabatur
3269 3780 3352 3831 in-

1762 3850 1868 3904 seri
1893 3850 2083 3908 litteris
2126 3856 2342 3911 nostris.
2383 3857 2547 3927 Magis
2584 3859 2725 3914 enim
2758 3877 2850 3917 eas
2878 3866 3085 3922 volebat
3112 3870 3351 3930 redolere

1761 3943 2157 4011 gymnasiorum
2198 3946 2408 4010 cedrus,
2451 3963 2585 4018 quas
2625 3949 2735 4019 jam
2781 3956 3027 4010 contrivit
3071 3960 3345 4029 Dominus,

1761 4048 1919 4103 quam
1947 4035 2191 4092 salubres
2221 4036 2412 4094 herbas
2439 4041 2832 4098 ecclesiasticas
2851 4046 3099 4104 adversas
3125 4065 3344 4122 serpen-

1762 4126 1919 4181 tibus.
3207 4155 3216 4166 -

1725 4231 1737 4266 ς
1831 4220 1884 4274 8.
1927 4219 2072 4288 Quas
2099 4220 2214 4289 tibi,
2241 4223 2380 4278 Deus
2409 4238 2578 4290 meus,
2609 4240 2768 4283 voces
2788 4229 2932 4296 dedi,
2956 4245 3077 4290 cum
3114 4233 3345 4309 legerem

1763 4310 2000 4367 Psalmos
2031 4313 2210 4379 David,
2236 4317 2436 4373 cantica
2462 4319 2656 4387 tldelia,
2680 4331 2734 4378 et
2758 4337 2916 4382 sonos
2939 4329 3146 4398 pietatis
3168 4335 3347 4390 ιιιυιυι

1759 4403 1946 4461 dentes
1977 4408 2242 4478 turgidum
2283 4412 2561 4482 spiritum;
2603 4416 2752 4474 rudis
2793 4417 2842 4474 in
2871 4437 3122 4492 germano
3161 4443 3343 4486 amore

1760 4505 1868 4562 tuo,
1883 4499 2295 4558 eatechutnenus
2312 4503 2365 4558 in
2383 4505 2501 4561 villa
2518 4517 2636 4561 cum
2658 4511 3037 4568 catechutneno
3051 4516 3237 4588 Alypio
3262 4520 3341 4577 lc-

1760 4590 1947 4657 riatus,
1980 4603 2149 4649 matre
2179 4595 2484 4654 adhaerente
2512 4601 2664 4656 nobis
2693 4605 2939 4661 muliebri
2981 4607 3178 4677 habitu,
3207 4613 3341 4671 virili

1758 4681 1881 4748 title,
1930 4683 2055 4738 anili
2095 4687 2398 4754 securitate,
2443 4701 2680 4747 materna
2724 4695 3010 4766 charitate,
3054 4703 3338 4762 christiana

1757 4775 1987 4844 pietate?
2020 4778 2160 4844 Quas
2202 4781 2292 4834 tibi
2337 4791 2495 4838 voces
2538 4785 2729 4842 dabam
2778 4789 2826 4842 iit
2866 4793 3080 4860 psalmis
3123 4795 3246 4864 illis,
3287 4801 3342 4857 et

1757 4867 2026 4938 quomodo
2051 4873 2102 4924 in
2132 4879 2181 4926 te
2211 4872 2579 4930 inﬂammabar
2607 4889 2670 4932 ex
2696 4878 2793 4944 eis,
2822 4891 2873 4937 ct
2899 4887 3228 4944 accendehar
3247 4901 3341 4947 eos

1758 4961 2064 5028 recitare,si
2096 4978 2327 5033 possem,
2361 4973 2474 5022 toto
2501 4969 2632 5025 orbe
2656 4977 2939 5042 terrarum,
2971 4977 3229 5037 adversus
3255 4987 3340 5057 ty-

1754 5051 1916 5122 phum
1946 5055 2155 5124 generis
2182 5055 2432 5113 humani?
2454 5059 2518 5114 Et
2542 5067 2718 5118 tamen
2746 5071 2858 5121 toto
2885 5065 3013 5126 urbe
3036 5051 3335 5143 cantanttir,

1753 5153 1809 5199 et
1830 5159 1934 5199 non
1959 5155 2042 5201 est
2065 5147 2152 5218 qui
2181 5163 2238 5202 se
2269 5149 2561 5206 abscondat
2584 5169 2612 5208 a
2642 5156 2820 5214 calore
2843 5168 2952 5216 tuo.
2982 5164 3151 5230 Quam
3183 5169 3338 5226 vehe-

1754 5238 1917 5294 menti
1941 5246 1996 5294 et
2018 5239 2126 5295 acri
2149 5241 2333 5298 dolore
2355 5243 2664 5316 indignabar
2682 5249 3014 5321 Manichinis;
3042 5265 3095 5314 et
3116 5259 3336 5316 misera-

1815 5425 1834 5489 !
1853 5430 1902 5474 tn
1917 5419 2107 5473 duobus
2120 5430 2246 5489 Mss,
2263 5437 2294 5489 ᾳ
2309 5437 2402 5489 quo
2417 5429 2608 5489 natatur
2624 5425 2723 5479 ille.

1813 5487 1833 5546 2
1851 5493 1960 5536 Lov.
1980 5498 2089 5534 eum
2107 5486 2459 5548 antiquioribus
2475 5489 2584 5538 Edd.
2599 5523 2614 5548 ,
2653 5493 3003 5544 conversatione
3018 5501 3194 5546 nostra.

1815 5501 1833 5519 ι
1851 5501 1960 5536 Lov.
1980 5501 2089 5534 cum
2107 5501 2204 5536 anu
2239 5501 2459 5537 mortuus
2475 5501 2584 5538 una.
2599 5523 2614 5548 ,
2653 5501 3003 5544 conversatione
3018 5501 3194 5546 nostra.

2072 5501 2336 5626 eadem
2354 5545 2658 5626 amatis
2673 5553 2898 5626 δοκιοιιξηι»
2914 5561 3137 5626 manem
3155 5556 3336 5626 «ire»

1749 5609 1978 5684 sationem
1997 5605 2347 5686 anhelantibus.
2373 5605 2487 5686 arui
2516 5619 2702 5686 et‘btss.
2966 5605 3232 5686 ριίεβῖθνιξῐξί

1749 5673 1977 5744 ctionetn.
1997 5679 2177 5744 Nempe
2193 5672 2253 5720 ad
2271 5671 2385 5744 illud
2411 5674 2700 5736 Augustinus
2724 5675 2888 5744 alludit
2917 5671 3046 5744 quiat
3071 5678 3237 5744 accidit
3257 5680 3331 5728 tu-

1748 5734 2021 5806 gieutibtts,
2050 5734 2133 5798 qui
2150 5747 2258 5810 cum
2283 5734 2744 5810 primum'plausant,
2772 5734 3048 5810 aliquandiu
3083 5737 3328 5810 anhelant.

1749 5795 1873 5847 Libri
1893 5795 2172 5866 porroquos
2189 5796 2266 5846 hic
2280 5795 2395 5846 dicit
2412 5798 2458 5845 in
2481 5795 2585 5866 villa
2604 5795 2830 5866 sta-ipsos,
2859 5795 2893 5848 ii
2908 5806 3024 5850 sunt
3047 5800 3130 5866 qui
3153 5809 3329 5854 recen-

1753 5867 1922 5913 sentttt'
1937 5857 1989 5908 in
2006 5857 2128 5908 libro
2147 5859 2169 5908 1
2193 5866 2416 5921 διεξίωσι,
2434 5870 2540 5920 cap.
2562 5858 2663 5909 1-6.

3229 402 3376 483 ⁵ιιω

3377 5390 3388 5490 ἑ
