3880 6388
549 421 654 482 767

547 544 644 600 bar
663 553 757 597 eos
771 548 975 603 rursus,
992 531 1135 606 quod
1151 531 1240 590 illa
1257 533 1616 593 sacramenta,
1633 524 1721 581 illa
1751 523 2140 580 medicamenta

547 633 846 697 nescirent,
887 638 940 685 et
977 627 1146 683 insani
1192 631 1374 682 essent
1409 621 1663 677 adversus
1707 617 2002 673 antidotum
2036 626 2142 683 quo

547 724 662 782 sani
689 737 810 779 esse
851 712 1177 792 potuissent!
1213 716 1416 772 Vellem
1452 722 1512 768 ut
1538 711 1731 768 alicubi
1773 709 1922 780 juxta
1963 711 2143 761 essent

547 816 728 880 tunc‘,
760 823 928 869 etme
966 811 1242 867 nesciente
1279 807 1420 879 quod
1458 805 1530 860 ibi
1567 811 1768 868 essent,
1811 802 2142 854 intuerentur

548 908 736 965 faciem
768 906 964 972 meam,
1010 912 1064 960 et
1105 901 1352 958 audirent
1379 913 1539 954 voces
1576 911 1744 963 meas,
1786 891 1998 965 quando
2039 888 2141 961 legi

547 996 793 1074 quartum
824 997 1107 1069 psalmum,
1137 994 1190 1049 in
1222 994 1312 1048 illo
1336 1001 1463 1047 tunc
1483 989 1612 1053 otio,
1646 987 1770 1058 quid
1797 986 1864 1042 de
1891 1000 1976 1040 me
2002 983 2144 1039 fece-

547 1095 618 1150 rit
637 1093 725 1148 ille
753 1091 1006 1162 psalmus.
1039 1085 1166 1142 Cum
1190 1087 1495 1147 invocarem,
1521 1079 1774 1137 exaudivit
1795 1093 1874 1132 me
1899 1075 2032 1130 Deus
2052 1074 2144 1144 ju-

548 1187 698 1243 stitiw
720 1198 875 1248 meae;
900 1181 954 1235 in
983 1179 1302 1234 tribulatione
1326 1174 1551 1230 dilatasti
1570 1172 1716 1227 mihi.
1745 1169 1988 1225 Miserere
2020 1165 2138 1230 mei,

555 1277 796 1344 Domine,
831 1285 878 1330 et
921 1273 1107 1329 exaudi
1145 1271 1422 1327 orationem
1462 1284 1643 1322 meam.
1672 1263 1950 1327 Audirent,
1993 1261 2144 1331 igno-

548 1381 701 1429 rante
722 1388 809 1428 me
832 1379 1010 1424 utrum
1039 1366 1304 1429 audirent,
1336 1378 1404 1418 ne
1429 1377 1514 1416 me
1542 1367 1759 1431 propter
1779 1371 1838 1412 se
1856 1356 1946 1410 illa
1963 1353 2142 1409 dicere

549 1472 821 1537 putarent,
851 1476 971 1531 qua:
1011 1459 1149 1512 inter
1176 1455 1290 1510 hmo
1316 1455 1478 1509 verba
1506 1452 1752 1506 dixerim.
1794 1448 1928 1515 Quia
1965 1455 2019 1502 et
2059 1460 2142 1499 re—

551 1536 676 1613 vera
705 1569 805 1610 nec
833 1568 892 1609 ea
920 1551 1174 1614 dicerem,
1199 1563 1296 1604 nec
1316 1547 1393 1601 sic
1421 1561 1484 1600 ea
1510 1543 1763 1606 dicerem,
1795 1540 1838 1594 si
1865 1553 1951 1594 me
1976 1536 2043 1590 ab
2063 1536 2140 1591 eis

550 1648 721 1706 audiri
750 1645 1024 1716 viderique
1049 1641 1338 1698 sentirem:
1363 1651 1485 1702 nec,
1527 1635 1573 1690 si
1613 1634 1873 1696 dicerem,
1902 1629 1980 1684 sic
2003 1628 2141 1683 acci-

550 1735 1024 1812 perentqnomodo
1055 1747 1262 1789 mecum
1285 1739 1338 1787 et
1363 1728 1492 1784 mihi
1522 1741 1701 1782 coram
1726 1733 1778 1779 te
1805 1723 1874 1778 de
1897 1719 2140 1776 familiari

550 1833 741 1887 affectu
761 1828 922 1884 animi
947 1827 1071 1882 mei.

621 1923 676 1978 9.
717 1918 960 1976 Inhorrui
989 1915 1245 1982 timendo,
1278 1913 1579 1982 ibidemque
1612 1907 1836 1964 inferbui
1876 1901 2140 1977 sperando

551 2022 607 2070 et
625 2010 940 2068 exsultando
959 2010 1011 2064 in
1033 2016 1120 2063 tua
1141 2003 1528 2068 misericordia,
1549 2003 1724 2057 Pater.
1745 1999 1813 2054 Et
1827 1998 1943 2053 haec
1961 1996 2142 2052 omnia

551 2103 767 2161 exibant
794 2117 889 2172 per
913 2100 1095 2156 oculos
1139 2112 1290 2153 meos
1317 2105 1372 2151 et
1401 2110 1586 2150 vocem
1627 2107 1824 2158 meam,
1856 2105 1976 2146 cum
2006 2103 2139 2144 con-

554 2211 742 2252 versus
767 2193 832 2249 ad
857 2207 954 2248 nos
981 2191 1199 2262 spiritus
1239 2199 1360 2244 tuus
1390 2189 1562 2243 bonus
1587 2185 1660 2240 ait
1685 2185 1869 2240 nobis:
1902 2182 2024 2237 Filii
2057 2181 2141 2235 ho-

551 2288 764 2348 minum,
791 2300 1046 2356 quousque
1069 2287 1242 2354 graves
1271 2280 1455 2335 corde?
1481 2276 1912 2351 thuid'diligitis
1939 2275 2138 2329 vanita-

551 2397 669 2447 tem,
697 2389 743 2434 et
772 2378 994 2448 quaeritis
1036 2371 1391 2431 mendacium?
1423 2373 1720 2427 Dilexeram
1754 2369 1897 2424 enim
1933 2368 2140 2422 vanita-

551 2482 679 2534 tem.
711 2479 767 2526 et
803 2469 1120 2540 quaesieram
1150 2464 1506 2522 mendacium.
1541 2463 1608 2517 Et
1635 2471 1711 2527 tu,
1745 2461 1986 2526 Domine,
2028 2460 2139 2531 jam

550 2563 986 2634 magniﬁcaveras
1010 2560 1265 2615 Sanctum
1305 2566 1473 2622 tuum,
1501 2555 1762 2610 suscitans
1783 2569 1904 2610 eum
1930 2569 1960 2608 a
1993 2569 2139 2609 mor-

551 2656 679 2720 tuis,
709 2661 764 2709 et
792 2651 1061 2707 collocaris
1085 2649 1153 2705 ad
1183 2649 1457 2704 dexteram
1485 2655 1628 2702 tuam
1657 2645 1849 2720 (Marc.
1879 2660 1996 2710 xvr,
2028 2644 2138 2716 l9),

551 2745 696 2802 unde
732 2743 966 2799 mitteret
993 2757 1058 2796 ex
1086 2741 1196 2796 alto
1223 2739 1630 2811 promissionem
1675 2752 1845 2801 suam,
1892 2736 2139 2791 Paracle-

550 2845 663 2890 tutu
682 2835 935 2904 Spiritum
959 2832 1197 2888 veritatis
1229 2830 1404 2903 (Joan.
1436 2845 1551 2895 xw,
1581 2829 1665 2892 lli,
1697 2827 1820 2898 l7):
1846 2835 1899 2882 et
1923 2826 2142 2882 miserat

550 2942 671 2982 cum
710 2925 820 2996 jam
869 2923 1006 2998 (Act.
1052 2939 1109 2989 ιι,
1140 2920 1282 2993 1-4),
1323 2921 1418 2975 scd
1447 2936 1546 2993 ego
1575 2919 1899 2975 nesciebam.
1928 2918 2142 2972 Miserat

549 3034 694 3082 sum,
716 3018 838 3088 quia
855 3017 966 3088 jam
989 3015 1355 3087 magniﬁcatus
1371 3023 1506 3081 erat,
1533 3030 1816 3085 resurgens
1839 3029 1868 3068 a
1893 3013 2137 3080 mortuis,

551 3122 605 3168 et
629 3113 925 3168 ascendens
955 3112 1008 3165 in
1035 3110 1251 3166 coelum.
1280 3110 1416 3164 Ante
1445 3117 1621 3164 autem
1648 3107 1878 3176 Spiritus
1904 3106 2139 3160 nondum

547 3214 667 3260 erat
684 3205 858 3267 datus,
887 3204 1008 3273 quia
1038 3202 1192 3258 Jesus
1219 3200 1454 3256 nondum
1485 3209 1600 3255 erat
1623 3199 1938 3254 clarificatus
1961 3197 2138 3270 (Joan.

551 3313 646 3360 vn,
686 3295 801 3367 59).
847 3297 916 3350 Et
951 3294 1214 3349 clamabat
1257 3291 1610 3362 pr0phetia’:
1652 3289 1922 3359 Quousque
1967 3305 2142 3360 graves

551 3388 743 3444 corde?
784 3385 973 3455 thuid
1010 3385 1218 3454 diligitis
1257 3383 1547 3448 vanitatem,
1589 3390 1632 3435 et
1668 3382 1892 3453 quaeritis
1929 3382 2140 3436 menda-

553 3480 722 3534 cium?
741 3487 787 3531 et
809 3477 982 3531 scitote
998 3476 1236 3547 quoniam
1259 3474 1510 3529 Dominus
1531 3475 1872 3545 magniﬁcavit
1896 3474 2141 3530 Sanctum

551 3587 720 3626 suum.
748 3569 971 3633 Clamat,
995 3583 1283 3639 quousque;
1303 3569 1514 3632 clamat,
1545 3567 1756 3620 scitote:
1775 3575 1829 3622 et
1865 3580 1966 3638 ego
2003 3589 2108 3621 tam.
2137 3598 2145 3608 -

551 3661 644 3716 diu
670 3660 914 3717 nesciens
929 3660 1220 3714 vanitatem
1247 3658 1434 3726 dilexi,
1460 3668 1515 3713 et
1537 3657 1871 3715 mendacium
1892 3661 2137 3730 quaesivi;

552 3761 610 3809 et
637 3751 758 3808 ideo
790 3751 964 3806 audivi
1005 3758 1060 3806 et
1084 3749 1400 3815 contremui,
1432 3749 1684 3821 quoniam
1713 3749 1908 3805 talibus
1946 3749 2141 3805 dicitur

551 3843 763 3915 qualem
804 3857 890 3898 me
925 3841 1088 3897 fuisse
1128 3841 1528 3896 reminiscebar.
1557 3841 1615 3896 In
1641 3841 2099 3913 phantasmatibus
2118 3841 2140 3874 ⁸

549 3934 693 3990 enim
713 3948 833 4004 quae
863 3947 958 4002 pro
977 3932 1200 3987 veritate
1226 3942 1524 3998 tenueram,
1550 3931 1754 3988 vanitas
1773 3941 1888 3988 erat
1912 3942 1970 3988 et
1993 3948 2142 3989 men-

547 4025 778 4081 dacium.
809 4023 878 4080 Et
905 4023 1112 4078 insonui
1139 4023 1302 4078 multa
1331 4023 1560 4094 graviter
1583 4031 1639 4079 et
1659 4023 1866 4080 fortiter
1885 4024 1937 4079 in
1955 4025 2140 4080 dolore

547 4114 933 4173 recordationis
960 4129 1114 4171 meae.
1146 4113 1274 4182 Quae
1308 4114 1508 4169 utinam
1538 4114 1810 4170 audissent
1837 4116 1927 4186 qui
1965 4115 2138 4171 adhuc

549 4221 720 4278 usque
739 4205 1283 4277 diliguntvanitatem,
1300 4213 1356 4261 et
1373 4213 1618 4276 quan-unt
1632 4206 1992 4262 mendacium.
2009 4207 2141 4262 For-

551 4308 606 4358 te
629 4298 1093 4363 conturbarentur,
1113 4307 1166 4352 et
1185 4298 1544 4353 evomuissent
1566 4297 1724 4362 illud;
1769 4305 1824 4352 et
1859 4298 2140 4355 exaudires

547 4405 663 4456 eos,
695 4405 816 4447 cum
842 4389 1138 4446 clamarent
1160 4387 1227 4443 ad
1247 4398 1332 4444 te:
1355 4391 1604 4458 quoniam
1624 4402 1751 4441 vera
1770 4396 1941 4442 morte
1964 4388 2139 4443 carnis

549 4491 793 4536 mortuus
821 4489 904 4537 est
931 4494 1026 4550 pro
1046 4477 1223 4545 nobis,
1251 4477 1340 4548 qui
1369 4486 1420 4533 te
1450 4477 1752 4548 interpellat
1771 4493 1866 4548 pro
1892 4478 2064 4533 nobis.

618 4572 708 4628 10.
747 4572 1012 4644 Legebam
1039 4590 1052 4626 :
1076 4569 1388 4638 lrascimini,
1416 4579 1463 4624 et
1484 4571 1638 4624 nolite
1658 4586 1880 4640 peccare.
1911 4569 1979 4625 Et
2001 4586 2138 4642 quo-

547 4666 708 4720 modo
736 4666 1013 4733 movebar,
1042 4665 1184 4720 Deus
1209 4679 1380 4731 meus,
1409 4663 1500 4734 qui
1525 4663 1638 4734 jam
1667 4663 1956 4719 didiceram
1983 4665 2138 4721 irasci

549 4757 682 4812 mihi
722 4757 790 4812 de
829 4757 1130 4826 praeteritis,
1163 4765 1220 4813 ut
1247 4756 1314 4812 de
1349 4765 1546 4812 caetero
1584 4771 1689 4812 non
1730 4758 2046 4826 pecearem?
2072 4759 2140 4814 Et

549 4848 743 4904 merito
763 4847 940 4914 irasci,
966 4849 1088 4918 quia
1115 4863 1224 4904 non
1251 4848 1352 4903 alia
1378 4856 1562 4903 natura
1593 4848 1766 4918 gentis
1798 4849 2138 4905 tenebrarum

550 4940 619 4994 de
643 4954 731 4994 me
752 4939 1024 5008 peccabat,
1053 4942 1190 4995 sicut
1212 4939 1395 4996 dicunt
1417 4941 1509 5011 qui
1543 4941 1646 4996 sibi
1682 4955 1789 4996 non
1815 4942 2136 5010 irascuntur,

550 5039 607 5086 et
630 5029 990 5086 thesaurizant
1005 5031 1107 5085 sibi
1129 5031 1259 5085 iram
1287 5033 1343 5086 in
1361 5032 1449 5087 die
1466 5032 1560 5087 ira:
1579 5040 1636 5088 et
1657 5033 2000 5091 revelationis
2009 5035 2137 5106 justi

615 5166 634 5196 ι
669 5167 835 5236 pssent
868 5166 1015 5236 huic...
1035 5161 1295 5236 ignorante
1338 5178 1414 5236 me
1447 5170 1627 5236 atrum
1671 5165 1926 5236 audirent,
1973 5175 2021 5220 et
2062 5182 2138 5221 me

547 5224 786 5338 mm
817 5225 945 5288 quod
977 5224 1247 5286 ibiéssent,
1275 5227 1417 5288 juxta
1447 5233 1522 5275 Er.
1558 5229 1704 5292 Lugd.
1739 5235 1848 5279 tor.
1882 5224 2057 5281 somm.
2086 5239 2140 5283 et

611 5351 634 5382 ’
648 5346 1364 5424 Praesagiwasiitionsm
1394 5347 1733 5424 ιτξοτειιιίρειιιο
1753 5356 1809 5424 ξι
1825 5351 2002 5424 emat
2018 5367 2140 5424 ,μνο-

546 5409 709 5477 pheta,
725 5409 866 5475 juxta
883 5409 958 5459 Er:
977 5411 1124 5474 Lugd.
1155 5417 1274 5459 Ven.
1293 5418 1402 5462 nov.
1420 5418 1592 5461 Somm.
1615 5415 1736 5463 Dub.
1755 5421 1884 5464 Mart.
1906 5409 2050 5466 nond'.
2080 5425 2134 5466 M.

614 5475 636 5506 ³
674 5473 784 5524 Bad.
835 5485 948 5522 cum
992 5471 1182 5523 duobus
1223 5479 1348 5525 Mss.
1703 5475 1927 5525 Mendose
1967 5490 1980 5525 :
2029 5490 2134 5525 nam

614 5488 636 5506 ⁸
674 5488 784 5524 hac.
835 5488 948 5522 cum
992 5488 1182 5523 uuonus
1223 5488 1348 5534 mss,
1503 5488 1656 5526 tam.
1703 5488 1927 5526 mendose
1967 5490 1980 5525 :
2029 5490 2138 5528 nam

549 5537 844 5601 Augustinus
881 5535 932 5584 in
963 5534 1308 5601 hujus‘operis
1338 5488 1543 5596 1W5,
1577 5549 1621 5586 c.
1641 5536 1692 5598 ϐ,
1712 5537 1986 5600 phantasias
2003 5549 2139 5592 vocat

551 5597 720 5654 eorum
753 5611 864 5671 qua:
899 5605 1016 5647 sunt
1032 5632 1048 5657 ,
1082 5597 1410 5671 phantasmata
1447 5597 1770 5671 vero_eoru'm
1792 5613 1903 5671 quae
1945 5603 2138 5671 omnino

547 5673 649 5734 non
672 5662 787 5712 sunt
809 5672 1066 5722 corporum
1100 5662 1338 5734 imagines
1349 5675 1382 5734 ;_
1409 5673 1531 5734 quas
1551 5662 1678 5734 ipse
1725 5662 1990 5734 statuminis
2023 5662 2138 5714 olim

550 5721 806 5791 adhaerens
827 5755 866 5791 ,_
882 5721 978 5791 pro.
1011 5721 1221 5774 veritate
1256 5721 1642 5791 amplexabatur.
1661 5751 1720 5765 -—
1748 5731 1802 5775 In
1819 5733 1887 5791 tu,
1909 5724 2135 5791 phantas-

549 5787 719 5834 mata.
742 5788 816 5833 Er.
849 5783 1140 5895 trudi/eu.
1159 5792 1270 5838 Lor.
1297 5783 1471 5840 86mm.
1497 5789 1620 5840 Dub.
1645 5793 1778 5843 Mart.
1803 5783 1926 5840 ιιιότζ
1955 5789 2133 5852 Rond.’,

1685 397 2206 462 conrnssrouuu
2243 399 2302 458 s.
2341 400 2712 462 AUGUSTINI
3660 423 3740 486 τω

2250 521 2431 591 judicii
2460 522 2532 577 tui
2560 522 2734 592 (Rom.
2755 537 2813 588 ιι,
2842 522 2922 594 5).
2947 521 3056 580 Nec
3077 523 3185 596 jam
3209 525 3339 582 bona
3361 542 3465 586 mea
3481 531 3589 590 fons
3608 550 3737 611 erant,

2253 629 2352 671 nec
2383 615 2552 670 oculis
2579 615 2785 670 carneis
2811 616 2863 670 in
2899 616 3003 671 isto
3028 617 3140 674 sole
3166 621 3525 698 quaerebantur.
3546 627 3740 691 Volentes

2253 710 2394 766 enim
2426 710 2658 782 gaudere
2680 709 2993 777 forinsecus,
3017 711 3169 768 facile
3194 727 3521 784 evanescunt;
3547 730 3593 776 et
3611 723 3739 782 effun-

2252 804 2449 861 duntur
2468 806 2520 860 in
2542 821 2604 861 ea
2632 823 2749 874 quae
2775 807 3018 863 videntur
3040 817 3092 863 et
3115 810 3409 878 temporalia
3433 823 3558 878 sunt,
3581 826 3627 871 et
3646 819 3741 875 ima-

2251 898 2401 970 gines
2429 914 2613 956 eorum
2645 898 2882 956 famelica
2913 900 3226 972 cogitatione
3254 900 3491 959 lambunt.
3511 904 3571 960 Et
3591 910 3740 964 osifa-

2253 989 2483 1062 tigentur
2511 991 2706 1058 inedia,
2745 1000 2800 1046 et
2841 991 3052 1047 dicant:
3077 990 3201 1057 Quis
3238 994 3448 1048 ostendet
3475 997 3596 1051 nobis
3624 998 3744 1056 bona?

2253 1080 2600 1148 Etdicamus,
2631 1093 2684 1137 et
2713 1082 2962 1138 audiant:
2984 1082 3250 1155 Signatum
3285 1095 3354 1139 est
3383 1085 3433 1140 in
3470 1089 3590 1142 nobis
3623 1089 3743 1149 iunio:

2251 1172 2419 1227 vultus
2438 1173 2532 1240 tui,
2564 1172 2799 1228 Domine.
2837 1174 2951 1229 Non
2981 1175 3122 1230 enim
3148 1175 3322 1232 lumen
3351 1192 3444 1232 nos
3467 1193 3622 1234 sumus
3643 1186 3742 1251 quod

2253 1265 2516 1321 illuminat
2541 1280 2756 1321 omnem
2800 1266 3068 1322 hominem
3114 1267 3286 1340 (Joan.
3319 1284 3356 1334 ι,
3383 1267 3464 1341 9);
3500 1269 3582 1326 sed
3605 1271 3744 1328 illumi-

2251 1372 2442 1412 namur
2462 1372 2493 1412 a
2529 1366 2601 1423 te,
2644 1367 2702 1413 ut
2733 1358 2828 1438 qui
2861 1357 3057 1414 fuimus
3079 1358 3356 1429 aliquando
3377 1361 3603 1428 tenebrae,
3625 1365 3743 1420 simus

2251 1451 2341 1506 lux
2368 1451 2419 1506 in
2447 1460 2499 1507 te
2526 1452 2738 1523 (Ephes.
2770 1469 2823 1516 γ,
2855 1451 2932 1524 8).
2961 1451 3006 1507 Ο
3031 1451 3078 1507 si
3112 1451 3348 1508 viderent
3373 1453 3606 1510 internum
3635 1469 3745 1513 eter-

2251 1558 2377 1598 num
2398 1543 2438 1609 ¹,
2470 1543 2612 1614 quod
2643 1559 2744 1615 ego
2773 1544 2895 1614 quia
2933 1551 3289 1614 gustavemm,
3329 1543 3620 1614 lrendebam,
3653 1564 3745 1620 quo-

2250 1635 2392 1690 niam
2423 1651 2528 1691 non
2559 1635 2638 1692 eis
2685 1645 2923 1707 poteram
2953 1635 3259 1700 ostendere,
3289 1635 3333 1690 si
3370 1635 3593 1692 aﬂerrent
3609 1637 3661 1692 ad
3687 1657 3745 1696 me

2251 1741 2348 1781 cor
2366 1727 2418 1781 in
2441 1728 2612 1782 oculis
2641 1728 2752 1783 suis
2779 1728 2908 1783 foris
2930 1743 2960 1782 a
2986 1735 3066 1794 te,
3095 1735 3151 1782 et
3175 1727 3434 1783 dicerent:
3459 1727 3569 1794 Quis
3584 1733 3747 1785 ostendet

2251 1817 2396 1873 nobis
2419 1819 2587 1873 bona?
2613 1819 2688 1874 lbi
2723 1819 2887 1886 enim,
2928 1817 3060 1874 ubi'
3091 1818 3218 1873 mihi
3250 1819 3404 1874 iratus
3429 1834 3558 1875 eram
3583 1820 3691 1877 intus
3711 1823 3745 1878 in

2251 1910 2433 1977 cubili,
2465 1911 2556 1966 ubi
2591 1920 2943 1981 compunctus
2967 1926 3141 1978 eram,
3171 1911 3256 1966 ubi
3285 1911 3651 1969 sacrificaveram
3671 1931 3746 1969 ms-

2250 2008 2402 2055 ctans
2436 2010 2754 2057 vetustatem
2795 2017 2988 2067 meam,
3019 2011 3080 2057 et
3108 2001 3346 2056 inchoata
3379 2002 3669 2060 meditatione
3687 2020 3746 2059 re-

2250 2093 2549 2149 novationis
2570 2109 2702 2149 mea:
2727 2109 2947 2165 sperans
2968 2094 3019 2149 in
3053 2102 3138 2159 te;
3161 2094 3230 2149 ibi
3257 2094 3377 2148 mihi
3402 2093 3746 2152 duleeseereem-

2249 2200 2428 2255 peras,
2451 2194 2506 2241 et
2530 2186 2755 2242 dederas
2779 2188 3014 2242 laetitiam
3051 2187 3104 2242 in
3129 2187 3288 2243 corde
3310 2201 3440 2242 meo.
3467 2187 3528 2242 Et
3545 2189 3744 2243 exclama-

2247 2277 2370 2333 bam
2388 2278 2570 2350 legens
2593 2280 2705 2335 hmc
2724 2273 2948 2345 loris)“
2963 2293 3263 2348 agnoscens
3281 2278 3440 2343 intus;
3462 2293 3548 2334 nec
3564 2279 3742 2334 volebam

2247 2370 2588 2440 multiplicari
2619 2371 2846 2427 terrenis
2874 2371 3056 2436 bonis,
3088 2370 3347 2425 devorans
3370 2378 3596 2440 tempora,
3617 2380 3658 2425 et
3675 2371 3742 2424 de-

2249 2472 2463 2518 voratus
2490 2464 2816 2534 temporibus
2833 2464 2874 2529 ³,
2905 2479 3027 2518 cum
3063 2463 3317 2519 haberem
3339 2461 3386 2517 in
3408 2470 3574 2517 aeterna
3596 2461 3745 2532 simpli

2249 2557 2406 2612 citate
2426 2557 2570 2612 aliud
2600 2555 2945 2622 frumentum,
2977 2564 3031 2612 et
3064 2557 3268 2621 vinum,
3287 2566 3341 2612 et
3357 2553 3530 2610 oleum.

2322 2648 2409 2703 11.
2433 2649 2497 2702 Ει
2515 2647 2810 2702 clamabam
2835 2648 2888 2703 in
2916 2649 3268 2718 consequenti
3288 2663 3437 2702 versu
3469 2647 3644 2702 clamore
3656 2645 3740 2700 alto

2249 2738 2424 2793 cordis
2463 2738 2603 2793 mei:
2632 2738 2676 2792 0
2717 2739 2771 2792 in
2816 2739 2971 2808 pace!
3008 2755 3040 2793 ο
3084 2739 3139 2793 in
3181 2723 3473 2810 idipsunﬂ‘o
3491 2735 3589 2808 quid
3611 2735 3738 2790 dixit:

2254 2830 2580 2885 Obdormiam
2610 2838 2654 2883 et
2677 2845 2910 2884 somnum
2938 2831 3182 2902 capiam!
3201 2831 3448 2900 Quoniam
3471 2829 3567 2900 quis
3584 2829 3744 2884 resistet

2251 2923 2424 2984 nobis.
2467 2937 2585 2977 cum
2631 2922 2722 2976 liet
2762 2935 2940 2976 sermo
2977 2922 3074 2992 qui
3113 2924 3340 2994 scriptus
3374 2920 3742 2976 estzdbsortaest

2249 3032 2385 3068 mors
2421 3015 2475 3068 in
2515 3014 2810 3069 victoriam?
2839 3013 2860 3087 (
2886 3014 2902 3067 1
2926 3013 3047 3070 Cor.
3092 3031 3183 3077 xv,
3225 3013 3338 3087 54.)
3361 3016 3424 3071 Et
3444 3023 3491 3068 tu
3513 3011 3739 3080 esidipsum

2248 3105 2402 3160 valde
2428 3105 2516 3176 qui
2544 3119 2647 3159 non
2677 3105 2933 3171 mutaris;
2966 3113 3020 3161 et
3040 3105 3096 3161 in
3127 3114 3181 3161 te
3206 3106 3409 3176 requies
3427 3100 3740 3160 obliviscemu-

2249 3201 2436 3256 borum
2463 3199 2720 3266 omnium,
2753 3199 3004 3270 quoniam
3033 3199 3214 3254 nullus
3240 3199 3371 3253 alius
3405 3205 3574 3261 tecum,
3601 3206 3674 3248 nec
3694 3191 3740 3245 ad

2250 3293 2354 3348 alia
2381 3293 2544 3347 multa
2574 3292 2937 3362 adipiscenda,
2960 3308 3084 3363 qua:
3110 3308 3217 3348 non
3245 3300 3364 3347 sunt
3383 3289 3510 3362 quod
3529 3298 3588 3354 tu,
3607 3285 3741 3348 sed“.

2250 3387 2484 3452 Domine,
2508 3386 2833 3457 singulariter
2850 3387 2905 3440 in
2925 3402 3015 3456 spe
3033 3385 3337 3441 constituisti
3365 3400 3452 3437 me.
3474 3379 3742 3453 Legebam,et
3767 3377 3770 3380 ’

2250 3479 2532 3544 ardebant;
2567 3493 2664 3534 nec
2691 3477 3023 3534 inveniebam
3061 3476 3190 3548 quid
3228 3477 3447 3533 facerem
3483 3473 3626 3529 surdis
3645 3484 3742 3526 mor-

2250 3571 2373 3638 tuis,
2401 3586 2466 3627 ex
2487 3571 2677 3642 quibus
2704 3571 2904 3626 fueram
2927 3571 3096 3641 pestis
3116 3569 3158 3636 ⁸,
3187 3569 3400 3624 latrator
3420 3580 3601 3621 amarus
3622 3571 3743 3618 etca-

2249 3676 2346 3717 cus
2365 3661 2618 3716 adversus
2642 3661 2874 3716 Litteras
2892 3660 2960 3716 de
2985 3660 3146 3714 melle
3169 3659 3290 3715 coeli
3318 3658 3534 3721 melleas,
3556 3663 3601 3709 et
3617 3652 3671 3707 de
3687 3651 3744 3704 lu-

2250 3754 2394 3808 mine
2425 3762 2514 3808 tuo
2540 3753 2864 3808 luminosas:
2896 3760 2951 3808 et
2970 3767 3132 3822 super
3149 3750 3408 3806 inimicis'
3431 3741 3745 3818 Scripturahu-

2245 3848 2333 3918 jus
2367 3846 2720 3902 tabescebam.

2321 3938 2407 3993 12.
2448 3937 2675 4004 Quando
2704 3936 3028 3993 recordabor
3045 3937 3066 3968 ⁸
3091 3915 3270 3993 omnia
3294 3935 3486 3991 dierum
3507 3933 3674 3988 illorum
3692 3925 3744 3980 fe-
3767 3943 3784 4004 Δ;

2247 4029 2539 4086 riatorum?
2567 4028 2674 4085 Sed
2714 4044 2814 4084 nec
2851 4027 3045 4084 oblitus
3075 4045 3193 4085 sum
3225 4044 3322 4084 nec
3345 4027 3500 4084 silebo
3520 4021 3674 4092 ﬂagelli
3693 4011 3782 4092 ιυὶἓ

2245 4120 2607 4192 aSperitatem,
2649 4128 2702 4175 et
2751 4119 3134 4176 misericordia:
3184 4129 3286 4175 tuae
3339 4117 3605 4174 mirabilem
3642 4110 3743 4166 celc-
3779 4118 3782 4150 έ

2246 4213 2479 4268 ritatem.
2513 4212 2705 4266 Dolore
2730 4210 2969 4265 dentium
2998 4219 3125 4266 tunc
3153 4209 3486 4267 excruciabas
3500 4209 3746 4270 me;etcum
3769 4212 3782 4276 ._‘

2247 4307 2300 4362 in
2325 4315 2525 4362 tantum
2551 4305 2938 4376 ingravesceret
2960 4312 3017 4358 ut
3042 4319 3148 4358 non
3163 4303 3391 4358 valerem
3413 4299 3557 4371 loqui,
3571 4291 3748 4351 ascendit
3767 4319 3782 4342 τ.

2247 4399 2300 4456 in
2331 4414 2424 4456 cor
2452 4414 2632 4454 meum
2671 4397 2960 4453 admonere
2985 4412 3174 4452 omnes
3199 4411 3346 4453 meos
3373 4395 3456 4465 qui
3491 4391 3682 4451 aderant.
3705 4391 3748 4438 ιιι
3773 4391 3782 4465 ἦ

2247 4491 2662 4562 deprecarentur
2686 4497 2737 4544 te
2759 4503 2859 4560 pro
2875 4503 2979 4552 me,
3001 4489 3167 4544 Deum
3194 4487 3373 4541 salutis
3397 4475 3678 4539 omnimoda.
3694 4471 3747 4526 Et

2248 4585 2436 4655 scripsi
2467 4583 2568 4636 hoc
2596 4582 2650 4635 in
2677 4596 2820 4646 cera,
2853 4589 2906 4635 et
2948 4578 3072 4634 dedi
3101 4587 3158 4633 ut
3185 4579 3263 4634 eis
3294 4578 3558 4648 legeretur.
3581 4567 3676 4625 llo:
3705 4568 3768 4655 ul!

2246 4654 2416 4748 genua
2444 4675 2665 4745 supplici
2705 4673 2895 4729 aﬁ'ectu
2927 4675 3160 4741 liximus,
3206 4673 3338 4742 fugit
3376 4669 3516 4724 dolor
3547 4665 3635 4721 ille.

2247 4770 2366 4840 quis
2395 4767 2580 4823 dolor?
2621 4775 2711 4821 aut
2755 4764 3023 4836 quomodo
3051 4764 3217 4836 fugit?
3246 4761 3462 4834 Expavi,
3491 4757 3647 4820 fateor,
3667 4751 3780 4840 ως

2311 4926 2396 4992 ’-ιιι
2412 4922 2545 4992 Edd-s
2566 4929 2604 4992 0.
2620 4922 2664 4992 si
2679 4919 2892 4992 ιίάβιῖεηι
2905 4918 3142 4992 summa
3157 4917 3316 4992 ιιςηιεη
3329 4904 3745 4992 ωιεῖψίιιᾞ

2243 4971 2421 5037 ϐονιῖέ
2442 4971 2479 5034 ὸ
2494 4971 2542 5036 si
2553 4971 2764 5034 riderent
2791 4981 2841 5033 in
2859 4989 2904 5034 te
2924 4981 3160 5033 internum
3189 4980 3345 5032 lumen
3371 4971 3608 5029 aderam!
3629 4971 3746 5037 νῖςξ

2246 5025 2474 5118 suae“:
2490 5025 2953 5118 assumas;
2961 5025 3354 5118 sagmaria
3363 5025 3620 5118 uss.
3627 5025 3744 5090 ωσι..

2245 5112 2328 5174 qui
2349 5098 2541 5174 ctéteris
2559 5098 2751 5174 omissis
2766 5107 2933 5174 verbis
2948 5098 3228 5174 praeferunt,
3242 5098 3278 5154 ὁ
3350 5099 3546 5174 viderent

2245 5161 2478 5239 ueternum
2492 5167 2510 5220 ,ν
2530 5197 2588 5206 -
2603 5171 2782 5239 Quing
2797 5161 3116 5239 suifragantur
3133 5168 3166 5239 β
3181 5161 3564 5239 Μᾲξτιτιοιέιίρξλ
3575 5163 3666 5239 μί...

2307 5217 2664 5292 ἱίζόὗζέοωιιίὲ
2676 5217 2761 5292 Πνὶ
2776 5229 2918 5292 enim,
2943 5217 3012 5292 ibi
3192 5235 3242 5292 at
3259 5235 3468 5292 Mss-09"!
3483 5219 3579 5292 Βὲι
3596 5217 3744 5292 ΨΒ

2245 5294 2366 5346 Bias.
2388 5303 2514 5344 Arn.:
2540 5291 2611 5343 Ibi
2641 5291 2767 5343 enim
2783 5291 2865 5342 ubi
2888 5283 3022 5342 mihi.
3043 5317 3101 5328 —
3127 5283 3307 5340 ultimae
3329 5287 3436 5337 huic
3453 5283 3624 5334 lectitlli
3639 5285 3744 5330 με’

2243 5358 2363 5408 dunt
2377 5357 2410 5406 6
2426 5364 2530 5407 Mss.
2549 5354 2827 5405 Florentini.
2849 5363 2902 5403 Μ.

2310 5393 3006 5487 i'ii3"ii"sfsf{:£;i13"i§é6"ma.
3038 5415 3264 5487 babent,_
3283 5401 3604 5474 temporalibus.
3623 5419 3674 5440 -ο
3693 5393 3746 5444 διε

2247 5481 2395 5532 etiam
2412 5479 2562 5530 editio
2579 5477 2848 5529 Florentina
2864 5491 2972 5528 cum
2987 5491 3077 5530 sex
3095 5483 3199 5526 Mss.
3227 5481 3281 5524 at.
3340 5530 3347 5532 _
3430 5531 3436 5532 ί
3564 5531 3583 5532 ί
3652 5501 3662 5532 ,-

2307 5511 3395 5604 Wt?3t§t‘.‘&2§3.‘st"a;¢“;?;as,
3420 5531 3545 5595 juxta
3563 5511 3682 5578 ιιοαι
3705 5515 3744 5565 ει

2244 5611 2374 5654 Mart.
2393 5617 2504 5654 cum
2519 5617 2617 5654 uno
2635 5611 2739 5654 Mss.
2763 5610 2816 5652 M.

2307 5669 2328 5698 ⁵
2345 5674 2446 5712 Am.
2465 5672 2522 5712 Er
2541 5674 2594 5712 et
2611 5672 2753 5712 ιογά
2793 5670 2848 5712 Et
2878 5677 3021 5712 sum
3051 5659 3256 5712 inimicis
3281 5650 3518 5712 δράμεν-ἕξ

2307 5669 2446 5729 um.
2465 5672 2522 5714 Er
2541 5674 2594 5717 et
2611 5672 2753 5729 Lor;
2793 5670 2848 5715 Et
2878 5677 3021 5729 super
3051 5659 3256 5714 inimicis

2244 5725 2419 5788 hujus;
2443 5735 2492 5777 at
2508 5735 2614 5778 Mss.
2637 5728 2744 5776 Bad.
2763 5734 2816 5777 et
2837 5725 3126 5782 emicarent
3150 5734 3268 5773 voce

2244 5754 2386 5788 "'"JW
2401 5766 2414 5787 ι
2443 5754 2492 5777 αι
2511 5754 2614 5778 luam
2637 5754 2744 5776 ῠᾱυ.
2763 5754 2816 5777 σι
2837 5754 2940 5775 'uu.
2960 5754 3126 5782 μωσιιι.
3155 5754 3268 5773 ww
3297 5754 3543 5784 warm-.7-

2240 5789 2329 5902 m‘
2345 5796 2404 5898 1g
2419 5795 2487 5849 3.,
2511 5787 2823 5852 recordabar,
2855 5796 2907 5841 et
2932 5801 3004 5840 sc
3027 5789 3188 5863 incipit
3216 5795 3318 5854 cap.
3339 5779 3421 5832 ηε
3447 5771 3532 5831 sed
3557 5773 3633 5830 τε
3649 5754 3738 5828 0⁸⁸·

3775 3943 3780 3950 ι

3775 3965 3784 3980 r

3766 4011 3782 4050 ὲξ

3769 4231 3776 4252 λ

3777 4261 3782 4276 ι

3767 4319 3774 4330 Ἰ

3773 4407 3782 4428 1

3766 4683 3784 4710 ἱ.

3766 4725 3784 4738 ,ι

3766 4767 3780 4780 ι.
