  <div class='ocr_page' id='page_1' title='image "/cluster/home/n/w/nwhite01/storage/ocr_20150623/32/uva.x000669813/394.png"; bbox 0 0 3880 6376; ppageno 0'>
   <div class='ocr_carea' id='block_1_1' title="bbox 147 305 239 366">
    <p class='ocr_par' dir='ltr' id='par_1_1' title="bbox 147 305 239 366">
     <span class='ocr_line' id='line_1_1' title="bbox 147 305 239 366; baseline 0 0"><span class='ocrx_word' id='word_1_1' title='bbox 147 305 239 366; x_wconf 71' lang='grc' dir='ltr'><strong>τω</strong></span> 
     </span>
    </p>
   </div>
   <div class='ocr_carea' id='block_1_2' title="bbox 148 394 1674 482">
    <p class='ocr_par' dir='ltr' id='par_1_2' title="bbox 148 394 1674 482">
     <span class='ocr_line' id='line_1_2' title="bbox 148 394 1674 482; baseline -0.022 -2"><span class='ocrx_word' id='word_1_2' title='bbox 148 421 263 481; x_wconf 75' lang='lat' dir='ltr'><strong>mine</strong></span> <span class='ocrx_word' id='word_1_3' title='bbox 290 429 445 482; x_wconf 80' lang='lat' dir='ltr'><strong>meus,</strong></span> <span class='ocrx_word' id='word_1_4' title='bbox 483 411 625 468; x_wconf 88' lang='lat' dir='ltr'><strong>Deus</strong></span> <span class='ocrx_word' id='word_1_5' title='bbox 665 422 850 475; x_wconf 85' lang='lat' dir='ltr'><strong>meus;</strong></span> <span class='ocrx_word' id='word_1_6' title='bbox 877 403 1008 462; x_wconf 82' lang='lat' dir='ltr'><strong>nihil</strong></span> <span class='ocrx_word' id='word_1_7' title='bbox 1035 401 1177 460; x_wconf 90' lang='lat' dir='ltr'><strong>enim</strong></span> <span class='ocrx_word' id='word_1_8' title='bbox 1206 399 1313 456; x_wconf 91' lang='lat' dir='ltr'><strong>tale</strong></span> <span class='ocrx_word' id='word_1_9' title='bbox 1349 396 1417 452; x_wconf 87' lang='lat' dir='ltr'><strong>ab</strong></span> <span class='ocrx_word' id='word_1_10' title='bbox 1457 394 1674 450; x_wconf 78' lang='lat' dir='ltr'><strong>ineunte</strong></span> 
     </span>
    </p>
   </div>
   <div class='ocr_carea' id='block_1_3' title="bbox 146 487 1676 577">
    <p class='ocr_par' dir='ltr' id='par_1_3' title="bbox 146 487 1676 577">
     <span class='ocr_line' id='line_1_3' title="bbox 146 487 1676 577; baseline -0.018 -8"><span class='ocrx_word' id='word_1_11' title='bbox 146 519 276 570; x_wconf 73' lang='lat' dir='ltr'><strong>atate</strong></span> <span class='ocrx_word' id='word_1_12' title='bbox 306 514 534 577; x_wconf 82' lang='lat' dir='ltr'><strong>expertus</strong></span> <span class='ocrx_word' id='word_1_13' title='bbox 563 502 790 559; x_wconf 88' lang='lat' dir='ltr'><strong>fueram.</strong></span> <span class='ocrx_word' id='word_1_14' title='bbox 821 499 887 556; x_wconf 87' lang='lat' dir='ltr'><strong>Et</strong></span> <span class='ocrx_word' id='word_1_15' title='bbox 914 494 1160 553; x_wconf 89' lang='lat' dir='ltr'><strong>insinuati</strong></span> <span class='ocrx_word' id='word_1_16' title='bbox 1181 499 1304 548; x_wconf 88' lang='lat' dir='ltr'><strong>sunt</strong></span> <span class='ocrx_word' id='word_1_17' title='bbox 1323 488 1451 545; x_wconf 88' lang='lat' dir='ltr'><strong>mihi</strong></span> <span class='ocrx_word' id='word_1_18' title='bbox 1477 487 1529 542; x_wconf 91' lang='lat' dir='ltr'><strong>in</strong></span> <span class='ocrx_word' id='word_1_19' title='bbox 1551 501 1676 558; x_wconf 87' lang='lat' dir='ltr'><strong>pro-</strong></span> 
     </span>
    </p>
   </div>
   <div class='ocr_carea' id='block_1_4' title="bbox 145 582 1675 666">
    <p class='ocr_par' dir='ltr' id='par_1_4' title="bbox 145 582 1675 666">
     <span class='ocr_line' id='line_1_4' title="bbox 145 582 1675 666; baseline -0.02 -3"><span class='ocrx_word' id='word_1_20' title='bbox 145 603 283 666; x_wconf 84' lang='lat' dir='ltr'><strong>fundo</strong></span> <span class='ocrx_word' id='word_1_21' title='bbox 319 609 464 657; x_wconf 87' lang='lat' dir='ltr'><strong>nutus</strong></span> <span class='ocrx_word' id='word_1_22' title='bbox 500 597 609 662; x_wconf 89' lang='lat' dir='ltr'><strong>tui;</strong></span> <span class='ocrx_word' id='word_1_23' title='bbox 659 604 716 652; x_wconf 90' lang='lat' dir='ltr'><strong>et</strong></span> <span class='ocrx_word' id='word_1_24' title='bbox 755 593 988 666; x_wconf 79' lang='lat' dir='ltr'><strong>gaudens</strong></span> <span class='ocrx_word' id='word_1_25' title='bbox 1017 590 1069 646; x_wconf 90' lang='lat' dir='ltr'><strong>in</strong></span> <span class='ocrx_word' id='word_1_26' title='bbox 1100 587 1202 644; x_wconf 87' lang='lat' dir='ltr'><strong>ﬁde</strong></span> <span class='ocrx_word' id='word_1_27' title='bbox 1231 582 1440 640; x_wconf 81' lang='lat' dir='ltr'><strong>laudavi</strong></span> <span class='ocrx_word' id='word_1_28' title='bbox 1479 593 1675 635; x_wconf 87' lang='lat' dir='ltr'><strong>nomen</strong></span> 
     </span>
    </p>
   </div>
   <div class='ocr_carea' id='block_1_5' title="bbox 148 672 1676 760">
    <p class='ocr_par' dir='ltr' id='par_1_5' title="bbox 148 672 1676 760">
     <span class='ocr_line' id='line_1_5' title="bbox 148 672 1676 760; baseline -0.02 -3"><span class='ocrx_word' id='word_1_29' title='bbox 148 712 285 760; x_wconf 79' lang='lat' dir='ltr'><strong>tuam.</strong></span> <span class='ocrx_word' id='word_1_30' title='bbox 310 697 370 753; x_wconf 81' lang='lat' dir='ltr'><strong>Et</strong></span> <span class='ocrx_word' id='word_1_31' title='bbox 403 711 462 752; x_wconf 88' lang='lat' dir='ltr'><strong>ea</strong></span> <span class='ocrx_word' id='word_1_32' title='bbox 503 693 636 748; x_wconf 93' lang='lat' dir='ltr'><strong>ﬁdes</strong></span> <span class='ocrx_word' id='word_1_33' title='bbox 674 707 763 747; x_wconf 91' lang='lat' dir='ltr'><strong>me</strong></span> <span class='ocrx_word' id='word_1_34' title='bbox 800 701 1046 746; x_wconf 88' lang='lat' dir='ltr'><strong>securum</strong></span> <span class='ocrx_word' id='word_1_35' title='bbox 1089 698 1210 740; x_wconf 90' lang='lat' dir='ltr'><strong>esse</strong></span> <span class='ocrx_word' id='word_1_36' title='bbox 1237 696 1342 736; x_wconf 92' lang='lat' dir='ltr'><strong>non</strong></span> <span class='ocrx_word' id='word_1_37' title='bbox 1373 676 1583 734; x_wconf 77' lang='lat' dir='ltr'><strong>sinebat</strong></span> <span class='ocrx_word' id='word_1_38' title='bbox 1608 672 1676 729; x_wconf 89' lang='lat' dir='ltr'><strong>de</strong></span> 
     </span>
    </p>
   </div>
   <div class='ocr_carea' id='block_1_6' title="bbox 151 773 1674 868">
    <p class='ocr_par' dir='ltr' id='par_1_6' title="bbox 151 773 1674 868">
     <span class='ocr_line' id='line_1_6' title="bbox 151 773 1674 868; baseline -0.017 -18"><span class='ocrx_word' id='word_1_39' title='bbox 151 791 385 868; x_wconf 65' lang='lat' dir='ltr'><strong>prateritis</strong></span> <span class='ocrx_word' id='word_1_40' title='bbox 414 787 638 860; x_wconf 77' lang='lat' dir='ltr'><strong>peccatis</strong></span> <span class='ocrx_word' id='word_1_41' title='bbox 683 785 839 847; x_wconf 89' lang='lat' dir='ltr'><strong>meis,</strong></span> <span class='ocrx_word' id='word_1_42' title='bbox 884 797 1003 855; x_wconf 79' lang='lat' dir='ltr'><strong>qua:</strong></span> <span class='ocrx_word' id='word_1_43' title='bbox 1047 778 1178 836; x_wconf 90' lang='lat' dir='ltr'><strong>mihi</strong></span> <span class='ocrx_word' id='word_1_44' title='bbox 1222 791 1318 850; x_wconf 89' lang='lat' dir='ltr'><strong>per</strong></span> <span class='ocrx_word' id='word_1_45' title='bbox 1345 773 1674 846; x_wconf 87' lang='lat' dir='ltr'><strong>Baptismum</strong></span> 
     </span>
    </p>
   </div>
   <div class='ocr_carea' id='block_1_7' title="bbox 152 878 961 943">
    <p class='ocr_par' dir='ltr' id='par_1_7' title="bbox 152 878 961 943">
     <span class='ocr_line' id='line_1_7' title="bbox 152 878 961 943; baseline -0.02 1"><span class='ocrx_word' id='word_1_46' title='bbox 152 896 271 943; x_wconf 77' lang='lat' dir='ltr'><strong>tuum</strong></span> <span class='ocrx_word' id='word_1_47' title='bbox 295 887 495 938; x_wconf 82' lang='lat' dir='ltr'><strong>remissa</strong></span> <span class='ocrx_word' id='word_1_48' title='bbox 523 878 761 934; x_wconf 89' lang='lat' dir='ltr'><strong>nondum</strong></span> <span class='ocrx_word' id='word_1_49' title='bbox 785 884 961 932; x_wconf 88' lang='lat' dir='ltr'><strong>erant.</strong></span> 
     </span>
    </p>
   </div>
   <div class='ocr_carea' id='block_1_8' title="bbox 730 984 1034 1044">
    <p class='ocr_par' dir='ltr' id='par_1_8' title="bbox 730 984 1034 1044">
     <span class='ocr_line' id='line_1_8' title="bbox 730 984 1034 1044; baseline -0.007 0"><span class='ocrx_word' id='word_1_50' title='bbox 730 986 953 1044; x_wconf 82' lang='lat' dir='ltr'><strong>CAPUT</strong></span> <span class='ocrx_word' id='word_1_51' title='bbox 990 984 1034 1042; x_wconf 65' lang='grc' dir='ltr'>Υ</span> 
     </span>
    </p>
   </div>
   <div class='ocr_carea' id='block_1_9' title="bbox 387 1075 1396 1148">
    <p class='ocr_par' dir='ltr' id='par_1_9' title="bbox 387 1075 1396 1148">
     <span class='ocr_line' id='line_1_9' title="bbox 387 1075 1396 1148; baseline -0.012 -9"><span class='ocrx_word' id='word_1_52' title='bbox 387 1083 701 1139; x_wconf 79' lang='lat' dir='ltr'><strong>Ambrosium</strong></span> <span class='ocrx_word' id='word_1_53' title='bbox 726 1080 940 1134; x_wconf 80' lang='lat' dir='ltr'><strong>consulit</strong></span> <span class='ocrx_word' id='word_1_54' title='bbox 964 1077 1084 1148; x_wconf 84' lang='lat' dir='ltr'><strong>quid</strong></span> <span class='ocrx_word' id='word_1_55' title='bbox 1113 1075 1396 1147; x_wconf 79' lang='lat' dir='ltr'><strong>legendum.</strong></span> 
     </span>
    </p>
   </div>
   <div class='ocr_carea' id='block_1_10' title="bbox 211 1160 1680 1244">
    <p class='ocr_par' dir='ltr' id='par_1_10' title="bbox 211 1160 1680 1244">
     <span class='ocr_line' id='line_1_10' title="bbox 211 1160 1680 1244; baseline -0.017 -6"><span class='ocrx_word' id='word_1_56' title='bbox 211 1181 281 1240; x_wconf 79' lang='lat' dir='ltr'><strong>l5.</strong></span> <span class='ocrx_word' id='word_1_57' title='bbox 312 1174 633 1238; x_wconf 77' lang='lat' dir='ltr'><strong>Renuntiavi,</strong></span> <span class='ocrx_word' id='word_1_58' title='bbox 666 1171 896 1244; x_wconf 79' lang='lat' dir='ltr'><strong>peractis</strong></span> <span class='ocrx_word' id='word_1_59' title='bbox 920 1167 1360 1229; x_wconf 86' lang='lat' dir='ltr'><strong>viudemialibus;</strong></span> <span class='ocrx_word' id='word_1_60' title='bbox 1388 1174 1446 1218; x_wconf 93' lang='lat' dir='ltr'><strong>ut</strong></span> <span class='ocrx_word' id='word_1_61' title='bbox 1469 1160 1680 1216; x_wconf 89' lang='lat' dir='ltr'><strong>schola-</strong></span> 
     </span>
    </p>
   </div>
   <div class='ocr_carea' id='block_1_11' title="bbox 161 1253 1682 1334">
    <p class='ocr_par' dir='ltr' id='par_1_11' title="bbox 161 1253 1682 1334">
     <span class='ocr_line' id='line_1_11' title="bbox 161 1253 1682 1334; baseline -0.013 -8"><span class='ocrx_word' id='word_1_62' title='bbox 161 1268 380 1334; x_wconf 56' lang='lat' dir='ltr'><strong>stiﬁsuis</strong></span> <span class='ocrx_word' id='word_1_63' title='bbox 400 1266 819 1322; x_wconf 77' lang='lat' dir='ltr'><strong>Mediolanenses</strong></span> <span class='ocrx_word' id='word_1_64' title='bbox 848 1260 1176 1317; x_wconf 77' lang='lat' dir='ltr'><strong>venditorem</strong></span> <span class='ocrx_word' id='word_1_65' title='bbox 1205 1258 1487 1312; x_wconf 84' lang='lat' dir='ltr'><strong>verborum</strong></span> <span class='ocrx_word' id='word_1_66' title='bbox 1520 1253 1682 1307; x_wconf 90' lang='lat' dir='ltr'><strong>alium</strong></span> 
     </span>
    </p>
   </div>
   <div class='ocr_carea' id='block_1_12' title="bbox 163 1349 1682 1438">
    <p class='ocr_par' dir='ltr' id='par_1_12' title="bbox 163 1349 1682 1438">
     <span class='ocr_line' id='line_1_12' title="bbox 163 1349 1682 1438; baseline -0.013 -20"><span class='ocrx_word' id='word_1_67' title='bbox 163 1362 460 1438; x_wconf 69' lang='lat' dir='ltr'><strong>providerent,</strong></span> <span class='ocrx_word' id='word_1_68' title='bbox 491 1355 630 1428; x_wconf 88' lang='lat' dir='ltr'><strong>quod</strong></span> <span class='ocrx_word' id='word_1_69' title='bbox 660 1364 715 1410; x_wconf 89' lang='lat' dir='ltr'><strong>et</strong></span> <span class='ocrx_word' id='word_1_70' title='bbox 745 1355 834 1409; x_wconf 87' lang='lat' dir='ltr'><strong>tibi</strong></span> <span class='ocrx_word' id='word_1_71' title='bbox 874 1368 972 1424; x_wconf 88' lang='lat' dir='ltr'><strong>ego</strong></span> <span class='ocrx_word' id='word_1_72' title='bbox 1011 1351 1214 1407; x_wconf 79' lang='lat' dir='ltr'><strong>servire</strong></span> <span class='ocrx_word' id='word_1_73' title='bbox 1252 1349 1588 1418; x_wconf 84' lang='lat' dir='ltr'><strong>delegissem,</strong></span> <span class='ocrx_word' id='word_1_74' title='bbox 1629 1353 1682 1400; x_wconf 89' lang='lat' dir='ltr'><strong>et</strong></span> 
     </span>
    </p>
   </div>
   <div class='ocr_carea' id='block_1_13' title="bbox 159 1441 1682 1526">
    <p class='ocr_par' dir='ltr' id='par_1_13' title="bbox 159 1441 1682 1526">
     <span class='ocr_line' id='line_1_13' title="bbox 159 1441 1682 1526; baseline -0.014 -11"><span class='ocrx_word' id='word_1_75' title='bbox 159 1457 218 1514; x_wconf 84' lang='lat' dir='ltr'><strong>illi</strong></span> <span class='ocrx_word' id='word_1_76' title='bbox 237 1451 544 1526; x_wconf 77' lang='lat' dir='ltr'><strong>professioni,</strong></span> <span class='ocrx_word' id='word_1_77' title='bbox 573 1465 680 1519; x_wconf 76' lang='lat' dir='ltr'><strong>prae</strong></span> <span class='ocrx_word' id='word_1_78' title='bbox 705 1447 1018 1503; x_wconf 86' lang='lat' dir='ltr'><strong>difﬁcultate</strong></span> <span class='ocrx_word' id='word_1_79' title='bbox 1042 1441 1276 1513; x_wconf 84' lang='lat' dir='ltr'><strong>spirandi</strong></span> <span class='ocrx_word' id='word_1_80' title='bbox 1297 1458 1358 1497; x_wconf 89' lang='lat' dir='ltr'><strong>ac</strong></span> <span class='ocrx_word' id='word_1_81' title='bbox 1383 1441 1564 1495; x_wconf 83' lang='lat' dir='ltr'><strong>dolore</strong></span> <span class='ocrx_word' id='word_1_82' title='bbox 1589 1455 1682 1510; x_wconf 88' lang='lat' dir='ltr'><strong>pe-</strong></span> 
     </span>
    </p>
   </div>
   <div class='ocr_carea' id='block_1_14' title="bbox 159 1529 1683 1612">
    <p class='ocr_par' dir='ltr' id='par_1_14' title="bbox 159 1529 1683 1612">
     <span class='ocr_line' id='line_1_14' title="bbox 159 1529 1683 1612; baseline -0.012 -12"><span class='ocrx_word' id='word_1_83' title='bbox 159 1546 301 1612; x_wconf 68' lang='lat' dir='ltr'><strong>etuis,</strong></span> <span class='ocrx_word' id='word_1_84' title='bbox 327 1558 423 1598; x_wconf 87' lang='lat' dir='ltr'><strong>non</strong></span> <span class='ocrx_word' id='word_1_85' title='bbox 453 1540 775 1597; x_wconf 85' lang='lat' dir='ltr'><strong>suﬂicerem.</strong></span> <span class='ocrx_word' id='word_1_86' title='bbox 817 1538 881 1592; x_wconf 87' lang='lat' dir='ltr'><strong>Et</strong></span> <span class='ocrx_word' id='word_1_87' title='bbox 923 1534 1180 1590; x_wconf 88' lang='lat' dir='ltr'><strong>insinuavi</strong></span> <span class='ocrx_word' id='word_1_88' title='bbox 1211 1547 1308 1604; x_wconf 90' lang='lat' dir='ltr'><strong>per</strong></span> <span class='ocrx_word' id='word_1_89' title='bbox 1327 1533 1524 1586; x_wconf 82' lang='lat' dir='ltr'><strong>litteras</strong></span> <span class='ocrx_word' id='word_1_90' title='bbox 1543 1529 1683 1583; x_wconf 89' lang='lat' dir='ltr'><strong>anti-</strong></span> 
     </span>
    </p>
   </div>
   <div class='ocr_carea' id='block_1_15' title="bbox 157 1629 1680 1701">
    <p class='ocr_par' dir='ltr' id='par_1_15' title="bbox 157 1629 1680 1701">
     <span class='ocr_line' id='line_1_15' title="bbox 157 1629 1680 1701; baseline -0.011 -8"><span class='ocrx_word' id='word_1_91' title='bbox 157 1638 346 1701; x_wconf 73' lang='lat' dir='ltr'><strong>stitituo,</strong></span> <span class='ocrx_word' id='word_1_92' title='bbox 361 1636 473 1690; x_wconf 90' lang='lat' dir='ltr'><strong>viro</strong></span> <span class='ocrx_word' id='word_1_93' title='bbox 487 1641 674 1688; x_wconf 89' lang='lat' dir='ltr'><strong>sancto</strong></span> <span class='ocrx_word' id='word_1_94' title='bbox 698 1630 984 1686; x_wconf 84' lang='lat' dir='ltr'><strong>Ambrosio</strong></span> <span class='ocrx_word' id='word_1_95' title='bbox 1006 1629 1256 1700; x_wconf 83' lang='lat' dir='ltr'><strong>pristinos</strong></span> <span class='ocrx_word' id='word_1_96' title='bbox 1279 1640 1489 1681; x_wconf 89' lang='lat' dir='ltr'><strong>errores</strong></span> <span class='ocrx_word' id='word_1_97' title='bbox 1516 1639 1680 1690; x_wconf 92' lang='lat' dir='ltr'><strong>meos,</strong></span> 
     </span>
    </p>
   </div>
   <div class='ocr_carea' id='block_1_16' title="bbox 66 1717 1685 1806">
    <p class='ocr_par' dir='ltr' id='par_1_16' title="bbox 66 1717 1685 1806">
     <span class='ocr_line' id='line_1_16' title="bbox 66 1717 1685 1806; baseline -0.015 -14"><span class='ocrx_word' id='word_1_98' title='bbox 66 1799 68 1806; x_wconf 37' lang='grc' dir='ltr'>ι</span> <span class='ocrx_word' id='word_1_99' title='bbox 157 1739 418 1802; x_wconf 56' lang='lat' dir='ltr'><strong>«presens</strong></span> <span class='ocrx_word' id='word_1_100' title='bbox 444 1736 630 1782; x_wconf 79' lang='lat' dir='ltr'><strong>votum</strong></span> <span class='ocrx_word' id='word_1_101' title='bbox 658 1740 860 1792; x_wconf 90' lang='lat' dir='ltr'><strong>meum,</strong></span> <span class='ocrx_word' id='word_1_102' title='bbox 887 1732 943 1778; x_wconf 91' lang='lat' dir='ltr'><strong>ut</strong></span> <span class='ocrx_word' id='word_1_103' title='bbox 960 1729 1198 1777; x_wconf 87' lang='lat' dir='ltr'><strong>moneret</strong></span> <span class='ocrx_word' id='word_1_104' title='bbox 1212 1719 1335 1790; x_wconf 90' lang='lat' dir='ltr'><strong>quid</strong></span> <span class='ocrx_word' id='word_1_105' title='bbox 1357 1717 1685 1788; x_wconf 85' lang='lat' dir='ltr'><strong>potissimum</strong></span> 
     </span>
    </p>
   </div>
   <div class='ocr_carea' id='block_1_17' title="bbox 66 1809 1686 1888">
    <p class='ocr_par' dir='ltr' id='par_1_17' title="bbox 66 1809 1686 1888">
     <span class='ocr_line' id='line_1_17' title="bbox 66 1809 1686 1888; baseline -0.012 -6"><span class='ocrx_word' id='word_1_106' title='bbox 66 1833 70 1842; x_wconf 84' lang='lat'>&#39;</span> <span class='ocrx_word' id='word_1_107' title='bbox 157 1821 260 1880; x_wconf 73' lang='lat' dir='ltr'><strong>lilii</strong></span> <span class='ocrx_word' id='word_1_108' title='bbox 286 1821 347 1877; x_wconf 87' lang='lat' dir='ltr'><strong>de</strong></span> <span class='ocrx_word' id='word_1_109' title='bbox 369 1819 542 1876; x_wconf 88' lang='lat' dir='ltr'><strong>Libris</strong></span> <span class='ocrx_word' id='word_1_110' title='bbox 574 1819 679 1873; x_wconf 91' lang='lat' dir='ltr'><strong>tuis</strong></span> <span class='ocrx_word' id='word_1_111' title='bbox 709 1815 987 1888; x_wconf 86' lang='lat' dir='ltr'><strong>legendum</strong></span> <span class='ocrx_word' id='word_1_112' title='bbox 1013 1821 1176 1877; x_wconf 88' lang='lat' dir='ltr'><strong>esset,</strong></span> <span class='ocrx_word' id='word_1_113' title='bbox 1203 1827 1308 1883; x_wconf 92' lang='lat' dir='ltr'><strong>quo</strong></span> <span class='ocrx_word' id='word_1_114' title='bbox 1337 1809 1686 1881; x_wconf 69' lang='lat' dir='ltr'><strong>percipieudm</strong></span> 
     </span>
    </p>
   </div>
   <div class='ocr_carea' id='block_1_18' title="bbox 66 1901 1688 2018">
    <p class='ocr_par' dir='ltr' id='par_1_18' title="bbox 66 1901 1688 2018">
     <span class='ocr_line' id='line_1_18' title="bbox 66 1901 1688 2018; baseline -0.012 -42"><span class='ocrx_word' id='word_1_115' title='bbox 66 1905 72 2018; x_wconf 40' lang='lat' dir='ltr'><strong>ll</strong></span> <span class='ocrx_word' id='word_1_116' title='bbox 158 1925 285 1974; x_wconf 68' lang='lat' dir='ltr'><strong>tanta</strong></span> <span class='ocrx_word' id='word_1_117' title='bbox 305 1913 481 1986; x_wconf 77' lang='lat' dir='ltr'><strong>gratia:</strong></span> <span class='ocrx_word' id='word_1_118' title='bbox 511 1912 742 1983; x_wconf 82' lang='lat' dir='ltr'><strong>paratior</strong></span> <span class='ocrx_word' id='word_1_119' title='bbox 767 1911 1042 1980; x_wconf 88' lang='lat' dir='ltr'><strong>aptiorque</strong></span> <span class='ocrx_word' id='word_1_120' title='bbox 1086 1906 1286 1961; x_wconf 88' lang='lat' dir='ltr'><strong>ﬁerem.</strong></span> <span class='ocrx_word' id='word_1_121' title='bbox 1330 1904 1396 1958; x_wconf 89' lang='lat' dir='ltr'><strong>At</strong></span> <span class='ocrx_word' id='word_1_122' title='bbox 1425 1904 1509 1958; x_wconf 89' lang='lat' dir='ltr'><strong>ille</strong></span> <span class='ocrx_word' id='word_1_123' title='bbox 1531 1901 1688 1973; x_wconf 84' lang='lat' dir='ltr'><strong>jussit</strong></span> 
     </span>
     <span class='ocr_line' id='line_1_19' title="bbox 159 1995 1651 2018; baseline 0 0"><span class='ocrx_word' id='word_1_124' title='bbox 159 2009 176 2018; x_wconf 88' lang='lat'><strong>-</strong></span> <span class='ocrx_word' id='word_1_125' title='bbox 221 2009 232 2018; x_wconf 94' lang='lat'><strong>.</strong></span> <span class='ocrx_word' id='word_1_126' title='bbox 471 2006 488 2018; x_wconf 90' lang='lat'><strong>.</strong></span> <span class='ocrx_word' id='word_1_127' title='bbox 548 2016 557 2018; x_wconf 33' lang='grc' dir='ltr'><strong><em>μ</em></strong></span> <span class='ocrx_word' id='word_1_128' title='bbox 829 2003 868 2018; x_wconf 63' lang='lat'><strong>.,</strong></span> <span class='ocrx_word' id='word_1_129' title='bbox 1014 1999 1070 2018; x_wconf 71' lang='grc'><strong>,,</strong></span> <span class='ocrx_word' id='word_1_130' title='bbox 1119 2015 1220 2018; x_wconf 26' lang='grc' dir='ltr'><strong>μί,</strong></span> <span class='ocrx_word' id='word_1_131' title='bbox 1276 1997 1475 2018; x_wconf 18' lang='lat' dir='ltr'><strong>“sane-</strong></span> <span class='ocrx_word' id='word_1_132' title='bbox 1507 1995 1651 2018; x_wconf 61' lang='grc' dir='ltr'><strong>νη-..</strong></span> 
     </span>
    </p>
   </div>
   <div class='ocr_carea' id='block_1_19' title="bbox 66 1995 1685 2080">
    <p class='ocr_par' dir='ltr' id='par_1_19' title="bbox 66 1995 1685 2080">
     <span class='ocr_line' id='line_1_20' title="bbox 66 1995 1685 2080; baseline -0.012 -13"><span class='ocrx_word' id='word_1_133' title='bbox 66 1995 78 2066; x_wconf 63' lang='grc' dir='ltr'><strong>Ϊ·</strong></span> <span class='ocrx_word' id='word_1_134' title='bbox 158 2009 306 2070; x_wconf 69' lang='lat' dir='ltr'><strong>hiatu</strong></span> <span class='ocrx_word' id='word_1_135' title='bbox 343 2006 688 2080; x_wconf 85' lang='lat' dir='ltr'><strong>prophetam;</strong></span> <span class='ocrx_word' id='word_1_136' title='bbox 719 2003 900 2067; x_wconf 88' lang='lat' dir='ltr'><strong>credo,</strong></span> <span class='ocrx_word' id='word_1_137' title='bbox 932 1999 1074 2071; x_wconf 90' lang='lat' dir='ltr'><strong>quod</strong></span> <span class='ocrx_word' id='word_1_138' title='bbox 1118 2015 1226 2069; x_wconf 82' lang='lat' dir='ltr'><strong>prae</strong></span> <span class='ocrx_word' id='word_1_139' title='bbox 1269 1997 1478 2052; x_wconf 69' lang='lat' dir='ltr'><strong>cretcris</strong></span> <span class='ocrx_word' id='word_1_140' title='bbox 1507 1995 1685 2050; x_wconf 85' lang='lat' dir='ltr'><strong>Evan-</strong></span> 
     </span>
    </p>
   </div>
   <div class='ocr_carea' id='block_1_20' title="bbox 66 2087 1686 2192">
    <p class='ocr_par' dir='ltr' id='par_1_20' title="bbox 66 2087 1686 2192">
     <span class='ocr_line' id='line_1_21' title="bbox 66 2087 1686 2192; baseline -0.013 -32"><span class='ocrx_word' id='word_1_141' title='bbox 66 2117 72 2192; x_wconf 32' lang='grc' dir='ltr'><strong><em>θ</em></strong></span> <span class='ocrx_word' id='word_1_142' title='bbox 159 2101 254 2174; x_wconf 74' lang='lat' dir='ltr'><strong>gelii</strong></span> <span class='ocrx_word' id='word_1_143' title='bbox 265 2099 649 2168; x_wconf 73' lang='lat' dir='ltr'><strong>vocationisque</strong></span> <span class='ocrx_word' id='word_1_144' title='bbox 673 2096 919 2152; x_wconf 87' lang='lat' dir='ltr'><strong>Gentium</strong></span> <span class='ocrx_word' id='word_1_145' title='bbox 945 2093 1014 2148; x_wconf 89' lang='lat' dir='ltr'><strong>sit</strong></span> <span class='ocrx_word' id='word_1_146' title='bbox 1039 2090 1419 2162; x_wconf 71' lang='lat' dir='ltr'><strong>praenuntialor</strong></span> <span class='ocrx_word' id='word_1_147' title='bbox 1433 2087 1686 2158; x_wconf 86' lang='lat' dir='ltr'><strong>apertior.</strong></span> 
     </span>
    </p>
   </div>
   <div class='ocr_carea' id='block_1_21' title="bbox 66 2181 1688 2262">
    <p class='ocr_par' dir='ltr' id='par_1_21' title="bbox 66 2181 1688 2262">
     <span class='ocr_line' id='line_1_22' title="bbox 66 2181 1688 2262; baseline -0.013 -8"><span class='ocrx_word' id='word_1_148' title='bbox 66 2181 72 2260; x_wconf 35' lang='grc' dir='ltr'><strong>ξ’</strong></span> <span class='ocrx_word' id='word_1_149' title='bbox 159 2193 486 2254; x_wconf 67' lang='lat' dir='ltr'><strong>Verumtamen</strong></span> <span class='ocrx_word' id='word_1_150' title='bbox 514 2205 615 2262; x_wconf 85' lang='lat' dir='ltr'><strong>ego</strong></span> <span class='ocrx_word' id='word_1_151' title='bbox 643 2191 867 2261; x_wconf 88' lang='lat' dir='ltr'><strong>primam</strong></span> <span class='ocrx_word' id='word_1_152' title='bbox 895 2186 1052 2257; x_wconf 88' lang='lat' dir='ltr'><strong>hujus</strong></span> <span class='ocrx_word' id='word_1_153' title='bbox 1080 2185 1362 2240; x_wconf 84' lang='lat' dir='ltr'><strong>lectionem</strong></span> <span class='ocrx_word' id='word_1_154' title='bbox 1396 2198 1501 2237; x_wconf 90' lang='lat' dir='ltr'><strong>non</strong></span> <span class='ocrx_word' id='word_1_155' title='bbox 1531 2181 1688 2236; x_wconf 90' lang='lat' dir='ltr'><strong>intel-</strong></span> 
     </span>
    </p>
   </div>
   <div class='ocr_carea' id='block_1_22' title="bbox 161 2274 1690 2360">
    <p class='ocr_par' dir='ltr' id='par_1_22' title="bbox 161 2274 1690 2360">
     <span class='ocr_line' id='line_1_23' title="bbox 161 2274 1690 2360; baseline -0.01 -16"><span class='ocrx_word' id='word_1_156' title='bbox 161 2287 315 2360; x_wconf 66' lang='lat' dir='ltr'><strong>ligas.</strong></span> <span class='ocrx_word' id='word_1_157' title='bbox 339 2296 604 2356; x_wconf 83' lang='lat' dir='ltr'><strong>totumque</strong></span> <span class='ocrx_word' id='word_1_158' title='bbox 633 2285 792 2339; x_wconf 88' lang='lat' dir='ltr'><strong>talem</strong></span> <span class='ocrx_word' id='word_1_159' title='bbox 821 2281 1108 2347; x_wconf 89' lang='lat' dir='ltr'><strong>arbitrans,</strong></span> <span class='ocrx_word' id='word_1_160' title='bbox 1136 2277 1316 2334; x_wconf 88' lang='lat' dir='ltr'><strong>distuli</strong></span> <span class='ocrx_word' id='word_1_161' title='bbox 1345 2274 1690 2347; x_wconf 88' lang='lat' dir='ltr'><strong>repetendum</strong></span> 
     </span>
    </p>
   </div>
   <div class='ocr_carea' id='block_1_23' title="bbox 162 2373 1078 2444">
    <p class='ocr_par' dir='ltr' id='par_1_23' title="bbox 162 2373 1078 2444">
     <span class='ocr_line' id='line_1_24' title="bbox 162 2373 1078 2444; baseline -0.013 -6"><span class='ocrx_word' id='word_1_162' title='bbox 162 2378 439 2438; x_wconf 70' lang='lat' dir='ltr'><strong>aet&#39;citatior</strong></span> <span class='ocrx_word' id='word_1_163' title='bbox 465 2378 520 2433; x_wconf 85' lang='lat' dir='ltr'><strong>in</strong></span> <span class='ocrx_word' id='word_1_164' title='bbox 545 2375 816 2432; x_wconf 90' lang='lat' dir='ltr'><strong>dominico</strong></span> <span class='ocrx_word' id='word_1_165' title='bbox 845 2373 1078 2444; x_wconf 83' lang='lat' dir='ltr'><strong>eloquio.</strong></span> 
     </span>
    </p>
   </div>
   <div class='ocr_carea' id='block_1_24' title="bbox 768 2481 1121 2541">
    <p class='ocr_par' dir='ltr' id='par_1_24' title="bbox 768 2481 1121 2541">
     <span class='ocr_line' id='line_1_25' title="bbox 768 2481 1121 2541; baseline -0.011 -1"><span class='ocrx_word' id='word_1_166' title='bbox 768 2484 994 2541; x_wconf 75' lang='lat' dir='ltr'><strong>CAPUT</strong></span> <span class='ocrx_word' id='word_1_167' title='bbox 1036 2481 1121 2538; x_wconf 82' lang='lat' dir='ltr'><strong>Vl.</strong></span> 
     </span>
    </p>
   </div>
   <div class='ocr_carea' id='block_1_25' title="bbox 264 2551 1552 2630">
    <p class='ocr_par' dir='ltr' id='par_1_25' title="bbox 264 2551 1552 2630">
     <span class='ocr_line' id='line_1_26' title="bbox 264 2551 1552 2630; baseline -0.011 -13"><span class='ocrx_word' id='word_1_168' title='bbox 264 2559 529 2616; x_wconf 77' lang='lat' dir='ltr'><strong>lfediolaui</strong></span> <span class='ocrx_word' id='word_1_169' title='bbox 553 2559 837 2630; x_wconf 80' lang='lat' dir='ltr'><strong>baptizatur</strong></span> <span class='ocrx_word' id='word_1_170' title='bbox 859 2573 975 2610; x_wconf 87' lang='lat' dir='ltr'><strong>cum</strong></span> <span class='ocrx_word' id='word_1_171' title='bbox 996 2553 1182 2625; x_wconf 80' lang='lat' dir='ltr'><strong>Alypio</strong></span> <span class='ocrx_word' id='word_1_172' title='bbox 1203 2561 1248 2606; x_wconf 90' lang='lat' dir='ltr'><strong>et</strong></span> <span class='ocrx_word' id='word_1_173' title='bbox 1274 2551 1552 2606; x_wconf 81' lang='lat' dir='ltr'><strong>Adeodato.</strong></span> 
     </span>
    </p>
   </div>
   <div class='ocr_carea' id='block_1_26' title="bbox 215 2641 1697 2721">
    <p class='ocr_par' dir='ltr' id='par_1_26' title="bbox 215 2641 1697 2721">
     <span class='ocr_line' id='line_1_27' title="bbox 215 2641 1697 2721; baseline -0.01 -11"><span class='ocrx_word' id='word_1_174' title='bbox 215 2652 288 2712; x_wconf 72' lang='lat' dir='ltr'><strong>ﬂ.</strong></span> <span class='ocrx_word' id='word_1_175' title='bbox 313 2653 429 2710; x_wconf 84' lang='lat' dir='ltr'><strong>inde</strong></span> <span class='ocrx_word' id='word_1_176' title='bbox 460 2652 551 2708; x_wconf 87' lang='lat' dir='ltr'><strong>ubi</strong></span> <span class='ocrx_word' id='word_1_177' title='bbox 592 2662 800 2721; x_wconf 88' lang='lat' dir='ltr'><strong>tempus</strong></span> <span class='ocrx_word' id='word_1_178' title='bbox 838 2647 1054 2705; x_wconf 84' lang='lat' dir='ltr'><strong>advenit</strong></span> <span class='ocrx_word' id='word_1_179' title='bbox 1097 2661 1202 2716; x_wconf 91' lang='lat' dir='ltr'><strong>quo</strong></span> <span class='ocrx_word' id='word_1_180' title='bbox 1237 2660 1322 2700; x_wconf 90' lang='lat' dir='ltr'><strong>me</strong></span> <span class='ocrx_word' id='word_1_181' title='bbox 1350 2659 1544 2699; x_wconf 89' lang='lat' dir='ltr'><strong>nomen</strong></span> <span class='ocrx_word' id='word_1_182' title='bbox 1571 2641 1697 2697; x_wconf 90' lang='lat' dir='ltr'><strong>dare</strong></span> 
     </span>
    </p>
   </div>
   <div class='ocr_carea' id='block_1_27' title="bbox 66 2736 1694 2890">
    <p class='ocr_par' dir='ltr' id='par_1_27' title="bbox 66 2736 1694 2890">
     <span class='ocr_line' id='line_1_28' title="bbox 66 2736 1694 2890; baseline -0.01 -84"><span class='ocrx_word' id='word_1_183' title='bbox 66 2737 76 2890; x_wconf 53' lang='grc' dir='ltr'><strong>Ι</strong></span> <span class='ocrx_word' id='word_1_184' title='bbox 166 2755 418 2816; x_wconf 66' lang='lat' dir='ltr'><strong>met,</strong></span> <span class='ocrx_word' id='word_1_185' title='bbox 477 2743 662 2800; x_wconf 87' lang='lat' dir='ltr'><strong>relicto</strong></span> <span class='ocrx_word' id='word_1_186' title='bbox 711 2757 856 2809; x_wconf 88' lang='lat' dir='ltr'><strong>rure,</strong></span> <span class='ocrx_word' id='word_1_187' title='bbox 907 2738 1258 2794; x_wconf 85' lang='lat' dir='ltr'><strong>Mediolanum</strong></span> <span class='ocrx_word' id='word_1_188' title='bbox 1324 2736 1694 2792; x_wconf 76' lang='lat' dir='ltr'><strong>remeavimus.</strong></span> 
     </span>
     <span class='ocr_line' id='line_1_29' title="bbox 164 2828 1694 2890; baseline -0.005 0"><span class='ocrx_word' id='word_1_189' title='bbox 164 2834 619 2890; x_wconf 74' lang='lat' dir='ltr'><strong>thitetAlvoio</strong></span> <span class='ocrx_word' id='word_1_190' title='bbox 647 2834 856 2890; x_wconf 87' lang='lat' dir='ltr'><strong>renasci</strong></span> <span class='ocrx_word' id='word_1_191' title='bbox 900 2833 954 2887; x_wconf 91' lang='lat' dir='ltr'><strong>in</strong></span> <span class='ocrx_word' id='word_1_192' title='bbox 995 2840 1047 2887; x_wconf 88' lang='lat' dir='ltr'><strong>te</strong></span> <span class='ocrx_word' id='word_1_193' title='bbox 1075 2845 1281 2886; x_wconf 88' lang='lat' dir='ltr'><strong>mecum</strong></span> <span class='ocrx_word' id='word_1_194' title='bbox 1307 2871 1322 2890; x_wconf 89' lang='lat'><strong>.</strong></span> <span class='ocrx_word' id='word_1_195' title='bbox 1366 2830 1474 2890; x_wconf 83' lang='lat' dir='ltr'><strong>iam</strong></span> <span class='ocrx_word' id='word_1_196' title='bbox 1515 2828 1694 2883; x_wconf 92' lang='lat' dir='ltr'><strong>induto</strong></span> 
     </span>
    </p>
   </div>
   <div class='ocr_carea' id='block_1_28' title="bbox 66 2828 1698 2914">
    <p class='ocr_par' dir='ltr' id='par_1_28' title="bbox 66 2828 1698 2914">
     <span class='ocr_line' id='line_1_30' title="bbox 66 2828 1698 2914; baseline -0.009 -18"><span class='ocrx_word' id='word_1_197' title='bbox 66 2828 76 2914; x_wconf 71' lang='grc' dir='ltr'>Ῐ</span> <span class='ocrx_word' id='word_1_198' title='bbox 164 2834 619 2909; x_wconf 65' lang='lat' dir='ltr'><strong>MitetAlypio</strong></span> <span class='ocrx_word' id='word_1_199' title='bbox 647 2834 856 2892; x_wconf 87' lang='lat' dir='ltr'><strong>renasci</strong></span> <span class='ocrx_word' id='word_1_200' title='bbox 900 2833 954 2887; x_wconf 92' lang='lat' dir='ltr'><strong>in</strong></span> <span class='ocrx_word' id='word_1_201' title='bbox 995 2840 1047 2887; x_wconf 88' lang='lat' dir='ltr'><strong>te</strong></span> <span class='ocrx_word' id='word_1_202' title='bbox 1075 2845 1281 2886; x_wconf 90' lang='lat' dir='ltr'><strong>mecum</strong></span> <span class='ocrx_word' id='word_1_203' title='bbox 1307 2871 1322 2897; x_wconf 95' lang='lat'><strong>,</strong></span> <span class='ocrx_word' id='word_1_204' title='bbox 1365 2830 1474 2898; x_wconf 90' lang='lat' dir='ltr'><strong>jam</strong></span> <span class='ocrx_word' id='word_1_205' title='bbox 1515 2828 1698 2883; x_wconf 92' lang='lat' dir='ltr'><strong>induto</strong></span> 
     </span>
    </p>
   </div>
   <div class='ocr_carea' id='block_1_29' title="bbox 66 2917 1700 3010">
    <p class='ocr_par' dir='ltr' id='par_1_29' title="bbox 66 2917 1700 3010">
     <span class='ocr_line' id='line_1_31' title="bbox 66 2917 1700 3010; baseline -0.007 -22"><span class='ocrx_word' id='word_1_206' title='bbox 66 2917 72 3010; x_wconf 60' lang='grc' dir='ltr'>μ</span> <span class='ocrx_word' id='word_1_207' title='bbox 165 2925 406 2986; x_wconf 67' lang='grc' dir='ltr'><strong>ὶ-ἰῑίιιιε</strong></span> <span class='ocrx_word' id='word_1_208' title='bbox 430 2926 797 2984; x_wconf 87' lang='lat' dir='ltr'><strong>Sacramentis</strong></span> <span class='ocrx_word' id='word_1_209' title='bbox 817 2925 920 2980; x_wconf 88' lang='lat' dir='ltr'><strong>tuis</strong></span> <span class='ocrx_word' id='word_1_210' title='bbox 939 2937 1188 2993; x_wconf 85' lang='lat' dir='ltr'><strong>congrua,</strong></span> <span class='ocrx_word' id='word_1_211' title='bbox 1219 2931 1272 2976; x_wconf 93' lang='lat' dir='ltr'><strong>et</strong></span> <span class='ocrx_word' id='word_1_212' title='bbox 1298 2920 1585 2976; x_wconf 89' lang='lat' dir='ltr'><strong>fortissimo</strong></span> <span class='ocrx_word' id='word_1_213' title='bbox 1605 2921 1700 2976; x_wconf 88' lang='lat' dir='ltr'><strong>do—</strong></span> 
     </span>
    </p>
   </div>
   <div class='ocr_carea' id='block_1_30' title="bbox 66 3011 1701 3090">
    <p class='ocr_par' dir='ltr' id='par_1_30' title="bbox 66 3011 1701 3090">
     <span class='ocr_line' id='line_1_32' title="bbox 66 3011 1701 3090; baseline -0.007 -13"><span class='ocrx_word' id='word_1_214' title='bbox 168 3017 574 3090; x_wconf 64' lang='lat' dir='ltr'><strong>minium-poris,</strong></span> <span class='ocrx_word' id='word_1_215' title='bbox 595 3033 762 3089; x_wconf 88' lang='lat' dir='ltr'><strong>usque</strong></span> <span class='ocrx_word' id='word_1_216' title='bbox 781 3016 847 3072; x_wconf 92' lang='lat' dir='ltr'><strong>ad</strong></span> <span class='ocrx_word' id='word_1_217' title='bbox 873 3015 1107 3070; x_wconf 89' lang='lat' dir='ltr'><strong>Italicum</strong></span> <span class='ocrx_word' id='word_1_218' title='bbox 1127 3014 1298 3070; x_wconf 90' lang='lat' dir='ltr'><strong>solum</strong></span> <span class='ocrx_word' id='word_1_219' title='bbox 1321 3012 1540 3084; x_wconf 81' lang='lat' dir='ltr'><strong>glaciale</strong></span> <span class='ocrx_word' id='word_1_220' title='bbox 1559 3012 1701 3067; x_wconf 91' lang='lat' dir='ltr'><strong>nudo</strong></span> 
     </span>
    </p>
   </div>
   <div class='ocr_carea' id='block_1_31' title="bbox 167 3105 1699 3182">
    <p class='ocr_par' dir='ltr' id='par_1_31' title="bbox 167 3105 1699 3182">
     <span class='ocr_line' id='line_1_33' title="bbox 167 3105 1699 3182; baseline -0.007 -15"><span class='ocrx_word' id='word_1_221' title='bbox 167 3108 632 3182; x_wconf 46' lang='lat' dir='ltr'><strong>“obterendum</strong></span> <span class='ocrx_word' id='word_1_222' title='bbox 683 3107 894 3163; x_wconf 89' lang='lat' dir='ltr'><strong>insolito</strong></span> <span class='ocrx_word' id='word_1_223' title='bbox 945 3121 1098 3162; x_wconf 90' lang='lat' dir='ltr'><strong>ausu.</strong></span> <span class='ocrx_word' id='word_1_224' title='bbox 1148 3105 1499 3175; x_wconf 80' lang='lat' dir='ltr'><strong>Adjuuximus</strong></span> <span class='ocrx_word' id='word_1_225' title='bbox 1540 3105 1699 3161; x_wconf 87' lang='lat' dir='ltr'><strong>etiam</strong></span> 
     </span>
    </p>
   </div>
   <div class='ocr_carea' id='block_1_32' title="bbox 171 3195 1702 3275">
    <p class='ocr_par' dir='ltr' id='par_1_32' title="bbox 171 3195 1702 3275">
     <span class='ocr_line' id='line_1_34' title="bbox 171 3195 1702 3275; baseline -0.007 -14"><span class='ocrx_word' id='word_1_226' title='bbox 171 3201 292 3260; x_wconf 69' lang='lat' dir='ltr'><strong>ubi:</strong></span> <span class='ocrx_word' id='word_1_227' title='bbox 310 3219 519 3275; x_wconf 83' lang='lat' dir='ltr'><strong>puerum</strong></span> <span class='ocrx_word' id='word_1_228' title='bbox 541 3201 871 3258; x_wconf 84' lang='lat' dir='ltr'><strong>Adeodatum</strong></span> <span class='ocrx_word' id='word_1_229' title='bbox 902 3216 967 3256; x_wconf 80' lang='lat' dir='ltr'><strong>ex</strong></span> <span class='ocrx_word' id='word_1_230' title='bbox 996 3215 1082 3255; x_wconf 91' lang='lat' dir='ltr'><strong>me</strong></span> <span class='ocrx_word' id='word_1_231' title='bbox 1110 3207 1290 3254; x_wconf 92' lang='lat' dir='ltr'><strong>natum</strong></span> <span class='ocrx_word' id='word_1_232' title='bbox 1332 3197 1613 3253; x_wconf 87' lang='lat' dir='ltr'><strong>carnaliter</strong></span> <span class='ocrx_word' id='word_1_233' title='bbox 1635 3195 1702 3251; x_wconf 90' lang='lat' dir='ltr'><strong>de</strong></span> 
     </span>
    </p>
   </div>
   <div class='ocr_carea' id='block_1_33' title="bbox 173 3292 1704 3366">
    <p class='ocr_par' dir='ltr' id='par_1_33' title="bbox 173 3292 1704 3366">
     <span class='ocr_line' id='line_1_35' title="bbox 173 3292 1704 3366; baseline -0.006 -12"><span class='ocrx_word' id='word_1_234' title='bbox 173 3307 350 3366; x_wconf 61' lang='lat' dir='ltr'><strong>male</strong></span> <span class='ocrx_word' id='word_1_235' title='bbox 384 3312 524 3352; x_wconf 82' lang='lat' dir='ltr'><strong>meo.</strong></span> <span class='ocrx_word' id='word_1_236' title='bbox 572 3296 651 3350; x_wconf 89' lang='lat' dir='ltr'><strong>&#39;fu</strong></span> <span class='ocrx_word' id='word_1_237' title='bbox 690 3295 828 3350; x_wconf 88' lang='lat' dir='ltr'><strong>bene</strong></span> <span class='ocrx_word' id='word_1_238' title='bbox 871 3293 1074 3349; x_wconf 89' lang='lat' dir='ltr'><strong>feceras</strong></span> <span class='ocrx_word' id='word_1_239' title='bbox 1103 3307 1244 3348; x_wconf 91' lang='lat' dir='ltr'><strong>eum.</strong></span> <span class='ocrx_word' id='word_1_240' title='bbox 1278 3292 1552 3347; x_wconf 82' lang='lat' dir='ltr'><strong>Annorum</strong></span> <span class='ocrx_word' id='word_1_241' title='bbox 1591 3300 1704 3346; x_wconf 90' lang='lat' dir='ltr'><strong>erat</strong></span> 
     </span>
    </p>
   </div>
   <div class='ocr_carea' id='block_1_34' title="bbox 173 3379 1704 3460">
    <p class='ocr_par' dir='ltr' id='par_1_34' title="bbox 173 3379 1704 3460">
     <span class='ocr_line' id='line_1_36' title="bbox 173 3379 1704 3460; baseline -0.007 -12"><span class='ocrx_word' id='word_1_242' title='bbox 173 3379 641 3460; x_wconf 45' lang='lat' dir='ltr'><strong>“quindecim.</strong></span> <span class='ocrx_word' id='word_1_243' title='bbox 665 3385 951 3457; x_wconf 88' lang='lat' dir='ltr'><strong>etingenio</strong></span> <span class='ocrx_word' id='word_1_244' title='bbox 979 3383 1335 3456; x_wconf 60' lang='lat' dir='ltr'><strong>praeveniebat</strong></span> <span class='ocrx_word' id='word_1_245' title='bbox 1359 3383 1556 3439; x_wconf 91' lang='lat' dir='ltr'><strong>multos</strong></span> <span class='ocrx_word' id='word_1_246' title='bbox 1583 3399 1704 3454; x_wconf 87' lang='lat' dir='ltr'><strong>gra-</strong></span> 
     </span>
    </p>
   </div>
   <div class='ocr_carea' id='block_1_35' title="bbox 179 3474 1704 3544">
    <p class='ocr_par' dir='ltr' id='par_1_35' title="bbox 179 3474 1704 3544">
     <span class='ocr_line' id='line_1_37' title="bbox 179 3474 1704 3544; baseline -0.005 -7"><span class='ocrx_word' id='word_1_247' title='bbox 179 3487 322 3544; x_wconf 69' lang='lat' dir='ltr'><strong>m&#39;et</strong></span> <span class='ocrx_word' id='word_1_248' title='bbox 338 3479 503 3538; x_wconf 82' lang='lat' dir='ltr'><strong>doctos</strong></span> <span class='ocrx_word' id='word_1_249' title='bbox 521 3481 688 3535; x_wconf 88' lang='lat' dir='ltr'><strong>viros.</strong></span> <span class='ocrx_word' id='word_1_250' title='bbox 712 3478 929 3534; x_wconf 85' lang='lat' dir='ltr'><strong>Munera</strong></span> <span class='ocrx_word' id='word_1_251' title='bbox 953 3487 1040 3531; x_wconf 88' lang='lat' dir='ltr'><strong>tua</strong></span> <span class='ocrx_word' id='word_1_252' title='bbox 1063 3476 1155 3532; x_wconf 88' lang='lat' dir='ltr'><strong>tibi</strong></span> <span class='ocrx_word' id='word_1_253' title='bbox 1177 3474 1455 3542; x_wconf 88' lang='lat' dir='ltr'><strong>conﬁteor,</strong></span> <span class='ocrx_word' id='word_1_254' title='bbox 1485 3475 1704 3530; x_wconf 89' lang='lat' dir='ltr'><strong>Domine</strong></span> 
     </span>
    </p>
   </div>
   <div class='ocr_carea' id='block_1_36' title="bbox 66 3559 1706 3646">
    <p class='ocr_par' dir='ltr' id='par_1_36' title="bbox 66 3559 1706 3646">
     <span class='ocr_line' id='line_1_38' title="bbox 66 3559 1706 3646; baseline -0.005 -16"><span class='ocrx_word' id='word_1_255' title='bbox 66 3559 68 3646; x_wconf 63' lang='grc' dir='ltr'><strong>ί</strong></span> <span class='ocrx_word' id='word_1_256' title='bbox 187 3565 460 3639; x_wconf 61' lang='lat' dir='ltr'><strong>Mlius,</strong></span> <span class='ocrx_word' id='word_1_257' title='bbox 478 3581 695 3629; x_wconf 83' lang='lat' dir='ltr'><strong>creator</strong></span> <span class='ocrx_word' id='word_1_258' title='bbox 719 3570 980 3635; x_wconf 88' lang='lat' dir='ltr'><strong>onmium,</strong></span> <span class='ocrx_word' id='word_1_259' title='bbox 1006 3576 1062 3623; x_wconf 89' lang='lat' dir='ltr'><strong>ct</strong></span> <span class='ocrx_word' id='word_1_260' title='bbox 1079 3567 1302 3623; x_wconf 90' lang='lat' dir='ltr'><strong>multum</strong></span> <span class='ocrx_word' id='word_1_261' title='bbox 1333 3576 1519 3637; x_wconf 90' lang='lat' dir='ltr'><strong>potens</strong></span> <span class='ocrx_word' id='word_1_262' title='bbox 1539 3567 1706 3622; x_wconf 88' lang='lat' dir='ltr'><strong>refor-</strong></span> 
     </span>
    </p>
   </div>
   <div class='ocr_carea' id='block_1_37' title="bbox 183 3658 1707 3729">
    <p class='ocr_par' dir='ltr' id='par_1_37' title="bbox 183 3658 1707 3729">
     <span class='ocr_line' id='line_1_39' title="bbox 183 3658 1707 3729; baseline -0.007 -7"><span class='ocrx_word' id='word_1_263' title='bbox 183 3669 310 3722; x_wconf 65' lang='grc' dir='ltr'><strong>Πη</strong></span> <span class='ocrx_word' id='word_1_264' title='bbox 325 3660 344 3694; x_wconf 79' lang='grc'>³</span> <span class='ocrx_word' id='word_1_265' title='bbox 367 3671 529 3720; x_wconf 75' lang='lat' dir='ltr'><strong>nostra</strong></span> <span class='ocrx_word' id='word_1_266' title='bbox 556 3661 816 3718; x_wconf 88' lang='lat' dir='ltr'><strong>deformia</strong></span> <span class='ocrx_word' id='word_1_267' title='bbox 839 3676 852 3712; x_wconf 91' lang='lat'><strong>:</strong></span> <span class='ocrx_word' id='word_1_268' title='bbox 878 3675 998 3714; x_wconf 90' lang='lat' dir='ltr'><strong>nam</strong></span> <span class='ocrx_word' id='word_1_269' title='bbox 1020 3674 1122 3729; x_wconf 88' lang='lat' dir='ltr'><strong>ego</strong></span> <span class='ocrx_word' id='word_1_270' title='bbox 1142 3659 1194 3712; x_wconf 91' lang='lat' dir='ltr'><strong>in</strong></span> <span class='ocrx_word' id='word_1_271' title='bbox 1216 3658 1306 3712; x_wconf 93' lang='lat' dir='ltr'><strong>illo</strong></span> <span class='ocrx_word' id='word_1_272' title='bbox 1332 3673 1494 3728; x_wconf 91' lang='lat' dir='ltr'><strong>puero</strong></span> <span class='ocrx_word' id='word_1_273' title='bbox 1514 3669 1707 3728; x_wconf 67' lang='lat' dir='ltr'><strong>praeter</strong></span> 
     </span>
    </p>
   </div>
   <div class='ocr_carea' id='block_1_38' title="bbox 179 3747 1709 3818">
    <p class='ocr_par' dir='ltr' id='par_1_38' title="bbox 179 3747 1709 3818">
     <span class='ocr_line' id='line_1_40' title="bbox 179 3747 1709 3818; baseline -0.007 -5"><span class='ocrx_word' id='word_1_274' title='bbox 179 3747 391 3814; x_wconf 52' lang='lat' dir='ltr'><strong>“ﬂuat</strong></span> <span class='ocrx_word' id='word_1_275' title='bbox 425 3753 558 3809; x_wconf 84' lang='lat' dir='ltr'><strong>nihil</strong></span> <span class='ocrx_word' id='word_1_276' title='bbox 595 3751 878 3807; x_wconf 87' lang='lat' dir='ltr'><strong>habebam.</strong></span> <span class='ocrx_word' id='word_1_277' title='bbox 908 3749 1063 3818; x_wconf 84' lang='lat' dir='ltr'><strong>Quod</strong></span> <span class='ocrx_word' id='word_1_278' title='bbox 1104 3750 1242 3805; x_wconf 88' lang='lat' dir='ltr'><strong>enim</strong></span> <span class='ocrx_word' id='word_1_279' title='bbox 1284 3750 1648 3805; x_wconf 88' lang='lat' dir='ltr'><strong>enutriebatur</strong></span> <span class='ocrx_word' id='word_1_280' title='bbox 1677 3764 1709 3802; x_wconf 93' lang='lat' dir='ltr'><strong>a</strong></span> 
     </span>
    </p>
   </div>
   <div class='ocr_carea' id='block_1_39' title="bbox 179 3839 1709 3915">
    <p class='ocr_par' dir='ltr' id='par_1_39' title="bbox 179 3839 1709 3915">
     <span class='ocr_line' id='line_1_41' title="bbox 179 3839 1709 3915; baseline -0.004 -15"><span class='ocrx_word' id='word_1_281' title='bbox 179 3839 374 3902; x_wconf 50' lang='lat' dir='ltr'><strong>“in</strong></span> <span class='ocrx_word' id='word_1_282' title='bbox 395 3845 670 3915; x_wconf 85' lang='lat' dir='ltr'><strong>disciplina</strong></span> <span class='ocrx_word' id='word_1_283' title='bbox 695 3852 804 3910; x_wconf 88' lang='lat' dir='ltr'><strong>tua,</strong></span> <span class='ocrx_word' id='word_1_284' title='bbox 847 3852 901 3897; x_wconf 91' lang='lat' dir='ltr'><strong>tu</strong></span> <span class='ocrx_word' id='word_1_285' title='bbox 932 3842 1283 3911; x_wconf 87' lang='lat' dir='ltr'><strong>inspiraveras</strong></span> <span class='ocrx_word' id='word_1_286' title='bbox 1321 3840 1493 3906; x_wconf 89' lang='lat' dir='ltr'><strong>nobis,</strong></span> <span class='ocrx_word' id='word_1_287' title='bbox 1535 3839 1709 3895; x_wconf 90' lang='lat' dir='ltr'><strong>nullus</strong></span> 
     </span>
    </p>
   </div>
   <div class='ocr_carea' id='block_1_40' title="bbox 171 3927 1710 4002">
    <p class='ocr_par' dir='ltr' id='par_1_40' title="bbox 171 3927 1710 4002">
     <span class='ocr_line' id='line_1_42' title="bbox 171 3927 1710 4002; baseline -0.005 -10"><span class='ocrx_word' id='word_1_288' title='bbox 171 3927 290 4002; x_wconf 60' lang='lat' dir='ltr'><strong>diu</strong></span> <span class='ocrx_word' id='word_1_289' title='bbox 310 3953 326 3991; x_wconf 88' lang='lat'><strong>:</strong></span> <span class='ocrx_word' id='word_1_290' title='bbox 349 3951 562 3993; x_wconf 78' lang='lat' dir='ltr'><strong>munera</strong></span> <span class='ocrx_word' id='word_1_291' title='bbox 595 3947 682 3991; x_wconf 90' lang='lat' dir='ltr'><strong>tua</strong></span> <span class='ocrx_word' id='word_1_292' title='bbox 709 3935 804 3991; x_wconf 88' lang='lat' dir='ltr'><strong>tibi</strong></span> <span class='ocrx_word' id='word_1_293' title='bbox 833 3933 1110 3990; x_wconf 87' lang='lat' dir='ltr'><strong>conﬁteor.</strong></span> <span class='ocrx_word' id='word_1_294' title='bbox 1141 3933 1235 3988; x_wconf 88' lang='lat' dir='ltr'><strong>Est</strong></span> <span class='ocrx_word' id='word_1_295' title='bbox 1260 3933 1392 3988; x_wconf 91' lang='lat' dir='ltr'><strong>liber</strong></span> <span class='ocrx_word' id='word_1_296' title='bbox 1417 3941 1596 3987; x_wconf 87' lang='lat' dir='ltr'><strong>noster</strong></span> <span class='ocrx_word' id='word_1_297' title='bbox 1620 3933 1710 4002; x_wconf 91' lang='lat' dir='ltr'><strong>qui</strong></span> 
     </span>
    </p>
   </div>
   <div class='ocr_carea' id='block_1_41' title="bbox 179 4019 1711 4098">
    <p class='ocr_par' dir='ltr' id='par_1_41' title="bbox 179 4019 1711 4098">
     <span class='ocr_line' id='line_1_43' title="bbox 179 4019 1711 4098; baseline -0.005 -13"><span class='ocrx_word' id='word_1_298' title='bbox 179 4019 462 4096; x_wconf 45' lang='lat' dir='ltr'><strong>“bitur,</strong></span> <span class='ocrx_word' id='word_1_299' title='bbox 484 4028 554 4083; x_wconf 88' lang='lat' dir='ltr'><strong>de</strong></span> <span class='ocrx_word' id='word_1_300' title='bbox 575 4027 824 4098; x_wconf 74' lang='lat' dir='ltr'><strong>Magistro</strong></span> <span class='ocrx_word' id='word_1_301' title='bbox 853 4044 864 4079; x_wconf 90' lang='lat'><strong>:</strong></span> <span class='ocrx_word' id='word_1_302' title='bbox 895 4026 1007 4097; x_wconf 88' lang='lat' dir='ltr'><strong>ipse</strong></span> <span class='ocrx_word' id='word_1_303' title='bbox 1031 4023 1102 4078; x_wconf 88' lang='lat' dir='ltr'><strong>ibi</strong></span> <span class='ocrx_word' id='word_1_304' title='bbox 1122 4039 1330 4080; x_wconf 91' lang='lat' dir='ltr'><strong>mecum</strong></span> <span class='ocrx_word' id='word_1_305' title='bbox 1359 4024 1606 4095; x_wconf 88' lang='lat' dir='ltr'><strong>loquitur.</strong></span> <span class='ocrx_word' id='word_1_306' title='bbox 1630 4023 1711 4078; x_wconf 90' lang='lat' dir='ltr'><strong>Tu</strong></span> 
     </span>
    </p>
   </div>
   <div class='ocr_carea' id='block_1_42' title="bbox 179 4113 1712 4195">
    <p class='ocr_par' dir='ltr' id='par_1_42' title="bbox 179 4113 1712 4195">
     <span class='ocr_line' id='line_1_44' title="bbox 179 4113 1712 4195; baseline -0.003 -18"><span class='ocrx_word' id='word_1_307' title='bbox 179 4113 410 4186; x_wconf 56' lang='lat' dir='ltr'><strong>ﬂiillius</strong></span> <span class='ocrx_word' id='word_1_308' title='bbox 431 4137 548 4178; x_wconf 83' lang='lat' dir='ltr'><strong>esse</strong></span> <span class='ocrx_word' id='word_1_309' title='bbox 574 4135 735 4178; x_wconf 88' lang='lat' dir='ltr'><strong>sensa</strong></span> <span class='ocrx_word' id='word_1_310' title='bbox 755 4120 930 4175; x_wconf 86' lang='lat' dir='ltr'><strong>omnia</strong></span> <span class='ocrx_word' id='word_1_311' title='bbox 954 4134 1069 4190; x_wconf 74' lang='lat' dir='ltr'><strong>quae</strong></span> <span class='ocrx_word' id='word_1_312' title='bbox 1095 4119 1399 4195; x_wconf 89' lang='lat' dir='ltr'><strong>inseruntur</strong></span> <span class='ocrx_word' id='word_1_313' title='bbox 1414 4118 1484 4172; x_wconf 91' lang='lat' dir='ltr'><strong>ibi</strong></span> <span class='ocrx_word' id='word_1_314' title='bbox 1504 4134 1570 4173; x_wconf 81' lang='lat' dir='ltr'><strong>ex</strong></span> <span class='ocrx_word' id='word_1_315' title='bbox 1595 4132 1712 4187; x_wconf 89' lang='lat' dir='ltr'><strong>per-</strong></span> 
     </span>
    </p>
   </div>
   <div class='ocr_carea' id='block_1_43' title="bbox 89 4205 1709 4286">
    <p class='ocr_par' dir='ltr' id='par_1_43' title="bbox 89 4205 1709 4286">
     <span class='ocr_line' id='line_1_45' title="bbox 89 4205 1709 4286; baseline -0.004 -16"><span class='ocrx_word' id='word_1_316' title='bbox 307 4211 636 4270; x_wconf 86' lang='lat' dir='ltr'><strong>eollocutoris</strong></span> <span class='ocrx_word' id='word_1_317' title='bbox 662 4213 792 4279; x_wconf 90' lang='lat' dir='ltr'><strong>mei,</strong></span> <span class='ocrx_word' id='word_1_318' title='bbox 823 4227 946 4266; x_wconf 92' lang='lat' dir='ltr'><strong>cum</strong></span> <span class='ocrx_word' id='word_1_319' title='bbox 969 4219 1112 4267; x_wconf 90' lang='lat' dir='ltr'><strong>esset</strong></span> <span class='ocrx_word' id='word_1_320' title='bbox 1140 4211 1193 4264; x_wconf 90' lang='lat' dir='ltr'><strong>in</strong></span> <span class='ocrx_word' id='word_1_321' title='bbox 1230 4211 1382 4265; x_wconf 91' lang='lat' dir='ltr'><strong>annis</strong></span> <span class='ocrx_word' id='word_1_322' title='bbox 1425 4210 1709 4266; x_wconf 80' lang='lat' dir='ltr'><strong>sexdecim.</strong></span> 
     </span>
    </p>
   </div>
   <div class='ocr_carea' id='block_1_44' title="bbox 177 4291 1714 4384">
    <p class='ocr_par' dir='ltr' id='par_1_44' title="bbox 177 4291 1714 4384">
     <span class='ocr_line' id='line_1_46' title="bbox 177 4291 1714 4384; baseline -0.003 -24"><span class='ocrx_word' id='word_1_323' title='bbox 355 4305 466 4376; x_wconf 80' lang='lat' dir='ltr'><strong>ejus</strong></span> <span class='ocrx_word' id='word_1_324' title='bbox 497 4306 601 4362; x_wconf 87' lang='lat' dir='ltr'><strong>alia</strong></span> <span class='ocrx_word' id='word_1_325' title='bbox 642 4305 968 4361; x_wconf 82' lang='lat' dir='ltr'><strong>mirabiliora</strong></span> <span class='ocrx_word' id='word_1_326' title='bbox 1015 4313 1266 4374; x_wconf 82' lang='lat' dir='ltr'><strong>expertus</strong></span> <span class='ocrx_word' id='word_1_327' title='bbox 1310 4318 1447 4358; x_wconf 92' lang='lat' dir='ltr'><strong>sum.</strong></span> <span class='ocrx_word' id='word_1_328' title='bbox 1496 4303 1714 4358; x_wconf 84' lang='lat' dir='ltr'><strong>Horrori</strong></span> 
     </span>
    </p>
   </div>
   <div class='ocr_carea' id='block_1_45' title="bbox 179 4385 1716 4469">
    <p class='ocr_par' dir='ltr' id='par_1_45' title="bbox 179 4385 1716 4469">
     <span class='ocr_line' id='line_1_47' title="bbox 179 4385 1716 4469; baseline -0.005 -14"><span class='ocrx_word' id='word_1_329' title='bbox 179 4385 292 4468; x_wconf 51' lang='lat' dir='ltr'><strong>QN</strong></span> <span class='ocrx_word' id='word_1_330' title='bbox 330 4407 437 4454; x_wconf 79' lang='lat' dir='ltr'><strong>erat</strong></span> <span class='ocrx_word' id='word_1_331' title='bbox 480 4399 606 4454; x_wconf 90' lang='lat' dir='ltr'><strong>illud</strong></span> <span class='ocrx_word' id='word_1_332' title='bbox 650 4397 954 4469; x_wconf 85' lang='lat' dir='ltr'><strong>ingenium;</strong></span> <span class='ocrx_word' id='word_1_333' title='bbox 1002 4407 1056 4452; x_wconf 89' lang='lat' dir='ltr'><strong>et</strong></span> <span class='ocrx_word' id='word_1_334' title='bbox 1084 4396 1201 4466; x_wconf 89' lang='lat' dir='ltr'><strong>quis</strong></span> <span class='ocrx_word' id='word_1_335' title='bbox 1237 4404 1429 4466; x_wconf 62' lang='lat' dir='ltr'><strong>prater</strong></span> <span class='ocrx_word' id='word_1_336' title='bbox 1455 4403 1504 4449; x_wconf 88' lang='lat' dir='ltr'><strong>te</strong></span> <span class='ocrx_word' id='word_1_337' title='bbox 1535 4395 1716 4448; x_wconf 90' lang='lat' dir='ltr'><strong>talium</strong></span> 
     </span>
    </p>
   </div>
   <div class='ocr_carea' id='block_1_46' title="bbox 81 4483 1714 4562">
    <p class='ocr_par' dir='ltr' id='par_1_46' title="bbox 81 4483 1714 4562">
     <span class='ocr_line' id='line_1_48' title="bbox 81 4483 1714 4562; baseline -0.005 -12"><span class='ocrx_word' id='word_1_338' title='bbox 81 4483 92 4562; x_wconf 60' lang='grc' dir='ltr'><strong>ἷι</strong></span> <span class='ocrx_word' id='word_1_339' title='bbox 171 4483 519 4558; x_wconf 63' lang='lat' dir='ltr'><strong>Mrem</strong></span> <span class='ocrx_word' id='word_1_340' title='bbox 568 4489 784 4562; x_wconf 78' lang='lat' dir='ltr'><strong>epifex?</strong></span> <span class='ocrx_word' id='word_1_341' title='bbox 813 4489 930 4545; x_wconf 91' lang='lat' dir='ltr'><strong>Cito</strong></span> <span class='ocrx_word' id='word_1_342' title='bbox 959 4489 1027 4544; x_wconf 91' lang='lat' dir='ltr'><strong>de</strong></span> <span class='ocrx_word' id='word_1_343' title='bbox 1058 4499 1197 4544; x_wconf 86' lang='lat' dir='ltr'><strong>terra</strong></span> <span class='ocrx_word' id='word_1_344' title='bbox 1245 4487 1508 4544; x_wconf 88' lang='lat' dir='ltr'><strong>abstulisti</strong></span> <span class='ocrx_word' id='word_1_345' title='bbox 1557 4486 1714 4542; x_wconf 81' lang='lat' dir='ltr'><strong>vitam</strong></span> 
     </span>
    </p>
   </div>
   <div class='ocr_carea' id='block_1_47' title="bbox 77 4569 1718 4664">
    <p class='ocr_par' dir='ltr' id='par_1_47' title="bbox 77 4569 1718 4664">
     <span class='ocr_line' id='line_1_49' title="bbox 77 4569 1718 4664; baseline 0.001 -28"><span class='ocrx_word' id='word_1_346' title='bbox 77 4569 92 4636; x_wconf 74' lang='grc' dir='ltr'>Γ</span> <span class='ocrx_word' id='word_1_347' title='bbox 397 4585 626 4638; x_wconf 76' lang='lat' dir='ltr'><strong>securior</strong></span> <span class='ocrx_word' id='word_1_348' title='bbox 648 4599 773 4639; x_wconf 89' lang='lat' dir='ltr'><strong>eum</strong></span> <span class='ocrx_word' id='word_1_349' title='bbox 797 4583 1072 4648; x_wconf 85' lang='lat' dir='ltr'><strong>recordor,</strong></span> <span class='ocrx_word' id='word_1_350' title='bbox 1099 4597 1201 4636; x_wconf 92' lang='lat' dir='ltr'><strong>non</strong></span> <span class='ocrx_word' id='word_1_351' title='bbox 1226 4581 1416 4637; x_wconf 88' lang='lat' dir='ltr'><strong>timens</strong></span> <span class='ocrx_word' id='word_1_352' title='bbox 1431 4581 1718 4652; x_wconf 91' lang='lat' dir='ltr'><strong>quidquam</strong></span> 
     </span>
    </p>
   </div>
   <div class='ocr_carea' id='block_1_48' title="bbox 171 4670 1715 4752">
    <p class='ocr_par' dir='ltr' id='par_1_48' title="bbox 171 4670 1715 4752">
     <span class='ocr_line' id='line_1_50' title="bbox 171 4670 1715 4752; baseline 0.001 -23"><span class='ocrx_word' id='word_1_353' title='bbox 454 4692 548 4734; x_wconf 88' lang='lat' dir='ltr'><strong>nec</strong></span> <span class='ocrx_word' id='word_1_354' title='bbox 569 4676 964 4742; x_wconf 65' lang='lat' dir='ltr'><strong>adolescentiae,</strong></span> <span class='ocrx_word' id='word_1_355' title='bbox 995 4691 1092 4731; x_wconf 89' lang='lat' dir='ltr'><strong>nec</strong></span> <span class='ocrx_word' id='word_1_356' title='bbox 1125 4676 1342 4731; x_wconf 91' lang='lat' dir='ltr'><strong>omnino</strong></span> <span class='ocrx_word' id='word_1_357' title='bbox 1380 4675 1580 4731; x_wconf 89' lang='lat' dir='ltr'><strong>homini</strong></span> <span class='ocrx_word' id='word_1_358' title='bbox 1621 4678 1715 4731; x_wconf 90' lang='lat' dir='ltr'><strong>illi.</strong></span> 
     </span>
    </p>
   </div>
   <div class='ocr_carea' id='block_1_49' title="bbox 175 4753 1721 4842">
    <p class='ocr_par' dir='ltr' id='par_1_49' title="bbox 175 4753 1721 4842">
     <span class='ocr_line' id='line_1_51' title="bbox 175 4753 1721 4842; baseline 0.003 -24"><span class='ocrx_word' id='word_1_359' title='bbox 175 4753 482 4842; x_wconf 39' lang='lat' dir='ltr'><strong>gerimus</strong></span> <span class='ocrx_word' id='word_1_360' title='bbox 496 4783 616 4825; x_wconf 87' lang='lat' dir='ltr'><strong>eum</strong></span> <span class='ocrx_word' id='word_1_361' title='bbox 646 4783 885 4824; x_wconf 81' lang='lat' dir='ltr'><strong>coaevum</strong></span> <span class='ocrx_word' id='word_1_362' title='bbox 911 4767 1068 4822; x_wconf 91' lang='lat' dir='ltr'><strong>nobis</strong></span> <span class='ocrx_word' id='word_1_363' title='bbox 1097 4769 1147 4822; x_wconf 92' lang='lat' dir='ltr'><strong>in</strong></span> <span class='ocrx_word' id='word_1_364' title='bbox 1173 4768 1340 4838; x_wconf 90' lang='lat' dir='ltr'><strong>gratia</strong></span> <span class='ocrx_word' id='word_1_365' title='bbox 1363 4777 1469 4836; x_wconf 90' lang='lat' dir='ltr'><strong>tua,</strong></span> <span class='ocrx_word' id='word_1_366' title='bbox 1492 4769 1721 4825; x_wconf 88' lang='lat' dir='ltr'><strong>educan-</strong></span> 
     </span>
    </p>
   </div>
   <div class='ocr_carea' id='block_1_50' title="bbox 81 4841 1722 4944">
    <p class='ocr_par' dir='ltr' id='par_1_50' title="bbox 81 4841 1722 4944">
     <span class='ocr_line' id='line_1_52' title="bbox 81 4841 1722 4944; baseline 0.004 -35"><span class='ocrx_word' id='word_1_367' title='bbox 81 4871 88 4944; x_wconf 52' lang='grc' dir='ltr'>ᾗ</span> <span class='ocrx_word' id='word_1_368' title='bbox 321 4854 374 4944; x_wconf 70' lang='lat' dir='ltr'><strong>in</strong></span> <span class='ocrx_word' id='word_1_369' title='bbox 405 4856 672 4931; x_wconf 86' lang='lat' dir='ltr'><strong>disciplina</strong></span> <span class='ocrx_word' id='word_1_370' title='bbox 705 4868 825 4924; x_wconf 91' lang='lat' dir='ltr'><strong>tua;</strong></span> <span class='ocrx_word' id='word_1_371' title='bbox 855 4869 910 4914; x_wconf 89' lang='lat' dir='ltr'><strong>et</strong></span> <span class='ocrx_word' id='word_1_372' title='bbox 937 4858 1187 4928; x_wconf 88' lang='lat' dir='ltr'><strong>baptizati</strong></span> <span class='ocrx_word' id='word_1_373' title='bbox 1214 4873 1416 4926; x_wconf 92' lang='lat' dir='ltr'><strong>sumus,</strong></span> <span class='ocrx_word' id='word_1_374' title='bbox 1456 4869 1510 4915; x_wconf 90' lang='lat' dir='ltr'><strong>et</strong></span> <span class='ocrx_word' id='word_1_375' title='bbox 1538 4859 1667 4931; x_wconf 88' lang='lat' dir='ltr'><strong>fugit</strong></span> <span class='ocrx_word' id='word_1_376' title='bbox 1691 4876 1722 4915; x_wconf 89' lang='lat' dir='ltr'><strong>a</strong></span> 
     </span>
    </p>
   </div>
   <div class='ocr_carea' id='block_1_51' title="bbox 79 4935 1722 5019">
    <p class='ocr_par' dir='ltr' id='par_1_51' title="bbox 79 4935 1722 5019">
     <span class='ocr_line' id='line_1_53' title="bbox 79 4935 1722 5019; baseline 0.001 -15"><span class='ocrx_word' id='word_1_377' title='bbox 79 4935 88 4962; x_wconf 81' lang='grc'><em>”</em></span> <span class='ocrx_word' id='word_1_378' title='bbox 171 4935 641 5019; x_wconf 52' lang='grc' dir='ltr'><strong>ᾨδέῡῐιίρίιυάο</strong></span> <span class='ocrx_word' id='word_1_379' title='bbox 687 4951 810 5006; x_wconf 64' lang='lat' dir='ltr'><strong>vitm</strong></span> <span class='ocrx_word' id='word_1_380' title='bbox 868 4951 1168 5019; x_wconf 64' lang='lat' dir='ltr'><strong>praeteritae.</strong></span> <span class='ocrx_word' id='word_1_381' title='bbox 1209 4949 1317 5005; x_wconf 85' lang='lat' dir='ltr'><strong>Nec</strong></span> <span class='ocrx_word' id='word_1_382' title='bbox 1355 4952 1583 5006; x_wconf 85' lang='lat' dir='ltr'><strong>satiabar</strong></span> <span class='ocrx_word' id='word_1_383' title='bbox 1621 4953 1722 5007; x_wconf 91' lang='lat' dir='ltr'><strong>illis</strong></span> 
     </span>
    </p>
   </div>
   <div class='ocr_carea' id='block_1_52' title="bbox 66 4165 94 4702">
    <p class='ocr_par' dir='ltr' id='par_1_52' title="bbox 66 4165 94 4702">
     <span class='ocr_line' id='line_1_54' title="bbox 66 4165 94 4702; baseline 0 -78"><span class='ocrx_word' id='word_1_384' title='bbox 66 4165 94 4702; x_wconf 59' lang='grc' dir='ltr'><strong><em>β</em></strong></span> 
     </span>
    </p>
   </div>
   <div class='ocr_carea' id='block_1_53' title="bbox 180 5017 358 5274">
    <p class='ocr_par' dir='ltr' id='par_1_53' title="bbox 253 5017 358 5272">
     <span class='ocr_line' id='line_1_55' title="bbox 253 5017 270 5046; baseline 0 0"><span class='ocrx_word' id='word_1_385' title='bbox 253 5017 270 5046; x_wconf 65' lang='grc' dir='ltr'><em>ξ</em></span> 
     </span>
     <span class='ocr_line' id='line_1_56' title="bbox 313 5213 358 5272; baseline 0 -2"><span class='ocrx_word' id='word_1_386' title='bbox 313 5213 358 5272; x_wconf 87' lang='lat' dir='ltr'><strong>il</strong></span> 
     </span>
    </p>
   </div>
   <div class='ocr_carea' id='block_1_54' title="bbox 112 5557 592 6276">
    <p class='ocr_par' dir='ltr' id='par_1_54' title="bbox 159 5557 592 6275">
     <span class='ocr_line' id='line_1_57' title="bbox 161 5565 592 5674; baseline -0.012 1"><span class='ocrx_word' id='word_1_387' title='bbox 161 5565 592 5674; x_wconf 52' lang='grc' dir='ltr'><strong>”.ξν-ᾕι·ιιί›ιιιτε</strong></span> 
     </span>
     <span class='ocr_line' id='line_1_58' title="bbox 159 5557 592 6275; baseline -0.023 -537"><span class='ocrx_word' id='word_1_388' title='bbox 159 5557 592 6275; x_wconf 48' lang='lat' dir='ltr'><strong>arma</strong></span> 
     </span>
     <span class='ocr_line' id='line_1_59' title="bbox 289 5736 592 5812; baseline -0.017 -29"><span class='ocrx_word' id='word_1_389' title='bbox 289 5803 292 5812; x_wconf 47' lang='grc' dir='ltr'><strong>Ι</strong></span> <span class='ocrx_word' id='word_1_390' title='bbox 379 5736 592 5810; x_wconf 51' lang='grc' dir='ltr'><strong>οἶμαι</strong></span> 
     </span>
     <span class='ocr_line' id='line_1_60' title="bbox 201 5811 358 5890; baseline -0.006 -41"><span class='ocrx_word' id='word_1_391' title='bbox 201 5853 210 5874; x_wconf 42' lang='grc' dir='ltr'>ᾗ</span> <span class='ocrx_word' id='word_1_392' title='bbox 259 5811 358 5890; x_wconf 54' lang='grc' dir='ltr'><strong>’θ-</strong></span> 
     </span>
     <span class='ocr_line' id='line_1_61' title="bbox 273 6049 462 6158; baseline -0.005 -100"><span class='ocrx_word' id='word_1_393' title='bbox 273 6049 316 6148; x_wconf 15' lang='lat' dir='ltr'><strong>.I</strong></span> <span class='ocrx_word' id='word_1_394' title='bbox 419 6081 462 6158; x_wconf 33' lang='grc' dir='ltr'>ε</span> 
     </span>
    </p>
   </div>
   <div class='ocr_carea' id='block_1_55' title="bbox 66 4699 76 4786">
    <p class='ocr_par' dir='ltr' id='par_1_55' title="bbox 66 4699 76 4786">
     <span class='ocr_line' id='line_1_62' title="bbox 66 4699 76 4786; baseline 0 -8"><span class='ocrx_word' id='word_1_395' title='bbox 66 4699 76 4786; x_wconf 66' lang='grc' dir='ltr'>ἓ</span> 
     </span>
    </p>
   </div>
   <div class='ocr_carea' id='block_1_56' title="bbox 66 4851 1720 5140">
    <p class='ocr_par' dir='ltr' id='par_1_56' title="bbox 66 4851 1720 5140">
     <span class='ocr_line' id='line_1_63' title="bbox 66 4851 1720 5140; baseline 0.002 -229"><span class='ocrx_word' id='word_1_396' title='bbox 66 4851 92 5140; x_wconf 35' lang='grc' dir='ltr'>ἱ</span> <span class='ocrx_word' id='word_1_397' title='bbox 321 4854 374 4944; x_wconf 67' lang='lat' dir='ltr'><strong>in</strong></span> <span class='ocrx_word' id='word_1_398' title='bbox 405 4856 672 4931; x_wconf 86' lang='lat' dir='ltr'><strong>disciplina</strong></span> <span class='ocrx_word' id='word_1_399' title='bbox 705 4868 825 4924; x_wconf 91' lang='lat' dir='ltr'><strong>tua;</strong></span> <span class='ocrx_word' id='word_1_400' title='bbox 855 4869 910 4914; x_wconf 89' lang='lat' dir='ltr'><strong>et</strong></span> <span class='ocrx_word' id='word_1_401' title='bbox 937 4858 1187 4928; x_wconf 88' lang='lat' dir='ltr'><strong>baptizati</strong></span> <span class='ocrx_word' id='word_1_402' title='bbox 1214 4873 1416 4926; x_wconf 92' lang='lat' dir='ltr'><strong>sumus,</strong></span> <span class='ocrx_word' id='word_1_403' title='bbox 1456 4869 1510 4915; x_wconf 90' lang='lat' dir='ltr'><strong>et</strong></span> <span class='ocrx_word' id='word_1_404' title='bbox 1538 4859 1667 4931; x_wconf 88' lang='lat' dir='ltr'><strong>fugit</strong></span> <span class='ocrx_word' id='word_1_405' title='bbox 1691 4876 1720 4915; x_wconf 89' lang='lat' dir='ltr'><strong>a</strong></span> 
     </span>
     <span class='ocr_line' id='line_1_64' title="bbox 85 4948 1720 5036; baseline 0.002 -34"><span class='ocrx_word' id='word_1_406' title='bbox 85 4959 88 4962; x_wconf 87' lang='lat'>&#39;</span> <span class='ocrx_word' id='word_1_407' title='bbox 251 5005 270 5036; x_wconf 38' lang='lat' dir='ltr'><strong><em>ﬁ</em></strong></span> <span class='ocrx_word' id='word_1_408' title='bbox 355 4948 641 5007; x_wconf 80' lang='lat' dir='ltr'><strong>sollicitudo</strong></span> <span class='ocrx_word' id='word_1_409' title='bbox 687 4951 810 5006; x_wconf 64' lang='lat' dir='ltr'><strong>vitm</strong></span> <span class='ocrx_word' id='word_1_410' title='bbox 868 4951 1168 5019; x_wconf 64' lang='lat' dir='ltr'><strong>praeteritae.</strong></span> <span class='ocrx_word' id='word_1_411' title='bbox 1209 4949 1317 5005; x_wconf 85' lang='lat' dir='ltr'><strong>Nec</strong></span> <span class='ocrx_word' id='word_1_412' title='bbox 1355 4952 1583 5006; x_wconf 85' lang='lat' dir='ltr'><strong>satiabar</strong></span> <span class='ocrx_word' id='word_1_413' title='bbox 1621 4953 1720 5007; x_wconf 90' lang='lat' dir='ltr'><strong>illis</strong></span> 
     </span>
     <span class='ocr_line' id='line_1_65' title="bbox 83 4933 1720 5140; baseline 0.003 -47"><span class='ocrx_word' id='word_1_414' title='bbox 83 5079 92 5094; x_wconf 85' lang='lat'><strong>..</strong></span> <span class='ocrx_word' id='word_1_415' title='bbox 171 4933 660 5140; x_wconf 74' lang='lat' dir='ltr'><strong>dulcedine</strong></span> <span class='ocrx_word' id='word_1_416' title='bbox 706 5041 956 5106; x_wconf 84' lang='lat' dir='ltr'><strong>mirabili,</strong></span> <span class='ocrx_word' id='word_1_417' title='bbox 1003 5040 1340 5096; x_wconf 88' lang='lat' dir='ltr'><strong>considerare</strong></span> <span class='ocrx_word' id='word_1_418' title='bbox 1393 5043 1720 5098; x_wconf 88' lang='lat' dir='ltr'><strong>altitudinem</strong></span> 
     </span>
    </p>
   </div>
   <div class='ocr_carea' id='block_1_57' title="bbox 66 5123 1724 5272">
    <p class='ocr_par' dir='ltr' id='par_1_57' title="bbox 66 5123 1724 5272">
     <span class='ocr_line' id='line_1_66' title="bbox 66 5123 1724 5272; baseline 0.005 -90"><span class='ocrx_word' id='word_1_419' title='bbox 66 5123 92 5140; x_wconf 87' lang='grc'><strong>’“</strong></span> <span class='ocrx_word' id='word_1_420' title='bbox 171 5123 467 5272; x_wconf 47' lang='lat' dir='ltr'><strong>ﬁlium</strong></span> <span class='ocrx_word' id='word_1_421' title='bbox 505 5145 668 5202; x_wconf 81' lang='lat' dir='ltr'><strong>super</strong></span> <span class='ocrx_word' id='word_1_422' title='bbox 695 5131 920 5187; x_wconf 87' lang='lat' dir='ltr'><strong>salutem</strong></span> <span class='ocrx_word' id='word_1_423' title='bbox 947 5133 1157 5204; x_wconf 89' lang='lat' dir='ltr'><strong>generis</strong></span> <span class='ocrx_word' id='word_1_424' title='bbox 1197 5133 1428 5187; x_wconf 83' lang='lat' dir='ltr'><strong>humani.</strong></span> <span class='ocrx_word' id='word_1_425' title='bbox 1458 5134 1724 5200; x_wconf 86' lang='lat' dir='ltr'><strong>Quantum</strong></span> 
     </span>
     <span class='ocr_line' id='line_1_67' title="bbox 66 5159 1724 5272; baseline 0 0"><span class='ocrx_word' id='word_1_426' title='bbox 313 5213 640 5272; x_wconf 61' lang='lat' dir='ltr'><strong>illumniset</strong></span> <span class='ocrx_word' id='word_1_427' title='bbox 655 5222 875 5272; x_wconf 86' lang='lat' dir='ltr'><strong>canticis</strong></span> <span class='ocrx_word' id='word_1_428' title='bbox 891 5223 1011 5272; x_wconf 85' lang='lat' dir='ltr'><strong>luis-</strong></span> <span class='ocrx_word' id='word_1_429' title='bbox 1037 5239 1197 5272; x_wconf 83' lang='lat' dir='ltr'><strong>suave</strong></span> <span class='ocrx_word' id='word_1_430' title='bbox 1217 5225 1453 5272; x_wconf 86' lang='lat' dir='ltr'><strong>sonantis</strong></span> <span class='ocrx_word' id='word_1_431' title='bbox 1477 5226 1724 5272; x_wconf 46' lang='lat' dir='ltr'><strong>Enr-lenm</strong></span> 
     </span>
    </p>
   </div>
   <div class='ocr_carea' id='block_1_58' title="bbox 66 5213 1726 5303">
    <p class='ocr_par' dir='ltr' id='par_1_58' title="bbox 66 5213 1726 5303">
     <span class='ocr_line' id='line_1_68' title="bbox 66 5213 1726 5303; baseline 0.006 -32"><span class='ocrx_word' id='word_1_432' title='bbox 171 5213 640 5303; x_wconf 44' lang='grc' dir='ltr'><strong>ἑξίιιιιωηίεει</strong></span> <span class='ocrx_word' id='word_1_433' title='bbox 655 5222 875 5278; x_wconf 89' lang='lat' dir='ltr'><strong>canticis</strong></span> <span class='ocrx_word' id='word_1_434' title='bbox 891 5223 1012 5287; x_wconf 89' lang='lat' dir='ltr'><strong>tuis,</strong></span> <span class='ocrx_word' id='word_1_435' title='bbox 1037 5239 1197 5278; x_wconf 88' lang='lat' dir='ltr'><strong>suave</strong></span> <span class='ocrx_word' id='word_1_436' title='bbox 1217 5225 1453 5278; x_wconf 87' lang='lat' dir='ltr'><strong>sonantis</strong></span> <span class='ocrx_word' id='word_1_437' title='bbox 1477 5226 1726 5281; x_wconf 67' lang='lat' dir='ltr'><strong>Ecclesiae</strong></span> 
     </span>
    </p>
   </div>
   <div class='ocr_carea' id='block_1_59' title="bbox 66 5273 1726 5458">
    <p class='ocr_par' dir='ltr' id='par_1_59' title="bbox 66 5273 1726 5458">
     <span class='ocr_line' id='line_1_69' title="bbox 66 5273 1726 5458; baseline 0.007 -97"><span class='ocrx_word' id='word_1_438' title='bbox 66 5273 80 5458; x_wconf 55' lang='grc' dir='ltr'><strong>Ι</strong></span> <span class='ocrx_word' id='word_1_439' title='bbox 171 5273 512 5388; x_wconf 52' lang='lat' dir='ltr'><strong>iiioeibus</strong></span> <span class='ocrx_word' id='word_1_440' title='bbox 534 5324 831 5370; x_wconf 73' lang='lat' dir='ltr'><strong>mmmotus</strong></span> <span class='ocrx_word' id='word_1_441' title='bbox 859 5315 1084 5370; x_wconf 86' lang='lat' dir='ltr'><strong>acriter!</strong></span> <span class='ocrx_word' id='word_1_442' title='bbox 1113 5315 1278 5371; x_wconf 78' lang='lat' dir='ltr'><strong>Voces</strong></span> <span class='ocrx_word' id='word_1_443' title='bbox 1308 5317 1410 5372; x_wconf 82' lang='lat' dir='ltr'><strong>ilhc</strong></span> <span class='ocrx_word' id='word_1_444' title='bbox 1441 5317 1726 5374; x_wconf 83' lang='lat' dir='ltr'><strong>influebaut</strong></span> 
     </span>
     <span class='ocr_line' id='line_1_70' title="bbox 171 5381 1726 5458; baseline 0 0"><span class='ocrx_word' id='word_1_445' title='bbox 171 5381 398 5458; x_wconf 62' lang='lat' dir='ltr'><strong>Mn</strong></span> <span class='ocrx_word' id='word_1_446' title='bbox 419 5404 564 5458; x_wconf 72' lang='lat' dir='ltr'><strong>meis.</strong></span> <span class='ocrx_word' id='word_1_447' title='bbox 588 5414 643 5458; x_wconf 87' lang='lat' dir='ltr'><strong>et</strong></span> <span class='ocrx_word' id='word_1_448' title='bbox 659 5405 984 5458; x_wconf 85' lang='lat' dir='ltr'><strong>eliauabatur</strong></span> <span class='ocrx_word' id='word_1_449' title='bbox 1019 5407 1214 5458; x_wconf 86' lang='lat' dir='ltr'><strong>veritas</strong></span> <span class='ocrx_word' id='word_1_450' title='bbox 1244 5409 1294 5458; x_wconf 92' lang='lat' dir='ltr'><strong>in</strong></span> <span class='ocrx_word' id='word_1_451' title='bbox 1324 5424 1416 5458; x_wconf 87' lang='lat' dir='ltr'><strong>cor</strong></span> <span class='ocrx_word' id='word_1_452' title='bbox 1442 5425 1614 5458; x_wconf 67' lang='lat' dir='ltr'><strong>meum</strong></span> <span class='ocrx_word' id='word_1_453' title='bbox 1636 5429 1648 5458; x_wconf 86' lang='lat'>:</span> <span class='ocrx_word' id='word_1_454' title='bbox 1675 5421 1726 5458; x_wconf 74' lang='lat' dir='ltr'><strong>et</strong></span> 
     </span>
    </p>
   </div>
   <div class='ocr_carea' id='block_1_60' title="bbox 75 5381 1728 5492">
    <p class='ocr_par' dir='ltr' id='par_1_60' title="bbox 75 5381 1728 5492">
     <span class='ocr_line' id='line_1_71' title="bbox 75 5381 1728 5492; baseline -0.004 -24"><span class='ocrx_word' id='word_1_455' title='bbox 75 5487 80 5492; x_wconf 26' lang='lat'><strong><em>‘</em></strong></span> <span class='ocrx_word' id='word_1_456' title='bbox 419 5404 564 5472; x_wconf 73' lang='lat' dir='ltr'><strong>meis,</strong></span> <span class='ocrx_word' id='word_1_457' title='bbox 588 5414 643 5461; x_wconf 88' lang='lat' dir='ltr'><strong>et</strong></span> <span class='ocrx_word' id='word_1_458' title='bbox 659 5405 984 5477; x_wconf 88' lang='lat' dir='ltr'><strong>cliquabatur</strong></span> <span class='ocrx_word' id='word_1_459' title='bbox 1019 5407 1214 5463; x_wconf 87' lang='lat' dir='ltr'><strong>veritas</strong></span> <span class='ocrx_word' id='word_1_460' title='bbox 1244 5409 1294 5463; x_wconf 92' lang='lat' dir='ltr'><strong>in</strong></span> <span class='ocrx_word' id='word_1_461' title='bbox 1324 5424 1416 5464; x_wconf 89' lang='lat' dir='ltr'><strong>cor</strong></span> <span class='ocrx_word' id='word_1_462' title='bbox 1441 5425 1649 5476; x_wconf 80' lang='lat' dir='ltr'><strong>meum;</strong></span> <span class='ocrx_word' id='word_1_463' title='bbox 1675 5421 1728 5467; x_wconf 83' lang='lat' dir='ltr'><strong>et</strong></span> 
     </span>
    </p>
   </div>
   <div class='ocr_carea' id='block_1_61' title="bbox 66 5459 1728 5618">
    <p class='ocr_par' dir='ltr' id='par_1_61' title="bbox 66 5459 1728 5618">
     <span class='ocr_line' id='line_1_72' title="bbox 66 5459 1728 5618; baseline -0.034 0"><span class='ocrx_word' id='word_1_464' title='bbox 66 5459 80 5618; x_wconf 40' lang='grc' dir='ltr'><em>ζ</em></span> <span class='ocrx_word' id='word_1_465' title='bbox 321 5583 326 5590; x_wconf 65' lang='lat'><strong>_</strong></span> <span class='ocrx_word' id='word_1_466' title='bbox 385 5477 498 5554; x_wconf 23' lang='lat' dir='ltr'><strong>ibat</strong></span> <span class='ocrx_word' id='word_1_467' title='bbox 513 5496 638 5554; x_wconf 84' lang='lat' dir='ltr'><strong>inde</strong></span> <span class='ocrx_word' id='word_1_468' title='bbox 663 5499 878 5555; x_wconf 86' lang='lat' dir='ltr'><strong>affectus</strong></span> <span class='ocrx_word' id='word_1_469' title='bbox 895 5501 1106 5573; x_wconf 80' lang='lat' dir='ltr'><strong>pietatis</strong></span> <span class='ocrx_word' id='word_1_470' title='bbox 1125 5503 1168 5569; x_wconf 73' lang='grc'><em>³,</em></span> <span class='ocrx_word' id='word_1_471' title='bbox 1191 5510 1243 5556; x_wconf 88' lang='lat' dir='ltr'><strong>et</strong></span> <span class='ocrx_word' id='word_1_472' title='bbox 1261 5503 1534 5558; x_wconf 87' lang='lat' dir='ltr'><strong>currebant</strong></span> <span class='ocrx_word' id='word_1_473' title='bbox 1561 5459 1728 5576; x_wconf 66' lang='lat' dir='ltr'><strong>laery-</strong></span> 
     </span>
    </p>
   </div>
   <div class='ocr_carea' id='block_1_62' title="bbox 158 5404 171 5833">
    <p class='ocr_par' dir='ltr' id='par_1_62' title="bbox 159 5681 171 5706">
     <span class='ocr_line' id='line_1_73' title="bbox 159 5681 171 5706; baseline 0 0"><span class='ocrx_word' id='word_1_474' title='bbox 159 5681 171 5706; x_wconf 76' lang='grc' dir='ltr'><strong>Ι</strong></span> 
     </span>
    </p>
   </div>
   <div class='ocr_carea' id='block_1_63' title="bbox 183 5583 1728 5682">
    <p class='ocr_par' dir='ltr' id='par_1_63' title="bbox 183 5583 1728 5682">
     <span class='ocr_line' id='line_1_74' title="bbox 183 5583 1728 5682; baseline 0 0"><span class='ocrx_word' id='word_1_475' title='bbox 702 5617 756 5660; x_wconf 77' lang='grc' dir='ltr'><strong>ει</strong></span> <span class='ocrx_word' id='word_1_476' title='bbox 771 5611 1068 5682; x_wconf 61' lang='grc' dir='ltr'><strong>ι’ρμρνίδιιεε</strong></span> <span class='ocrx_word' id='word_1_477' title='bbox 1090 5612 1288 5682; x_wconf 48' lang='lat' dir='ltr'><strong>uultum</strong></span> <span class='ocrx_word' id='word_1_478' title='bbox 1308 5622 1470 5680; x_wconf 73' lang='lat' dir='ltr'><strong>potens</strong></span> <span class='ocrx_word' id='word_1_479' title='bbox 1491 5619 1728 5682; x_wconf 77' lang='lat' dir='ltr'><strong>romwre;</strong></span> 
     </span>
    </p>
   </div>
   <div class='ocr_carea' id='block_1_64' title="bbox 159 5671 1340 5739">
    <p class='ocr_par' dir='ltr' id='par_1_64' title="bbox 159 5671 1340 5739">
     <span class='ocr_line' id='line_1_75' title="bbox 159 5671 1340 5739; baseline 0.011 -24"><span class='ocrx_word' id='word_1_480' title='bbox 551 5677 728 5723; x_wconf 69' lang='lat' dir='ltr'><strong>Mater</strong></span> <span class='ocrx_word' id='word_1_481' title='bbox 750 5671 1340 5739; x_wconf 68' lang='lat' dir='ltr'><strong>delictum</strong></span> 
     </span>
    </p>
   </div>
   <div class='ocr_carea' id='block_1_65' title="bbox 194 5734 1313 5812">
    <p class='ocr_par' dir='ltr' id='par_1_65' title="bbox 194 5734 1313 5812">
     <span class='ocr_line' id='line_1_76' title="bbox 194 5734 1313 5812; baseline 0.007 -29"><span class='ocrx_word' id='word_1_482' title='bbox 194 5734 398 5812; x_wconf 49' lang='grc' dir='ltr'><strong>ψ.</strong></span> <span class='ocrx_word' id='word_1_483' title='bbox 411 5736 570 5810; x_wconf 58' lang='grc' dir='ltr'><strong>ειμι</strong></span> <span class='ocrx_word' id='word_1_484' title='bbox 589 5743 645 5784; x_wconf 66' lang='lat' dir='ltr'><strong>es</strong></span> <span class='ocrx_word' id='word_1_485' title='bbox 661 5734 884 5789; x_wconf 65' lang='lat' dir='ltr'><strong>lambat</strong></span> <span class='ocrx_word' id='word_1_486' title='bbox 902 5736 1096 5801; x_wconf 60' lang='lat' dir='ltr'><strong>enectus</strong></span> 
     </span>
    </p>
   </div>
   <div class='ocr_carea' id='block_1_66' title="bbox 1487 267 1965 334">
    <p class='ocr_par' dir='ltr' id='par_1_66' title="bbox 1487 267 1965 334">
     <span class='ocr_line' id='line_1_77' title="bbox 1487 267 1965 334; baseline -0.008 0"><span class='ocrx_word' id='word_1_487' title='bbox 1487 269 1688 334; x_wconf 75' lang='lat' dir='ltr'><strong>LIBER</strong></span> <span class='ocrx_word' id='word_1_488' title='bbox 1723 267 1965 332; x_wconf 81' lang='lat' dir='ltr'><strong>NONUS.</strong></span> 
     </span>
    </p>
   </div>
   <div class='ocr_carea' id='block_1_67' title="bbox 1778 387 2700 459">
    <p class='ocr_par' dir='ltr' id='par_1_67' title="bbox 1778 387 2700 459">
     <span class='ocr_line' id='line_1_78' title="bbox 1778 387 2700 459; baseline 0.001 -13"><span class='ocrx_word' id='word_1_489' title='bbox 1778 405 1902 459; x_wconf 82' lang='lat' dir='ltr'><strong>mae,</strong></span> <span class='ocrx_word' id='word_1_490' title='bbox 1928 398 1982 446; x_wconf 87' lang='lat' dir='ltr'><strong>et</strong></span> <span class='ocrx_word' id='word_1_491' title='bbox 2004 389 2141 446; x_wconf 89' lang='lat' dir='ltr'><strong>bene</strong></span> <span class='ocrx_word' id='word_1_492' title='bbox 2159 387 2292 446; x_wconf 87' lang='lat' dir='ltr'><strong>mihi</strong></span> <span class='ocrx_word' id='word_1_493' title='bbox 2314 397 2429 447; x_wconf 88' lang='lat' dir='ltr'><strong>erat</strong></span> <span class='ocrx_word' id='word_1_494' title='bbox 2455 403 2577 447; x_wconf 87' lang='lat' dir='ltr'><strong>cum</strong></span> <span class='ocrx_word' id='word_1_495' title='bbox 2599 391 2700 447; x_wconf 90' lang='lat' dir='ltr'><strong>eis.</strong></span> 
     </span>
    </p>
   </div>
   <div class='ocr_carea' id='block_1_68' title="bbox 2380 505 2754 564">
    <p class='ocr_par' dir='ltr' id='par_1_68' title="bbox 2380 505 2754 564">
     <span class='ocr_line' id='line_1_79' title="bbox 2380 505 2754 564; baseline -0.003 0"><span class='ocrx_word' id='word_1_496' title='bbox 2380 506 2603 564; x_wconf 83' lang='lat' dir='ltr'><strong>CAPUT</strong></span> <span class='ocrx_word' id='word_1_497' title='bbox 2641 505 2754 563; x_wconf 76' lang='lat' dir='ltr'><strong>VII.</strong></span> 
     </span>
    </p>
   </div>
   <div class='ocr_carea' id='block_1_69' title="bbox 1783 597 3360 657">
    <p class='ocr_par' dir='ltr' id='par_1_69' title="bbox 1783 597 3360 657">
     <span class='ocr_line' id='line_1_80' title="bbox 1783 597 3360 657; baseline 0.002 -3"><span class='ocrx_word' id='word_1_498' title='bbox 1783 598 2127 657; x_wconf 78' lang='lat' dir='ltr'><strong>Ecclesiastici</strong></span> <span class='ocrx_word' id='word_1_499' title='bbox 2153 608 2328 656; x_wconf 80' lang='lat' dir='ltr'><strong>cantus</strong></span> <span class='ocrx_word' id='word_1_500' title='bbox 2366 600 2610 654; x_wconf 78' lang='lat' dir='ltr'><strong>institutio</strong></span> <span class='ocrx_word' id='word_1_501' title='bbox 2651 598 2947 654; x_wconf 80' lang='lat' dir='ltr'><strong>Mediolani.</strong></span> <span class='ocrx_word' id='word_1_502' title='bbox 2988 597 3221 657; x_wconf 73' lang='lat' dir='ltr'><strong>Iuventio</strong></span> <span class='ocrx_word' id='word_1_503' title='bbox 3246 615 3360 657; x_wconf 84' lang='lat' dir='ltr'><strong>cor-</strong></span> 
     </span>
    </p>
   </div>
   <div class='ocr_carea' id='block_1_70' title="bbox 2141 689 3030 765">
    <p class='ocr_par' dir='ltr' id='par_1_70' title="bbox 2141 689 3030 765">
     <span class='ocr_line' id='line_1_81' title="bbox 2141 689 3030 765; baseline -0.001 -17"><span class='ocrx_word' id='word_1_504' title='bbox 2141 710 2320 765; x_wconf 84' lang='lat' dir='ltr'><strong>porum</strong></span> <span class='ocrx_word' id='word_1_505' title='bbox 2347 691 2452 748; x_wconf 91' lang='lat' dir='ltr'><strong>SS.</strong></span> <span class='ocrx_word' id='word_1_506' title='bbox 2479 689 2702 745; x_wconf 85' lang='lat' dir='ltr'><strong>Protasii</strong></span> <span class='ocrx_word' id='word_1_507' title='bbox 2722 701 2767 745; x_wconf 87' lang='lat' dir='ltr'><strong>et</strong></span> <span class='ocrx_word' id='word_1_508' title='bbox 2790 691 3030 758; x_wconf 78' lang='lat' dir='ltr'><strong>Gervasii.</strong></span> 
     </span>
    </p>
   </div>
   <div class='ocr_carea' id='block_1_71' title="bbox 1856 784 3361 860">
    <p class='ocr_par' dir='ltr' id='par_1_71' title="bbox 1856 784 3361 860">
     <span class='ocr_line' id='line_1_82' title="bbox 1856 784 3361 860; baseline 0 -16"><span class='ocrx_word' id='word_1_509' title='bbox 1856 788 1945 844; x_wconf 76' lang='grc'><strong>15.</strong></span> <span class='ocrx_word' id='word_1_510' title='bbox 1973 786 2090 844; x_wconf 90' lang='lat' dir='ltr'><strong>Non</strong></span> <span class='ocrx_word' id='word_1_511' title='bbox 2115 787 2273 860; x_wconf 88' lang='lat' dir='ltr'><strong>longe</strong></span> <span class='ocrx_word' id='word_1_512' title='bbox 2308 793 2545 856; x_wconf 63' lang='lat' dir='ltr'><strong>eruperat</strong></span> <span class='ocrx_word' id='word_1_513' title='bbox 2580 784 2986 842; x_wconf 83' lang='lat' dir='ltr'><strong>Mediolanensis</strong></span> <span class='ocrx_word' id='word_1_514' title='bbox 3009 786 3242 843; x_wconf 91' lang='lat' dir='ltr'><strong>Ecclesia</strong></span> <span class='ocrx_word' id='word_1_515' title='bbox 3265 802 3361 859; x_wconf 84' lang='lat' dir='ltr'><strong>ge-</strong></span> 
     </span>
    </p>
   </div>
   <div class='ocr_carea' id='block_1_72' title="bbox 1783 876 3360 946">
    <p class='ocr_par' dir='ltr' id='par_1_72' title="bbox 1783 876 3360 946">
     <span class='ocr_line' id='line_1_83' title="bbox 1783 876 3360 946; baseline -0.002 -10"><span class='ocrx_word' id='word_1_516' title='bbox 1783 895 1886 936; x_wconf 89' lang='lat' dir='ltr'><strong>nus</strong></span> <span class='ocrx_word' id='word_1_517' title='bbox 1940 879 2044 936; x_wconf 92' lang='lat' dir='ltr'><strong>hoc</strong></span> <span class='ocrx_word' id='word_1_518' title='bbox 2099 878 2478 935; x_wconf 87' lang='lat' dir='ltr'><strong>consolationis</strong></span> <span class='ocrx_word' id='word_1_519' title='bbox 2517 887 2572 932; x_wconf 89' lang='lat' dir='ltr'><strong>et</strong></span> <span class='ocrx_word' id='word_1_520' title='bbox 2627 876 3008 933; x_wconf 82' lang='lat' dir='ltr'><strong>exhortationis</strong></span> <span class='ocrx_word' id='word_1_521' title='bbox 3050 877 3360 946; x_wconf 89' lang='lat' dir='ltr'><strong>celebrare,</strong></span> 
     </span>
    </p>
   </div>
   <div class='ocr_carea' id='block_1_73' title="bbox 1785 968 3367 1045">
    <p class='ocr_par' dir='ltr' id='par_1_73' title="bbox 1785 968 3367 1045">
     <span class='ocr_line' id='line_1_84' title="bbox 1785 968 3367 1045; baseline -0.003 -16"><span class='ocrx_word' id='word_1_522' title='bbox 1785 989 1980 1045; x_wconf 84' lang='lat' dir='ltr'><strong>magno</strong></span> <span class='ocrx_word' id='word_1_523' title='bbox 2014 972 2189 1028; x_wconf 91' lang='lat' dir='ltr'><strong>studio</strong></span> <span class='ocrx_word' id='word_1_524' title='bbox 2216 971 2436 1026; x_wconf 90' lang='lat' dir='ltr'><strong>fratrum</strong></span> <span class='ocrx_word' id='word_1_525' title='bbox 2458 968 2848 1025; x_wconf 89' lang='lat' dir='ltr'><strong>concinentium</strong></span> <span class='ocrx_word' id='word_1_526' title='bbox 2873 970 3087 1025; x_wconf 87' lang='lat' dir='ltr'><strong>vocibus</strong></span> <span class='ocrx_word' id='word_1_527' title='bbox 3113 978 3167 1026; x_wconf 91' lang='lat' dir='ltr'><strong>et</strong></span> <span class='ocrx_word' id='word_1_528' title='bbox 3186 968 3367 1042; x_wconf 84' lang='lat' dir='ltr'><strong>cordi-&#39;</strong></span> 
     </span>
    </p>
   </div>
   <div class='ocr_carea' id='block_1_74' title="bbox 1784 1062 3377 1132">
    <p class='ocr_par' dir='ltr' id='par_1_74' title="bbox 1784 1062 3377 1132">
     <span class='ocr_line' id='line_1_85' title="bbox 1784 1062 3377 1132; baseline -0.003 -8"><span class='ocrx_word' id='word_1_529' title='bbox 1784 1069 1905 1124; x_wconf 85' lang='lat' dir='ltr'><strong>bus.</strong></span> <span class='ocrx_word' id='word_1_530' title='bbox 1929 1066 2187 1122; x_wconf 89' lang='lat' dir='ltr'><strong>Nimirum</strong></span> <span class='ocrx_word' id='word_1_531' title='bbox 2208 1079 2378 1120; x_wconf 91' lang='lat' dir='ltr'><strong>annus</strong></span> <span class='ocrx_word' id='word_1_532' title='bbox 2394 1071 2528 1131; x_wconf 85' lang='lat' dir='ltr'><strong>erat,</strong></span> <span class='ocrx_word' id='word_1_533' title='bbox 2551 1072 2644 1117; x_wconf 86' lang='lat' dir='ltr'><strong>aut</strong></span> <span class='ocrx_word' id='word_1_534' title='bbox 2664 1077 2766 1117; x_wconf 88' lang='lat' dir='ltr'><strong>non</strong></span> <span class='ocrx_word' id='word_1_535' title='bbox 2795 1062 2961 1117; x_wconf 87' lang='lat' dir='ltr'><strong>multo</strong></span> <span class='ocrx_word' id='word_1_536' title='bbox 2981 1063 3222 1132; x_wconf 90' lang='lat' dir='ltr'><strong>amplius,</strong></span> <span class='ocrx_word' id='word_1_537' title='bbox 3243 1077 3377 1119; x_wconf 83' lang='lat' dir='ltr'><strong>cum.</strong></span> 
     </span>
    </p>
   </div>
   <div class='ocr_carea' id='block_1_75' title="bbox 1787 1153 3366 1225">
    <p class='ocr_par' dir='ltr' id='par_1_75' title="bbox 1787 1153 3366 1225">
     <span class='ocr_line' id='line_1_86' title="bbox 1787 1153 3366 1225; baseline -0.004 -10"><span class='ocrx_word' id='word_1_538' title='bbox 1787 1158 1992 1215; x_wconf 83' lang='lat' dir='ltr'><strong>Justina</strong></span> <span class='ocrx_word' id='word_1_539' title='bbox 2016 1154 2365 1212; x_wconf 78' lang='lat' dir='ltr'><strong>Valentiniani</strong></span> <span class='ocrx_word' id='word_1_540' title='bbox 2386 1155 2525 1225; x_wconf 85' lang='lat' dir='ltr'><strong>regis</strong></span> <span class='ocrx_word' id='word_1_541' title='bbox 2551 1153 2696 1223; x_wconf 89' lang='lat' dir='ltr'><strong>pueri</strong></span> <span class='ocrx_word' id='word_1_542' title='bbox 2717 1163 2903 1220; x_wconf 90' lang='lat' dir='ltr'><strong>mater,</strong></span> <span class='ocrx_word' id='word_1_543' title='bbox 2928 1153 3193 1208; x_wconf 88' lang='lat' dir='ltr'><strong>hominem</strong></span> <span class='ocrx_word' id='word_1_544' title='bbox 3217 1161 3366 1208; x_wconf 87' lang='lat' dir='ltr'><strong>tuum</strong></span> 
     </span>
    </p>
   </div>
   <div class='ocr_carea' id='block_1_76' title="bbox 1787 1244 3365 1318">
    <p class='ocr_par' dir='ltr' id='par_1_76' title="bbox 1787 1244 3365 1318">
     <span class='ocr_line' id='line_1_87' title="bbox 1787 1244 3365 1318; baseline -0.004 -12"><span class='ocrx_word' id='word_1_545' title='bbox 1787 1250 2130 1306; x_wconf 83' lang='lat' dir='ltr'><strong>Ambrosium</strong></span> <span class='ocrx_word' id='word_1_546' title='bbox 2177 1256 2606 1318; x_wconf 86' lang='lat' dir='ltr'><strong>persequeretur,</strong></span> <span class='ocrx_word' id='word_1_547' title='bbox 2639 1244 2856 1300; x_wconf 65' lang='lat' dir='ltr'><strong>harrcsis</strong></span> <span class='ocrx_word' id='word_1_548' title='bbox 2882 1261 2990 1300; x_wconf 80' lang='lat' dir='ltr'><strong>suae</strong></span> <span class='ocrx_word' id='word_1_549' title='bbox 3017 1261 3196 1312; x_wconf 69' lang='lat' dir='ltr'><strong>caesa,</strong></span> <span class='ocrx_word' id='word_1_550' title='bbox 3222 1260 3325 1314; x_wconf 91' lang='lat' dir='ltr'><strong>qua</strong></span> <span class='ocrx_word' id='word_1_551' title='bbox 3350 1246 3365 1275; x_wconf 75' lang='grc' dir='ltr'>ί</span> 
     </span>
    </p>
   </div>
   <div class='ocr_carea' id='block_1_77' title="bbox 1789 1335 3364 1406">
    <p class='ocr_par' dir='ltr' id='par_1_77' title="bbox 1789 1335 3364 1406">
     <span class='ocr_line' id='line_1_88' title="bbox 1789 1335 3364 1406; baseline -0.006 -9"><span class='ocrx_word' id='word_1_552' title='bbox 1789 1341 1961 1398; x_wconf 83' lang='lat' dir='ltr'><strong>fuerat</strong></span> <span class='ocrx_word' id='word_1_553' title='bbox 2002 1340 2220 1396; x_wconf 88' lang='lat' dir='ltr'><strong>seducta</strong></span> <span class='ocrx_word' id='word_1_554' title='bbox 2267 1338 2334 1393; x_wconf 90' lang='lat' dir='ltr'><strong>ab</strong></span> <span class='ocrx_word' id='word_1_555' title='bbox 2371 1337 2603 1393; x_wconf 84' lang='lat' dir='ltr'><strong>Arianis.</strong></span> <span class='ocrx_word' id='word_1_556' title='bbox 2657 1335 2963 1391; x_wconf 79' lang='lat' dir='ltr'><strong>Excubabat</strong></span> <span class='ocrx_word' id='word_1_557' title='bbox 3001 1337 3083 1406; x_wconf 89' lang='lat' dir='ltr'><strong>pia</strong></span> <span class='ocrx_word' id='word_1_558' title='bbox 3124 1335 3272 1405; x_wconf 86' lang='lat' dir='ltr'><strong>plebs</strong></span> <span class='ocrx_word' id='word_1_559' title='bbox 3313 1335 3364 1389; x_wconf 91' lang='lat' dir='ltr'><strong>iu</strong></span> 
     </span>
    </p>
   </div>
   <div class='ocr_carea' id='block_1_78' title="bbox 1790 1431 3366 1502">
    <p class='ocr_par' dir='ltr' id='par_1_78' title="bbox 1790 1431 3366 1502">
     <span class='ocr_line' id='line_1_89' title="bbox 1790 1431 3366 1502; baseline -0.005 -11"><span class='ocrx_word' id='word_1_560' title='bbox 1790 1435 2036 1500; x_wconf 70' lang='lat' dir='ltr'><strong>ecclesia,</strong></span> <span class='ocrx_word' id='word_1_561' title='bbox 2079 1431 2220 1488; x_wconf 87' lang='lat' dir='ltr'><strong>mori</strong></span> <span class='ocrx_word' id='word_1_562' title='bbox 2250 1440 2430 1502; x_wconf 88' lang='lat' dir='ltr'><strong>parata</strong></span> <span class='ocrx_word' id='word_1_563' title='bbox 2469 1446 2590 1486; x_wconf 90' lang='lat' dir='ltr'><strong>cum</strong></span> <span class='ocrx_word' id='word_1_564' title='bbox 2635 1431 2887 1500; x_wconf 89' lang='lat' dir='ltr'><strong>episc0po</strong></span> <span class='ocrx_word' id='word_1_565' title='bbox 2925 1445 3044 1496; x_wconf 90' lang='lat' dir='ltr'><strong>suo,</strong></span> <span class='ocrx_word' id='word_1_566' title='bbox 3075 1443 3229 1482; x_wconf 88' lang='lat' dir='ltr'><strong>servo</strong></span> <span class='ocrx_word' id='word_1_567' title='bbox 3259 1437 3366 1483; x_wconf 89' lang='lat' dir='ltr'><strong>tuo.</strong></span> 
     </span>
    </p>
   </div>
   <div class='ocr_carea' id='block_1_79' title="bbox 1790 1519 3365 1590">
    <p class='ocr_par' dir='ltr' id='par_1_79' title="bbox 1790 1519 3365 1590">
     <span class='ocr_line' id='line_1_90' title="bbox 1790 1519 3365 1590; baseline -0.004 -9"><span class='ocrx_word' id='word_1_568' title='bbox 1790 1525 1866 1581; x_wconf 87' lang='lat' dir='ltr'><strong>lbi</strong></span> <span class='ocrx_word' id='word_1_569' title='bbox 1895 1534 2062 1580; x_wconf 88' lang='lat' dir='ltr'><strong>mater</strong></span> <span class='ocrx_word' id='word_1_570' title='bbox 2082 1539 2221 1590; x_wconf 88' lang='lat' dir='ltr'><strong>mea,</strong></span> <span class='ocrx_word' id='word_1_571' title='bbox 2254 1522 2443 1577; x_wconf 88' lang='lat' dir='ltr'><strong>ancilla</strong></span> <span class='ocrx_word' id='word_1_572' title='bbox 2470 1531 2578 1589; x_wconf 90' lang='lat' dir='ltr'><strong>tua,</strong></span> <span class='ocrx_word' id='word_1_573' title='bbox 2604 1520 2973 1576; x_wconf 88' lang='lat' dir='ltr'><strong>sollicitudinis</strong></span> <span class='ocrx_word' id='word_1_574' title='bbox 2993 1528 3046 1575; x_wconf 90' lang='lat' dir='ltr'><strong>et</strong></span> <span class='ocrx_word' id='word_1_575' title='bbox 3069 1519 3365 1590; x_wconf 90' lang='lat' dir='ltr'><strong>vigiliarum</strong></span> 
     </span>
    </p>
   </div>
   <div class='ocr_carea' id='block_1_80' title="bbox 1790 1611 3369 1690">
    <p class='ocr_par' dir='ltr' id='par_1_80' title="bbox 1790 1611 3369 1690">
     <span class='ocr_line' id='line_1_91' title="bbox 1790 1611 3369 1690; baseline -0.003 -18"><span class='ocrx_word' id='word_1_576' title='bbox 1790 1619 1989 1690; x_wconf 89' lang='lat' dir='ltr'><strong>primas</strong></span> <span class='ocrx_word' id='word_1_577' title='bbox 2017 1627 2223 1683; x_wconf 88' lang='lat' dir='ltr'><strong>tenens,</strong></span> <span class='ocrx_word' id='word_1_578' title='bbox 2264 1614 2591 1670; x_wconf 89' lang='lat' dir='ltr'><strong>orationibus</strong></span> <span class='ocrx_word' id='word_1_579' title='bbox 2616 1613 2844 1668; x_wconf 88' lang='lat' dir='ltr'><strong>vivebat.</strong></span> <span class='ocrx_word' id='word_1_580' title='bbox 2875 1613 2982 1668; x_wconf 88' lang='lat' dir='ltr'><strong>Nos</strong></span> <span class='ocrx_word' id='word_1_581' title='bbox 3003 1611 3175 1667; x_wconf 86' lang='lat' dir='ltr'><strong>adhuc</strong></span> <span class='ocrx_word' id='word_1_582' title='bbox 3197 1612 3369 1683; x_wconf 85' lang='lat' dir='ltr'><strong>frigidi</strong></span> 
     </span>
    </p>
   </div>
   <div class='ocr_carea' id='block_1_81' title="bbox 1791 1705 3370 1778">
    <p class='ocr_par' dir='ltr' id='par_1_81' title="bbox 1791 1705 3370 1778">
     <span class='ocr_line' id='line_1_92' title="bbox 1791 1705 3370 1778; baseline -0.003 -13"><span class='ocrx_word' id='word_1_583' title='bbox 1791 1727 1822 1765; x_wconf 88' lang='lat' dir='ltr'><strong>a</strong></span> <span class='ocrx_word' id='word_1_584' title='bbox 1851 1711 2026 1764; x_wconf 87' lang='lat' dir='ltr'><strong>calore</strong></span> <span class='ocrx_word' id='word_1_585' title='bbox 2046 1707 2274 1778; x_wconf 90' lang='lat' dir='ltr'><strong>Spiritus</strong></span> <span class='ocrx_word' id='word_1_586' title='bbox 2301 1708 2395 1772; x_wconf 90' lang='lat' dir='ltr'><strong>tui,</strong></span> <span class='ocrx_word' id='word_1_587' title='bbox 2420 1707 2786 1763; x_wconf 79' lang='lat' dir='ltr'><strong>excitabamur</strong></span> <span class='ocrx_word' id='word_1_588' title='bbox 2812 1713 2985 1760; x_wconf 89' lang='lat' dir='ltr'><strong>tamen</strong></span> <span class='ocrx_word' id='word_1_589' title='bbox 3007 1705 3218 1761; x_wconf 80' lang='lat' dir='ltr'><strong>civitate</strong></span> <span class='ocrx_word' id='word_1_590' title='bbox 3240 1715 3370 1760; x_wconf 66' lang='lat' dir='ltr'><strong>atto.</strong></span> 
     </span>
    </p>
   </div>
   <div class='ocr_carea' id='block_1_82' title="bbox 1793 1798 3373 1873">
    <p class='ocr_par' dir='ltr' id='par_1_82' title="bbox 1793 1798 3373 1873">
     <span class='ocr_line' id='line_1_93' title="bbox 1793 1798 3373 1873; baseline -0.002 -16"><span class='ocrx_word' id='word_1_591' title='bbox 1793 1803 1901 1857; x_wconf 83' lang='lat' dir='ltr'><strong>uita</strong></span> <span class='ocrx_word' id='word_1_592' title='bbox 1922 1811 2078 1873; x_wconf 91' lang='lat' dir='ltr'><strong>atque</strong></span> <span class='ocrx_word' id='word_1_593' title='bbox 2099 1800 2325 1855; x_wconf 90' lang='lat' dir='ltr'><strong>turbata.</strong></span> <span class='ocrx_word' id='word_1_594' title='bbox 2341 1799 2490 1854; x_wconf 90' lang='lat' dir='ltr'><strong>Tunc</strong></span> <span class='ocrx_word' id='word_1_595' title='bbox 2504 1799 2686 1870; x_wconf 85' lang='lat' dir='ltr'><strong>hymni</strong></span> <span class='ocrx_word' id='word_1_596' title='bbox 2708 1806 2764 1853; x_wconf 90' lang='lat' dir='ltr'><strong>et</strong></span> <span class='ocrx_word' id='word_1_597' title='bbox 2783 1798 2968 1868; x_wconf 88' lang='lat' dir='ltr'><strong>psalmi</strong></span> <span class='ocrx_word' id='word_1_598' title='bbox 2991 1806 3373 1854; x_wconf 84' lang='lat' dir='ltr'><strong>utcanerentur</strong></span> 
     </span>
    </p>
   </div>
   <div class='ocr_carea' id='block_1_83' title="bbox 1794 1889 3376 1960">
    <p class='ocr_par' dir='ltr' id='par_1_83' title="bbox 1794 1889 3376 1960">
     <span class='ocr_line' id='line_1_94' title="bbox 1794 1889 3376 1960; baseline -0.002 -11"><span class='ocrx_word' id='word_1_599' title='bbox 1794 1894 2086 1949; x_wconf 88' lang='lat' dir='ltr'><strong>secundum</strong></span> <span class='ocrx_word' id='word_1_600' title='bbox 2123 1907 2327 1947; x_wconf 90' lang='lat' dir='ltr'><strong>morem</strong></span> <span class='ocrx_word' id='word_1_601' title='bbox 2369 1890 2708 1946; x_wconf 86' lang='lat' dir='ltr'><strong>orientalium</strong></span> <span class='ocrx_word' id='word_1_602' title='bbox 2739 1889 2990 1960; x_wconf 90' lang='lat' dir='ltr'><strong>partium,</strong></span> <span class='ocrx_word' id='word_1_603' title='bbox 3034 1905 3101 1944; x_wconf 89' lang='lat' dir='ltr'><strong>ne</strong></span> <span class='ocrx_word' id='word_1_604' title='bbox 3150 1889 3376 1959; x_wconf 83' lang='lat' dir='ltr'><strong>populus</strong></span> 
     </span>
    </p>
   </div>
   <div class='ocr_carea' id='block_1_84' title="bbox 1794 1981 3374 2047">
    <p class='ocr_par' dir='ltr' id='par_1_84' title="bbox 1794 1981 3374 2047">
     <span class='ocr_line' id='line_1_95' title="bbox 1794 1981 3374 2047; baseline -0.001 -8"><span class='ocrx_word' id='word_1_605' title='bbox 1794 1985 2044 2039; x_wconf 68' lang='lat' dir='ltr'><strong>maeroris</strong></span> <span class='ocrx_word' id='word_1_606' title='bbox 2086 1983 2244 2038; x_wconf 85' lang='lat' dir='ltr'><strong>taedio</strong></span> <span class='ocrx_word' id='word_1_607' title='bbox 2281 1981 2704 2046; x_wconf 88' lang='lat' dir='ltr'><strong>contabesceret,</strong></span> <span class='ocrx_word' id='word_1_608' title='bbox 2745 1981 3041 2036; x_wconf 80' lang='lat' dir='ltr'><strong>institutum</strong></span> <span class='ocrx_word' id='word_1_609' title='bbox 3079 1990 3187 2047; x_wconf 88' lang='lat' dir='ltr'><strong>est;</strong></span> <span class='ocrx_word' id='word_1_610' title='bbox 3231 1990 3284 2036; x_wconf 90' lang='lat' dir='ltr'><strong>et</strong></span> <span class='ocrx_word' id='word_1_611' title='bbox 3310 1997 3374 2037; x_wconf 77' lang='lat' dir='ltr'><strong>ex</strong></span> 
     </span>
    </p>
   </div>
   <div class='ocr_carea' id='block_1_85' title="bbox 1795 2071 3374 2142">
    <p class='ocr_par' dir='ltr' id='par_1_85' title="bbox 1795 2071 3374 2142">
     <span class='ocr_line' id='line_1_96' title="bbox 1795 2071 3374 2142; baseline -0.003 -10"><span class='ocrx_word' id='word_1_612' title='bbox 1795 2077 1887 2132; x_wconf 90' lang='lat' dir='ltr'><strong>illo</strong></span> <span class='ocrx_word' id='word_1_613' title='bbox 1911 2078 1962 2132; x_wconf 89' lang='lat' dir='ltr'><strong>in</strong></span> <span class='ocrx_word' id='word_1_614' title='bbox 1992 2076 2304 2131; x_wconf 91' lang='lat' dir='ltr'><strong>hodiernum</strong></span> <span class='ocrx_word' id='word_1_615' title='bbox 2323 2085 2610 2138; x_wconf 87' lang='lat' dir='ltr'><strong>retentum,</strong></span> <span class='ocrx_word' id='word_1_616' title='bbox 2632 2071 2932 2141; x_wconf 89' lang='lat' dir='ltr'><strong>multisjam</strong></span> <span class='ocrx_word' id='word_1_617' title='bbox 2958 2087 3019 2126; x_wconf 88' lang='lat' dir='ltr'><strong>ac</strong></span> <span class='ocrx_word' id='word_1_618' title='bbox 3040 2087 3175 2142; x_wconf 88' lang='lat' dir='ltr'><strong>pene</strong></span> <span class='ocrx_word' id='word_1_619' title='bbox 3202 2073 3374 2128; x_wconf 89' lang='lat' dir='ltr'><strong>omni-</strong></span> 
     </span>
    </p>
   </div>
   <div class='ocr_carea' id='block_1_86' title="bbox 1795 2165 3339 2243">
    <p class='ocr_par' dir='ltr' id='par_1_86' title="bbox 1795 2165 3339 2243">
     <span class='ocr_line' id='line_1_97' title="bbox 1795 2165 3339 2243; baseline -0.005 -16"><span class='ocrx_word' id='word_1_620' title='bbox 1795 2173 1896 2227; x_wconf 92' lang='lat' dir='ltr'><strong>bus</strong></span> <span class='ocrx_word' id='word_1_621' title='bbox 1919 2170 2162 2243; x_wconf 83' lang='lat' dir='ltr'><strong>gregibus</strong></span> <span class='ocrx_word' id='word_1_622' title='bbox 2191 2169 2314 2234; x_wconf 89' lang='lat' dir='ltr'><strong>tuis,</strong></span> <span class='ocrx_word' id='word_1_623' title='bbox 2346 2177 2399 2225; x_wconf 89' lang='lat' dir='ltr'><strong>et</strong></span> <span class='ocrx_word' id='word_1_624' title='bbox 2429 2183 2523 2238; x_wconf 90' lang='lat' dir='ltr'><strong>per</strong></span> <span class='ocrx_word' id='word_1_625' title='bbox 2550 2177 2739 2222; x_wconf 86' lang='lat' dir='ltr'><strong>ca:tera</strong></span> <span class='ocrx_word' id='word_1_626' title='bbox 2769 2165 2914 2221; x_wconf 89' lang='lat' dir='ltr'><strong>orbis</strong></span> <span class='ocrx_word' id='word_1_627' title='bbox 2943 2166 3268 2221; x_wconf 86' lang='lat' dir='ltr'><strong>imitantibus</strong></span> <span class='ocrx_word' id='word_1_628' title='bbox 3298 2167 3339 2220; x_wconf 76' lang='grc'><strong>³.</strong></span> 
     </span>
    </p>
   </div>
   <div class='ocr_carea' id='block_1_87' title="bbox 1869 2259 3376 2329">
    <p class='ocr_par' dir='ltr' id='par_1_87' title="bbox 1869 2259 3376 2329">
     <span class='ocr_line' id='line_1_98' title="bbox 1869 2259 3376 2329; baseline -0.006 -10"><span class='ocrx_word' id='word_1_629' title='bbox 1869 2265 1958 2319; x_wconf 79' lang='grc'><strong>16.</strong></span> <span class='ocrx_word' id='word_1_630' title='bbox 2010 2263 2158 2318; x_wconf 87' lang='lat' dir='ltr'><strong>Tunc</strong></span> <span class='ocrx_word' id='word_1_631' title='bbox 2202 2269 2498 2318; x_wconf 87' lang='lat' dir='ltr'><strong>memorato</strong></span> <span class='ocrx_word' id='word_1_632' title='bbox 2534 2259 2752 2313; x_wconf 89' lang='lat' dir='ltr'><strong>antistiti</strong></span> <span class='ocrx_word' id='word_1_633' title='bbox 2782 2267 2870 2313; x_wconf 91' lang='lat' dir='ltr'><strong>tuo</strong></span> <span class='ocrx_word' id='word_1_634' title='bbox 2901 2273 2994 2329; x_wconf 90' lang='lat' dir='ltr'><strong>per</strong></span> <span class='ocrx_word' id='word_1_635' title='bbox 3031 2259 3200 2312; x_wconf 83' lang='lat' dir='ltr'><strong>visum</strong></span> <span class='ocrx_word' id='word_1_636' title='bbox 3248 2273 3376 2328; x_wconf 87' lang='lat' dir='ltr'><strong>ape-</strong></span> 
     </span>
    </p>
   </div>
   <div class='ocr_carea' id='block_1_88' title="bbox 1799 2348 3378 2426">
    <p class='ocr_par' dir='ltr' id='par_1_88' title="bbox 1799 2348 3378 2426">
     <span class='ocr_line' id='line_1_99' title="bbox 1799 2348 3378 2426; baseline -0.001 -16"><span class='ocrx_word' id='word_1_637' title='bbox 1799 2356 1970 2421; x_wconf 91' lang='lat' dir='ltr'><strong>ruisti,</strong></span> <span class='ocrx_word' id='word_1_638' title='bbox 2004 2371 2107 2426; x_wconf 92' lang='lat' dir='ltr'><strong>quo</strong></span> <span class='ocrx_word' id='word_1_639' title='bbox 2139 2355 2257 2409; x_wconf 91' lang='lat' dir='ltr'><strong>loco</strong></span> <span class='ocrx_word' id='word_1_640' title='bbox 2299 2353 2523 2407; x_wconf 87' lang='lat' dir='ltr'><strong>laterent</strong></span> <span class='ocrx_word' id='word_1_641' title='bbox 2567 2363 2859 2422; x_wconf 88' lang='lat' dir='ltr'><strong>martyrum</strong></span> <span class='ocrx_word' id='word_1_642' title='bbox 2903 2364 3123 2419; x_wconf 87' lang='lat' dir='ltr'><strong>corpora</strong></span> <span class='ocrx_word' id='word_1_643' title='bbox 3155 2348 3378 2408; x_wconf 88' lang='lat' dir='ltr'><strong>Protasii</strong></span> 
     </span>
    </p>
   </div>
   <div class='ocr_carea' id='block_1_89' title="bbox 1801 2441 3379 2516">
    <p class='ocr_par' dir='ltr' id='par_1_89' title="bbox 1801 2441 3379 2516">
     <span class='ocr_line' id='line_1_100' title="bbox 1801 2441 3379 2516; baseline -0.003 -13"><span class='ocrx_word' id='word_1_644' title='bbox 1801 2457 1857 2503; x_wconf 91' lang='lat' dir='ltr'><strong>et</strong></span> <span class='ocrx_word' id='word_1_645' title='bbox 1881 2446 2138 2514; x_wconf 89' lang='lat' dir='ltr'><strong>Gervasii,</strong></span> <span class='ocrx_word' id='word_1_646' title='bbox 2164 2461 2282 2516; x_wconf 69' lang='lat' dir='ltr'><strong>qua:</strong></span> <span class='ocrx_word' id='word_1_647' title='bbox 2306 2460 2399 2515; x_wconf 90' lang='lat' dir='ltr'><strong>per</strong></span> <span class='ocrx_word' id='word_1_648' title='bbox 2426 2452 2503 2499; x_wconf 88' lang='lat' dir='ltr'><strong>tot</strong></span> <span class='ocrx_word' id='word_1_649' title='bbox 2531 2457 2697 2497; x_wconf 91' lang='lat' dir='ltr'><strong>annos</strong></span> <span class='ocrx_word' id='word_1_650' title='bbox 2723 2442 3022 2512; x_wconf 88' lang='lat' dir='ltr'><strong>incorrupta</strong></span> <span class='ocrx_word' id='word_1_651' title='bbox 3052 2441 3102 2495; x_wconf 90' lang='lat' dir='ltr'><strong>in</strong></span> <span class='ocrx_word' id='word_1_652' title='bbox 3129 2443 3379 2499; x_wconf 88' lang='lat' dir='ltr'><strong>thesauro</strong></span> 
     </span>
    </p>
   </div>
   <div class='ocr_carea' id='block_1_90' title="bbox 1803 2535 3381 2607">
    <p class='ocr_par' dir='ltr' id='par_1_90' title="bbox 1803 2535 3381 2607">
     <span class='ocr_line' id='line_1_101' title="bbox 1803 2535 3381 2607; baseline -0.005 -10"><span class='ocrx_word' id='word_1_653' title='bbox 1803 2542 1993 2598; x_wconf 88' lang='lat' dir='ltr'><strong>secreti</strong></span> <span class='ocrx_word' id='word_1_654' title='bbox 2020 2541 2093 2596; x_wconf 90' lang='lat' dir='ltr'><strong>tui</strong></span> <span class='ocrx_word' id='word_1_655' title='bbox 2117 2539 2510 2604; x_wconf 87' lang='lat' dir='ltr'><strong>recondideras,</strong></span> <span class='ocrx_word' id='word_1_656' title='bbox 2539 2537 2680 2592; x_wconf 88' lang='lat' dir='ltr'><strong>unde</strong></span> <span class='ocrx_word' id='word_1_657' title='bbox 2708 2546 3000 2607; x_wconf 89' lang='lat' dir='ltr'><strong>opportune</strong></span> <span class='ocrx_word' id='word_1_658' title='bbox 3026 2550 3294 2605; x_wconf 89' lang='lat' dir='ltr'><strong>promeres</strong></span> <span class='ocrx_word' id='word_1_659' title='bbox 3314 2535 3381 2595; x_wconf 87' lang='lat' dir='ltr'><strong>ad</strong></span> 
     </span>
    </p>
   </div>
   <div class='ocr_carea' id='block_1_91' title="bbox 1803 2626 3381 2699">
    <p class='ocr_par' dir='ltr' id='par_1_91' title="bbox 1803 2626 3381 2699">
     <span class='ocr_line' id='line_1_102' title="bbox 1803 2626 3381 2699; baseline -0.005 -9"><span class='ocrx_word' id='word_1_660' title='bbox 1803 2635 2150 2691; x_wconf 87' lang='lat' dir='ltr'><strong>coercendam</strong></span> <span class='ocrx_word' id='word_1_661' title='bbox 2182 2633 2381 2688; x_wconf 88' lang='lat' dir='ltr'><strong>rabiem</strong></span> <span class='ocrx_word' id='word_1_662' title='bbox 2409 2631 2711 2695; x_wconf 89' lang='lat' dir='ltr'><strong>femineam,</strong></span> <span class='ocrx_word' id='word_1_663' title='bbox 2731 2630 2825 2684; x_wconf 90' lang='lat' dir='ltr'><strong>sed</strong></span> <span class='ocrx_word' id='word_1_664' title='bbox 2852 2629 3069 2699; x_wconf 86' lang='lat' dir='ltr'><strong>regiam.</strong></span> <span class='ocrx_word' id='word_1_665' title='bbox 3093 2627 3224 2683; x_wconf 87' lang='lat' dir='ltr'><strong>Cum</strong></span> <span class='ocrx_word' id='word_1_666' title='bbox 3241 2626 3381 2682; x_wconf 90' lang='lat' dir='ltr'><strong>enim</strong></span> 
     </span>
    </p>
   </div>
   <div class='ocr_carea' id='block_1_92' title="bbox 1804 2718 3382 2798">
    <p class='ocr_par' dir='ltr' id='par_1_92' title="bbox 1804 2718 3382 2798">
     <span class='ocr_line' id='line_1_103' title="bbox 1804 2718 3382 2798; baseline -0.005 -18"><span class='ocrx_word' id='word_1_667' title='bbox 1804 2727 2073 2798; x_wconf 86' lang='lat' dir='ltr'><strong>propalata</strong></span> <span class='ocrx_word' id='word_1_668' title='bbox 2102 2734 2157 2780; x_wconf 89' lang='lat' dir='ltr'><strong>et</strong></span> <span class='ocrx_word' id='word_1_669' title='bbox 2187 2724 2378 2779; x_wconf 79' lang='lat' dir='ltr'><strong>effossa</strong></span> <span class='ocrx_word' id='word_1_670' title='bbox 2407 2723 2566 2792; x_wconf 88' lang='lat' dir='ltr'><strong>digno</strong></span> <span class='ocrx_word' id='word_1_671' title='bbox 2588 2737 2706 2777; x_wconf 92' lang='lat' dir='ltr'><strong>cum</strong></span> <span class='ocrx_word' id='word_1_672' title='bbox 2738 2720 2941 2775; x_wconf 73' lang='lat' dir='ltr'><strong>boo‘ore</strong></span> <span class='ocrx_word' id='word_1_673' title='bbox 2976 2718 3382 2774; x_wconf 87' lang='lat' dir='ltr'><strong>transferrentur</strong></span> 
     </span>
    </p>
   </div>
   <div class='ocr_carea' id='block_1_93' title="bbox 1804 2810 3382 2882">
    <p class='ocr_par' dir='ltr' id='par_1_93' title="bbox 1804 2810 3382 2882">
     <span class='ocr_line' id='line_1_104' title="bbox 1804 2810 3382 2882; baseline -0.005 -8"><span class='ocrx_word' id='word_1_674' title='bbox 1804 2819 1870 2874; x_wconf 88' lang='lat' dir='ltr'><strong>ad</strong></span> <span class='ocrx_word' id='word_1_675' title='bbox 1899 2818 2304 2873; x_wconf 87' lang='lat' dir='ltr'><strong>Ambrosianam</strong></span> <span class='ocrx_word' id='word_1_676' title='bbox 2327 2816 2618 2880; x_wconf 86' lang='lat' dir='ltr'><strong>basilicam,</strong></span> <span class='ocrx_word' id='word_1_677' title='bbox 2645 2829 2750 2868; x_wconf 93' lang='lat' dir='ltr'><strong>non</strong></span> <span class='ocrx_word' id='word_1_678' title='bbox 2779 2813 2949 2867; x_wconf 89' lang='lat' dir='ltr'><strong>solum</strong></span> <span class='ocrx_word' id='word_1_679' title='bbox 2971 2827 3103 2882; x_wconf 89' lang='lat' dir='ltr'><strong>quos</strong></span> <span class='ocrx_word' id='word_1_680' title='bbox 3125 2810 3382 2866; x_wconf 84' lang='lat' dir='ltr'><strong>immundi</strong></span> 
     </span>
    </p>
   </div>
   <div class='ocr_carea' id='block_1_94' title="bbox 1807 2903 3383 2980">
    <p class='ocr_par' dir='ltr' id='par_1_94' title="bbox 1807 2903 3383 2980">
     <span class='ocr_line' id='line_1_105' title="bbox 1807 2903 3383 2980; baseline -0.006 -14"><span class='ocrx_word' id='word_1_681' title='bbox 1807 2911 2066 2966; x_wconf 84' lang='lat' dir='ltr'><strong>vexabant</strong></span> <span class='ocrx_word' id='word_1_682' title='bbox 2091 2910 2337 2980; x_wconf 81' lang='lat' dir='ltr'><strong>Spiritus,</strong></span> <span class='ocrx_word' id='word_1_683' title='bbox 2363 2906 2621 2964; x_wconf 87' lang='lat' dir='ltr'><strong>confessis</strong></span> <span class='ocrx_word' id='word_1_684' title='bbox 2647 2904 2846 2960; x_wconf 86' lang='lat' dir='ltr'><strong>eisdem</strong></span> <span class='ocrx_word' id='word_1_685' title='bbox 2876 2903 3202 2958; x_wconf 66' lang='lat' dir='ltr'><strong>daemonibus</strong></span> <span class='ocrx_word' id='word_1_686' title='bbox 3227 2918 3383 2957; x_wconf 82' lang='lat' dir='ltr'><strong>sana-</strong></span> 
     </span>
    </p>
   </div>
   <div class='ocr_carea' id='block_1_95' title="bbox 1805 2996 3385 3071">
    <p class='ocr_par' dir='ltr' id='par_1_95' title="bbox 1805 2996 3385 3071">
     <span class='ocr_line' id='line_1_106' title="bbox 1805 2996 3385 3071; baseline -0.006 -11"><span class='ocrx_word' id='word_1_687' title='bbox 1805 3005 2016 3071; x_wconf 91' lang='lat' dir='ltr'><strong>bautur,</strong></span> <span class='ocrx_word' id='word_1_688' title='bbox 2035 3018 2224 3058; x_wconf 88' lang='lat' dir='ltr'><strong>verum</strong></span> <span class='ocrx_word' id='word_1_689' title='bbox 2246 3001 2406 3057; x_wconf 90' lang='lat' dir='ltr'><strong>etiam</strong></span> <span class='ocrx_word' id='word_1_690' title='bbox 2427 2999 2641 3071; x_wconf 86' lang='lat' dir='ltr'><strong>quidam</strong></span> <span class='ocrx_word' id='word_1_691' title='bbox 2669 2997 2846 3068; x_wconf 88' lang='lat' dir='ltr'><strong>plures</strong></span> <span class='ocrx_word' id='word_1_692' title='bbox 2869 3012 3037 3052; x_wconf 90' lang='lat' dir='ltr'><strong>annos</strong></span> <span class='ocrx_word' id='word_1_693' title='bbox 3062 3011 3234 3052; x_wconf 68' lang='lat' dir='ltr'><strong>carens</strong></span> <span class='ocrx_word' id='word_1_694' title='bbox 3258 2996 3385 3051; x_wconf 89' lang='lat' dir='ltr'><strong>civis</strong></span> 
     </span>
    </p>
   </div>
   <div class='ocr_carea' id='block_1_96' title="bbox 1807 3087 3385 3165">
    <p class='ocr_par' dir='ltr' id='par_1_96' title="bbox 1807 3087 3385 3165">
     <span class='ocr_line' id='line_1_107' title="bbox 1807 3087 3385 3165; baseline -0.008 -13"><span class='ocrx_word' id='word_1_695' title='bbox 1807 3097 2109 3165; x_wconf 88' lang='lat' dir='ltr'><strong>civitatique</strong></span> <span class='ocrx_word' id='word_1_696' title='bbox 2135 3093 2464 3157; x_wconf 91' lang='lat' dir='ltr'><strong>notissimus,</strong></span> <span class='ocrx_word' id='word_1_697' title='bbox 2499 3107 2618 3146; x_wconf 91' lang='lat' dir='ltr'><strong>cum</strong></span> <span class='ocrx_word' id='word_1_698' title='bbox 2647 3089 2824 3159; x_wconf 91' lang='lat' dir='ltr'><strong>populi</strong></span> <span class='ocrx_word' id='word_1_699' title='bbox 2850 3087 3216 3142; x_wconf 89' lang='lat' dir='ltr'><strong>tumultuantis</strong></span> <span class='ocrx_word' id='word_1_700' title='bbox 3249 3087 3385 3141; x_wconf 79' lang='lat' dir='ltr'><strong>heli-</strong></span> 
     </span>
    </p>
   </div>
   <div class='ocr_carea' id='block_1_97' title="bbox 1809 3176 3386 3252">
    <p class='ocr_par' dir='ltr' id='par_1_97' title="bbox 1809 3176 3386 3252">
     <span class='ocr_line' id='line_1_108' title="bbox 1809 3176 3386 3252; baseline -0.008 -11"><span class='ocrx_word' id='word_1_701' title='bbox 1809 3187 1896 3241; x_wconf 72' lang='lat' dir='ltr'><strong>tia:</strong></span> <span class='ocrx_word' id='word_1_702' title='bbox 1947 3185 1967 3216; x_wconf 76' lang='grc'><strong>⁸</strong></span> <span class='ocrx_word' id='word_1_703' title='bbox 2014 3199 2226 3240; x_wconf 87' lang='lat' dir='ltr'><strong>causam</strong></span> <span class='ocrx_word' id='word_1_704' title='bbox 2277 3181 2555 3252; x_wconf 73' lang='lat' dir='ltr'><strong>quaesisset</strong></span> <span class='ocrx_word' id='word_1_705' title='bbox 2603 3190 2760 3250; x_wconf 91' lang='lat' dir='ltr'><strong>atque</strong></span> <span class='ocrx_word' id='word_1_706' title='bbox 2802 3176 3071 3243; x_wconf 89' lang='lat' dir='ltr'><strong>audisset,</strong></span> <span class='ocrx_word' id='word_1_707' title='bbox 3120 3176 3386 3249; x_wconf 80' lang='lat' dir='ltr'><strong>exsilivit,</strong></span> 
     </span>
    </p>
   </div>
   <div class='ocr_carea' id='block_1_98' title="bbox 1810 3268 3388 3348">
    <p class='ocr_par' dir='ltr' id='par_1_98' title="bbox 1810 3268 3388 3348">
     <span class='ocr_line' id='line_1_109' title="bbox 1810 3268 3388 3348; baseline -0.007 -15"><span class='ocrx_word' id='word_1_708' title='bbox 1810 3292 1981 3348; x_wconf 90' lang='lat' dir='ltr'><strong>coque</strong></span> <span class='ocrx_word' id='word_1_709' title='bbox 2009 3290 2068 3331; x_wconf 92' lang='lat' dir='ltr'><strong>se</strong></span> <span class='ocrx_word' id='word_1_710' title='bbox 2098 3284 2156 3330; x_wconf 91' lang='lat' dir='ltr'><strong>ut</strong></span> <span class='ocrx_word' id='word_1_711' title='bbox 2183 3273 2434 3340; x_wconf 89' lang='lat' dir='ltr'><strong>duceret,</strong></span> <span class='ocrx_word' id='word_1_712' title='bbox 2464 3287 2617 3326; x_wconf 88' lang='lat' dir='ltr'><strong>suum</strong></span> <span class='ocrx_word' id='word_1_713' title='bbox 2647 3269 2835 3325; x_wconf 89' lang='lat' dir='ltr'><strong>ducem</strong></span> <span class='ocrx_word' id='word_1_714' title='bbox 2865 3268 3085 3338; x_wconf 88' lang='lat' dir='ltr'><strong>rogavit.</strong></span> <span class='ocrx_word' id='word_1_715' title='bbox 3118 3268 3231 3334; x_wconf 83' lang='lat' dir='ltr'><strong>Quo</strong></span> <span class='ocrx_word' id='word_1_716' title='bbox 3266 3283 3388 3337; x_wconf 88' lang='lat' dir='ltr'><strong>per-</strong></span> 
     </span>
    </p>
   </div>
   <div class='ocr_carea' id='block_1_99' title="bbox 1811 3358 3390 3438">
    <p class='ocr_par' dir='ltr' id='par_1_99' title="bbox 1811 3358 3390 3438">
     <span class='ocr_line' id='line_1_110' title="bbox 1811 3358 3390 3438; baseline -0.008 -12"><span class='ocrx_word' id='word_1_717' title='bbox 1811 3370 2023 3436; x_wconf 91' lang='lat' dir='ltr'><strong>ductus,</strong></span> <span class='ocrx_word' id='word_1_718' title='bbox 2056 3366 2357 3438; x_wconf 88' lang='lat' dir='ltr'><strong>impetravit</strong></span> <span class='ocrx_word' id='word_1_719' title='bbox 2382 3363 2610 3431; x_wconf 88' lang='lat' dir='ltr'><strong>admitti,</strong></span> <span class='ocrx_word' id='word_1_720' title='bbox 2652 3370 2710 3417; x_wconf 93' lang='lat' dir='ltr'><strong>ut</strong></span> <span class='ocrx_word' id='word_1_721' title='bbox 2749 3361 2963 3417; x_wconf 87' lang='lat' dir='ltr'><strong>sudario</strong></span> <span class='ocrx_word' id='word_1_722' title='bbox 2990 3369 3227 3431; x_wconf 84' lang='lat' dir='ltr'><strong>tangeret</strong></span> <span class='ocrx_word' id='word_1_723' title='bbox 3252 3358 3390 3414; x_wconf 88' lang='lat' dir='ltr'><strong>fere-</strong></span> 
     </span>
    </p>
   </div>
   <div class='ocr_carea' id='block_1_100' title="bbox 1813 3451 3392 3530">
    <p class='ocr_par' dir='ltr' id='par_1_100' title="bbox 1813 3451 3392 3530">
     <span class='ocr_line' id='line_1_111' title="bbox 1813 3451 3392 3530; baseline -0.007 -12"><span class='ocrx_word' id='word_1_724' title='bbox 1813 3470 1953 3518; x_wconf 90' lang='lat' dir='ltr'><strong>trum</strong></span> <span class='ocrx_word' id='word_1_725' title='bbox 2009 3459 2257 3530; x_wconf 73' lang='lat' dir='ltr'><strong>pretiosa:</strong></span> <span class='ocrx_word' id='word_1_726' title='bbox 2308 3457 2360 3512; x_wconf 90' lang='lat' dir='ltr'><strong>in</strong></span> <span class='ocrx_word' id='word_1_727' title='bbox 2404 3463 2689 3524; x_wconf 91' lang='lat' dir='ltr'><strong>conspectu</strong></span> <span class='ocrx_word' id='word_1_728' title='bbox 2739 3464 2830 3507; x_wconf 91' lang='lat' dir='ltr'><strong>tuo</strong></span> <span class='ocrx_word' id='word_1_729' title='bbox 2869 3451 3054 3507; x_wconf 89' lang='lat' dir='ltr'><strong>mortis</strong></span> <span class='ocrx_word' id='word_1_730' title='bbox 3089 3460 3392 3507; x_wconf 86' lang='lat' dir='ltr'><strong>sanctorum</strong></span> 
     </span>
    </p>
   </div>
   <div class='ocr_carea' id='block_1_101' title="bbox 1815 3543 3394 3625">
    <p class='ocr_par' dir='ltr' id='par_1_101' title="bbox 1815 3543 3394 3625">
     <span class='ocr_line' id='line_1_112' title="bbox 1815 3543 3394 3625; baseline -0.008 -15"><span class='ocrx_word' id='word_1_731' title='bbox 1815 3564 2026 3611; x_wconf 88' lang='lat' dir='ltr'><strong>tuorum</strong></span> <span class='ocrx_word' id='word_1_732' title='bbox 2055 3551 2358 3625; x_wconf 81' lang='lat' dir='ltr'><strong>(Psal.cxv,</strong></span> <span class='ocrx_word' id='word_1_733' title='bbox 2388 3548 2498 3621; x_wconf 76' lang='grc'><strong>15).</strong></span> <span class='ocrx_word' id='word_1_734' title='bbox 2525 3547 2676 3615; x_wconf 89' lang='lat' dir='ltr'><strong>Quod</strong></span> <span class='ocrx_word' id='word_1_735' title='bbox 2700 3546 2787 3602; x_wconf 91' lang='lat' dir='ltr'><strong>ubi</strong></span> <span class='ocrx_word' id='word_1_736' title='bbox 2813 3546 2958 3613; x_wconf 86' lang='lat' dir='ltr'><strong>fecit,</strong></span> <span class='ocrx_word' id='word_1_737' title='bbox 2982 3554 3139 3615; x_wconf 90' lang='lat' dir='ltr'><strong>atque</strong></span> <span class='ocrx_word' id='word_1_738' title='bbox 3165 3543 3394 3600; x_wconf 89' lang='lat' dir='ltr'><strong>admovit</strong></span> 
     </span>
    </p>
   </div>
   <div class='ocr_carea' id='block_1_102' title="bbox 1814 3639 3393 3715">
    <p class='ocr_par' dir='ltr' id='par_1_102' title="bbox 1814 3639 3393 3715">
     <span class='ocr_line' id='line_1_113' title="bbox 1814 3639 3393 3715; baseline -0.008 -11"><span class='ocrx_word' id='word_1_739' title='bbox 1814 3649 2006 3713; x_wconf 89' lang='lat' dir='ltr'><strong>oculis,</strong></span> <span class='ocrx_word' id='word_1_740' title='bbox 2040 3645 2319 3702; x_wconf 90' lang='lat' dir='ltr'><strong>confestim</strong></span> <span class='ocrx_word' id='word_1_741' title='bbox 2350 3643 2518 3715; x_wconf 88' lang='lat' dir='ltr'><strong>aperti</strong></span> <span class='ocrx_word' id='word_1_742' title='bbox 2543 3651 2684 3698; x_wconf 88' lang='lat' dir='ltr'><strong>sunt.</strong></span> <span class='ocrx_word' id='word_1_743' title='bbox 2713 3640 2840 3696; x_wconf 87' lang='lat' dir='ltr'><strong>lude</strong></span> <span class='ocrx_word' id='word_1_744' title='bbox 2879 3640 3015 3694; x_wconf 90' lang='lat' dir='ltr'><strong>fama</strong></span> <span class='ocrx_word' id='word_1_745' title='bbox 3054 3639 3355 3694; x_wconf 88' lang='lat' dir='ltr'><strong>discurrens</strong></span> <span class='ocrx_word' id='word_1_746' title='bbox 3377 3677 3393 3704; x_wconf 94' lang='lat'><strong>,</strong></span> 
     </span>
    </p>
   </div>
   <div class='ocr_carea' id='block_1_103' title="bbox 1815 3732 3396 3801">
    <p class='ocr_par' dir='ltr' id='par_1_103' title="bbox 1815 3732 3396 3801">
     <span class='ocr_line' id='line_1_114' title="bbox 1815 3732 3396 3801; baseline -0.008 -2"><span class='ocrx_word' id='word_1_747' title='bbox 1815 3743 1939 3800; x_wconf 90' lang='lat' dir='ltr'><strong>inde</strong></span> <span class='ocrx_word' id='word_1_748' title='bbox 1969 3741 2152 3796; x_wconf 89' lang='lat' dir='ltr'><strong>laudes</strong></span> <span class='ocrx_word' id='word_1_749' title='bbox 2181 3749 2281 3794; x_wconf 77' lang='lat' dir='ltr'><strong>tua:</strong></span> <span class='ocrx_word' id='word_1_750' title='bbox 2311 3738 2595 3801; x_wconf 89' lang='lat' dir='ltr'><strong>ferventes,</strong></span> <span class='ocrx_word' id='word_1_751' title='bbox 2629 3736 2867 3791; x_wconf 88' lang='lat' dir='ltr'><strong>lucentes</strong></span> <span class='ocrx_word' id='word_1_752' title='bbox 2895 3733 2935 3801; x_wconf 68' lang='grc' dir='ltr'><strong>δ,</strong></span> <span class='ocrx_word' id='word_1_753' title='bbox 2972 3733 3098 3788; x_wconf 91' lang='lat' dir='ltr'><strong>inde</strong></span> <span class='ocrx_word' id='word_1_754' title='bbox 3129 3732 3268 3787; x_wconf 89' lang='lat' dir='ltr'><strong>illius</strong></span> <span class='ocrx_word' id='word_1_755' title='bbox 3308 3733 3396 3786; x_wconf 84' lang='lat' dir='ltr'><strong>in-</strong></span> 
     </span>
    </p>
   </div>
   <div class='ocr_carea' id='block_1_104' title="bbox 1817 3825 3397 3896">
    <p class='ocr_par' dir='ltr' id='par_1_104' title="bbox 1817 3825 3397 3896">
     <span class='ocr_line' id='line_1_115' title="bbox 1817 3825 3397 3896; baseline -0.006 -6"><span class='ocrx_word' id='word_1_756' title='bbox 1817 3835 1990 3890; x_wconf 67' lang='lat' dir='ltr'><strong>imicae</strong></span> <span class='ocrx_word' id='word_1_757' title='bbox 2018 3833 2226 3888; x_wconf 88' lang='lat' dir='ltr'><strong>animus</strong></span> <span class='ocrx_word' id='word_1_758' title='bbox 2252 3831 2351 3886; x_wconf 92' lang='lat' dir='ltr'><strong>etsi</strong></span> <span class='ocrx_word' id='word_1_759' title='bbox 2379 3829 2446 3884; x_wconf 93' lang='lat' dir='ltr'><strong>ad</strong></span> <span class='ocrx_word' id='word_1_760' title='bbox 2475 3827 2723 3883; x_wconf 86' lang='lat' dir='ltr'><strong>credendi</strong></span> <span class='ocrx_word' id='word_1_761' title='bbox 2741 3827 3017 3882; x_wconf 89' lang='lat' dir='ltr'><strong>sanitatem</strong></span> <span class='ocrx_word' id='word_1_762' title='bbox 3048 3842 3152 3880; x_wconf 88' lang='lat' dir='ltr'><strong>non</strong></span> <span class='ocrx_word' id='word_1_763' title='bbox 3179 3825 3397 3896; x_wconf 89' lang='lat' dir='ltr'><strong>amplia-</strong></span> 
     </span>
    </p>
   </div>
   <div class='ocr_carea' id='block_1_105' title="bbox 1818 3918 3394 3996">
    <p class='ocr_par' dir='ltr' id='par_1_105' title="bbox 1818 3918 3394 3996">
     <span class='ocr_line' id='line_1_116' title="bbox 1818 3918 3394 3996; baseline -0.008 -13"><span class='ocrx_word' id='word_1_764' title='bbox 1818 3937 1902 3983; x_wconf 86' lang='lat' dir='ltr'><strong>tus</strong></span> <span class='ocrx_word' id='word_1_765' title='bbox 1924 3927 1944 3958; x_wconf 79' lang='lat'>&quot;</span> <span class='ocrx_word' id='word_1_766' title='bbox 1964 3968 1979 3994; x_wconf 94' lang='lat'><strong>,</strong></span> <span class='ocrx_word' id='word_1_767' title='bbox 2008 3942 2036 3980; x_wconf 91' lang='lat' dir='ltr'><strong>a</strong></span> <span class='ocrx_word' id='word_1_768' title='bbox 2064 3921 2415 3996; x_wconf 88' lang='lat' dir='ltr'><strong>persequendi</strong></span> <span class='ocrx_word' id='word_1_769' title='bbox 2462 3929 2638 3975; x_wconf 90' lang='lat' dir='ltr'><strong>tamen</strong></span> <span class='ocrx_word' id='word_1_770' title='bbox 2690 3918 2868 3973; x_wconf 88' lang='lat' dir='ltr'><strong>furore</strong></span> <span class='ocrx_word' id='word_1_771' title='bbox 2914 3931 3252 3986; x_wconf 88' lang='lat' dir='ltr'><strong>compressus</strong></span> <span class='ocrx_word' id='word_1_772' title='bbox 3292 3925 3394 3971; x_wconf 87' lang='lat' dir='ltr'><strong>est.</strong></span> 
     </span>
    </p>
   </div>
   <div class='ocr_carea' id='block_1_106' title="bbox 1818 4008 3397 4082">
    <p class='ocr_par' dir='ltr' id='par_1_106' title="bbox 1818 4008 3397 4082">
     <span class='ocr_line' id='line_1_117' title="bbox 1818 4008 3397 4082; baseline -0.007 -7"><span class='ocrx_word' id='word_1_773' title='bbox 1818 4019 2026 4075; x_wconf 86' lang='lat' dir='ltr'><strong>Gratias</strong></span> <span class='ocrx_word' id='word_1_774' title='bbox 2057 4016 2171 4082; x_wconf 90' lang='lat' dir='ltr'><strong>tibi,</strong></span> <span class='ocrx_word' id='word_1_775' title='bbox 2203 4015 2342 4069; x_wconf 90' lang='lat' dir='ltr'><strong>Deus</strong></span> <span class='ocrx_word' id='word_1_776' title='bbox 2370 4027 2540 4068; x_wconf 92' lang='lat' dir='ltr'><strong>meus.</strong></span> <span class='ocrx_word' id='word_1_777' title='bbox 2577 4010 2731 4066; x_wconf 90' lang='lat' dir='ltr'><strong>Unde</strong></span> <span class='ocrx_word' id='word_1_778' title='bbox 2773 4019 2827 4065; x_wconf 91' lang='lat' dir='ltr'><strong>et</strong></span> <span class='ocrx_word' id='word_1_779' title='bbox 2867 4023 2972 4078; x_wconf 93' lang='lat' dir='ltr'><strong>quo</strong></span> <span class='ocrx_word' id='word_1_780' title='bbox 2995 4008 3190 4062; x_wconf 88' lang='lat' dir='ltr'><strong>duxisti</strong></span> <span class='ocrx_word' id='word_1_781' title='bbox 3216 4023 3397 4064; x_wconf 90' lang='lat' dir='ltr'><strong>recor-</strong></span> 
     </span>
    </p>
   </div>
   <div class='ocr_carea' id='block_1_107' title="bbox 1821 4099 3398 4172">
    <p class='ocr_par' dir='ltr' id='par_1_107' title="bbox 1821 4099 3398 4172">
     <span class='ocr_line' id='line_1_118' title="bbox 1821 4099 3398 4172; baseline -0.006 -7"><span class='ocrx_word' id='word_1_782' title='bbox 1821 4110 2089 4165; x_wconf 84' lang='lat' dir='ltr'><strong>dationem</strong></span> <span class='ocrx_word' id='word_1_783' title='bbox 2125 4121 2318 4172; x_wconf 91' lang='lat' dir='ltr'><strong>meam,</strong></span> <span class='ocrx_word' id='word_1_784' title='bbox 2361 4113 2420 4158; x_wconf 88' lang='lat' dir='ltr'><strong>ut</strong></span> <span class='ocrx_word' id='word_1_785' title='bbox 2461 4103 2574 4158; x_wconf 69' lang='lat' dir='ltr'><strong>brec</strong></span> <span class='ocrx_word' id='word_1_786' title='bbox 2611 4102 2770 4157; x_wconf 90' lang='lat' dir='ltr'><strong>etiam</strong></span> <span class='ocrx_word' id='word_1_787' title='bbox 2805 4101 3086 4156; x_wconf 88' lang='lat' dir='ltr'><strong>conﬁterer</strong></span> <span class='ocrx_word' id='word_1_788' title='bbox 3120 4099 3232 4166; x_wconf 88' lang='lat' dir='ltr'><strong>tibi,</strong></span> <span class='ocrx_word' id='word_1_789' title='bbox 3280 4115 3398 4171; x_wconf 74' lang='lat' dir='ltr'><strong>qua:</strong></span> 
     </span>
    </p>
   </div>
   <div class='ocr_carea' id='block_1_108' title="bbox 1822 4191 3399 4272">
    <p class='ocr_par' dir='ltr' id='par_1_108' title="bbox 1822 4191 3399 4272">
     <span class='ocr_line' id='line_1_119' title="bbox 1822 4191 3399 4272; baseline -0.006 -15"><span class='ocrx_word' id='word_1_790' title='bbox 1822 4217 2009 4272; x_wconf 80' lang='lat' dir='ltr'><strong>magna</strong></span> <span class='ocrx_word' id='word_1_791' title='bbox 2048 4199 2242 4254; x_wconf 90' lang='lat' dir='ltr'><strong>oblitus</strong></span> <span class='ocrx_word' id='word_1_792' title='bbox 2284 4193 2682 4268; x_wconf 86' lang='lat' dir='ltr'><strong>praeterieram?</strong></span> <span class='ocrx_word' id='word_1_793' title='bbox 2723 4193 2787 4247; x_wconf 87' lang='lat' dir='ltr'><strong>Et</strong></span> <span class='ocrx_word' id='word_1_794' title='bbox 2824 4200 2998 4246; x_wconf 89' lang='lat' dir='ltr'><strong>tamen</strong></span> <span class='ocrx_word' id='word_1_795' title='bbox 3030 4200 3153 4246; x_wconf 91' lang='lat' dir='ltr'><strong>tunc</strong></span> <span class='ocrx_word' id='word_1_796' title='bbox 3178 4207 3296 4246; x_wconf 93' lang='lat' dir='ltr'><strong>cum</strong></span> <span class='ocrx_word' id='word_1_797' title='bbox 3326 4191 3399 4247; x_wconf 88' lang='lat' dir='ltr'><strong>ita</strong></span> 
     </span>
    </p>
   </div>
   <div class='ocr_carea' id='block_1_109' title="bbox 1825 4284 3399 4364">
    <p class='ocr_par' dir='ltr' id='par_1_109' title="bbox 1825 4284 3399 4364">
     <span class='ocr_line' id='line_1_120' title="bbox 1825 4284 3399 4364; baseline -0.005 -16"><span class='ocrx_word' id='word_1_798' title='bbox 1825 4293 2080 4364; x_wconf 80' lang='lat' dir='ltr'><strong>frugraret</strong></span> <span class='ocrx_word' id='word_1_799' title='bbox 2105 4290 2238 4346; x_wconf 91' lang='lat' dir='ltr'><strong>odor</strong></span> <span class='ocrx_word' id='word_1_800' title='bbox 2261 4297 2648 4358; x_wconf 89' lang='lat' dir='ltr'><strong>unguentorum</strong></span> <span class='ocrx_word' id='word_1_801' title='bbox 2680 4294 2904 4349; x_wconf 91' lang='lat' dir='ltr'><strong>tuorum,</strong></span> <span class='ocrx_word' id='word_1_802' title='bbox 2932 4299 3035 4338; x_wconf 91' lang='lat' dir='ltr'><strong>non</strong></span> <span class='ocrx_word' id='word_1_803' title='bbox 3057 4284 3399 4340; x_wconf 84' lang='lat' dir='ltr'><strong>currebamus</strong></span> 
     </span>
    </p>
   </div>
   <div class='ocr_carea' id='block_1_110' title="bbox 1827 4373 3402 4456">
    <p class='ocr_par' dir='ltr' id='par_1_110' title="bbox 1827 4373 3402 4456">
     <span class='ocr_line' id='line_1_121' title="bbox 1827 4373 3402 4456; baseline -0.003 -20"><span class='ocrx_word' id='word_1_804' title='bbox 1827 4395 1948 4456; x_wconf 90' lang='lat' dir='ltr'><strong>post</strong></span> <span class='ocrx_word' id='word_1_805' title='bbox 1975 4396 2025 4439; x_wconf 90' lang='lat' dir='ltr'><strong>te</strong></span> <span class='ocrx_word' id='word_1_806' title='bbox 2054 4381 2269 4454; x_wconf 80' lang='lat' dir='ltr'><strong>(Cautio.</strong></span> <span class='ocrx_word' id='word_1_807' title='bbox 2292 4397 2331 4448; x_wconf 82' lang='lat'><strong>1,</strong></span> <span class='ocrx_word' id='word_1_808' title='bbox 2364 4379 2442 4451; x_wconf 78' lang='grc'><strong>5),</strong></span> <span class='ocrx_word' id='word_1_809' title='bbox 2467 4389 2519 4434; x_wconf 88' lang='lat' dir='ltr'><strong>et</strong></span> <span class='ocrx_word' id='word_1_810' title='bbox 2545 4379 2664 4434; x_wconf 88' lang='lat' dir='ltr'><strong>ideo</strong></span> <span class='ocrx_word' id='word_1_811' title='bbox 2684 4377 2800 4449; x_wconf 89' lang='lat' dir='ltr'><strong>plus</strong></span> <span class='ocrx_word' id='word_1_812' title='bbox 2827 4375 3014 4431; x_wconf 89' lang='lat' dir='ltr'><strong>ﬁebam</strong></span> <span class='ocrx_word' id='word_1_813' title='bbox 3042 4376 3179 4431; x_wconf 89' lang='lat' dir='ltr'><strong>inter</strong></span> <span class='ocrx_word' id='word_1_814' title='bbox 3196 4373 3402 4431; x_wconf 84' lang='lat' dir='ltr'><strong>cantica</strong></span> 
     </span>
    </p>
   </div>
   <div class='ocr_carea' id='block_1_111' title="bbox 1827 4467 3400 4547">
    <p class='ocr_par' dir='ltr' id='par_1_111' title="bbox 1827 4467 3400 4547">
     <span class='ocr_line' id='line_1_122' title="bbox 1827 4467 3400 4547; baseline -0.004 -16"><span class='ocrx_word' id='word_1_815' title='bbox 1827 4476 2148 4547; x_wconf 89' lang='lat' dir='ltr'><strong>hymnorum</strong></span> <span class='ocrx_word' id='word_1_816' title='bbox 2197 4483 2424 4536; x_wconf 90' lang='lat' dir='ltr'><strong>tuorum,</strong></span> <span class='ocrx_word' id='word_1_817' title='bbox 2473 4472 2599 4526; x_wconf 90' lang='lat' dir='ltr'><strong>olim</strong></span> <span class='ocrx_word' id='word_1_818' title='bbox 2647 4470 2916 4539; x_wconf 85' lang='lat' dir='ltr'><strong>suspirans</strong></span> <span class='ocrx_word' id='word_1_819' title='bbox 2956 4467 3078 4533; x_wconf 88' lang='lat' dir='ltr'><strong>tibi,</strong></span> <span class='ocrx_word' id='word_1_820' title='bbox 3109 4477 3163 4524; x_wconf 88' lang='lat' dir='ltr'><strong>et</strong></span> <span class='ocrx_word' id='word_1_821' title='bbox 3190 4468 3400 4525; x_wconf 89' lang='lat' dir='ltr'><strong>tandem</strong></span> 
     </span>
    </p>
   </div>
   <div class='ocr_carea' id='block_1_112' title="bbox 1827 4560 3230 4639">
    <p class='ocr_par' dir='ltr' id='par_1_112' title="bbox 1827 4560 3230 4639">
     <span class='ocr_line' id='line_1_123' title="bbox 1827 4560 3230 4639; baseline -0.005 -16"><span class='ocrx_word' id='word_1_822' title='bbox 1827 4568 2099 4639; x_wconf 83' lang='lat' dir='ltr'><strong>respirans</strong></span> <span class='ocrx_word' id='word_1_823' title='bbox 2127 4566 2168 4634; x_wconf 80' lang='grc'><strong>⁸,</strong></span> <span class='ocrx_word' id='word_1_824' title='bbox 2197 4573 2448 4635; x_wconf 87' lang='lat' dir='ltr'><strong>quantum</strong></span> <span class='ocrx_word' id='word_1_825' title='bbox 2479 4571 2625 4634; x_wconf 86' lang='lat' dir='ltr'><strong>patet</strong></span> <span class='ocrx_word' id='word_1_826' title='bbox 2647 4577 2774 4618; x_wconf 89' lang='lat' dir='ltr'><strong>aura</strong></span> <span class='ocrx_word' id='word_1_827' title='bbox 2806 4562 2857 4616; x_wconf 92' lang='lat' dir='ltr'><strong>in</strong></span> <span class='ocrx_word' id='word_1_828' title='bbox 2882 4561 3040 4617; x_wconf 92' lang='lat' dir='ltr'><strong>domo</strong></span> <span class='ocrx_word' id='word_1_829' title='bbox 3058 4560 3230 4618; x_wconf 89' lang='lat' dir='ltr'><strong>fenea.</strong></span> 
     </span>
    </p>
   </div>
   <div class='ocr_carea' id='block_1_113' title="bbox 2421 4675 2816 4732">
    <p class='ocr_par' dir='ltr' id='par_1_113' title="bbox 2421 4675 2816 4732">
     <span class='ocr_line' id='line_1_124' title="bbox 2421 4675 2816 4732; baseline -0.01 0"><span class='ocrx_word' id='word_1_830' title='bbox 2421 4675 2644 4732; x_wconf 79' lang='lat' dir='ltr'><strong>CAPUT</strong></span> <span class='ocrx_word' id='word_1_831' title='bbox 2687 4675 2816 4731; x_wconf 81' lang='lat' dir='ltr'><strong>Vill.</strong></span> 
     </span>
    </p>
   </div>
   <div class='ocr_carea' id='block_1_114' title="bbox 1831 4765 3405 4838">
    <p class='ocr_par' dir='ltr' id='par_1_114' title="bbox 1831 4765 3405 4838">
     <span class='ocr_line' id='line_1_125' title="bbox 1831 4765 3405 4838; baseline 0 -12"><span class='ocrx_word' id='word_1_832' title='bbox 1831 4770 2014 4827; x_wconf 78' lang='lat' dir='ltr'><strong>Euodii</strong></span> <span class='ocrx_word' id='word_1_833' title='bbox 2039 4768 2315 4824; x_wconf 81' lang='lat' dir='ltr'><strong>conversio.</strong></span> <span class='ocrx_word' id='word_1_834' title='bbox 2351 4765 2534 4821; x_wconf 80' lang='lat' dir='ltr'><strong>Matris</strong></span> <span class='ocrx_word' id='word_1_835' title='bbox 2569 4767 2751 4836; x_wconf 77' lang='lat' dir='ltr'><strong>obitus,</strong></span> <span class='ocrx_word' id='word_1_836' title='bbox 2794 4768 2996 4838; x_wconf 77' lang='lat' dir='ltr'><strong>ejusque</strong></span> <span class='ocrx_word' id='word_1_837' title='bbox 3017 4784 3050 4822; x_wconf 91' lang='lat' dir='ltr'><strong>a</strong></span> <span class='ocrx_word' id='word_1_838' title='bbox 3071 4770 3252 4825; x_wconf 86' lang='lat' dir='ltr'><strong>teneris</strong></span> <span class='ocrx_word' id='word_1_839' title='bbox 3276 4771 3405 4826; x_wconf 85' lang='lat' dir='ltr'><strong>edu-</strong></span> 
     </span>
    </p>
   </div>
   <div class='ocr_carea' id='block_1_115' title="bbox 2538 4861 2687 4914">
    <p class='ocr_par' dir='ltr' id='par_1_115' title="bbox 2538 4861 2687 4914">
     <span class='ocr_line' id='line_1_126' title="bbox 2538 4861 2687 4914; baseline 0.007 -1"><span class='ocrx_word' id='word_1_840' title='bbox 2538 4861 2687 4914; x_wconf 89' lang='lat' dir='ltr'><strong>catio.</strong></span> 
     </span>
    </p>
   </div>
   <div class='ocr_carea' id='block_1_116' title="bbox 1905 4951 3406 5031">
    <p class='ocr_par' dir='ltr' id='par_1_116' title="bbox 1905 4951 3406 5031">
     <span class='ocr_line' id='line_1_127' title="bbox 1905 4951 3406 5031; baseline 0.002 -21"><span class='ocrx_word' id='word_1_841' title='bbox 1905 4957 1991 5010; x_wconf 81' lang='lat' dir='ltr'><strong>l7.</strong></span> <span class='ocrx_word' id='word_1_842' title='bbox 2038 4953 2136 5022; x_wconf 88' lang='lat' dir='ltr'><strong>Qui</strong></span> <span class='ocrx_word' id='word_1_843' title='bbox 2179 4951 2418 5008; x_wconf 88' lang='lat' dir='ltr'><strong>habitare</strong></span> <span class='ocrx_word' id='word_1_844' title='bbox 2468 4951 2599 5007; x_wconf 87' lang='lat' dir='ltr'><strong>facis</strong></span> <span class='ocrx_word' id='word_1_845' title='bbox 2642 4952 2918 5009; x_wconf 88' lang='lat' dir='ltr'><strong>unanimes</strong></span> <span class='ocrx_word' id='word_1_846' title='bbox 2969 4955 3019 5008; x_wconf 89' lang='lat' dir='ltr'><strong>in</strong></span> <span class='ocrx_word' id='word_1_847' title='bbox 3045 4955 3204 5012; x_wconf 92' lang='lat' dir='ltr'><strong>domo</strong></span> <span class='ocrx_word' id='word_1_848' title='bbox 3237 4956 3406 5031; x_wconf 82' lang='lat' dir='ltr'><strong>(Psal.</strong></span> 
     </span>
    </p>
   </div>
   <div class='ocr_carea' id='block_1_117' title="bbox 1833 5044 3410 5118">
    <p class='ocr_par' dir='ltr' id='par_1_117' title="bbox 1833 5044 3410 5118">
     <span class='ocr_line' id='line_1_128' title="bbox 1833 5044 3410 5118; baseline 0.001 -16"><span class='ocrx_word' id='word_1_849' title='bbox 1833 5062 1994 5111; x_wconf 75' lang='lat' dir='ltr'><strong>van,</strong></span> <span class='ocrx_word' id='word_1_850' title='bbox 2025 5044 2103 5113; x_wconf 87' lang='lat'><strong>7),</strong></span> <span class='ocrx_word' id='word_1_851' title='bbox 2134 5044 2449 5099; x_wconf 89' lang='lat' dir='ltr'><strong>consociasti</strong></span> <span class='ocrx_word' id='word_1_852' title='bbox 2487 5044 2642 5099; x_wconf 90' lang='lat' dir='ltr'><strong>nobis</strong></span> <span class='ocrx_word' id='word_1_853' title='bbox 2681 5053 2736 5100; x_wconf 91' lang='lat' dir='ltr'><strong>et</strong></span> <span class='ocrx_word' id='word_1_854' title='bbox 2781 5044 3038 5102; x_wconf 85' lang='lat' dir='ltr'><strong>Evodium</strong></span> <span class='ocrx_word' id='word_1_855' title='bbox 3064 5047 3313 5118; x_wconf 88' lang='lat' dir='ltr'><strong>juvenem</strong></span> <span class='ocrx_word' id='word_1_856' title='bbox 3343 5063 3410 5104; x_wconf 79' lang='lat' dir='ltr'><strong>ex</strong></span> 
     </span>
    </p>
   </div>
   <div class='ocr_carea' id='block_1_118' title="bbox 1896 5179 3226 5246">
    <p class='ocr_par' dir='ltr' id='par_1_118' title="bbox 1896 5179 3226 5246">
     <span class='ocr_line' id='line_1_129' title="bbox 1896 5179 3226 5246; baseline -0.001 -15"><span class='ocrx_word' id='word_1_857' title='bbox 1896 5184 1912 5215; x_wconf 73' lang='grc' dir='ltr'>ί</span> <span class='ocrx_word' id='word_1_858' title='bbox 1933 5190 2063 5243; x_wconf 66' lang='grc' dir='ltr'>φασξ,</span> <span class='ocrx_word' id='word_1_859' title='bbox 2080 5183 2218 5246; x_wconf 79' lang='lat' dir='ltr'><strong>juxta</strong></span> <span class='ocrx_word' id='word_1_860' title='bbox 2236 5194 2326 5232; x_wconf 86' lang='lat' dir='ltr'><strong>sex</strong></span> <span class='ocrx_word' id='word_1_861' title='bbox 2345 5188 2449 5231; x_wconf 90' lang='lat' dir='ltr'><strong>Mss.</strong></span> <span class='ocrx_word' id='word_1_862' title='bbox 2471 5186 2620 5240; x_wconf 86' lang='lat' dir='ltr'><strong>Mart.,</strong></span> <span class='ocrx_word' id='word_1_863' title='bbox 2641 5186 2693 5230; x_wconf 87' lang='lat' dir='ltr'><strong>ct</strong></span> <span class='ocrx_word' id='word_1_864' title='bbox 2709 5180 2985 5246; x_wconf 27' lang='lat' dir='ltr'><strong>nondacum</strong></span> <span class='ocrx_word' id='word_1_865' title='bbox 2994 5179 3029 5246; x_wconf 75' lang='lat'><strong><em>2</em></strong></span> <span class='ocrx_word' id='word_1_866' title='bbox 3045 5189 3148 5232; x_wconf 91' lang='lat' dir='ltr'><strong>Mss.</strong></span> <span class='ocrx_word' id='word_1_867' title='bbox 3171 5188 3226 5230; x_wconf 85' lang='lat' dir='ltr'><strong>M.</strong></span> 
     </span>
    </p>
   </div>
   <div class='ocr_carea' id='block_1_119' title="bbox 1893 5241 3411 5307">
    <p class='ocr_par' dir='ltr' id='par_1_119' title="bbox 1893 5241 3411 5307">
     <span class='ocr_line' id='line_1_130' title="bbox 1893 5241 3411 5307; baseline -0.001 -13"><span class='ocrx_word' id='word_1_868' title='bbox 1893 5241 2103 5307; x_wconf 51' lang='lat' dir='ltr'><strong>[Sommi</strong></span> <span class='ocrx_word' id='word_1_869' title='bbox 2125 5250 2252 5294; x_wconf 83' lang='lat' dir='ltr'><strong>Mart.</strong></span> <span class='ocrx_word' id='word_1_870' title='bbox 2271 5258 2282 5292; x_wconf 93' lang='lat'><strong>:</strong></span> <span class='ocrx_word' id='word_1_871' title='bbox 2301 5253 2388 5293; x_wconf 83' lang='lat' dir='ltr'><strong>rer</strong></span> <span class='ocrx_word' id='word_1_872' title='bbox 2405 5249 2602 5307; x_wconf 69' lang='lat' dir='ltr'><strong>ueteres</strong></span> <span class='ocrx_word' id='word_1_873' title='bbox 2616 5249 2774 5307; x_wconf 80' lang='lat' dir='ltr'><strong>partes</strong></span> <span class='ocrx_word' id='word_1_874' title='bbox 2783 5241 3088 5294; x_wconf 81' lang='lat' dir='ltr'><strong>imitantibus.</strong></span> <span class='ocrx_word' id='word_1_875' title='bbox 3106 5254 3198 5294; x_wconf 81' lang='lat' dir='ltr'><strong>Per</strong></span> <span class='ocrx_word' id='word_1_876' title='bbox 3214 5246 3411 5292; x_wconf 67' lang='lat' dir='ltr'><strong>crateras</strong></span> 
     </span>
    </p>
   </div>
   <div class='ocr_carea' id='block_1_120' title="bbox 1833 5305 2582 5369">
    <p class='ocr_par' dir='ltr' id='par_1_120' title="bbox 1833 5305 2582 5369">
     <span class='ocr_line' id='line_1_131' title="bbox 1833 5305 2582 5369; baseline -0.008 -11"><span class='ocrx_word' id='word_1_877' title='bbox 1833 5305 1961 5358; x_wconf 80' lang='lat' dir='ltr'><strong>orbis</strong></span> <span class='ocrx_word' id='word_1_878' title='bbox 1978 5313 2136 5369; x_wconf 82' lang='lat' dir='ltr'><strong>partes</strong></span> <span class='ocrx_word' id='word_1_879' title='bbox 2153 5344 2166 5366; x_wconf 92' lang='lat'><strong>,</strong></span> <span class='ocrx_word' id='word_1_880' title='bbox 2193 5308 2329 5369; x_wconf 74' lang='lat' dir='ltr'><strong>juxta</strong></span> <span class='ocrx_word' id='word_1_881' title='bbox 2358 5305 2499 5369; x_wconf 73' lang='lat' dir='ltr'><strong>nond.</strong></span> <span class='ocrx_word' id='word_1_882' title='bbox 2529 5313 2582 5353; x_wconf 89' lang='lat' dir='ltr'><strong>M.</strong></span> 
     </span>
    </p>
   </div>
   <div class='ocr_carea' id='block_1_121' title="bbox 1898 5364 3413 5478">
    <p class='ocr_par' dir='ltr' id='par_1_121' title="bbox 1898 5364 3413 5478">
     <span class='ocr_line' id='line_1_132' title="bbox 1898 5364 3413 5478; baseline -0.003 -61"><span class='ocrx_word' id='word_1_883' title='bbox 1898 5371 1918 5401; x_wconf 82' lang='grc'>³</span> <span class='ocrx_word' id='word_1_884' title='bbox 1936 5364 2122 5478; x_wconf 25' lang='lat' dir='ltr'><strong>aliqua:</strong></span> <span class='ocrx_word' id='word_1_885' title='bbox 2140 5364 2262 5428; x_wconf 67' lang='lat' dir='ltr'><strong>Mss,</strong></span> <span class='ocrx_word' id='word_1_886' title='bbox 2283 5366 2464 5418; x_wconf 82' lang='lat' dir='ltr'><strong>la’titia.</strong></span> <span class='ocrx_word' id='word_1_887' title='bbox 2510 5394 2559 5403; x_wconf 86' lang='lat'><strong>--</strong></span> <span class='ocrx_word' id='word_1_888' title='bbox 2588 5367 2660 5416; x_wconf 79' lang='lat' dir='ltr'><strong>sic</strong></span> <span class='ocrx_word' id='word_1_889' title='bbox 2677 5368 2821 5416; x_wconf 83' lang='lat' dir='ltr'><strong>etiam</strong></span> <span class='ocrx_word' id='word_1_890' title='bbox 2843 5367 2990 5416; x_wconf 88' lang='lat' dir='ltr'><strong>editio</strong></span> <span class='ocrx_word' id='word_1_891' title='bbox 3020 5364 3286 5416; x_wconf 84' lang='lat' dir='ltr'><strong>Florentina</strong></span> <span class='ocrx_word' id='word_1_892' title='bbox 3301 5373 3413 5412; x_wconf 79' lang='lat' dir='ltr'><strong>cum</strong></span> 
     </span>
     <span class='ocr_line' id='line_1_133' title="bbox 1898 5443 2138 5478; baseline 0 0"><span class='ocrx_word' id='word_1_893' title='bbox 1898 5446 1931 5478; x_wconf 89' lang='lat'><strong>.0</strong></span> <span class='ocrx_word' id='word_1_894' title='bbox 1949 5443 2052 5478; x_wconf 60' lang='lat' dir='ltr'><strong>MSS.</strong></span> <span class='ocrx_word' id='word_1_895' title='bbox 2126 5467 2138 5478; x_wconf 87' lang='lat'><strong>.</strong></span> 
     </span>
    </p>
   </div>
   <div class='ocr_carea' id='block_1_122' title="bbox 1833 5440 3298 5553">
    <p class='ocr_par' dir='ltr' id='par_1_122' title="bbox 1833 5440 3298 5553">
     <span class='ocr_line' id='line_1_134' title="bbox 1833 5440 3298 5553; baseline -0.006 -10"><span class='ocrx_word' id='word_1_896' title='bbox 1833 5444 1931 5526; x_wconf 56' lang='lat' dir='ltr'><strong>un?</strong></span> <span class='ocrx_word' id='word_1_897' title='bbox 1940 5440 2189 5542; x_wconf 44' lang='grc' dir='ltr'><strong>ὲῖἓῦεὲέεν</strong></span> <span class='ocrx_word' id='word_1_898' title='bbox 2207 5492 2430 5551; x_wconf 75' lang='lat' dir='ltr'><strong>lucentes,</strong></span> <span class='ocrx_word' id='word_1_899' title='bbox 2441 5491 2579 5553; x_wconf 71' lang='lat' dir='ltr'><strong>juxta</strong></span> <span class='ocrx_word' id='word_1_900' title='bbox 2595 5499 2766 5541; x_wconf 84' lang='lat' dir='ltr'><strong>50mm.</strong></span> <span class='ocrx_word' id='word_1_901' title='bbox 2787 5497 2838 5553; x_wconf 80' lang='lat' dir='ltr'><strong>et</strong></span> <span class='ocrx_word' id='word_1_902' title='bbox 2855 5488 2998 5536; x_wconf 82' lang='lat' dir='ltr'><strong>nond.</strong></span> <span class='ocrx_word' id='word_1_903' title='bbox 3050 5494 3107 5536; x_wconf 76' lang='grc' dir='ltr'><strong>Μ.</strong></span> <span class='ocrx_word' id='word_1_904' title='bbox 3269 5543 3298 5553; x_wconf 21' lang='grc' dir='ltr'><strong>Α,</strong></span> 
     </span>
    </p>
   </div>
   <div class='ocr_carea' id='block_1_123' title="bbox 1897 5543 3411 5616">
    <p class='ocr_par' dir='ltr' id='par_1_123' title="bbox 1897 5543 3411 5616">
     <span class='ocr_line' id='line_1_135' title="bbox 1897 5543 3411 5616; baseline -0.009 -12"><span class='ocrx_word' id='word_1_905' title='bbox 1897 5557 1917 5588; x_wconf 79' lang='grc'><strong><em>⁸</em></strong></span> <span class='ocrx_word' id='word_1_906' title='bbox 1934 5556 2007 5604; x_wconf 80' lang='lat' dir='ltr'><strong>sic</strong></span> <span class='ocrx_word' id='word_1_907' title='bbox 2035 5543 2566 5616; x_wconf 64' lang='lat' dir='ltr'><strong>legendumjuxta&#39;tres</strong></span> <span class='ocrx_word' id='word_1_908' title='bbox 2583 5562 2686 5603; x_wconf 63' lang='lat' dir='ltr'><strong>Mss.</strong></span> <span class='ocrx_word' id='word_1_909' title='bbox 2716 5552 2849 5613; x_wconf 72' lang='lat' dir='ltr'><strong>Angl.</strong></span> <span class='ocrx_word' id='word_1_910' title='bbox 2871 5583 2886 5609; x_wconf 91' lang='lat'><strong>,</strong></span> <span class='ocrx_word' id='word_1_911' title='bbox 2921 5557 2969 5616; x_wconf 85' lang='lat' dir='ltr'><strong>ut</strong></span> <span class='ocrx_word' id='word_1_912' title='bbox 2995 5555 3182 5616; x_wconf 77' lang='lat' dir='ltr'><strong>constet</strong></span> <span class='ocrx_word' id='word_1_913' title='bbox 3205 5543 3411 5616; x_wconf 62' lang='lat' dir='ltr'><strong>antithe:</strong></span> 
     </span>
    </p>
   </div>
   <div class='ocr_carea' id='block_1_124' title="bbox 1835 5603 3410 5689">
    <p class='ocr_par' dir='ltr' id='par_1_124' title="bbox 1835 5603 3410 5689">
     <span class='ocr_line' id='line_1_136' title="bbox 1835 5603 3410 5689; baseline -0.01 -20"><span class='ocrx_word' id='word_1_914' title='bbox 1835 5619 1905 5669; x_wconf 90' lang='lat' dir='ltr'><strong>sis</strong></span> <span class='ocrx_word' id='word_1_915' title='bbox 1920 5616 1978 5689; x_wconf 72' lang='lat' dir='ltr'><strong>ad</strong></span> <span class='ocrx_word' id='word_1_916' title='bbox 1991 5603 2207 5689; x_wconf 59' lang='lat' dir='ltr'><strong>subsequ</strong></span> <span class='ocrx_word' id='word_1_917' title='bbox 2215 5603 2546 5689; x_wconf 49' lang='lat' dir='ltr'><strong>ensuverbum,</strong></span> <span class='ocrx_word' id='word_1_918' title='bbox 2565 5603 2882 5689; x_wconf 52' lang='lat' dir='ltr'><strong>cmnpressitsn&#39;</strong></span> <span class='ocrx_word' id='word_1_919' title='bbox 2897 5615 2984 5659; x_wconf 79' lang='lat' dir='ltr'><strong>est.</strong></span> <span class='ocrx_word' id='word_1_920' title='bbox 2999 5632 3062 5643; x_wconf 92' lang='lat'><strong>—</strong></span> <span class='ocrx_word' id='word_1_921' title='bbox 3078 5603 3410 5689; x_wconf 59' lang='lat' dir='ltr'><strong>Lpplicatus.)</strong></span> 
     </span>
    </p>
   </div>
   <div class='ocr_carea' id='block_1_125' title="bbox 1837 5675 3134 5772">
    <p class='ocr_par' dir='ltr' id='par_1_125' title="bbox 1837 5675 3134 5772">
     <span class='ocr_line' id='line_1_137' title="bbox 1837 5675 3134 5772; baseline -0.008 -42"><span class='ocrx_word' id='word_1_922' title='bbox 1837 5677 2099 5772; x_wconf 43' lang='lat' dir='ltr'><strong>Applicitus</strong></span> <span class='ocrx_word' id='word_1_923' title='bbox 2118 5711 2133 5736; x_wconf 85' lang='lat'><strong>,</strong></span> <span class='ocrx_word' id='word_1_924' title='bbox 2162 5675 2298 5741; x_wconf 78' lang='lat' dir='ltr'><strong>juxta</strong></span> <span class='ocrx_word' id='word_1_925' title='bbox 2317 5685 2388 5725; x_wconf 82' lang='lat' dir='ltr'><strong>Er.</strong></span> <span class='ocrx_word' id='word_1_926' title='bbox 2412 5677 2553 5738; x_wconf 82' lang='lat' dir='ltr'><strong>Lugd.</strong></span> <span class='ocrx_word' id='word_1_927' title='bbox 2593 5675 2707 5724; x_wconf 71' lang='lat' dir='ltr'><strong>\‘en.</strong></span> <span class='ocrx_word' id='word_1_928' title='bbox 2729 5683 2833 5744; x_wconf 65' lang='grc' dir='ltr'><strong>[ον.</strong></span> <span class='ocrx_word' id='word_1_929' title='bbox 2853 5679 3024 5718; x_wconf 79' lang='lat' dir='ltr'><strong>50mm.</strong></span> <span class='ocrx_word' id='word_1_930' title='bbox 3076 5675 3134 5720; x_wconf 73' lang='lat' dir='ltr'><strong>ll.</strong></span> 
     </span>
     <span class='ocr_line' id='line_1_138' title="bbox 1943 5739 2948 5772; baseline 0 0"><span class='ocrx_word' id='word_1_931' title='bbox 1943 5751 1987 5772; x_wconf 86' lang='lat' dir='ltr'><strong>In</strong></span> <span class='ocrx_word' id='word_1_932' title='bbox 2006 5746 2080 5772; x_wconf 62' lang='lat' dir='ltr'><strong>In:,</strong></span> <span class='ocrx_word' id='word_1_933' title='bbox 2100 5759 2155 5772; x_wconf 78' lang='lat' dir='ltr'><strong>nn</strong></span> <span class='ocrx_word' id='word_1_934' title='bbox 2178 5755 2258 5772; x_wconf 69' lang='lat' dir='ltr'><strong>&quot;un</strong></span> <span class='ocrx_word' id='word_1_935' title='bbox 2350 5750 2394 5772; x_wconf 77' lang='lat' dir='ltr'><strong>rl</strong></span> <span class='ocrx_word' id='word_1_936' title='bbox 2414 5747 2588 5772; x_wconf 66' lang='lat' dir='ltr'><strong>&quot;unum</strong></span> <span class='ocrx_word' id='word_1_937' title='bbox 2622 5745 2873 5772; x_wconf 50' lang='lat' dir='ltr'><strong>rat-mnum-</strong></span> <span class='ocrx_word' id='word_1_938' title='bbox 2896 5739 2948 5772; x_wconf 80' lang='grc' dir='ltr'><strong>Μ-</strong></span> 
     </span>
    </p>
   </div>
   <div class='ocr_carea' id='block_1_126' title="bbox 1941 5739 2948 5806">
    <p class='ocr_par' dir='ltr' id='par_1_126' title="bbox 1941 5739 2948 5806">
     <span class='ocr_line' id='line_1_139' title="bbox 1941 5739 2948 5806; baseline -0.015 -9"><span class='ocrx_word' id='word_1_939' title='bbox 1941 5739 2276 5797; x_wconf 29' lang='lat' dir='ltr'><strong>lntritus‘vss.</strong></span> <span class='ocrx_word' id='word_1_940' title='bbox 2299 5779 2314 5806; x_wconf 93' lang='lat'><strong>,</strong></span> <span class='ocrx_word' id='word_1_941' title='bbox 2347 5750 2394 5795; x_wconf 75' lang='lat' dir='ltr'><strong>at</strong></span> <span class='ocrx_word' id='word_1_942' title='bbox 2413 5747 2591 5790; x_wconf 65' lang='lat' dir='ltr'><strong>tractum</strong></span> <span class='ocrx_word' id='word_1_943' title='bbox 2621 5739 2874 5800; x_wconf 61' lang='lat' dir='ltr'><strong>respirat».</strong></span> <span class='ocrx_word' id='word_1_944' title='bbox 2895 5739 2948 5782; x_wconf 75' lang='grc' dir='ltr'><strong>Μ.</strong></span> 
     </span>
    </p>
   </div>
  </div>
