3880 6396
549 371 737 421 nostro
768 361 1073 434 municipio.
1113 360 1216 432 Qui
1250 376 1372 429 cum
1396 374 1562 433 agens
1589 360 1644 421 in
1672 361 1833 425 rebus
1861 358 2137 421 militaret,

546 454 698 532 prior
726 455 878 511 nobis
903 455 968 511 ad
1002 464 1053 511 te
1077 469 1369 525 conversus
1399 463 1481 515 est
1522 463 1576 511 et
1610 453 1926 526 baptizatus,
1956 460 2012 508 et
2048 466 2140 508 re-

546 547 672 605 licta
700 545 886 609 militia
906 545 1167 623 saeculari,
1195 544 1466 607 accinctus
1493 545 1545 603 in
1578 557 1684 602 tua.
1713 545 1879 603 Simul
1905 559 2137 609 eramus.

547 638 707 696 simul
727 636 1009 694 babitaturi
1033 638 1049 670 ¹
1075 638 1269 715 placito
1283 650 1487 699 sancto.
1502 638 1879 711 Quaerebamus
1894 638 2139 710 quisnam

549 729 701 790 locus
726 746 824 787 nos
847 731 1028 797 utilius
1059 732 1281 797 haberet
1314 730 1610 790 servientes
1655 732 1750 789 tibi
1784 750 1797 788 :
1826 731 2028 813 pariter
2053 747 2142 788 re-

548 822 857 883 meabantus
895 822 947 878 in
994 823 1246 881 Africam.
1280 824 1341 880 Et
1373 839 1494 884 cum
1525 824 1664 901 apud
1699 824 1845 881 Ostia
1889 823 2139 887 Tiberina

546 928 818 985 essemus,
857 922 1029 971 mater
1071 914 1315 973 defuncta
1357 924 1458 972 est.
1502 915 1663 973 Multa
1702 927 1983 991 prmtereo,
2015 915 2137 989 quia

550 1004 778 1063 multum
812 1003 1026 1061 festino.
1065 1004 1263 1079 Accipe
1290 1005 1658 1063 confessiones
1686 1021 1834 1063 meas
1859 1016 1910 1065 et
1938 1006 2138 1081 gratia-

548 1112 670 1155 rum
700 1097 958 1166 actiones,
989 1097 1129 1155 Deus
1158 1113 1332 1171 meus,
1363 1098 1431 1156 de
1459 1098 1621 1156 rebus
1663 1097 2139 1161 innumerabilibus

544 1191 708 1249 etiam
760 1192 813 1247 in
853 1191 1090 1249 silentio.
1122 1191 1227 1249 Sed
1257 1208 1364 1249 non
1407 1193 1691 1271 praeteribo
1716 1192 1971 1265 quidquid
2008 1192 2138 1248 mihi

544 1286 723 1342 anima
749 1286 977 1358 parturit
1001 1285 1069 1343 de
1097 1286 1184 1342 illa
1210 1285 1406 1349 famula
1433 1295 1542 1353 tua,
1558 1302 1680 1368 qua:
1705 1302 1792 1342 me
1821 1285 2135 1359 parturivit;

545 1385 602 1434 et
634 1391 798 1433 carne
821 1418 837 1447 ,
879 1385 937 1433 ut
986 1377 1038 1433 in
1091 1377 1228 1435 hanc
1265 1379 1645 1451 temporalem;
1675 1388 1730 1436 et
1764 1379 1949 1445 corde,
1991 1387 2049 1435 ut
2085 1378 2139 1435 in

544 1477 803 1529 aeternam
847 1468 1021 1525 lucem
1062 1484 1313 1525 nascerer
1339 1469 1510 1527 ’.Νοη
1541 1470 1657 1539 eius
1675 1512 1690 1536 ,
1721 1470 1816 1528 sed
1847 1478 1935 1528 tua
1964 1470 2138 1527 dicam

547 1559 689 1617 dona
720 1562 771 1616 in
799 1577 900 1630 ea;
931 1577 1107 1635 neque
1133 1563 1274 1623 enim
1300 1563 1531 1645 seipsam
1562 1561 1786 1635 fecerat,
1816 1574 1906 1620 aut
1937 1564 2139 1621 educa-

547 1663 700 1710 verat
730 1655 981 1729 seipsam.
1009 1655 1088 1712 Tu
1119 1656 1311 1713 creasti
1353 1672 1494 1725 eam,
1536 1672 1635 1717 nec
1663 1666 1815 1737 pater
1842 1673 1943 1717 nec
1971 1667 2142 1716 mater

548 1744 754 1802 sciebat
773 1746 946 1819 qualis
974 1762 1040 1802 ex
1070 1746 1149 1805 eis
1177 1746 1346 1805 ﬁeret.
1375 1747 1445 1807 Et
1467 1747 1698 1805 erudivit
1720 1764 1838 1805 eam
1868 1749 1921 1805 in
1950 1750 2142 1807 timore

548 1845 642 1907 tuo
670 1840 816 1909 virga
845 1838 1044 1897 Christi
1072 1840 1181 1909 tui,
1213 1843 1450 1915 regimen
1478 1842 1617 1898 unici
1645 1841 1764 1898 Filii
1795 1844 1869 1899 tui
1898 1844 1949 1900 in
1980 1844 2141 1901 domo

549 1929 691 1988 fideli
711 1973 726 1999 ,
758 1930 900 1988 bono
927 1934 1170 1989 membro
1207 1934 1456 1991 Ecclesize
1486 1944 1608 2001 tuae.
1635 1933 1746 1993 Nec
1775 1944 1973 1993 tantam
2015 1953 2141 2010 erga

550 2035 703 2083 suam
718 2022 1050 2094 disciplinam
1062 2024 1389 2101 diligentiam
1407 2026 1592 2082 matris
1608 2025 1953 2103 praedicabat,
1971 2045 2142 2101 quan-

556 2125 661 2177 tam
707 2117 917 2176 famulae
956 2119 1233 2197 cujusdam
1274 2119 1578 2193 dect-cpitur,
1624 2136 1744 2195 qua
1791 2135 1994 2195 patrem
2025 2124 2141 2196 ejus

549 2209 805 2275 infantem
850 2219 1190 2282 portaverat,
1246 2211 1384 2268 sicut
1433 2211 1596 2271 dorso
1647 2212 2138 2286 grandiuscularum

549 2300 844 2381 puellarum
882 2302 1084 2374 parvuli
1117 2301 1319 2375 portari
1348 2303 1542 2373 solent.
1571 2303 1736 2379 Cujus
1761 2304 1840 2360 rei
1867 2306 2056 2375 gratia,
2087 2314 2142 2362 et

548 2401 770 2468 propter
808 2403 1078 2450 senectam
1108 2409 1171 2451 ac
1198 2410 1378 2451 mores
1403 2395 1634 2467 optimos
1652 2437 1669 2465 ,
1714 2395 1767 2451 in
1807 2395 1969 2452 domo
1993 2396 2138 2453 chri-

548 2484 719 2542 stiana
744 2484 872 2540 satis
895 2501 925 2540 a
950 2486 1181 2541 dominis
1203 2486 1587 2547 honorabatur.
1609 2486 1763 2544 Unde
1782 2489 1940 2545 etiam
1958 2506 2137 2546 curam

548 2574 934 2632 dominicarum
971 2575 1199 2633 filiarum
1229 2578 1570 2641 commissam
1603 2577 1706 2636 sibi
1736 2578 2019 2651 diligenter
2043 2596 2139 2653 ge-

549 2666 730 2736 rebat,
771 2675 825 2723 et
867 2675 985 2723 erat
1037 2669 1090 2724 in
1132 2669 1213 2726 eis
1248 2669 1591 2741 coercendis,
1632 2686 1753 2727 cum
1783 2687 1919 2749 opus
1957 2682 2135 2740 esset,

549 2766 731 2816 sancta
748 2759 1045 2832 severitate
1074 2759 1385 2828 vehemens,
1414 2769 1576 2833 atque
1602 2760 1654 2817 in
1684 2761 1938 2819 docendis
1964 2763 2138 2820 sobria

547 2849 848 2925 prudentia.
889 2850 1020 2907 Nam
1064 2866 1177 2921 eas,
1224 2863 1420 2933 praeter
1469 2852 1589 2909 illas
1626 2854 1787 2909 horas
1830 2854 2022 2929 quibus
2073 2854 2138 2910 ad

548 2956 789 2998 mensam
831 2952 1111 3014 parentum
1148 2943 1578 3009 moderatissima
1605 2944 1903 3012 alebantur,
1933 2946 2139 3002 etiamsi

548 3032 960 3091 exardescerent
985 3035 1100 3104 siti,
1127 3052 1230 3093 nec
1249 3052 1440 3110 aquam
1468 3037 1653 3095 bibere
1680 3038 1909 3104 sinebat,
1941 3054 2142 3112 prama-

547 3140 677 3183 vens
704 3128 1144 3184 consuetudinem
1175 3130 1405 3198 malam,
1447 3137 1503 3187 et
1543 3130 1747 3186 addens
1785 3131 2005 3187 verbum
2050 3146 2141 3187 sa-

547 3232 675 3274 num
709 3236 722 3273 :
753 3216 910 3277 Modo
934 3236 1120 3291 aquam
1149 3221 1336 3289 bibitis,
1362 3222 1483 3289 quia
1508 3220 1561 3274 in
1583 3230 1827 3294 potestate
1846 3223 2019 3277 vinum
2041 3240 2141 3279 non

548 3308 770 3375 habetis;
801 3324 916 3361 cum
940 3319 1109 3364 autem
1137 3310 1207 3364 ad
1234 3312 1442 3366 maritos
1465 3312 1713 3380 veneritis,
1748 3316 1899 3385 factae
1922 3314 2142 3369 domina:

548 3398 907 3472 apothecarum
933 3408 978 3453 et
1001 3400 1345 3467 retiariorum,
1374 3417 1507 3475 aqua
1532 3402 1774 3471 sordebit,
1803 3404 1893 3458 sed
1920 3422 2029 3460 mos
2051 3423 2143 3478 ρο-

548 3490 692 3545 tandi
733 3489 1041 3562 prmalebit.
1084 3489 1194 3547 Hac
1220 3491 1426 3548 ratione
1456 3492 1795 3567 praecipiendi
1822 3504 1877 3550 et
1902 3497 2138 3553 auctori-

548 3590 657 3637 tate
692 3580 989 3652 imperandi
1015 3580 1255 3638 frenabat
1287 3583 1592 3639 aviditatem
1622 3584 1901 3645 tenerioris
1926 3587 2099 3643 mtatis
2122 3629 2137 3654 ,

547 3682 604 3731 et
631 3674 799 3749 ipsam
829 3675 1125 3749 puellarum
1155 3676 1296 3732 sitim
1324 3676 1586 3734 formabat
1613 3678 1678 3736 ad
1708 3678 1987 3737 honestum
2019 3697 2152 3737 mo»-

550 3765 703 3836 dum,
737 3777 792 3822 ut
815 3764 925 3839 jam
953 3782 1052 3824 nec
1078 3767 1270 3825 liberet
1298 3768 1439 3840 quod
1466 3784 1571 3826 non
1596 3770 1830 3828 deceret.

623 3860 710 3917 18.
751 3860 819 3916 Et
858 3871 1193 3931 surrepserat
1230 3869 1429 3935 tamen,
1469 3863 1606 3925 sicut
1644 3864 1771 3919 mihi
1806 3863 1915 3921 filio
1945 3864 2140 3922 famula

547 3958 636 4006 tua
666 3949 953 4018 narrabat,
987 3961 1321 4023 surrepserat
1347 3953 1397 4009 ei
1422 3953 1730 4011 vinolentia.
1760 3954 1893 4013 Nam
1921 3971 2043 4012 cum
2072 3956 2141 4013 de

546 4057 716 4110 more,
751 4051 998 4115 tanquam
1029 4043 1205 4115 puella
1233 4043 1432 4111 sobria,
1458 4044 1741 4119 iuberetur
1769 4062 1799 4102 a
1828 4050 2140 4119 parentibus

544 4133 612 4190 de
640 4149 809 4207 cuppa
840 4133 1020 4190 vinum
1047 4134 1383 4207 depromere,
1415 4138 1682 4195 submisso
1710 4140 1901 4215 poculo
1920 4156 2022 4212 qua
2048 4142 2143 4201 de-

544 4241 707 4300 super
730 4235 901 4303 patet,
936 4228 1245 4305 priusquam
1274 4229 1325 4284 in
1358 4229 1688 4303 lagunculam
1733 4230 1979 4290 funderet
2024 4251 2139 4293 me-

545 4333 695 4385 rum,
737 4319 1062 4397 primoribus
1091 4319 1253 4375 labris
1277 4320 1531 4381 sorbebat
1558 4324 1837 4395 exiguum,
1869 4327 1988 4397 quia
2030 4344 2139 4383 non

542 4419 752 4485 poterat
795 4411 1043 4483 amplius,
1086 4426 1247 4467 sensu
1276 4421 1576 4468 recusante.
1604 4412 1720 4470 Non
1746 4416 1891 4471 enim
1920 4418 2026 4473 ulla
2056 4428 2138 4475 te-

547 4503 783 4558 mulenta
837 4501 860 4534 ³
905 4503 1155 4581 cupidine
1206 4502 1434 4560 faciebat
1472 4504 1616 4572 hoc,
1678 4506 1772 4564 sed
1820 4509 2137 4582 quibusdam

547 4593 997 4664 superfluentibus
1017 4596 1190 4652 aetatis
1206 4597 1535 4664 excessibus,
1559 4600 1647 4671 qui
1665 4598 1883 4657 ludicris
1906 4602 2139 4660 motibus

545 4686 827 4757 ebulliunt,
846 4689 967 4744 etin
984 4690 1275 4761 puerilibus
1285 4692 1475 4748 animis
1490 4694 1751 4765 majorum
1771 4697 2005 4767 pondere
2017 4714 2141 4772 pre-

546 4779 622 4835 mi
646 4780 840 4837 solent.
857 4780 1037 4854 Itaque
1063 4785 1129 4840 ad
1154 4785 1282 4841 illud
1303 4786 1571 4844 modicum
1600 4789 1903 4861 quotidiana
1933 4792 2139 4850 modica

549 4868 826 4937 addendo;
854 4874 1105 4943 quoniam
1127 4876 1217 4946 qui
1241 4878 1449 4934 modica
1475 4880 1697 4951 spernit,
1719 4883 1971 4956 paulatim
1995 4883 2139 4940 deci-

542 4959 625 5017 dit
653 4959 837 5035 (Eucti.
873 4978 984 5032 nx,
1012 4964 1033 5019 Ι
1063 4964 1116 5038 );
1143 4965 1197 5021 in
1225 4982 1343 5024 eam
1363 4972 1799 5029 consuetudinem
1828 4975 1976 5047 lapsa
2002 4988 2135 5045 erat,

544 5063 603 5110 ut
622 5069 787 5126 prope
809 5055 921 5128 jam
942 5057 1131 5129 plenos
1149 5076 1297 5118 mero
1316 5063 1568 5123 caliculos
1588 5067 1859 5125 inhianter
1879 5069 2134 5128 hauriret.

547 5145 649 5205 Ubi
680 5156 805 5205 tunc
832 5164 991 5222 sagax
1030 5166 1163 5215 anus
1186 5196 1199 5221 ,
1239 5163 1296 5219 et
1336 5157 1629 5217 vehemens
1669 5160 1758 5219 illa
1801 5162 2138 5236 prohibitio?

544 5237 814 5314 Numquid
841 5244 1051 5301 valebat
1076 5247 1273 5319 aliquid
1300 5250 1558 5308 adversus
1586 5253 1839 5311 latentem
1869 5258 2135 5324 morbum,

539 5334 649 5401 nisi
697 5344 785 5397 tua
834 5337 1097 5399 medicina
1121 5382 1137 5409 ,
1193 5341 1454 5412 Domine,
1502 5346 1746 5417 vigilaret
1791 5364 1957 5423 super
2001 5351 2139 5407 nos?

609 5471 1288 5543 tstctttmetttttpa.eterra;
1311 5476 1470 5531 stand
1511 5487 1614 5534 Am.
1645 5485 1721 5531 tir.
1746 5479 2139 5543 malimma-

540 5545 670 5603 ρῳ.
693 5537 891 5603 _--_t)ein
908 5534 1012 5603 ,Ain
1033 5535 1211 5603 placito
1228 5572 1245 5600 ,
1265 5534 1604 5603 'juxtasomm.
1623 5548 1677 5594 et
1706 5534 1929 5595 ttondit.

608 5596 633 5630 ⁸
664 5598 738 5648 sic
767 5596 1045 5663 legendum
1066 5613 1179 5651 cum
1212 5596 1318 5652 ἠδὲ.
1351 5625 1417 5639 --
1446 5601 1794 5669 [amasset-er].
1829 5606 1980 5659 land.
2008 5620 2074 5663 ex
2106 5609 2143 5661 8

548 5664 676 5716 ιω..
700 5671 942 5715 macerer.
975 5671 1030 5712 Μ.

613 5718 1407 5790 διπεωίαοοιιειρ-ιωιαωι

1677 228 2136 307 οοΝιθεδειοΝυ

2246 231 2291 297 5.
2327 229 2695 295 AUGUSTINI
3698 247 3790 319 τι,

2248 349 2482 417 Absente
2508 361 2659 424 patre
2682 360 2736 407 et
2764 360 2934 411 matre
2958 358 3018 412 et
3044 352 3390 421 nutritorihus
3409 399 3423 421 ,
3453 364 3506 413 tu
3529 375 3745 443 praesens
3772 413 3790 439 ,

2246 444 2337 523 qui
2365 446 2578 511 creasti,
2608 446 2698 519 qui
2718 444 2898 521 vocas,
2930 448 3021 527 qui
3046 450 3205 505 etiam
3233 465 3327 523 per
3354 456 3651 529 przepositos
3672 459 3686 492 ί
3708 463 3795 517 ho-

2247 536 2418 599 mines
2466 537 2592 602 boni
2641 540 2839 617 aliquid
2865 540 2978 613 agis
3003 542 3073 601 ad
3104 542 3401 600 animarum
3427 547 3658 619 salutem,
3682 557 3799 631 quid

2248 638 2372 719 tunc
2397 631 2572 707 egisti,
2606 633 2745 690 Deus
2774 632 2965 692 mens?
2990 636 3129 694 unde
3153 640 3391 699 curasti?
3429 643 3563 701 unde
3589 653 3804 719 sanasti!

2246 717 2433 789 Nonne
2467 724 2733 797 protulisti
2759 726 2952 785 durum
2990 738 3045 783 et
3081 738 3294 786 acutum
3341 747 3409 788 ex
3450 734 3607 793 altera
3640 717 3800 799 anima

2246 815 2567 885 convicium,
2598 825 2847 890 tanquam
2894 818 3212 878 medicinale
3260 821 3459 880 ferrum
3490 842 3552 884 ex
3598 834 3802 891 occultis

2247 908 2640 977 provisionibus
2666 910 2790 976 tuis,
2812 918 2865 966 et
2893 926 3001 967 uno
3024 913 3130 969 ictu
3162 914 3492 985 putredinetn
3518 919 3649 975 illam
3674 938 3799 993 pm.

2245 997 2459 1054 cidisti?
2502 1000 2706 1055 Ancilla
2750 1002 2892 1057 enim
2937 1017 3057 1058 cum
3100 1020 3202 1075 qua
3245 1006 3455 1064 solebat
3480 1012 3717 1070 accedere
3743 1018 3801 1072 ad

2244 1103 2493 1167 stuppam,
2514 1090 2727 1163 litigans
2746 1108 2867 1149 cum
2897 1092 3110 1150 domina
3136 1097 3365 1163 minore,
3393 1100 3541 1166 utﬁt,
3567 1105 3671 1159 sola
3691 1122 3801 1163 cum

2245 1172 2378 1248 sola“,
2420 1181 2616 1252 obiecit
2666 1187 2767 1240 hoc
2813 1187 3018 1242 crimen
3044 1227 3059 1253 ,
3106 1190 3440 1246 amarissima
3486 1191 3802 1256 insultatione

2244 1289 2442 1330 vocans
2466 1274 2859 1332 meribibulam.
2902 1277 3021 1348 Quo
3062 1278 3149 1335 illa
3200 1281 3417 1337 stimulo
3446 1299 3702 1356 percussa,
3728 1306 3801 1346 re-

2244 1366 2419 1437 spexit
2444 1365 2739 1424 fmtlitatem
2765 1370 3340 1444 suam,confestimque
3367 1375 3627 1434 damnavit
3660 1392 3803 1454 atque

2244 1457 2408 1512 exuit.
2442 1456 2592 1513 Sicut
2637 1458 2795 1514 amici
2835 1459 3115 1518 adulantes
3145 1475 3476 1534 pervertunt,
3507 1469 3582 1525 sic
3625 1470 3803 1529 inimici

2245 1548 2509 1622 litigantes
2547 1551 2861 1625 plerumque
2896 1555 3187 1625 corrigunt.
3229 1542 3341 1614 Nec
3367 1568 3419 1614 tu
3447 1561 3582 1631 quod
3611 1579 3699 1634 per
3722 1582 3803 1622 eos

2243 1643 2378 1713 agis,
2410 1641 2503 1698 sed
2534 1643 2675 1713 quod
2702 1644 2802 1715 ipsi
2831 1647 3130 1713 voluerunt,
3164 1649 3414 1707 retribnis
3442 1652 3538 1707 eis.
3568 1652 3656 1710 illa
3678 1658 3802 1713 enim

2244 1733 2376 1790 irata
2404 1736 2676 1807 exagitare
2699 1736 2953 1809 appetivit
2991 1740 3253 1796 minorem
3285 1741 3575 1812 dominam,
3606 1763 3706 1803 non
3726 1764 3800 1804 sa-

2244 1836 2473 1882 nare:et
2490 1827 2610 1883 ideo
2627 1828 2892 1898 clanculo,
2917 1839 3008 1885 aut
3033 1831 3153 1902 quia
3178 1831 3247 1888 ita
3275 1849 3369 1889 eas
3396 1835 3659 1893 invenerat
3676 1840 3803 1897 locus

2244 1927 2299 1974 et
2325 1928 2533 1990 tempus
2561 1919 2696 1988 litis;
2746 1932 2838 1977 aut
2881 1938 2949 1978 ne
2997 1922 3137 1981 forte
3180 1933 3235 1981 et
3281 1925 3395 1996 ipsa
3446 1929 3801 1999 periclitaretur

2245 2009 2385 2079 quod
2410 2019 2518 2065 tam
2543 2026 2665 2067 sero
2690 2013 3030 2083 prodidisset.
3056 2015 3124 2071 At
3149 2024 3226 2085 tu,
3252 2018 3498 2087 Domine,
3521 2032 3685 2078 rector
3705 2040 3795 2084 ete-

2244 2100 2396 2157 litum
2422 2103 2443 2135 '
2472 2113 2526 2158 et
2554 2113 2910 2174 terrenorum,
2938 2106 3004 2161 ad
3027 2120 3154 2162 usus
3176 2116 3296 2164 tuos
3320 2119 3672 2185 contorquens
3696 2133 3796 2187 pro.

2243 2192 2404 2248 funda
2438 2198 2707 2262 torrentis,
2738 2196 2936 2253 ﬂuxum
2963 2198 3280 2256 surculorum
3318 2202 3572 2261 ordinans
3592 2205 3615 2241 ³
3639 2207 3795 2264 turbu-

2245 2283 2484 2352 lentum,
2535 2285 2696 2343 etiam
2745 2287 2813 2343 de
2860 2290 3081 2346 alterius
3130 2292 3326 2348 animae
3380 2293 3583 2353 insania
3630 2300 3794 2354 ωιθεύ

2242 2377 2506 2445 alteram;
2550 2393 2618 2433 ne
2664 2379 2944 2450 quisquam
2988 2395 3108 2436 cum
3147 2381 3253 2438 hoc
3288 2384 3539 2454 advertit,
3585 2389 3795 2459 potentia:

2243 2484 2353 2525 suae
2381 2470 2596 2540 tribuat,
2626 2472 2672 2527 si
2700 2473 2867 2531 verbo
2896 2475 3014 2545 ejus
3039 2474 3174 2533 alius
3198 2478 3517 2550 corrigatur,
3541 2496 3683 2553 quem
3704 2483 3796 2539 vult

2242 2561 2453 2633 corrigi.

2844 2657 3071 2715 CAPUT
3112 2657 3203 2715 iX.

2441 2749 2750 2806 Laudabiles
2780 2754 2957 2806 matris
2984 2768 3092 2808 sua:
3118 2771 3283 2810 mores
3310 2759 3629 2829 prosequitur.

2320 2840 2406 2897 l9.
2451 2840 2689 2897 Educata
2716 2842 2892 2915 itaque
2928 2844 3115 2917 pudice
3151 2861 3215 2902 ac
3245 2848 3430 2905 sobrie
3454 2893 3470 2918 ,
3500 2852 3792 2925 potiusque:

2246 2941 2299 2989 te
2327 2933 2533 2988 subdita
2586 2936 2892 3004 parentibus
2915 2975 2931 3001 ,
2975 2952 3133 3008 quam
3171 2953 3200 2991 a
3232 2941 3544 3011 parentibus
3573 2944 3687 3011 tibi,
3718 2943 3790 3001 ubi

2246 3025 2418 3097 plenis
2439 3026 2593 3080 annis
2624 3026 2818 3082 nubilis
2848 3025 2986 3084 facta
3016 3036 3113 3094 est,
3151 3030 3343 3087 tradita
3373 3035 3789 3092 vimservivitve-

2244 3116 2341 3173 luti
2367 3117 2618 3184 domino;
2649 3125 2704 3173 et
2741 3121 2933 3191 sategit
2972 3136 3094 3176 eum
3134 3122 3329 3179 lucrari
3367 3125 3505 3194 tibi,
3538 3127 3790 3198 laqueone

2244 3206 2323 3263 illi
2355 3210 2595 3265 moribus
2624 3211 2737 3266 suis
2759 3252 2774 3275 ,
2805 3211 2999 3282 quibus
3025 3227 3142 3268 eam
3175 3215 3456 3285 pulchram
3481 3217 3694 3275 facielns
3711 3260 3727 3287 ,
3748 3228 3793 3275 et

2246 3310 2559 3357 reverenter
2582 3303 2865 3358 amabilem
2887 3312 3045 3375 atque
3074 3305 3373 3363 mirabilem
3404 3310 3544 3366 viro.
3568 3311 3791 3367 ltaautem

2247 3392 2492 3447 toleravit
2517 3392 2716 3449 cubilis
2758 3393 2980 3465 injurias
3002 3437 3019 3465 ,
3064 3404 3121 3452 ut
3158 3399 3357 3454 nullam
3398 3399 3471 3457 de
3508 3401 3791 3459 tractem

2242 3486 2435 3540 marito
2457 3484 2677 3541 habent
2696 3502 2927 3559 unquam
2948 3488 3291 3545 simultatem.
3318 3491 3790 3565 Exspectabatcnim

2243 3576 2666 3632 misericordiam
2695 3586 2840 3633 tuam
2868 3594 3029 3650 super
3051 3595 3173 3636 eum
3197 3622 3212 3648 ,
3243 3589 3302 3636 ut
3331 3583 3384 3638 in
3415 3593 3473 3640 te
3501 3585 3704 3640 credens
3723 3600 3791 3639 ra-

2242 3668 2578 3725 stiticaretur.
2604 3669 2732 3725 Erat
2754 3687 2878 3727 vero
2901 3672 2992 3729 ille
3014 3683 3289 3744 prieterea,
3307 3677 3452 3733 sicut
3471 3679 3558 3735 bet
3575 3678 3793 3737 evoleutia

2243 3762 2562 3841 praecipuus,
2589 3762 2659 3817 ita
2688 3763 2763 3817 ira
2795 3761 3055 3820 fervidus.
3083 3764 3189 3821 Sed
3218 3780 3445 3824 noverat
3479 3769 3594 3825 haec
3615 3788 3706 3827 non
3724 3786 3793 3826 res

2244 3855 2433 3909 sistere
2460 3854 2595 3909 irato
2627 3854 2742 3911 viro
2763 3898 2778 3923 ,
2820 3871 2926 3912 non
2978 3866 3179 3912 tantum
3226 3856 3369 3916 iacto
3392 3902 3407 3928 ,
3443 3864 3544 3919 sed
3583 3878 3645 3920 ne
3666 3861 3794 3920 verbo

2241 3945 2479 4018 quidem.
2502 3945 2618 4002 1am
2632 3962 2765 4002 vero
2784 3948 3013 4004 retracto
3027 3959 3082 4005 et
3105 3951 3307 4020 quieto,
3330 3969 3457 4009 cum
3483 3966 3794 4029 opportunam

2243 4038 2483 4106 videret,
2516 4040 2776 4094 rationem
2804 4039 2928 4096 facti
2955 4042 3035 4096 sui
3067 4043 3327 4099 reddebat
3351 4085 3367 4112 ,
3395 4047 3441 4102 si
3477 4047 3614 4105 forte
3634 4048 3714 4106 ille
3735 4047 3796 4102 in~

2243 4129 2626 4185 consideratius
2669 4140 2969 4189 commotus
3010 4131 3200 4189 fuerat.
3247 4135 3530 4210 Denique,
3568 4156 3679 4197 cum
3708 4153 3796 4195 Ina-

2246 4231 2412 4278 tromc
2443 4223 2620 4278 multa:
2662 4238 2888 4294 quarum
2918 4224 3014 4279 viri
3059 4228 3454 4287 mansuetiores
3498 4241 3677 4301 erant,
3710 4228 3797 4307 pla-

2245 4332 2430 4388 garum
2447 4317 2687 4387 vestigia,
2705 4318 2861 4372 etiam
2881 4317 3224 4375 dehonestata
3251 4318 3387 4377 faeie
3404 4332 3665 4394 gererem,
3684 4320 3799 4378 inter

2243 4408 2413 4463 amica
2435 4407 2696 4478 colloquia
2728 4407 2833 4463 illa:
2859 4411 3151 4481 arguebant
3178 4415 3499 4469 maritorum
3517 4415 3680 4477 vitam,
3702 4411 3799 4467 hac

2243 4516 2425 4556 earum
2456 4501 2684 4573 linguam
2706 4541 2722 4569 ,
2752 4501 2913 4557 veluti
2940 4518 3035 4574 per
3053 4506 3232 4574 jocum
3258 4507 3504 4576 graviter
3519 4504 3796 4570 aduertens,

2242 4607 2307 4647 ex
2330 4607 2435 4665 quo
2464 4592 2582 4647 illas
2610 4592 2818 4649 tabulas
2842 4609 2963 4665 qua:
2990 4595 3417 4653 matrimoniales
3445 4607 3703 4663 vocantur,
3722 4609 3799 4649 re-

2241 4684 2391 4740 citari
2421 4683 2716 4751 audissent,
2746 4692 2994 4756 tanquam
3026 4685 3379 4742 instrumenta
3409 4690 3601 4761 quibus
3622 4684 3796 4743 ancill:

2242 4774 2394 4831 factae
2423 4783 2604 4831 essent
2625 4817 2642 4845 ,
2673 4775 2930 4848 deputare
2973 4776 3255 4846 debuisse;
3294 4782 3528 4852 proinde
3568 4791 3796 4838 memores

2242 4869 2583 4938 conditionis,
2602 4870 2882 4941 superbire
2900 4868 3156 4928 adversus
3171 4871 3423 4931 dominos
3443 4891 3549 4931 non
3563 4882 3792 4946 oportere.

2238 4960 2481 5032 Cumque
2508 4960 2829 5017 mirarentur
2856 4960 2964 5018 illae
2992 4962 3222 5020 scientes
3248 4980 3411 5036 quam
3440 4967 3667 5024 ferocem
3684 4974 3793 5020 con-

2238 5055 2418 5126 iugem
2439 5054 2745 5123 sustineret,
2770 5071 3042 5127 nunquam
3071 5054 3237 5114 ﬁtisse
3255 5058 3521 5127 auditum,
3542 5068 3629 5115 aut
3644 5058 3793 5127 aliquo

2243 5148 2440 5204 indicio
2467 5148 2723 5204 claruisse
2745 5189 2763 5217 ,
2792 5149 2933 5220 quod
2973 5150 3231 5206 Patricius
3268 5151 3528 5208 ceciderit
3564 5163 3787 5211 uxorem

2242 5242 2500 5314 autquod
2539 5258 2570 5297 a
2608 5257 2668 5299 se
2694 5243 2918 5299 invicem
2943 5244 3026 5299 vel
3056 5260 3216 5299 unum
3248 5245 3391 5302 diem
3416 5239 3783 5322 domesticam

2243 5337 2594 5393 dissenserint
2617 5379 2632 5404 ,
2661 5344 2717 5392 et
2751 5351 2966 5392 causam
3010 5336 3339 5397 familiariter
3366 5330 3687 5411 quarerent";
3711 5330 3778 5387 δον

2242 5431 2397 5489 cebat
2439 5430 2526 5486 illa
2567 5430 2862 5487 institutum
2908 5445 3098 5499 suum,
3125 5430 3266 5505 quod
3311 5447 3471 5505 supra
3509 5420 3782 5489 memoravi-

2306 5548 2323 5579 ί
2343 5551 2513 5615 Antpn.
2534 5543 2723 5596 arnald.
2749 5544 3017 5615 suspicatur
3044 5544 3309 5615 legendum
3334 5559 3447 5600 esse
3462 5580 3482 5611 ,
3512 5556 3600 5615 per
3622 5544 3788 5613 μνω-

2240 5606 2907 5680 «Hel-ww

2305 5669 3067 5788 νωθράν
