3880 6394
145 295 240 364 715

141 415 642 489 conclamabant,
679 419 912 486 experta
948 409 1373 484 gratulabantur;
1412 419 1532 478 qua
1575 416 1681 462 non

137 510 469 572 observabant,
492 507 744 577 subjectae
765 504 1110 562 vexabantur.

191 606 268 662 ιο.
303 602 515 658 Sacrum
561 598 716 655 etiam
760 613 910 655 suam
940 597 1111 668 primo
1146 592 1382 654 susurris
1417 590 1678 650 malarum

136 699 406 758 ancillarum
432 694 687 750 adversus
711 707 771 748 se
799 691 1079 758 irritatam,
1109 689 1187 749 sic
1211 687 1338 744 vicit
1365 685 1636 758 obsequiis
1659 727 1674 751 ,

136 802 439 866 perseverans
468 785 748 841 tolerantia
776 791 833 841 et
861 779 1264 841 mansuetudine
1286 820 1301 846 ,
1333 787 1390 834 ut
1418 778 1508 834 illa
1536 775 1677 832 ultro

137 884 226 941 tilio
250 897 335 937 suo
361 878 562 936 medias
590 877 792 947 linguas
820 873 1135 934 famularum
1163 870 1414 942 proderet
1435 911 1451 936 ,
1481 869 1675 940 quibus

133 979 244 1036 inter
257 981 371 1030 seet
386 985 574 1028 ttat-tun
598 983 693 1040 pax
710 966 998 1026 domestica
1016 963 1348 1028 turbabatur,
1366 970 1671 1032 expeteret-

131 1084 213 1141 qua
225 1064 506 1122 vindictam.
533 1060 714 1132 Itaque
735 1068 1077 1130 posteaquam
1094 1056 1205 1122 ille,
1221 1064 1276 1116 et
1293 1055 1450 1112 matri
1474 1054 1674 1110 obtem-

132 1176 312 1234 perans,
336 1165 389 1216 et
417 1168 617 1211 atratis
653 1153 864 1212 (smilis;
898 1150 1232 1222 disciplinam
1249 1191 1265 1215 ,
1288 1157 1347 1204 et
1370 1148 1672 1206 concordiae

134 1267 302 1308 suorum
334 1248 653 1314 consulens,
686 1245 921 1316 proditas
966 1242 1033 1298 ad
1074 1241 1348 1312 prodentis
1394 1240 1670 1302 arbitrium

136 1342 388 1400 verberibus
413 1339 686 1402 coercuit;
729 1334 973 1407 promisit
1000 1334 1088 1390 illa
1117 1333 1240 1388 talia
1269 1332 1336 1389 de
1366 1347 1426 1387 se
1452 1331 1666 1403 praemia

131 1449 301 1506 apem
334 1433 529 1490 dobere
555 1473 570 1496 ,
604 1442 953 1501 quaecumque
981 1426 1049 1482 de
1076 1441 1173 1484 sua
1217 1441 1355 1487 nuru
1387 1425 1490 1482 sibi
1515 1465 1530 1491 ,
1561 1441 1669 1497 quo

133 1530 350 1602 placeret,
379 1525 504 1580 mali
535 1522 737 1596 aliquid
767 1523 1076 1592 loqueretur
1110 1537 1121 1572 :
1158 1519 1405 1589 nullaque
1429 1518 1539 1588 jam
1569 1532 1667 1573 au-

127 1616 593 1688 duts,taemorabili
613 1616 754 1674 inter
772 1629 832 1673 se
848 1613 1236 1676 benevolentia;
1252 1613 1513 1673 suavitate
1529 1613 1666 1670 vixe-

175 1806 247 1862 ιιι.
281 1803 384 1860 Hoc
408 1817 624 1874 quoque
668 1800 746 1856 illi
776 1799 918 1855 bona
948 1798 1215 1870 mancipio
1253 1808 1347 1856 tuo
1367 1839 1382 1865 ,
1428 1798 1482 1856 in
1511 1798 1664 1870 cujus

128 1907 241 1954 utro
277 1911 355 1951 me
393 1894 627 1959 creasti,
672 1893 813 1948 Deus
854 1907 1007 1950 meus
1033 1931 1048 1956 .
1091 1889 1455 1948 misericordia
1501 1906 1618 1948 mea
1643 1933 1660 1958 ,

128 2003 275 2046 ms
288 1985 476 2059 grande
491 1985 817 2047 donaveras,
840 1981 980 2054 quod
1004 1983 1145 2040 inter
1165 1981 1485 2042 dissidentes
1504 1990 1662 2051 atque

127 2080 342 2136 ditent-des
364 2077 634 2150 quaslibet
659 2077 886 2139 animas,
917 2074 1009 2136 ubi
1036 2082 1264 2144 poterat,
1294 2082 1400 2129 tam
1432 2088 1490 2134 se
1519 2089 1659 2143 pra:-

127 2173 246 2228 bebat
267 2170 538 2242 paciﬁcum,
573 2177 636 2225 ut
664 2183 786 2224 cum
813 2168 880 2223 b
905 2177 1130 2237 utraque
1155 2166 1318 2222 multa
1347 2164 1413 2220 de
1434 2164 1659 2221 invicem

125 2265 293 2320 audiret
335 2261 661 2320 amarissima
687 2300 702 2326 ,
741 2258 915 2330 qualia
971 2258 1110 2318 solet
1153 2267 1400 2312 eructare
1445 2264 1659 2325 turgens

124 2367 252 2424 atque
272 2353 498 2423 indigesta
528 2350 826 2415 discordia,
857 2349 1072 2421 quando
1101 2349 1348 2419 praesenti
1378 2351 1564 2403 amica:
1587 2347 1658 2402 de

125 2445 295 2499 albente
309 2444 504 2500 inimica
522 2458 626 2514 per
645 2441 797 2500 acida
813 2439 1074 2511 colloquia
1095 2439 1327 2496 cruditas
1345 2439 1361 2472 ¹
1380 2437 1660 2494 cxhalatur

128 2535 351 2601 odiet-um;
379 2536 501 2591 nihil
538 2545 722 2591 tamen
749 2534 903 2592 alteri
934 2533 1001 2589 de
1039 2533 1208 2587 altera
1236 2531 1484 2602 proderet
1510 2571 1524 2598 ,
1551 2530 1655 2586 nisi

128 2627 230 2698 quod
243 2627 300 2683 ad
317 2643 401 2683 eas
416 2624 846 2684 reconciliandas
864 2623 1087 2686 Valeret.
1103 2623 1328 2682 Parvum
1345 2621 1446 2678 hoc
1458 2624 1654 2678 bonum

127 2721 223 2778 stibi
243 2721 513 2788 videretur,
547 2720 657 2777 nisi
696 2720 881 2777 turbas
917 2717 1336 2776 innumerabiles
1365 2717 1532 2776 tristis
1555 2733 1652 2773 ex-

127 2814 313 2884 perirer,
340 2816 511 2870 nescio
537 2829 651 2885 qua
691 2811 958 2868 horrenda
988 2811 1288 2883 pestilentia
1319 2819 1654 2880 peccatorum

125 2902 328 2961 latissime
350 2915 690 2976 pervagante,
720 2919 825 2960 non
851 2905 1022 2959 solum
1044 2903 1298 2960 iratorum
1318 2901 1654 2958 inimicorum

128 2995 243 3050 iratis
261 2998 464 3053 inimicis
494 2998 643 3054 dicta
664 2996 913 3067 prodere,
945 2995 1038 3051 sed
1066 2995 1226 3052 etiam
1252 3011 1372 3066 quae
1393 3011 1498 3050 non
1511 2995 1655 3051 dicta

127 3097 219 3144 llltl
233 3089 432 3156 addere;
454 3106 573 3146 cum
603 3098 793 3149 contra
812 3089 1012 3145 homini
1034 3090 1055 3126 ¹
1075 3088 1306 3146 humano
1328 3104 1510 3159 parum
1536 3105 1656 3145 esse

125 3177 273 3238 lubeat
297 3183 580 3238 inimicitias
617 3183 894 3238 hominum
933 3196 1034 3238 nec
1065 3181 1302 3236 excitare
1332 3195 1432 3236 nec
1460 3195 1654 3252 augere

127 3273 522 3345 Isleioquendo,
567 3275 678 3330 nisi
709 3289 802 3330 eas
848 3274 1007 3334 etiam
1037 3275 1375 3344 exstinguere
1405 3274 1538 3329 bene
1577 3274 1656 3329 lo-

127 3365 570 3435 quandostuduerit;
605 3368 781 3438 qualis
808 3367 896 3422 illa
917 3376 1054 3436 erat,
1081 3365 1306 3423 docente
1327 3373 1380 3422 te
1400 3366 1655 3438 magistro

129 3455 278 3514 intima
296 3459 345 3516 ia
366 3461 533 3518 schola
566 3461 827 3534 pectoris.

189 3546 265 3603 ιιι
294 3549 492 3626 Denique
513 3554 685 3609 etiam
707 3552 876 3612 virum
900 3567 1057 3607 suum
1080 3551 1190 3622 jam
1213 3550 1265 3607 in
1289 3561 1526 3607 extrema
1545 3552 1652 3607 vita

134 3641 358 3710 temporali
377 3643 476 3715 ejus
502 3646 718 3702 lucrata
759 3652 844 3699 est
871 3644 1002 3712 tibi,
1050 3659 1151 3700 nec
1192 3644 1245 3698 in
1280 3659 1346 3698 eo
1368 3642 1479 3714 jam
1512 3641 1652 3698 ﬁdeli

127 3731 292 3801 plausit
311 3737 432 3808 quod
455 3738 506 3792 in
535 3737 782 3793 nondum
805 3737 948 3792 ﬁdeli
975 3737 1316 3794 toleraverat.
1339 3737 1468 3792 Erat
1489 3737 1651 3792 etiam

129 3837 244 3884 tua
259 3843 504 3892 mum
527 3841 768 3888 tuorum.
791 3830 1042 3902 Quisquis
1061 3845 1252 3886 eorum
1271 3839 1492 3886 noverat
1509 3845 1649 3898 eam,

127 3917 300 3978 ιιίι
323 3922 371 3976 in
395 3938 453 3978 ea
483 3923 738 3980 laudabat
767 3933 824 3979 et
859 3923 1160 3978 honorabat
1197 3931 1252 3978 et
1277 3921 1531 3993 diligebat
1558 3931 1609 3978 te
1634 3938 1648 3989 ;

127 4009 460 4084 (abundabat
483 4017 828 4088 praesentiam
853 4027 999 4070 tuam
1029 4016 1083 4073 in
1103 4015 1265 4070 corde
1288 4015 1426 4085 ejus,
1455 4025 1652 4070 sancta:

127 4107 480 4164 “sationis
516 4109 779 4166 fructibus
805 4109 1052 4165 testibus.
1098 4107 1295 4163 Fuerat
1320 4108 1462 4162 enim
1496 4110 1653 4163 unius

131 4191 362 4266 tiriuxor,
391 4211 626 4256 mutuam
654 4203 824 4256 vicem
854 4200 1160 4272 parentibus
1188 4199 1523 4267 reddiderat,
1557 4200 1652 4256 do-

127 4297 237 4344 η
257 4303 392 4347 suam
421 4294 508 4364 pie
545 4303 897 4362 tractaverat,
930 4294 982 4349 in
1022 4293 1276 4365 operibus
1319 4293 1475 4349 bouis
1504 4295 1652 4349 testi-

129 4377 314 4436 Mum
329 4381 565 4446 habebat.
585 4385 855 4444 Nutrierat
871 4386 1028 4452 ﬁlios,
1049 4387 1205 4443 toties
1215 4401 1312 4442 eos
1329 4387 1646 4456 parturiens,

127 4473 292 4541 {Illas
311 4476 399 4533 abs
426 4487 479 4534 te
500 4479 716 4536 deviare
739 4479 1011 4536 cernebat.
1045 4479 1321 4535 Postremo
1347 4480 1516 4547 nobis,
1548 4481 1652 4537 Do-

127 4563 522 4640 Iiae,ornnibus,
547 4574 668 4644 quia
697 4588 763 4628 ex
793 4589 1017 4630 munere
1046 4581 1135 4628 tuo
1159 4572 1290 4628 sinis
1319 4573 1461 4645 loqui
1482 4574 1650 4630 servis

127 4655 236 4724 iub.
257 4663 337 4733 Qui
358 4675 480 4720 ante
506 4665 878 4721 dormitionem
906 4667 1022 4735 ejus
1052 4665 1106 4720 in
1141 4674 1193 4722 te
1216 4666 1326 4737 jam
1357 4667 1647 4722 consociati

127 4745 382 4810 “ullum
415 4767 658 4828 percepta
702 4757 871 4828 gratia
918 4757 1174 4828 Baptismi
1216 4757 1290 4814 tui
1315 4800 1328 4823 ,
1361 4759 1431 4814 ita
1467 4773 1648 4814 curam

125 4839 288 4908 Iulii,
313 4848 452 4916 qusi
489 4863 676 4906 omnes
711 4850 1017 4922 genuisset,
1061 4850 1136 4908 ita
1162 4851 1381 4908 servivit
1409 4853 1556 4925 quasi
1581 4853 1649 4908 ab

129 4935 328 4997 malta
347 4941 518 5015 genita
537 4941 738 5000 fuisset.

657 5034 886 5092 CAPUT
941 5034 1011 5091 Χ.

271 5118 574 5196 Coliun
599 5145 711 5183 cum
738 5138 897 5183 matre
925 5129 989 5182 de
1008 5145 1164 5200 regno
1192 5130 1450 5188 colorum.

179 5201 253 5265 ιι.
281 5209 608 5286 impendente
649 5229 828 5275 autem
873 5219 959 5275 die
1004 5236 1112 5292 quo
1152 5237 1218 5276 ex
1264 5221 1362 5277 hac
1393 5225 1496 5280 vita
1535 5235 1650 5282 erat

129 5295 310 5367 exitura,
337 5319 484 5376 quem
514 5307 650 5365 diem
681 5321 736 5365 tu
777 5326 1027 5380 noveras,
1061 5312 1424 5382 ignorantibus
1454 5317 1644 5384 nobis;

131 5398 413 5462 timuerat,
425 5405 482 5451 ut
497 5402 674 5462 credo,
700 5412 1012 5469 procurante
1030 5413 1080 5457 le
1093 5406 1315 5460 occultis
1333 5407 1435 5460 luis
1456 5409 1644 5473 modis,

133 5484 269 5550 πιειη
285 5493 334 5540 ει
355 5483 462 5556 ipsa
480 5490 576 5545 soli
597 5499 863 5548 staremus
886 5493 1250 5558 incumbentes
1273 5497 1340 5552 ad
1366 5500 1647 5569 quamdam

179 5611 550 5704 ltiliﬂ-ﬂ-
566 5629 639 5704 Et;
659 5626 890 5704 aelate
907 5636 1036 5704 νει...
1050 5629 1326 5704 caudeam-

137 5675 274 5794 ’ἐξ
289 5675 1434 5808 ιειιιέωιιιιιιᾶιῖιᾷιξιιιῐείἰόὲίῖιῖὸῖἷεῖᾱᾱ.
1461 5703 1514 5750 ιιι
1534 5700 1654 5754 add.

1501 286 1702 352 ιιιιει
1737 284 1986 354 NONUS.

3276 309 3383 372 ιιι

1790 403 2075 464 fenestram
2093 453 2108 478 ,
2138 413 2277 470 unde
2307 414 2492 473 hortus
2522 418 2657 477 intra
2688 418 2908 487 domum
2934 438 3052 500 qum
3079 442 3178 486 nos
3206 425 3375 489 habe-

1787 499 1878 562 bat
1900 506 2356 576 prospectabatur,
2393 511 2500 567 illic
2526 515 2664 586 apud
2693 515 2838 576 Ostia
2871 499 3137 590 Tiberina.
3171 524 3257 580 ubi
3286 542 3376 583 re-

1786 595 1916 654 moti
1933 610 1964 651 a
1981 597 2146 656 turbis
2165 610 2284 670 post
2298 602 2436 676 longi
2460 603 2665 666 itineris
2687 607 2923 668 laborem
2945 614 3372 676 insmtrahamus

1786 702 1886 743 nos
1905 690 2226 762 navigationi
2254 713 2268 748 :
2291 697 2726 770 colioquebamur
2749 716 2877 773 ergo
2900 705 2999 766 soli
3025 707 3178 766 valde
3197 708 3366 766 dulci-

1785 781 1897 839 ter;
1926 785 1980 833 et
2009 778 2277 846 praeterita
2305 780 2680 842 oblivisceutes
2703 827 2718 852 ,
2750 786 2803 842 in
2841 803 2901 843 ca
2932 805 3053 866 qua:
3079 805 3204 848 aute
3241 803 3368 851 sunt

1783 867 1982 926 extenti
2009 866 2031 944 (
2049 867 2281 946 Philipp.
2310 889 2388 948 tu,
2414 875 2538 950 15),
2563 879 2930 945 quaerebamus
2952 883 3087 940 inter
3106 902 3204 942 nos
3223 889 3363 958 apud

1780 969 2101 1038 praesentem
2131 963 2439 1036 Veritatem,
2462 967 2602 1040 quod
2638 977 2690 1023 tu
2717 984 2796 1040 es,
2826 975 2995 1044 qualis
3023 973 3195 1032 futura
3226 989 3368 1037 esset

1779 1049 1885 1112 vita
1913 1061 2109 1110 mterna
2140 1063 2442 1112 sanctorum
2470 1098 2486 1128 ,
2528 1074 2686 1129 quam
2727 1077 2825 1117 nec
2844 1049 3038 1122 loculus
3071 1067 3196 1122 vidit
3221 1109 3237 1136 ,
3268 1085 3368 1127 nec

1777 1143 1924 1205 auris
1938 1144 2159 1209 audivit,
2179 1162 2278 1204 nec
2294 1147 2347 1204 in
2368 1163 2461 1204 cor
2481 1147 2713 1208 hominis
2728 1155 2968 1210 ascendit
2992 1156 3010 1230 (
3022 1155 3042 1210 l
3068 1155 3186 1214 Cor.
3211 1176 3266 1229 ιι,
3283 1161 3362 1233 9).

1777 1233 1883 1298 Sed
1913 1236 2246 1295 inbiabamus
2273 1256 2369 1297 ore
2404 1241 2582 1298 cordis
2611 1243 2661 1299 in
2702 1261 2932 1316 superna
2972 1249 3168 1306 lluema
3205 1253 3365 1310 fontis

1778 1326 1886 1416 tui,
1917 1329 2078 1386 fontis
2104 1332 2223 1388 vitae
2251 1332 2342 1408 qui
2371 1342 2453 1397 est
2481 1334 2619 1406 apud
2647 1345 2698 1392 te
2725 1337 2746 1408 (
2773 1335 2916 1392 Psal.
2953 1356 3120 1404 xxxv.
3151 1343 3278 1416 10),
3308 1358 3366 1400 ut

1775 1415 1900 1482 inde
1931 1435 2027 1492 pro
2067 1431 2222 1493 captu
2270 1433 2454 1484 nostro
2501 1428 2745 1498 aspersi,
2791 1445 3004 1503 quoquo
3045 1433 3206 1490 modo
3237 1415 3364 1493 rem

1775 1520 1977 1578 tantum
2008 1516 2386 1586 cogitaremus.

1843 1603 1933 1662 24.
1974 1603 2212 1680 Cumque
2242 1607 2308 1664 ad
2335 1624 2455 1664 eum
2487 1607 2646 1672 ﬁnem
2673 1626 2853 1667 sermo
2875 1612 3277 1685 perduceretur,
3305 1629 3366 1676 ut

1771 1696 2064 1754 carnalium
2086 1712 2336 1760 sensuum
2360 1700 2646 1762 delectatio
2671 1704 3024 1774 quantalibet,
3060 1707 3111 1762 in
3137 1719 3359 1779 quanta-

1771 1789 1903 1845 libet
1929 1790 2049 1846 luce
2072 1806 2330 1862 corporea
2355 1835 2370 1858 ,
2402 1809 2513 1865 pm:
2542 1795 2683 1852 illius
2709 1796 2834 1851 vim:
2855 1796 3187 1868 jucunditate
3210 1844 3224 1868 ,
3253 1818 3360 1858 non

1770 1885 2190 1954 comparatione,
2215 1887 2309 1942 scd
2341 1903 2408 1943 ne
2436 1895 2947 1948 commemoratione
2965 1894 3180 1964 quidem
3205 1898 3360 1967 digna

1768 1975 2064 2044 videretur;
2088 1977 2354 2050 erigentes
2374 1994 2472 2036 nos
2492 1981 2799 2038 ardentiore
2819 1983 3009 2046 all‘ectu
3031 1986 3082 2041 in
3107 1987 3356 2058 idipsum,

1767 2067 2251 2140 perambulavimus
2270 2070 2530 2142 gradatim
2554 2085 2745 2129 cuncta
2763 2077 3080 2146 corporalia,
3107 2088 3159 2134 et
3181 2081 3354 2151 ipsum

1765 2156 1984 2226 malum,
2011 2159 2150 2224 unde
2170 2160 2247 2214 sol
2270 2169 2321 2218 et
2349 2161 2467 2215 luna
2489 2172 2542 2217 et
2562 2163 2730 2218 stella:
2753 2165 2928 2222 lucent
2949 2183 3111 2238 super
3131 2178 3351 2227 terram.

1765 2250 1831 2312 Et
1857 2251 2028 2308 adhuc
2050 2251 2467 2310 ascendebamus
2491 2255 2713 2313 interius
2734 2261 3035 2330 cogitando,
3059 2272 3112 2317 et
3128 2262 3355 2335 loquen-

1763 2342 1834 2398 do
1865 2344 1903 2408 ί,
1926 2351 1982 2400 et
2006 2345 2246 2402 mirando
2275 2361 2436 2417 Opera
2473 2358 2592 2415 tua;
2614 2352 2925 2408 etveniums
2955 2354 3008 2408 in
3036 2367 3241 2412 mentes
3258 2372 3355 2414 no-

1763 2441 1926 2504 stras,
1953 2445 2006 2491 et
2026 2437 2451 2494 transcendimus
2470 2455 2581 2507 eas,
2606 2451 2664 2496 ut
2682 2443 3064 2514 attingeremns
3081 2447 3352 2518 regionem

1763 2525 2022 2586 ubertatis
2058 2528 2409 2592 indelicicntis
2429 2574 2444 2598 ,
2477 2533 2565 2588 ubi
2609 2535 2786 2605 pascis
2815 2535 2978 2592 Israel
3009 2539 3061 2594 in
3093 2551 3350 2597 :cteruum

1761 2620 2002 2676 veritatis
2032 2621 2258 2694 pabulo,
2290 2634 2345 2679 et
2374 2625 2462 2680 ubi
2493 2626 2598 2689 vita
2627 2628 2886 2699 sapientia
2928 2639 3042 2696 est,
3077 2647 3169 2702 per
3193 2649 3350 2704 quam

1764 2710 1897 2768 ﬁunt
1924 2714 2099 2770 omnia
2127 2714 2224 2770 ista
2247 2757 2262 2783 ,
2291 2725 2346 2770 ct
2373 2732 2490 2788 qua:
2517 2717 2750 2788 luerunt,
2783 2730 2836 2776 et
2859 2738 2978 2792 qum
2999 2722 3170 2778 futura
3197 2737 3349 2794 sunt;

1763 2811 1816 2859 et
1837 2805 1949 2875 ipsa
1981 2821 2084 2866 non
2115 2805 2190 2871 ﬁt.
2220 2807 2313 2862 sed
2343 2808 2419 2862 sic
2448 2817 2611 2866 estut
2639 2812 2765 2880 fuit,
2797 2823 2850 2870 et
2878 2816 2956 2869 sic
2980 2817 3081 2874 erit
3107 2833 3350 2888 semper;

1763 2895 1892 2966 quin
1921 2897 2096 2968 potius
2127 2898 2310 2967 fuisse,
2335 2910 2388 2956 ct
2415 2900 2654 2960 futurum
2685 2919 2803 2960 esse
2831 2921 2935 2961 non
2960 2917 3041 2962 est
3069 2909 3120 2964 in
3145 2925 3228 2977 ea,
3255 2910 3351 2966 sed

1763 3002 1882 3044 esse
1909 2990 2080 3046 solum
2106 3032 2120 3056 ,
2153 2992 2400 3064 quoniam
2445 3004 2642 3050 {eterna
2685 3007 2767 3052 est
2800 3016 2812 3051 :
2846 3015 2966 3054 nam
2998 2999 3161 3057 fuisse
3189 3013 3243 3058 et
3272 3002 3354 3059 fu-

1761 3093 1938 3140 turum
1979 3099 2098 3139 esse
2123 3126 2136 3147 ,
2172 3101 2274 3138 non
2302 3095 2383 3142 est
2411 3097 2692 3144 internum.
2737 3089 2804 3144 Et
2847 3091 2971 3146 dum
3003 3092 3269 3163 loquimur
3297 3105 3352 3152 ct

1761 3174 2028 3232 inhiamus
2059 3176 2154 3244 illi,
2186 3177 2453 3248 attigimus
2483 3195 2600 3234 cam
2629 3182 2836 3238 modice
2865 3193 2975 3239 toto
3005 3184 3112 3240 ictu
3140 3187 3345 3255 cordis;

1759 3277 1815 3328 et
1843 3270 2224 3340 suSpiravimus
2253 3272 2273 3302 ⁸
2303 3281 2354 3326 et
2383 3271 2693 3346 reliquimus
2723 3275 2792 3330 ibi
2821 3277 3066 3348 religatas
3089 3280 3352 3351 primitias

1759 3367 1999 3440 spiritus,
2030 3377 2082 3424 et
2110 3371 2464 3430 remeavimus
2493 3372 2559 3428 ad
2589 3376 2868 3445 strepitum
2899 3380 3008 3434 oris
3039 3381 3226 3450 nostri,
3261 3383 3350 3438 ubi

1764 3460 1987 3518 verbum
2019 3471 2072 3516 et
2099 3462 2345 3534 incipitur
2388 3472 2442 3520 ct
2478 3464 2676 3525 ﬁnitur.
2709 3468 2777 3526 Et
2811 3471 2934 3542 quid
2973 3473 3145 3530 simile
3179 3475 3352 3532 Verbo

1761 3559 1852 3608 tuo
1885 3551 2112 3608 Domino
2147 3565 2366 3622 nostro,
2391 3556 2442 3610 in
2470 3571 2529 3612 se
2561 3563 2889 3634 permanenti
2928 3563 3045 3620 sine
3069 3574 3347 3635 vetustate,

1756 3652 1916 3722 atque
1945 3646 2214 3704 innovanti
2243 3649 2455 3704 omnia?
2486 3649 2504 3720 (
2530 3649 2659 3726 Sap.
2695 3669 2788 3720 vn,
2819 3653 2951 3730 27.)

1827 3737 1917 3792 25.
1962 3738 2278 3794 Dicebamus
2298 3757 2427 3811 ergo
2457 3760 2468 3795 :
2501 3741 2556 3796 Si
2580 3743 2663 3797 cui
2691 3745 2845 3801 sileat
2872 3749 3126 3808 tumultus
3149 3753 3346 3820 carnis,

1757 3829 1949 3892 sileant
1977 3829 2270 3902 phantasia:
2314 3842 2468 3890 terra:
2497 3843 2550 3890 et
2580 3853 2836 3908 aquarum
2880 3849 2933 3895 et
2965 3843 3123 3909 acris,
3157 3845 3349 3902 sileant

1757 3929 1812 3978 et
1832 3923 1959 3994 poli,
1987 3932 2040 3978 et
2064 3924 2174 3996 ipsa
2205 3927 2301 3980 sibi
2331 3928 2505 3988 anima
2533 3929 2706 4000 sileat,
2741 3941 2792 3986 et
2821 3941 3052 3992 transeat
3078 3954 3136 3992 se
3163 3955 3266 3998 non
3287 3956 3346 3996 se

1755 4014 2056 4084 cogitando,
2075 4017 2261 4072 sileant
2294 4019 2498 4074 somnia
2525 4029 2580 4074 et
2607 4020 2930 4092 imaginaria:
2956 4028 3306 4084 ret-elationes
3327 4071 3342 4095 ,

1757 4108 1929 4162 omnis
1950 4107 2123 4176 lingua
2148 4118 2202 4164 et
2221 4126 2380 4164 omne
2405 4112 2637 4180 signum,
2666 4122 2720 4167 et
2745 4115 2996 4186 quidquid
3017 4122 3338 4176 trameuudo

1757 4197 1813 4252 tit
1836 4239 1851 4265 ,
1870 4198 1912 4252 si
1936 4198 2021 4254 cui
2037 4199 2190 4255 sileat
2209 4200 2455 4267 omnino;
2475 4204 2722 4275 quoniam
2748 4205 2793 4260 si
2810 4207 2928 4276 quis
2943 4209 3139 4280 audiat,
3160 4212 3342 4269 dicunt

1756 4290 1871 4350 haec
1896 4292 2070 4352 omnia
2093 4334 2108 4362 ,
2140 4292 2255 4349 Non
2286 4295 2398 4366 ipsa
2438 4311 2537 4350 nos
2565 4295 2786 4356 fecimus
2807 4340 2820 4360 .
2854 4301 2947 4358 sed
2980 4301 3101 4358 fecit
3131 4321 3227 4362 nos
3253 4309 3341 4378 qui

1755 4394 1934 4440 manet
1963 4385 2016 4440 in
2064 4394 2322 4442 aeternum
2357 4385 2540 4460 (Psal.
2575 4405 2723 4456 xcrx,
2758 4391 2810 4458 5,
2841 4392 2950 4462 5):
2986 4393 3067 4450 his
3104 4395 3257 4453 dictis
3295 4399 3341 4454 si

1748 4477 1858 4550 jam
1903 4487 2108 4533 taceant
2151 4480 2400 4551 quoniam
2441 4492 2725 4537 erexerunt
2765 4498 2945 4539 aurem
2992 4490 3041 4542 in
3085 4505 3204 4544 eum
3249 4493 3338 4564 qui

1754 4566 1879 4624 fecit
1903 4584 1964 4624 ea
1989 4611 2004 4638 ,
2037 4580 2088 4624 et
2116 4570 2360 4642 loquatur
2396 4571 2507 4644 ipse
2535 4573 2702 4642 solus,
2731 4591 2835 4628 non
2868 4591 2962 4646 per
2989 4593 3048 4632 ca
3073 4620 3086 4644 ,
3121 4582 3212 4635 sed
3244 4597 3341 4654 per

1753 4665 2009 4737 seipsum.
2043 4675 2099 4722 ut
2122 4667 2396 4726 audiamus
2425 4669 2641 4730 verbum
2669 4671 2814 4739 ejus,
2851 4689 2954 4728 non
2983 4690 3079 4746 per
3105 4679 3336 4750 linguam

1752 4761 1960 4828 carnis,
1996 4776 2165 4831 neque
2210 4775 2304 4831 per
2342 4776 2527 4820 vocem
2569 4763 2778 4834 angeli,
2824 4781 2922 4822 nec
2971 4786 3065 4838 per
3107 4775 3338 4832 sonitum

1753 4853 1930 4922 nubis,
1955 4868 2054 4908 nec
2081 4868 2176 4924 per
2199 4852 2422 4923 aettigma
2447 4853 2841 4924 similitudinis;
2871 4859 2964 4915 sed
2993 4861 3162 4932 ipsqu
3181 4884 3337 4936 quem

1752 4948 1804 5005 in
1834 4946 1916 5003 his
1940 4962 2182 5004 amamus
2205 4987 2220 5012 ,
2253 4946 2424 5017 ipsum
2451 4947 2567 5004 sine
2597 4948 2679 5006 his
2707 4951 3004 5020 audiamus,
3033 4958 3168 5016 sicut
3199 4976 3339 5018 nunc

1752 5038 2087 5098 extendimus
2126 5054 2260 5110 nos,
2312 5048 2366 5095 et
2414 5041 2596 5116 rapida
2646 5044 2966 5115 cogitatione
3010 5051 3280 5122 attigimus
3319 5056 3340 5087 ³

1752 5141 2004 5189 aeternam
2030 5131 2351 5203 Sapientiam
2383 5147 2541 5204 super
2566 5135 2742 5196 omnia
2773 5149 3109 5204 manentem;
3144 5145 3185 5198 si
3209 5161 3340 5201 con-

1755 5225 1987 5280 tinuetur
2031 5224 2167 5294 hoc,
2216 5235 2270 5280 et
2317 5224 2700 5282 subtrahantur
2745 5229 2862 5292 alia:
2905 5232 3136 5288 visiones
3189 5236 3340 5304 longe

1753 5318 1972 5391 imparis
1992 5319 2221 5392 generis,
2251 5330 2304 5374 et
2327 5319 2442 5376 lucc
2468 5338 2567 5376 una
2600 5323 2764 5392 rapiat
2794 5333 2848 5380 et.
2868 5324 3147 5380 absorbent
3177 5337 3230 5381 et
3251 5343 3338 5381 re-

1753 5412 1947 5468 condat
1970 5412 2020 5470 in
2043 5413 2293 5472 interiora
2325 5414 2514 5486 gaudia
2543 5425 2898 5487 spectatorem
2930 5433 3102 5479 suum,
3137 5426 3191 5470 ut
3217 5419 3338 5472 talis

1754 5502 1825 5559 sit
1851 5503 2172 5573 sempiterna
2201 5505 2305 5557 vita
2331 5546 2346 5571 ,
2378 5506 2534 5574 quale
2563 5504 2661 5561 fuit
2692 5508 2791 5561 hoc
2819 5513 3142 5560 momentum
3179 5505 3338 5559 intel-

1817 5642 1835 5673 ί
1854 5645 1987 5699 Lov.,
2007 5637 2240 5750 loquendo
2255 5643 2316 5690 te.
2341 5640 2484 5689 Abest
2500 5645 2546 5712 te
2568 5652 2595 5690 a
2621 5639 2872 5700 manuscrij
2889 5639 2965 5687 tis.

1818 5703 1840 5734 ²
1859 5709 1962 5750 Mss.
1982 5708 2068 5749 Cor
2087 5714 2141 5750 ι..
2160 5714 2321 5750 summi
2337 5714 2378 5750 st
2393 5700 2413 5750 ἰ
2431 5715 2485 5750 ut
2497 5713 2636 5750 tuus.

1818 5700 2321 5766 fatss.Corb.,susum
2337 5700 2636 5766 ειίωἱλιτιε.
2723 5759 2736 5766 _
2861 5765 2866 5766 ί
3112 5755 3126 5766 ,

1818 5764 1842 5798 ³
1861 5769 2035 5813 Sonam.
2052 5754 2164 5814 Lov.
2184 5771 2236 5814 et
2250 5754 2456 5826 quatuor
2478 5754 2583 5814 mss.
2614 5759 2739 5824 apud
2763 5765 2921 5826 Mart»
2954 5754 3261 5822 αμέηαῦπωο
3282 5769 3348 5834 Il,
