3880 6382
547 323 551 326 ·
583 298 690 363 775

583 424 816 498 ligentiac
838 464 853 489 ,
883 418 971 479 cui
1000 414 1417 489 suspiravimus;
1445 425 1625 468 nonne
1652 409 1756 466 hoc
1791 416 1876 465 est
1895 450 1908 474 ,
1940 405 2088 460 Intra
2115 403 2168 458 in

584 520 826 595 gaudium
866 514 1075 571 Domini
1116 512 1226 566 tui?
1263 508 1497 584 (Matth.
1544 519 1702 571 xxv,
1744 503 1890 595 at).
1935 501 2002 556 Et
2028 497 2170 556 istud

588 594 838 685 quando?
864 611 944 665 An
973 622 1091 663 cum
1122 618 1308 660 omnes
1335 612 1679 672 resurgemus
1697 639 1714 666 ,
1739 594 1836 652 sed
1856 608 1962 651 non
1982 606 2170 650 omnes

581 700 1019 763 immutabimur?
1051 697 1106 773 (l
1138 697 1255 753 Cor.
1287 710 1384 758 xv,
1414 694 1502 748 5t.
1534 689 1556 764 )

657 796 749 854 26.
793 794 1038 850 Dicebam
1057 790 1180 847 talia
1202 791 1244 857 ί,
1259 787 1361 844 etsi
1384 801 1489 841 non
1507 785 1610 840 isto
1626 781 1784 838 modo
1801 790 1855 838 et
1869 781 1952 836 his
1968 778 2169 844 verbis,

589 902 767 950 tamen
787 933 802 958 ,
832 887 1055 944 Domine
1077 926 1093 952 ,
1123 893 1178 938 tu
1207 881 1312 937 scis
1339 878 1480 951 quod
1515 877 1608 932 illo
1633 875 1720 932 die
1739 918 1755 943 ,
1785 889 1906 930 cum
1938 873 2061 928 talia
2087 871 2173 926 lo-

589 999 892 1058 queremur,
917 988 972 1035 et
993 976 1220 1033 mundus
1246 974 1348 1030 iste
1373 971 1527 1027 nobis
1553 970 1690 1026 inter
1716 967 1876 1024 verba
1897 968 2176 1022 vilesceret

588 1095 711 1134 cum
733 1075 980 1133 omnibus
1008 1068 1450 1128 delectationibus
1476 1065 1607 1132 suis,
1636 1076 1762 1119 tunc
1782 1063 1857 1118 ait
1885 1061 1972 1117 illa
2003 1080 2016 1115 :
2045 1058 2172 1124 Fili,

592 1182 834 1244 quantum
854 1169 922 1223 ad
941 1184 1020 1222 me
1039 1165 1233 1228 attinet,
1258 1161 1401 1217 nulla
1417 1161 1532 1230 jam
1559 1175 1614 1214 re
1632 1157 1849 1213 delector
1867 1157 1920 1210 in
1943 1154 2037 1208 hac
2051 1153 2173 1208 vita.

594 1263 729 1328 Quid
753 1263 835 1316 hic
860 1261 1046 1332 faciam
1073 1257 1259 1321 adhuc,
1291 1264 1336 1309 et
1366 1270 1455 1307 cur
1480 1252 1562 1306 hic
1586 1253 1680 1306 sim
1709 1249 1895 1315 nescio,
1918 1248 2033 1319 jam
2057 1261 2180 1301 con-

591 1364 791 1426 sumpta
817 1369 906 1424 spe
929 1351 1080 1421 hujus
1102 1346 1292 1403 saeculi.
1313 1345 1482 1401 Unum
1505 1353 1608 1398 erat
1636 1353 1840 1415 propter
1861 1340 1994 1410 quod
2009 1340 2062 1394 in
2083 1337 2178 1393 hac

591 1449 692 1503 vita
720 1448 1030 1516 aliquantum
1059 1440 1318 1495 immorari
1355 1438 1613 1509 cupiebam
1638 1477 1654 1502 ,
1684 1445 1739 1489 ut
1776 1444 1825 1490 te
1852 1433 2179 1487 christianum

593 1539 894 1594 catholicum
933 1534 1183 1600 viderem,
1229 1530 1522 1602 priusquam
1564 1542 1800 1580 morerer.
1865 1522 2182 1578 Cumulatius

594 1632 688 1686 hoc
715 1629 836 1684 mihi
875 1626 1010 1680 Deus
1054 1641 1190 1680 meus
1234 1622 1463 1695 priestitit
1483 1663 1498 1686 ,
1530 1629 1583 1674 ut
1615 1628 1661 1673 te
1688 1618 1838 1672 etiam
1857 1658 1872 1683 ,
1900 1622 2182 1684 contempta

595 1723 832 1796 felicitate
887 1727 1119 1784 terrena,
1174 1730 1372 1771 servum
1426 1713 1536 1783 ejus
1601 1709 1797 1765 videam
1852 1723 1870 1763 :
1921 1705 2042 1778 quid
2103 1704 2184 1758 hic

599 1817 732 1890 {acia
753 1816 779 1870 ?

1195 1902 1418 1960 CAPUT
1458 1899 1546 1956 Χῐ.

1007 1997 1085 2053 De
1109 1997 1284 2052 ecstasi
1318 2006 1362 2050 et
1397 2003 1556 2048 morte
1583 1990 1776 2045 matris.

669 2092 759 2151 27.
802 2091 880 2148 Ad
908 2091 1021 2145 lucc
1046 2091 1092 2146 ei
1121 2089 1247 2160 quid
1279 2085 1666 2157 responderim,
1700 2097 1804 2136 non
1835 2079 1963 2134 satis
1982 2075 2184 2133 recolo.

600 2187 734 2243 Cum
765 2187 966 2241 interea
993 2182 1078 2236 vix
1119 2182 1258 2236 intra
1301 2179 1533 2251 quinque
1574 2175 1726 2243 dies,
1759 2182 1849 2229 aut
1879 2186 1984 2228 non
2021 2169 2188 2224 multo

601 2280 827 2350 amplius
843 2276 1092 2334 decubuit
1115 2274 1371 2330 febribus.
1399 2273 1601 2327 Etcum
1633 2274 1934 2340 mgrotaret.
1955 2261 2184 2335 quodam

602 2371 688 2428 die
714 2368 978 2425 defectum
1001 2367 1195 2420 animae
1223 2379 1378 2434 passa
1405 2370 1508 2426 est,
1537 2370 1592 2416 et
1616 2358 1885 2431 paululum
1913 2356 2187 2410 subtracta

601 2480 632 2518 a
663 2461 1030 2534 praesentibus.
1061 2457 1170 2513 Nos
1199 2454 1586 2520 concurrimus,
1620 2451 1712 2506 sed
1742 2450 1847 2504 cito
1875 2447 2081 2504 reddita
2108 2455 2190 2500 est

601 2553 805 2616 sensui,
831 2560 884 2607 et
903 2550 1111 2622 aspexit
1137 2555 1371 2602 astantes
1399 2560 1482 2599 me
1507 2552 1559 2598 et
1580 2542 1794 2597 fratrem
1826 2547 2092 2604 meum,et
2117 2538 2191 2592 ait

605 2644 758 2700 nobis
785 2642 935 2713 quasi
966 2638 1224 2711 quaerenti
1266 2637 1456 2692 similis
1489 2652 1501 2688 :
1536 2634 1630 2689 Ubi
1659 2634 1836 2688 eram?
1865 2629 2064 2685 Deinde
2093 2643 2191 2684 nos

603 2736 814 2792 intuens
839 2747 1066 2790 maerore
1087 2730 1340 2787 attonitos
1368 2748 1380 2783 :
1413 2727 1620 2782 Ponetis
1641 2726 1740 2792 hic,
1765 2724 1950 2795 inquit,
1979 2729 2188 2775 matrem

601 2831 854 2886 vestram?
882 2828 994 2901 Ego
1033 2827 1254 2882 silebam
1281 2868 1297 2892 ,
1343 2834 1396 2880 et
1444 2823 1624 2878 ﬂetum
1671 2819 1964 2876 frenabam.
2001 2815 2189 2870 Frater

602 2932 781 2979 autem
799 2936 948 2976 mens
961 2919 1209 2990 quiddam
1229 2918 1438 2973 locutus
1453 2924 1554 2979 est,
1570 2928 1676 2983 quo
1691 2928 1810 2968 eam
1828 2926 1931 2965 non
1949 2921 2188 2979 peregre,

603 3015 696 3072 sed
729 3015 780 3069 in
819 3014 986 3085 patria
1027 3011 1239 3082 defungi
1289 3021 1536 3081 tanquam
1582 3007 1788 3063 felicius
1818 3013 2044 3076 aptaret.
2075 3001 2192 3070 Quo

603 3108 806 3175 audito,
835 3108 925 3162 illa
951 3107 1099 3161 vultu
1138 3105 1295 3161 anxio
1327 3105 1677 3160 reverberans
1708 3116 1829 3155 eum
1857 3097 2025 3154 oculis
2051 3095 2191 3167 quod

608 3203 730 3258 talia
771 3209 1000 3271 saperet,
1028 3210 1187 3271 atque
1216 3198 1338 3254 inde
1368 3214 1452 3252 me
1479 3197 1691 3252 intuens
1720 3213 1733 3248 :
1771 3193 1916 3258 Vide,
1947 3193 2043 3258 ait,
2073 3190 2194 3260 quid

607 3293 747 3346 dicit.
774 3292 840 3347 Et
863 3307 984 3346 mox
1008 3291 1264 3346 ambobus
1289 3307 1300 3342 :
1328 3289 1529 3355 Ponite,
1558 3287 1745 3357 inquit,
1769 3285 1862 3340 hoc
1882 3300 2062 3354 corpus
2085 3281 2192 3336 ubi-

606 3398 851 3454 cumque;
880 3380 1009 3435 nihil
1048 3397 1133 3434 uos
1170 3380 1280 3450 ejus
1321 3395 1442 3432 cura
1482 3377 1778 3442 conturbet;
1828 3385 2022 3429 tantum
2063 3373 2195 3428 illud

606 3488 693 3527 vos
729 3489 851 3544 rogo
874 3514 888 3540 ,
936 3481 992 3528 ut
1031 3472 1098 3526 ad
1139 3470 1346 3525 Domini
1393 3469 1552 3524 altare
1599 3467 1923 3523 memineritis
1968 3466 2064 3520 mei
2110 3464 2196 3519 ubi

609 3567 823 3640 fueritis.
855 3566 1095 3636 Cumque
1139 3565 1276 3620 hanc
1317 3563 1634 3619 sententiam
1672 3560 1849 3616 verbis
1878 3558 2069 3630 quibus
2097 3573 2194 3628 po-

610 3669 746 3716 terat
773 3659 1127 3730 explicasset,
1153 3656 1441 3724 conticuit;
1479 3666 1534 3712 et
1574 3657 1978 3727 ingravescente
2005 3650 2195 3708 morbo

612 3750 983 3806 exercebatur.

678 3842 767 3900 28.
803 3841 916 3914 Ego
943 3857 1072 3899 vero
1105 3841 1343 3913 cogitans
1373 3840 1513 3897 dona
1549 3847 1672 3905 tua,
1705 3839 1849 3895 Deus
1877 3836 2154 3893 invisibilis
2176 3878 2191 3904 ,

609 3953 727 4009 quas
757 3936 996 3992 immittis
1023 3936 1074 3991 in
1103 3935 1266 3991 corda
1297 3935 1529 3991 fidelium
1553 3943 1782 4000 tuorum,
1806 3941 1860 3988 et
1880 3930 2197 4002 proveniunt

609 4032 733 4089 inde
761 4030 937 4102 fruges
962 4029 1337 4095 admirabiles;
1364 4029 1657 4100 gaudebam
1679 4037 1732 4082 et
1757 4028 1952 4099 gratias
1975 4025 2194 4095 agebam

608 4125 737 4191 tibi,
783 4123 1024 4180 recolens
1070 4121 1213 4193 quod
1256 4136 1540 4187 noveram,
1581 4127 1776 4188 quanta
1817 4132 1941 4173 cura
1985 4129 2196 4184 semper

609 4228 887 4275 aestuasse!
916 4215 983 4272 de
1008 4216 1256 4287 sepulcro
1291 4213 1432 4286 quod
1460 4213 1562 4269 sibi
1590 4211 1895 4284 providerat
1915 4219 1970 4267 et
1987 4224 2195 4280 prmpa-

609 4317 820 4367 raverat
845 4308 994 4378 juxta
1023 4321 1218 4379 corpus
1243 4306 1343 4362 viri
1384 4305 1486 4360 sui.
1521 4305 1652 4373 Quia
1687 4304 1827 4360 enim
1870 4301 2024 4358 valde
2063 4317 2194 4357 con-

609 4401 847 4458 corditer
891 4400 1164 4464 vixerant,
1206 4398 1257 4454 id
1295 4398 1455 4454 etiam
1499 4397 1736 4463 volebat,
1767 4403 1825 4450 ut
1866 4405 1949 4450 est
1987 4394 2197 4449 animus

611 4497 874 4553 humanus
912 4495 1087 4550 minus
1112 4509 1280 4565 capax
1316 4492 1654 4560 divinorum,
1694 4491 1907 4560 adjungi
1945 4489 2012 4545 ad
2054 4489 2196 4544 illam

611 4589 939 4656 felicitatem,
957 4597 1012 4644 et
1029 4586 1434 4643 commemorari
1453 4585 1521 4641 ab
1543 4583 1864 4651 hominibus,
1884 4596 2196 4638 concessum

612 4681 714 4736 sibi
742 4695 863 4736 esse
890 4690 1008 4750 post
1028 4679 1434 4736 transmarinam
1463 4676 1960 4750 peregrinationem,
1991 4684 2048 4729 ut
2072 4690 2198 4730 con-

613 4773 797 4840 juncta
853 4781 993 4827 terra
1045 4773 1320 4828 amborum
1375 4769 1656 4840 coniugum
1712 4778 1849 4824 terra
1907 4775 2194 4837 tegeretur.

617 4861 838 4929 Quando
873 4872 1048 4918 autem
1075 4863 1172 4918 ista
1199 4863 1424 4919 inanitas
1451 4861 1774 4933 plenitudine
1810 4860 2062 4916 bonitatis
2095 4868 2198 4915 tuae

617 4962 852 5025 coeperat
879 4955 933 5009 in
962 4955 1077 5024 ejus
1105 4955 1268 5013 corde
1298 4971 1404 5012 non
1432 4970 1571 5022 esse,
1609 4954 1935 5022 nesciebam,
1964 4964 2019 5010 et
2048 4953 2198 5008 l:eta-

621 5045 714 5101 bar
741 5044 1008 5102 admirans
1041 5046 1179 5117 quod
1221 5048 1300 5104 sic
1335 5047 1463 5102 mihi
1501 5049 1867 5117 aperuisset':
1899 5062 2199 5118 quanquam

621 5146 674 5193 et
701 5137 752 5192 in
774 5137 863 5192 illo
884 5152 1130 5193 sermone
1155 5147 1338 5194 nostro
1357 5140 1422 5194 ad
1449 5139 1728 5196 fenestram
1748 5155 1869 5197 cum
1891 5139 2043 5206 dixit,
2079 5139 2200 5193 Jan:

619 5228 741 5300 quid
769 5229 848 5283 hic
875 5229 1046 5300 facio?
1065 5244 1168 5284 non
1186 5231 1748 5301 apparuitdesiderare
1773 5233 1825 5287 in
1856 5233 2019 5302 patria
2044 5232 2196 5286 mori.

619 5321 809 5377 Audivi
839 5322 996 5378 etiam
1023 5333 1206 5394 postea
1228 5365 1242 5390 ,
1274 5323 1414 5396 quod
1452 5324 1561 5393 jam
1587 5340 1707 5380 cum
1739 5325 1898 5381 Ostiis
1923 5340 2163 5382 essemus
2183 5370 2196 5396 ,

619 5428 741 5473 cum
765 5405 1077 5486 quibusdam
1099 5415 1280 5472 amicis
1301 5415 1436 5471 meis
1460 5425 1696 5472 materna
1725 5415 1912 5471 ﬁducia
1933 5416 2201 5490 colloque-

683 5573 846 5639 fttart.
866 5586 974 5625 eum
991 5583 1194 5639 quatuor
1211 5585 1334 5639 Mss,
1361 5575 1636 5629 dicebamus
1653 5577 1785 5630 talia.
1821 5587 1874 5630 at.

680 5635 790 5686 'sic
805 5645 915 5686 Arn.
944 5646 996 5705 et
1010 5635 1199 5704 aliquot
1222 5654 1283 5705 ex
1314 5635 1472 5705 prtecil
1491 5641 1729 5705 uisgatss.;
1763 5651 1810 5693 at
1841 5643 1954 5693 Bud.
1989 5651 2087 5694 Am.
2122 5652 2196 5695 Er.

616 5699 748 5758 ιω,
767 5698 1082 5764 apparuisset.
1100 5698 1178 5741 ⁷-
1201 5703 1274 5756 sic
1300 5698 1447 5758 etiam
1461 5698 1614 5757 ‘ttond.
1638 5698 1750 5758 cum
1768 5708 1820 5758 tl
1857 5715 1961 5759 MSS.
1995 5715 2046 5762 et
2077 5709 2198 5761 Flor.

621 5767 731 5816 smn
745 5761 947 5815 totidem
962 5771 1066 5816 Mss.
1101 5772 1158 5817 Μ.

1749 279 2188 346 CONFESSIONI

2307 280 2369 341 s.
2408 283 2773 344 AUGUSTINI
3693 295 3769 363 πθ

2280 399 2436 456 batur
2463 401 2691 472 quodam
2716 401 2803 458 die
2837 400 2904 458 de
2943 410 3248 475 contemptu
3281 404 3397 462 vita:
3421 405 3562 479 hujus
3590 422 3637 467 et
3663 415 3773 475 bono

2277 490 2486 557 mortis,
2510 491 2598 547 ubi
2620 491 2734 563 ipse
2753 508 2860 548 non
2887 491 3103 549 aderam
3122 509 3136 557 ;
3164 493 3366 565 illisque
3388 500 3679 568 stupentibus
3695 508 3777 561 vir.

2280 589 2448 639 tutem
2476 582 2718 652 feminae,
2745 599 2903 656 quam
2945 592 2998 640 tu
3037 584 3260 642 dederas
3287 586 3364 653 ei,
3394 594 3777 668 qumrentibttsque

2280 684 2456 730 utrum
2484 689 2591 730 non
2618 674 2929 732 formidaret
2953 685 3060 732 tam
3089 677 3245 747 longe
3262 692 3293 731 a
3311 693 3400 732 sua
3426 679 3615 738 civitate
3630 699 3779 756 corpus

2279 768 2582 840 relinquere
2611 786 2625 824 :
2655 767 2828 832 Nihil,
2861 769 3049 842 inquit,
3073 770 3220 841 longe
3237 781 3308 824 est
3335 768 3467 836 Deo;
3490 790 3627 844 neque
3645 778 3780 835 timui.

2281 861 2404 915 dum
2427 871 2498 916 est
2519 878 2582 917 ne
2607 861 2696 917 ille
2717 879 2822 918 non
2847 872 3089 935 agnoscat
3113 864 3166 917 in
3191 864 3292 934 ﬁne
3313 867 3488 932 saeculi,
3518 868 3634 923 unde
3649 888 3712 926 me
3726 891 3782 930 re-

2279 957 2502 1013 suscitat.
2534 957 2675 1028 Ergo
2711 955 2800 1012 die
2839 971 2981 1013 nono
3005 955 3334 1027 aegritudinis
3365 974 3498 1022 suae,
3522 961 3781 1035 quittquage.

2281 1049 2419 1105 simo
2453 1057 2508 1104 et
2553 1056 2706 1104 sexto
2743 1063 2884 1103 anno
2927 1048 3101 1104 astatis
3141 1062 3281 1115 sum,
3312 1048 3562 1119 trigesimo
3597 1060 3644 1108 et
3671 1058 3782 1112 tertio

2283 1140 2456 1196 aetatis
2496 1155 2633 1196 mete
2673 1138 2771 1215 (a),
2799 1139 2977 1196 anima
3019 1138 3113 1194 illa
3153 1138 3398 1210 religiosa
3431 1150 3483 1196 et
3515 1142 3591 1213 pia
3615 1157 3782 1215 corpore

2284 1232 2459 1290 soluta
2480 1242 2584 1290 est.

2884 1323 3109 1382 CAPUT
3147 1324 3268 1382 XII.

2325 1419 2588 1485 Quomodo
2641 1417 2826 1474 luxerit
2871 1429 3084 1474 mortem
3131 1419 3326 1474 matris.
3374 1419 3659 1492 Sacriﬁcium
3695 1442 3761 1496 pro

2945 1511 3218 1582 defunctis.

2357 1602 2448 1658 29.
2480 1602 2794 1660 Premebam
2835 1602 3021 1658 oculos
3057 1602 3204 1672 ejus,
3235 1610 3290 1658 et
3324 1603 3597 1660 conﬂuebat
3619 1605 3661 1661 in
3683 1621 3781 1676 pra-

2287 1695 2467 1752 cordia
2492 1711 2608 1751 mea
2632 1695 2937 1752 maestitudo
2959 1695 3168 1766 ingens,
3193 1705 3249 1751 et
3271 1695 3586 1752 transﬂuebat
3603 1697 3644 1752 in
3663 1698 3784 1771 lacry-

2289 1803 2436 1851 mas;
2469 1788 2769 1858 ibidemque
2797 1788 2937 1843 oculi
2967 1786 3072 1841 mei
3100 1786 3332 1842 violento
3358 1787 3510 1842 animi
3534 1788 3712 1858 imperio
3727 1806 3784 1844 re-

2289 1879 2578 1934 sorbcbant
2606 1879 2806 1935 fontem
2835 1893 2990 1934 suum
3013 1892 3189 1948 usque
3209 1877 3273 1933 ad
3302 1878 3586 1942 siccitatem,
3606 1887 3651 1934 et
3669 1879 3708 1932 in
3723 1880 3783 1936 tali
3838 1941 3839 1954 χ

2291 1968 2578 2025 luctamine
2603 1968 2755 2025 valde
2782 1969 2922 2024 male
2947 1969 3080 2023 mibi
3105 1977 3239 2024 erat.
3263 1968 3392 2023 Tum
3411 1983 3528 2024 vero
3547 1968 3620 2024 ubi
3643 1969 3784 2025 efﬂavit

2291 2071 2586 2118 extremum
2626 2062 2871 2132 spiritum
2893 2063 2932 2128 ί,
2965 2077 3098 2130 puer
3139 2059 3436 2116 Adeodatus
3461 2062 3718 2118 exclamavit
3745 2063 3780 2118 in

2291 2155 2560 2226 planctum
2582 2196 2598 2221 ,
2629 2163 2789 2224 atque
2828 2155 2896 2210 ab
2937 2153 3191 2209 omnibus
3230 2153 3380 2209 nobis
3402 2155 3631 2210 coercitus
3651 2155 3780 2210 tacuit.

2293 2246 2407 2303 Hoc
2434 2248 2593 2302 modo
2617 2248 2774 2302 etiam
2803 2262 2977 2303 meum
3000 2246 3253 2317 quiddam
3277 2247 3471 2318 puerile
3491 2246 3610 2318 quod
3630 2246 3782 2302 labeba-

2295 2348 2381 2394 tur
2405 2339 2454 2394 in
2485 2340 2638 2394 tletus
2659 2339 2884 2409 juvenili
2915 2353 3046 2394 voce
3069 2339 3272 2422 cordis,
3297 2339 3605 2394 coercebatur
3623 2350 3663 2394 et
3683 2348 3782 2393 tace-

2293 2431 2404 2488 bat.
2447 2430 2630 2502 Neque
2677 2432 2821 2486 enim
2868 2431 3064 2487 decere
3113 2430 3492 2486 arbitrabamur
3530 2429 3654 2484 funus
3691 2427 3780 2482 illud

2294 2525 2569 2594 questibus
2611 2524 2928 2596 lacrymOsis
2968 2525 3362 2595 gemitibusque
3387 2522 3781 2591 celebrare’;quia

2296 2615 2382 2671 bis
2425 2617 2735 2687 plerumque
2772 2615 2909 2670 solet
2949 2615 3220 2684 deplorari
3259 2613 3484 2686 quaedam
3507 2613 3667 2669 miseria
3688 2626 3780 2666 mo-

2295 2709 2563 2773 rientium,
2596 2715 2688 2762 aut
2714 2707 2862 2776 quasi
2893 2707 3209 2762 omnimodo
3235 2707 3506 2762 exstinctio.
3531 2707 3583 2759 At
3614 2704 3684 2757 illa
3705 2716 3781 2756 nec
3838 2704 3839 2752 ἐ

2297 2799 2494 2854 misere
2538 2799 2895 2861 moriebatur.
2926 2813 3030 2854 nec
3056 2799 3280 2852 omnino
3319 2792 3717 2851 moriebaturJioc
3744 2800 3779 2845 et
3838 2781 3839 2832 ἐ

2299 2889 2632 2945 documentis
2660 2905 2865 2944 morum
2896 2889 3034 2959 ejus,
3065 2899 3123 2946 et
3152 2888 3258 2945 fide
3277 2905 3380 2943 non
3401 2887 3524 2954 ﬁcta,
3545 2882 3779 2938 ntionibtu-

2298 2997 2404 3052 que
2427 2982 2589 3037 certis
2618 2981 2947 3037 tenebamus.

2373 3075 2462 3131 30.
2486 3075 2620 3144 Quid
2647 3090 2774 3146 ergo
2796 3084 2914 3131 erat
2931 3076 3074 3146 quod
3103 3077 3246 3132 intus
3263 3075 3389 3131 mihi
3409 3067 3776 3146 graviterdolebat,

2303 3165 2404 3220 nisi
2428 3183 2491 3220 ex
2518 3165 2903 3222 censuetndine
2929 3167 3087 3222 simul
3117 3167 3328 3223 vivendi
3354 3164 3614 3220 dulcissima
3631 3169 3671 3214 et
3688 3161 3780 3213 cha-

2300 3254 2508 3310 rissima
2552 3266 2771 3326 repente
2810 3256 3047 3327 disrupta
3088 3258 3291 3312 vulnus
3333 3254 3536 3312 recens?
3557 3248 3783 3308 Gratulabn

2301 3348 2518 3420 quidem
2549 3350 2854 3405 testimonio
2877 3351 3013 3420 ejus,
3043 3351 3193 3421 quod
3222 3351 3272 3405 in
3303 3366 3362 3406 ea
3389 3350 3490 3420 ipsa
3514 3347 3658 3402 ultima
3675 3339 3781 3411 aegri.

2302 3440 2504 3508 tudine,
2532 3441 2801 3511 obsequiis
2831 3441 2963 3496 meis
3007 3441 3443 3506 interblandiens,
3471 3434 3707 3509 appellabat
3725 3444 3779 3485 me

2304 3532 2445 3602 pium
2468 3573 2482 3596 ,
2528 3542 2579 3587 et
2630 3531 3086 3588 commemorabat
3135 3533 3323 3603 grandi
3359 3529 3619 3588 dilectionis
3651 3523 3779 3579 affectu

2301 3640 2570 3696 nunquam
2598 3639 2658 3681 se
2685 3625 2898 3682 audisse
2924 3643 2990 3682 ex
3013 3642 3108 3683 ore
3141 3643 3261 3683 meo
3283 3627 3547 3698 jaculatum
3573 3622 3616 3677 in
3646 3634 3689 3674 se
3713 3616 3777 3671 dn-

2300 3732 2419 3772 rum
2443 3726 2533 3771 aut
2552 3718 2994 3773 contumeliosum
3021 3733 3216 3774 sonum
3235 3719 3276 3773 ³.
3299 3719 3397 3774 Sed
3419 3727 3573 3772 tamen
3588 3712 3682 3783 quid
3698 3709 3778 3771 tale,
3838 3719 3839 3788 ᾖ

2300 3808 2442 3864 Deus
2468 3825 2637 3877 meus,
2669 3809 2758 3880 qui
2789 3809 2954 3865 fecisti
2985 3827 3104 3878 nos,
3137 3811 3262 3883 quid
3286 3805 3607 3880 comparabile
3626 3800 3782 3858 habebat

2301 3899 2473 3956 honor
2499 3916 2529 3956 a
2558 3917 2644 3956 me
2667 3899 2874 3957 delatus
2897 3901 2994 3969 illi,
3020 3911 3076 3957 et
3099 3902 3328 3957 servitus
3354 3901 3417 3956 ab
3438 3900 3516 3954 illa
3540 3890 3782 3957 mihi‘touo-

2300 3994 2446 4048 niam
2491 3993 2668 4064 itaque
2703 3993 2990 4049 deserebar
3019 4003 3124 4048 tam
3166 4007 3356 4064 magno
3379 3991 3484 4060 ejus
3506 3984 3684 4048 solatio,
3704 3993 3782 4032 sau-

2301 4085 2540 4140 ciabatur
2577 4084 2753 4140 anima
2785 4100 2901 4140 mea
2923 4127 2938 4152 ,
2965 4094 3021 4141 et
3049 4086 3202 4155 quasi
3229 4081 3556 4139 dilaniabatur
3581 4077 3687 4140 Vili,
3704 4081 3780 4139 (Ιυίθ

2300 4195 2404 4234 una
2432 4179 2569 4235 facta
2593 4189 2711 4234 erat
2726 4194 2790 4233 ex
2813 4193 2930 4234 mea
2950 4186 3006 4233 et
3025 4179 3184 4233 illius.

2372 4275 2457 4329 3t.
2494 4271 2737 4329 Cohibito
2761 4287 2888 4344 ergo
2911 4287 2942 4326 a
2969 4273 3095 4326 ﬂetu
3122 4271 3214 4326 illo
3241 4284 3423 4342 puero,
3454 4259 3708 4322 Psalterium
3727 4268 3767 4305 ar

2301 4366 2462 4436 ripuit
2503 4363 2735 4419 Evodius
2757 4403 2771 4428 ,
2810 4372 2864 4419 et
2897 4373 3116 4419 cantare
3153 4363 3314 4433 coepit
3351 4347 3701 4430 psalmum;cui
3727 4356 3784 4396 re-

2303 4456 2699 4528 spondebamus
2714 4455 2889 4511 omnis
2913 4454 3103 4510 domus
3128 4474 3142 4509 :
3163 4449 3543 4509 Misericordiam
3557 4436 3786 4528 eljudiciunt

2303 4519 2512 4602 cantabo
2538 4547 2644 4612 tibi,
2684 4546 2900 4602 Domine
2931 4545 3100 4621 (Psat.
3131 4562 3181 4601 c.
3216 4542 3289 4618 l).
3327 4540 3508 4598 Audito
3535 4543 3672 4590 autem
3698 4519 3785 4621 quid

2303 4651 2568 4712 ageretur,
2608 4613 2972 4695 convenerunt
3015 4637 3167 4693 multi
3205 4613 3391 4691 fratres
3417 4646 3475 4686 ac
3503 4613 3784 4712 religiosa”?

2303 4734 2493 4799 minae;
2519 4742 2575 4790 et
2601 4732 2667 4789 de
2709 4748 2859 4789 more
2900 4732 3026 4799 illis,
3053 4724 3521 4802 quorum'oﬂicium
3545 4720 3653 4776 erat,
3676 4709 3784 4764 funus

2304 4827 2610 4882 curantibus
2629 4869 2644 4894 ,
2687 4841 2784 4898 ego
2813 4826 2866 4881 in
2896 4834 3046 4896 parte
3075 4824 3165 4879 ubi
3193 4823 3438 4878 decenter
3462 4820 3689 4898 poteram,
3701 4812 3782 4898 cuni

2304 4919 2382 4974 eis
2402 4919 2491 4990 qui
2513 4934 2596 4974 me
2621 4932 2727 4973 non
2750 4895 3104 4973 deserendum
3128 4929 3245 4971 esse
3270 4909 3557 4972 censebant,
3581 4895 3691 4972 quod
3707 4897 3784 4990 9"}

2311 5009 2538 5082 tempori
2561 5025 2851 5082 congruum
2878 5008 3242 5080 disputabam;
3273 5017 3435 5075 eoque
3469 4999 3663 5055 fomento
3679 4997 3784 5082 vcn-

2306 5079 2438 5158 tatis
2474 5079 2779 5175 mitigabam
2831 5079 3124 5158 cruciatum
3176 5099 3268 5156 tibi
3319 5105 3516 5157 notum,
3554 5079 3781 5175 illis-igni:

2307 5195 2549 5252 rantibus
2573 5168 2627 5251 et
2653 5195 2854 5250 intente
2882 5193 3218 5250 audientibus
3235 5233 3250 5261 ,
3281 5199 3333 5246 et
3358 5189 3465 5244 sine
3489 5191 3624 5238 sensu
3642 5168 3781 5226 doloriS

2373 5382 2388 5412 ί
2411 5387 2515 5429 Mss.
2530 5376 2757 5440 plerique
2783 5375 3009 5440 omittunt
3025 5375 3224 5440 verbum
3263 5365 3484 5440 spiritpr

2371 5445 2392 5474 ⁸
2410 5416 3309 5501 EJéb‘Eiiii‘ﬁixiﬁéhbi'el'dﬁtﬁ-sif
3322 5416 3453 5491 apud
3477 5423 3586 5470 Matt
3609 5416 3652 5460 υ·

2373 5505 2394 5536 ³
2409 5509 2518 5555 Lov.
2539 5500 2744 5564 aliaeque
2770 5500 3008 5549 editiones
3025 5535 3039 5560 ,
3066 5506 3336 5550 sermnem.

2371 5585 2447 5658 (α)
2459 5592 2594 5657 μυηςι
2609 5547 3775 5658 ιιιιιιιεισιιιῐιιυιξιιιεξειάιΨιὲιρέἕὲίὲᾗῗξἔξτὲ

2308 5621 2771 5717 auriferam?
2783 5621 3373 5717 ERE'ﬁEiliéit'érT-eie

2312 5675 2472 5709 wlpu
2487 5675 2579 5695 duo:
2619 5675 2731 5696 unus.
2750 5682 2763 5701 ς
2785 5675 2910 5694 ιιιιυυ
2929 5675 3201 5706 uacua-5“...
3227 5675 3373 5688 ,νυ-.-
3389 5675 3487 5681 -ππ
3712 5675 3729 5681 β

2437 5675 2886 5781 [semianimus
2902 5713 2979 5781 est
2992 5712 3145 5776 Caesar
3162 5700 3391 5762 Βποιιίιιει
3415 5691 3468 5746 ad
3481 5699 3548 5742 ω·
3562 5675 3650 5740 δεδι
3661 5683 3700 5722 ’³³
3717 5675 3774 5721 ⁴¹⁹

2313 5778 2365 5822 et
2379 5771 2429 5823 in
2439 5768 2553 5824 Mt.
2574 5769 2633 5823 ad
2650 5768 2800 5836 Mart...
2819 5768 2900 5822 die
2916 5768 2947 5822 ὕ
