3880 6412
60 4245 80 4304 l'.

60 4325 98 4718 π

60 4729 80 5092 ι

60 5095 66 5124 Γ

291 327 371 388 'm
1626 320 1826 382 LIBER
1859 320 2100 385 NONUS.

291 464 361 506 ne
379 460 486 504 esse
509 446 904 504 arbitrantibus.
933 451 1002 504 At
1027 462 1127 519 ego
1146 449 1200 503 in
1224 446 1436 504 auribus
1459 447 1585 515 tuis,
1613 447 1699 502 ubi
1719 461 1815 503 eo-

283 555 376 596 rum
401 537 561 594 nullus
597 538 876 605 audiebat,
917 538 1252 610 inerepabam
1291 537 1566 594 mollitiem
1595 537 1815 595 aﬂ'ectus

283 629 391 694 mei,
413 637 463 686 et
484 629 902 701 constringebam
930 629 1130 685 ﬂuxum
1167 630 1414 686 maeroris
1432 670 1448 696 ,
1487 629 1815 702 cedebatque

283 721 385 778 mihi
409 721 700 793 paululum;
729 735 1016 791 rursusque
1043 721 1240 792 impetu
1265 735 1362 776 suo
1390 719 1680 788 ferebatur,
1703 734 1812 778 non

282 825 414 882 usque
437 809 497 865 ad
523 811 854 880 emptionem
880 810 1252 882 lacrymarum,
1281 826 1381 867 nec
1409 825 1577 882 usque
1597 810 1665 866 ad
1689 810 1810 866 vul-

281 912 348 960 tus
364 902 684 957 mutationem
700 943 716 968 ,
753 902 848 958 sed
873 917 973 974 ego
999 903 1228 960 sciebam
1255 904 1382 975 quid
1408 904 1568 960 corde
1595 919 1810 976 preme-

279 1010 385 1051 rem.
409 993 468 1049 Et
493 994 612 1065 quia
641 993 771 1049 mihi
799 994 1145 1051 vehementer
1170 994 1484 1066 displicebat
1520 1005 1724 1052 tantum
1753 997 1808 1053 in

279 1101 346 1142 ne
373 1100 513 1158 posse
551 1085 666 1141 haec
706 1085 971 1154 humana,
996 1102 1116 1157 quae
1153 1087 1342 1144 ordine
1383 1088 1560 1145 debito
1581 1099 1637 1146 et
1661 1099 1808 1146 sorte

279 1178 546 1234 conditionis
577 1187 777 1234 nostra
817 1179 1058 1235 accidere
1099 1193 1319 1236 necesse
1355 1190 1465 1249 est,
1493 1183 1599 1238 alio
1622 1183 1807 1240 dolore

280 1269 477 1326 dolebam
496 1268 730 1326 dolorem
747 1285 945 1334 meum,
967 1279 1021 1326 et
1037 1270 1230 1342 duplici
1253 1273 1459 1328 tristitia
1476 1275 1802 1332 macerabar.

333 1360 401 1417 52.
435 1361 556 1416 Cum
589 1374 716 1416 ecce
753 1375 949 1432 corpus
972 1361 1170 1417 elatum
1198 1364 1344 1429 est',
1373 1364 1511 1419 imus
1529 1406 1544 1430 ,
1570 1365 1805 1423 redimus

276 1452 368 1507 sine
393 1450 645 1522 lacrymis.
672 1449 806 1506 Nam
843 1466 1017 1523 neque
1051 1451 1105 1507 in
1143 1453 1222 1508 eis
1261 1454 1508 1524 precibus
1548 1470 1680 1526 quas
1709 1456 1803 1512 tibi

273 1544 478 1611 fudimus,
503 1560 621 1600 cum
646 1545 929 1602 oﬂ'erretur
949 1562 1048 1618 pro
1073 1562 1135 1603 ea
1163 1548 1478 1604 sacrificium
1509 1552 1663 1621 pretii
1702 1568 1801 1608 no-

270 1637 365 1703 stri,
384 1637 479 1708 jam
497 1637 643 1708 juxta
668 1630 970 1708 sepulcrum
1001 1641 1173 1709 posito
1195 1641 1470 1711 cadavere,
1494 1646 1798 1717 priusquam

269 1731 594 1802 deponeretur.
606 1731 743 1786 sicut
755 1731 862 1788 illic
875 1731 988 1788 fieri
1003 1733 1157 1801 solet,
1171 1749 1270 1790 nec
1285 1734 1339 1789 in
1353 1735 1432 1791 eis
1444 1739 1688 1807 precibus
1701 1755 1800 1812 ego

267 1822 402 1879 ﬂevi:
429 1821 515 1878 sed
539 1832 649 1878 toto
676 1823 764 1878 die
799 1824 1031 1894 graviter
1054 1825 1107 1880 in
1133 1827 1342 1882 occulto
1379 1839 1601 1885 mmstus
1629 1847 1794 1900 eram,

265 1924 312 1970 et
331 1923 484 1970 mente
501 1915 704 1970 turbata
726 1917 976 1987 rogabam
998 1925 1068 1984 te,
1091 1927 1151 1973 ut
1174 1928 1432 1989 poteram,
1454 1938 1562 1993 quo
1582 1938 1800 1983 sanares

264 2003 465 2061 dolorem
504 2021 712 2075 meum,
753 2021 855 2063 nec
893 2006 1156 2074 faciebas;
1195 2010 1390 2077 credo,
1421 2016 1801 2074 commendans

261 2099 493 2154 memoriae
518 2113 652 2154 mea:
669 2140 686 2166 ,
718 2099 808 2154 vel
833 2098 934 2156 hoc
958 2115 1067 2155 uno
1093 2099 1413 2158 documento
1431 2144 1446 2170 ,
1473 2106 1648 2160 omnis
1672 2121 1795 2164 con-

259 2190 512 2246 suetudinis
529 2190 820 2257 vinculum,
842 2192 1003 2247 etiam
1025 2191 1280 2248 adversus
1299 2203 1530 2250 mentem
1551 2212 1669 2267 quae
1686 2197 1797 2267 jam

261 2296 361 2336 non
382 2281 523 2338 fallaci
550 2283 718 2339 verbo
747 2282 1036 2354 pascitur’.
1065 2283 1438 2342 Ἶίςιιιηθιὶειιι
1467 2288 1596 2342 mihi
1623 2298 1706 2345 est
1740 2298 1798 2346 ut

257 2374 379 2430 irem
397 2375 626 2441 hvatum,
649 2374 792 2445 quod
820 2375 1092 2430 audieram
1117 2376 1240 2432 inde
1267 2376 1473 2434 balneis
1501 2394 1696 2436 nomen
1717 2380 1798 2437 iu-

253 2464 418 2528 ditum,
439 2465 551 2536 quia
569 2464 743 2522 Graeci
764 2475 1016 2538 βαλανιῖρν
1039 2465 1285 2533 dixerint,
1313 2469 1456 2539 quod
1475 2471 1795 2528 anxietatem

253 2555 397 2626 pellat
416 2571 476 2612 ex
498 2555 693 2612 animo.
734 2555 877 2612 Ecce
913 2567 969 2612 et
1009 2556 1112 2612 hoc
1135 2557 1395 2614 conﬁteor
1419 2560 1798 2619 misericordia

252 2658 376 2714 true,
397 2649 541 2704 Pater
571 2647 932 2720 orphanorum
952 2690 968 2717 ,
992 2651 1242 2722 quoniam
1270 2651 1405 2720 lavi,
1428 2661 1483 2708 et
1505 2655 1627 2710 talis
1649 2671 1796 2712 eram

251 2739 402 2809 qualis
421 2741 717 2812 priusquam
743 2740 1012 2797 lavissem.
1038 2740 1222 2813 Neque
1249 2743 1392 2798 enim
1420 2745 1702 2801 exsudavit
1727 2747 1794 2804 de

249 2830 394 2885 corde
429 2845 540 2887 meo
583 2830 831 2887 maeroris
872 2831 1190 2887 amaritudo.
1239 2832 1436 2888 Deinde
1476 2833 1701 2891 dormivi
1743 2847 1798 2894 et

251 2921 485 2992 evigilavi,
509 2930 562 2977 et
587 2937 696 2978 non
722 2937 882 2993 parva
911 2936 978 2978 ex
1005 2932 1157 2993 parte
1179 2923 1476 2995 mitigatum
1504 2925 1680 2982 inveni
1701 2927 1797 2984 do-

254 3009 402 3067 larem
434 3027 638 3078 meum;
664 3021 825 3083 atque
850 3021 908 3068 ut
930 3027 1076 3068 eram
1112 3013 1164 3068 in
1198 3013 1338 3070 lecto
1367 3029 1488 3070 meo
1506 3018 1679 3084 solus,
1705 3034 1795 3074 re-

255 3102 470 3160 cordatus
482 3116 593 3160 sum
611 3103 872 3160 veridicos
891 3119 1076 3160 versus
1089 3105 1356 3163 Ambrosii
1373 3108 1477 3174 tui;
1501 3116 1556 3165 tu
1575 3125 1634 3166 es
1653 3110 1794 3168 enim

645 3244 800 3300 petis,
824 3244 1016 3287 creator
1034 3239 1263 3300 omnium,

583 3297 782 3361 Polique
802 3305 983 3361 rector,
1005 3301 1224 3352 vestiens

583 3359 718 3409 Diem
736 3360 914 3410 decoro
933 3359 1134 3422 lumine,

582 3427 776 3472 Noctem
799 3433 972 3485 supora
995 3423 1017 3454 ³
1032 3425 1220 3485 gratia:

645 3485 984 3548 artussolutos
1002 3491 1058 3533 ut
1071 3485 1215 3548 quies

582 3543 763 3595 Reddat
784 3545 962 3594 laboris
976 3545 1085 3594 usui

579 3580 1258 3670 iiE‘EEESdE‘é‘iégéﬁhevei,

583 3666 856 3731 Luctusque
871 3666 1026 3718 solvat
1040 3670 1226 3720 anxios.

327 3811 403 3868 55.
433 3813 590 3885 Atque
625 3815 751 3871 inde
788 3815 1037 3886 paulatim
1083 3816 1402 3873 reducebam
1428 3818 1481 3874 in
1515 3820 1795 3890 pristinum

259 3914 448 3959 sessum
469 3904 704 3960 ancillam
734 3916 899 3974 tuam,
925 3907 1488 3980 conversationemque
1511 3910 1626 3979 ejus
1654 3910 1794 3981 piam

259 3991 311 4048 lu
334 4002 474 4063 te,et
497 3999 709 4055 sancte‘
752 3999 804 4054 in
839 4014 939 4055 nos
977 3999 1223 4056 blandam
1258 4009 1416 4071 atque
1444 4003 1793 4074 morigeram,

259 4097 350 4153 qua
371 4084 526 4143 subito
551 4089 828 4145 destitutus
853 4103 971 4145 sum
993 4107 1008 4156 ;
1031 4098 1086 4145 et
1104 4091 1258 4146 libuit
1277 4090 1406 4148 ﬂere
1432 4092 1484 4147 in
1508 4103 1795 4165 conspectu

261 4177 340 4228 tuo
362 4175 422 4232 de
450 4178 532 4234 illa
566 4189 620 4236 et
650 4195 750 4250 pro
782 4179 906 4247 illa,
948 4180 1016 4236 de
1051 4197 1139 4238 me
1166 4190 1221 4238 et
1256 4197 1355 4253 pro
1379 4198 1487 4240 me.
1517 4184 1584 4239 Et
1619 4184 1796 4241 dimisi

255 4262 484 4339 hcrymas
501 4286 630 4342 quas
653 4271 1009 4340 continebam,
1033 4281 1094 4346 ut
1111 4272 1389 4328 eflluerent
1415 4284 1668 4344 quantum
1689 4276 1798 4332 vcl-

253 4351 366 4423 leot,
393 4359 723 4418 substernens
746 4377 838 4418 eas
861 4361 1010 4417 cordi
1036 4378 1186 4428 meo;
1211 4373 1265 4418 et
1288 4363 1549 4434 requievit
1577 4365 1629 4420 in
1656 4367 1735 4422 eis
1750 4367 1793 4435 ⁸,

251 4447 467 4516 multum
503 4451 573 4507 ibi
615 4461 768 4508 erant
795 4467 950 4509 aures
974 4462 1112 4522 tuae,
1142 4469 1249 4509 non
1283 4455 1589 4526 cujusquam
1621 4457 1795 4513 homi-

253 4537 324 4593 II'B
345 4541 551 4610 superbe
577 4544 978 4614 interpretantis
1016 4545 1278 4615 ploratum
1307 4562 1506 4603 meum.
1538 4548 1604 4603 Et
1633 4565 1792 4619 nunc,

254 4625 474 4700 Domine,
501 4637 756 4692 conliteor
781 4637 874 4693 tibi
901 4638 954 4692 in
980 4637 1189 4694 litteris.
1229 4639 1399 4711 Legat
1425 4642 1515 4712 qui
1540 4642 1711 4709 volet,
1741 4655 1798 4700 et

245 4719 588 4794 interpretetur
616 4736 676 4782 ut
701 4728 880 4796 volet,
910 4738 964 4784 et
996 4729 1040 4783 si
1066 4738 1341 4800 peccatum
1373 4731 1664 4799 invenerit,
1697 4733 1794 4790 ﬂe-

248 4813 372 4872 visse
390 4833 468 4875 me
507 4826 732 4875 matrem
771 4819 960 4890 exigua
987 4829 1138 4890 parte
1166 4821 1312 4877 horas
1329 4863 1346 4889 ,
1373 4831 1596 4879 matrem
1626 4825 1795 4880 oculis

239 4906 360 4963 lleis
377 4906 577 4965 interim
604 4917 893 4978 mortuam,
915 4925 1034 4982 quae
1059 4927 1144 4967 me
1164 4913 1361 4968 multos
1385 4928 1553 4970 annos
1576 4915 1797 4972 ﬂeverat

236 5005 290 5054 ut
305 4999 463 5056 oculis
487 5002 590 5058 tuis
613 5001 870 5069 viverem,
901 5017 1008 5057 non
1037 5002 1287 5071 irrideat;
1314 5004 1408 5061 sed
1428 5005 1622 5075 potius,
1645 5007 1693 5064 si
1714 5016 1796 5064 est

284 5161 302 5193 ⁸
331 5159 402 5209 sic
430 5157 700 5223 completur
730 5159 1030 5210 antecedens
1069 5159 1301 5223 periodus
1323 5160 1447 5223 apud
1481 5160 1626 5213 ltoud.
1648 5170 1796 5214 :cum

223 5220 808 5286 αριαμιέίααοηεειι
843 5229 898 5286 Μτ

211 5280 432 5400 wares
462 5290 566 5333 uss.
585 5281 746 5347 Angl.,
770 5280 1003 5348 pascitur,
1036 5280 1232 5349 difficile
1262 5295 1397 5349 posse
1427 5283 1595 5336 uitare.
1634 5285 1798 5337 Vision

277 5409 370 5474 {tu
399 5412 516 5458 ante
549 5408 773 5474 excusis,
1031 5413 1096 5474 At_
1115 5409 1166 5457 in
1197 5404 1362 5474 multis
1390 5414 1519 5469 Mss,
1547 5420 1744 5474 sopora,
1766 5421 1796 5459 a

217 5469 370 5543 verba
381 5480 586 5531 mo:
607 5468 804 5543 uelim:
820 5468 1060 5543 δίηιιίσεεη
1083 5470 1232 5543 ιιφοβ
1249 5470 1425 5543 hymno
1445 5468 1642 5543 εοιιιιιιέε
1653 5468 1794 5534 quie-

219 5531 370 5584 ιιιιά
399 5529 699 5594 recreandas
728 5529 945 5594 corporis
981 5538 1034 5581 et
1067 5532 1214 5594 animi
1250 5529 1382 5594 vires
1417 5529 1702 5594 postulatur.
1735 5557 1798 5569 —

213 5601 350 5652 usta
361 5591 492 5655 flor.
512 5599 642 5644 tuast.
661 5605 772 5642 eum
787 5591 962 5654 Tuas,
981 5599 1033 5642 et
1047 5593 1192 5644 ttond.
1210 5607 1322 5644 ωσι
1334 5592 1366 5641 6
1389 5591 1494 5642 Mss.
1512 5592 1794 5655 legendum,

217 5653 420 5768 “ﬁt
440 5662 539 5776 ἐιῖ
555 5721 630 5776 ετ.
648 5722 781 5776 ιον..
799 5722 1029 5768 sanctam.

274 5778 300 5814 ⁸
312 5773 538 5844 neq-ieci
549 5775 604 5828 in
617 5776 686 5828 ets
702 5811 719 5839 ,
730 5773 872 5841 juxta
891 5785 1021 5828 Mart.
1039 5791 1150 5829 cum
1163 5779 1196 5828 5
1210 5787 1314 5832 Mss.
1339 5783 1390 5829 et
1410 5784 1521 5829 Arn.
1547 5784 1605 5828 tu.

202 5893 216 5950 τ
496 5859 720 5926 ειποτ.
751 5862 1030 5924 Aususr.
1069 5863 1116 5924 Ι.

3400 338 3506 404 778

1924 446 2107 516 grandi
2132 447 2408 514 charitate,
2437 463 2538 520 pro
2557 453 2786 521 peccatis
2807 455 2940 512 meis
2958 455 3081 514 ﬂeat
3099 453 3216 530 ipse
3231 458 3301 516 ad
3321 468 3376 520 te
3394 461 3471 519 Pa
3488 486 3508 518 ς

1923 545 2057 596 trem
2077 542 2311 597 omnium
2331 541 2552 599 fratrum
2572 545 2766 601 Christi
2789 547 2882 602 tui.

2519 633 2744 692 CAPUT
2781 637 2919 692 XIII.

2343 703 2470 759 Orat
2498 722 2589 775 pro
2617 717 2775 761 matre
2805 708 3060 780 defuncta.

1991 793 2080 848 54.
2109 793 2223 866 Ego
2251 802 2449 862 autem,
2471 795 2580 866 jam
2608 806 2792 853 sanato
2817 801 2977 856 corde
3002 802 3185 860 abillo
3202 805 3422 863 vulnere
3442 809 3500 866 in

1916 899 2023 954 quo
2066 894 2272 954 poterat
2312 885 2556 956 redargui
2599 889 2825 944 carnalis
2867 890 3120 963 aﬂ'ectus,
3164 895 3325 952 fundo
3364 897 3496 966 tibi,

1916 974 2058 1031 Deus
2083 984 2287 1044 noster,
2318 993 2414 1047 pro
2441 977 2531 1032 illa
2561 977 2752 1034 famula
2778 989 2865 1035 tua
2890 981 3044 1054 longe
3068 986 3210 1042 aliud
3238 987 3499 1061 lacryma-

1915 1081 2032 1122 rum
2061 1082 2257 1138 genus,
2285 1068 2422 1140 quod
2449 1080 2627 1124 manat
2652 1071 2719 1126 de
2743 1086 3003 1129 concusso
3035 1076 3222 1146 spiritu
3251 1080 3499 1136 conside-

1914 1157 2120 1212 ratione
2149 1157 2502 1227 periculorum
2541 1161 2718 1216 omnis
2744 1163 2933 1218 anima:
2956 1181 3074 1234 quae
3100 1167 3152 1222 in
3179 1169 3347 1224 Adam
3376 1186 3496 1226 mo-

1911 1247 2066 1302 ritur.
2096 1248 2408 1320 Quanquam
2437 1250 2525 1305 illa
2553 1251 2603 1306 in
2631 1251 2841 1307 Christo
2878 1254 3136 1311 viviﬁcata
3168 1257 3221 1329 (I
3246 1260 3362 1314 Cor.
3393 1275 3494 1326 xv,

1911 1337 2042 1410 22),
2072 1341 2232 1396 etiam
2267 1342 2503 1398 nondum
2547 1358 2579 1398 a
2613 1359 2773 1400 carne
2809 1348 3078 1416 resoluta,
3110 1351 3188 1406 sic
3218 1353 3407 1408 vixerit
3434 1364 3494 1410 ut

1909 1432 2152 1488 laudetur
2180 1449 2373 1491 nomen
2404 1444 2552 1491 tuum
2595 1437 2648 1492 in
2696 1437 2800 1493 ﬁde
2827 1439 3166 1511 moribusque
3205 1444 3354 1513 ejus;
3385 1461 3495 1502 non

1908 1532 2085 1580 tamen
2110 1524 2282 1581 audeo
2307 1525 2517 1593 dicere,
2546 1541 2613 1582 ex
2639 1543 2744 1598 quo
2770 1544 2887 1584 eam
2922 1545 3018 1600 per
3045 1531 3368 1603 Baptismum
3402 1553 3495 1592 re-

1909 1617 2175 1685 generasti
2195 1659 2210 1682 ,
2241 1617 2442 1672 nullum
2485 1618 2706 1673 verbum
2733 1621 2907 1676 exisse
2934 1621 3002 1677 ab
3029 1638 3123 1678 ore
3156 1625 3273 1694 ejus
3308 1635 3496 1685 contra

1908 1717 2232 1779 praeceptum
2260 1717 2430 1764 tuum.
2460 1709 2528 1764 Et
2551 1708 2750 1766 dictum
2775 1721 2857 1767 est
2884 1728 2915 1767 a
2943 1711 3175 1771 Veritate
3201 1715 3335 1772 Filio
3361 1728 3451 1774 tuo
3473 1737 3492 1775 :

1908 1795 1970 1853 Si
2006 1799 2121 1870 quis
2161 1800 2344 1855 dixerit
2383 1802 2532 1873 fratri
2565 1817 2692 1869 suo,
2738 1801 2934 1870 Fatue,
2963 1821 3079 1859 reus
3121 1808 3214 1861 erit
3253 1810 3493 1880 gehennae

1905 1889 2037 1960 ignis
2063 1889 2276 1963 (Matth.
2302 1905 2360 1957 v,
2396 1890 2512 1962 22).
2546 1891 2609 1946 Et
2639 1907 2718 1948 V33
2746 1893 2904 1949 etiam
2945 1894 3193 1952 laudabili
3225 1898 3348 1954 vita:
3388 1900 3493 1955 ho-

1906 1979 2132 2048 minum,
2161 1981 2228 2045 si,
2266 1991 2472 2037 remota
2498 1983 2882 2052 misericordia,
2908 1985 3159 2042 discutias
3188 2003 3324 2044 eam.
3355 1989 3491 2059 Quia

1904 2087 2033 2128 vero
2053 2087 2158 2129 non
2179 2073 2413 2144 exquiris
2437 2073 2626 2129 delicta
2647 2075 3010 2144 vehementer,
3034 2078 3351 2137 ﬂducialiter
3368 2099 3491 2155 spe-

1904 2178 2083 2218 ramus
2119 2164 2351 2235 aliquem
2379 2164 2518 2234 apud
2546 2174 2597 2220 te
2627 2166 2800 2221 locum
2827 2168 3064 2224 invenire
3092 2171 3486 2243 indulgeulize'.

1904 2254 2153 2326 Quisquis
2190 2265 2368 2312 autem
2399 2257 2493 2312 tibi
2527 2267 2804 2313 enumerat
2834 2274 2958 2314 vera
2985 2251 3174 2316 merita
3200 2278 3326 2330 sua,
3358 2267 3488 2336 quid

1905 2347 2001 2402 tibi
2033 2357 2311 2404 enumerat
2351 2349 2451 2404 nisi
2496 2364 2714 2404 munera
2746 2349 2870 2404 tua?
2903 2350 2948 2406 Ο
2990 2351 3034 2406 si
3066 2365 3387 2422 cognoscant
3425 2371 3488 2412 se

1904 2437 2146 2494 homines
2173 2439 2414 2493 homines
2429 2480 2442 2504 ,
2473 2447 2530 2494 et
2553 2440 2642 2510 qui
2670 2439 2942 2510 gloriatur,
2971 2441 3022 2496 in
3045 2442 3269 2500 Domino
3291 2445 3486 2516 glorie-

1904 2531 2023 2584 tur!
2055 2531 2075 2560 ²
2105 2527 2185 2602 (II
2212 2529 2329 2584 Cor.
2361 2546 2418 2598 χ,
2451 2530 2565 2600 17.)

1974 2620 2063 2674 55.
2099 2619 2210 2689 Ego
2239 2620 2444 2688 itaque,
2473 2620 2588 2675 laus
2630 2635 2746 2676 mea
2778 2630 2832 2677 et
2868 2623 2974 2678 vita
3011 2639 3163 2691 mea,
3195 2625 3332 2683 Deus
3374 2644 3486 2685 cor-

1903 2710 1984 2765 dis
2022 2711 2156 2776 mei,
2190 2712 2436 2781 sepositis
2473 2713 2741 2782 paulisper
2775 2715 2930 2770 bonis
2960 2716 3076 2786 ejus
3113 2718 3345 2787 actibus,
3388 2737 3487 2792 pro

1902 2803 2093 2873 quibus
2138 2805 2231 2859 tibi
2271 2804 2508 2875 gaudens
2546 2807 2741 2877 gratias
2773 2823 2906 2879 ago,
2944 2825 3083 2865 nunc
3124 2827 3220 2881 pro
3255 2815 3486 2882 peccatis

1901 2894 2087 2948 matris
2128 2909 2261 2950 mea:
2294 2895 2552 2965 deprecor
2577 2906 2659 2963 te;
2686 2897 2874 2953 exaudi
2917 2914 3004 2954 me
3041 2915 3136 2970 per
3171 2901 3486 2959 Medicinam

1902 2984 2176 3039 vulnerum
2203 2995 2506 3042 nostrorum
2536 3003 2653 3059 quae
2681 2989 2930 3059 pependit
2953 2991 3006 3046 in
3032 2991 3194 3062 ligno,
3217 3002 3272 3049 et
3289 2995 3484 3052 sedens

1901 3075 1969 3130 ad
1988 3075 2259 3131 dexteram
2287 3085 2452 3144 tuam,
2476 3087 2529 3134 te
2547 3080 2848 3150 interpellat
2873 3096 2970 3151 pro
2991 3083 3144 3138 nobis
3167 3082 3342 3155 (Rom.
3364 3101 3481 3154 vni,

1901 3164 2016 3236 34).
2044 3165 2166 3222 Seio
2195 3166 2611 3224 misericorditer
2641 3178 2912 3238 operatam
2929 3212 2945 3237 ,
2971 3181 3026 3227 et
3053 3187 3119 3227 ex
3143 3173 3304 3230 corde
3328 3174 3487 3231 dimi-

1900 3258 2037 3313 sisse
2065 3256 2241 3312 debita
2270 3257 2600 3314 debitoribus
2638 3259 2779 3324 suis;
2809 3258 3017 3317 dimitte
3044 3261 3120 3316 illi
3145 3270 3200 3318 et
3224 3271 3280 3318 tu
3304 3263 3486 3320 debita

1902 3364 1998 3404 sua
2039 3348 2247 3422 (Matth.
2289 3365 2363 3414 vl,
2405 3349 2518 3421 12).
2562 3349 2610 3405 si
2651 3365 2752 3421 qua
2789 3351 2948 3406 etiam
2978 3354 3242 3409 contraxit
3276 3368 3372 3424 per
3406 3363 3485 3411 tot

1903 3453 2071 3494 annos
2097 3448 2220 3510 post
2246 3454 2436 3510 aquam
2467 3439 2674 3494 salutis.
2715 3439 2930 3496 Dimitte
2949 3481 2963 3505 ,
2995 3440 3247 3510 Domine,
3274 3442 3485 3500 dimitto

1901 3530 2158 3597 obsecro,
2191 3545 2260 3584 ne
2293 3530 2461 3586 intres
2488 3545 2607 3586 cum
2631 3545 2696 3586 ea
2733 3531 2786 3586 in
2809 3529 3068 3601 judicium
3101 3531 3270 3605 (Psal.
3305 3548 3482 3601 cxw,

1900 3619 1978 3693 2).
2004 3619 2374 3691 Superexaltet
2393 3622 2754 3677 misericordia
2775 3622 3030 3693 judicium
3060 3622 3262 3697 (Jacobi
3282 3640 3340 3692 ιι,
3365 3624 3480 3699 15),

1900 3712 2148 3782 quoniam
2175 3712 2384 3782 eloquia
2411 3722 2494 3768 tua
2526 3729 2650 3770 vera
2685 3722 2841 3782 sunt,
2872 3723 2928 3770 et
2955 3715 3243 3785 promisisti
3271 3717 3484 3774 miseri-

1900 3803 2134 3858 cordiam
2154 3803 2582 3860 misericordibus
2605 3802 2815 3878 (Matth.
2838 3821 2893 3871 v,
2920 3804 2974 3877 7)
3001 3823 3014 3860 :
3041 3807 3181 3877 quod
3203 3815 3260 3862 ut
3280 3818 3482 3877 essent,

1901 3903 1960 3949 tu
1988 3894 2176 3951 dedisti
2220 3895 2328 3962 eis,
2372 3896 2460 3966 qui
2495 3896 2831 3951 misereberis
2869 3897 2954 3951 cui
2984 3897 3232 3953 misertus
3259 3899 3399 3965 eris,
3425 3910 3486 3956 et

1901 3987 2320 4045 misericordiam
2351 3987 2626 4058 praestabis
2653 3989 2740 4043 cui
2767 3989 3072 4044 misericors
3098 3989 3260 4046 fueris
3284 3989 3480 4062 (Exod.

1903 4093 2094 4145 χχχιιι,
2118 4077 2214 4142 19;
2241 4076 2392 4132 Rom.
2425 4093 2503 4144 ιχ,
2536 4077 2648 4150 15).

1900 4173 1937 4234 ρ·
1973 4167 2062 4222 56.
2090 4166 2158 4222 Et
2180 4166 2342 4221 credo
2354 4166 2464 4236 jam
2487 4167 2678 4223 feceris
2705 4167 2843 4238 quod
2867 4176 2918 4223 te
2941 4183 3090 4239 rogo,
3122 4169 3216 4225 sed
3239 4170 3482 4228 volunta-

1901 4259 1980 4315 ria
1997 4259 2106 4314 oris
2123 4259 2227 4314 mei
2243 4258 2498 4329 approba,
2517 4259 2736 4314 Domine
2754 4257 2924 4333 (Psat.
2943 4275 3126 4328 cxvtn,
3149 4260 3296 4335 108).
3316 4261 3484 4318 Nam-
3507 4253 3513 4328 Ῐ

1902 4367 2008 4424 que
2030 4352 2118 4407 illa
2143 4352 2452 4407 imminente.
2480 4351 2567 4408 die
2591 4351 2930 4409 resolutionis
2964 4367 3074 4408 sua:
3102 4369 3209 4409 non
3233 4355 3483 4425 cogitavit

1903 4459 2058 4500 suum
2082 4457 2275 4515 corpus
2302 4453 2611 4514 sumptuose
2635 4445 2864 4514 contegi,
2893 4454 2978 4498 aut
3004 4443 3212 4500 condiri
3230 4446 3483 4501 aromati-

1903 4535 2020 4603 bus,
2049 4545 2142 4591 aut
2171 4546 2570 4592 monumentum
2596 4536 2822 4591 electum
2851 4535 3170 4604 concupivit,
3201 4544 3295 4592 aut
3319 4521 3513 4594 cura-5.

1902 4627 1978 4682 vit
2003 4627 2302 4698 sepulcrum
2329 4627 2594 4696 patrium;
2618 4640 2723 4681 non
2750 4627 2850 4681 ista
2871 4625 3139 4681 mandavit
3164 4626 3317 4682 nobis
3347 4627 3483 4684 :sed

1901 4717 2269 4773 tantummodo
2294 4719 2603 4772 memoriam
2625 4717 2705 4772 sui
2735 4716 2801 4770 ad
2829 4717 2997 4771 altare
3025 4726 3175 4772 tuum
3203 4717 3315 4774 ﬂeri
3337 4718 3484 4776 desi-

1902 4807 2134 4874 deravit,
2186 4808 2272 4862 cui
2317 4807 2512 4862 nullius
2548 4807 2653 4863 diei
2699 4805 3146 4878 praetermissione
3189 4807 3480 4876 servierat;

1902 4899 2044 4955 unde
2080 4900 2240 4955 sciret
2263 4899 2558 4969 dispensari
2589 4898 2856 4954 victimam
2895 4907 3153 4966 sanctam,
3197 4914 3301 4970 qua
3329 4899 3515 4960 dele-.

1903 5000 2014 5046 tum
2053 5000 2137 5046 est
2177 4989 2586 5060 chirographum
2616 4988 2758 5060 quod
2801 4997 2917 5044 erat
2955 4990 3280 5046 contrarium
3325 4991 3484 5047 nobis

1904 5080 2121 5154 (Coloss.
2144 5097 2201 5146 ιι,
2230 5081 2344 5151 14),
2372 5096 2475 5152 qua
2497 5080 2851 5149 triumphatus
2873 5089 2954 5136 est
2976 5080 3143 5136 hostis
3167 5091 3484 5154 computans

1899 5173 2092 5229 delicta
2116 5181 2317 5236 nostra,
2348 5179 2404 5226 et
2425 5186 2666 5242 quaerens
2684 5171 2810 5242 quid
2831 5171 3064 5242 objiciat,
3095 5179 3149 5226 et
3175 5173 3309 5228 nihil
3330 5173 3484 5230 inve-

1901 5265 2056 5320 niens
2085 5263 2141 5318 in
2167 5262 2256 5317 illo
2285 5262 2336 5317 in
2367 5277 2472 5332 quo
2495 5263 2776 5318 vincimus.
2809 5261 2939 5330 Quis
2963 5261 3012 5317 ei
3049 5261 3294 5318 refundet
3323 5263 3482 5318 inno-

1900 5364 2109 5413 centem
2139 5354 2490 5425 sanguinem?
2509 5352 2639 5421 Quis
2658 5353 2709 5410 ei
2733 5354 2972 5409 restituet
2999 5353 3227 5424 pretium
3251 5366 3358 5423 qno
3381 5367 3485 5411 nos

1967 5473 1985 5504 ι
2012 5471 2369 5531 AbsuntaMss.
2408 5479 2560 5531 prope
2596 5466 3021 5531 omnibusisthses
3057 5464 3233 5531 verba.
3269 5460 3500 5531 me

1902 5529 2232 5598 mdulgentiar.
2258 5555 2319 5566 -
2339 5524 2435 5579 Non
2457 5524 2636 5598 desunt
2657 5530 2707 5578 in
2729 5524 3325 5598 etlitioneflorentinazdm;

1967 5581 2080 5643 ina
2104 5601 2208 5642 Mss.
2236 5603 2348 5640 cum
2369 5600 2508 5658 ιιι-ηις
2531 5597 2587 5658 at_
2602 5597 2710 5641 ων.
2735 5602 2844 5658 cum
3452 5598 3500 5635 ss

1903 5659 2188 5722 cqanpscam
2210 5665 2260 5702 δε
2285 5664 2443 5722 ("Wes
2459 5646 2773 5722 Ιιὸηιίηξεε.εε
2799 5647 2883 5722 Qui

1903 5707 2272 5780 glb'rictttur._—
2296 5711 2510 5780 ultimam
2534 5707 2729 5780 periodi.
2743 5707 3045 5780 partemfert
3063 5707 3210 5752 etiam
3229 5709 3349 5753 Ven.
3371 5707 3444 5757 sic
3473 5721 3491 5759 ;

1908 5770 1964 5827 Et
1984 5774 2065 5841 qui
2079 5773 2362 5839 gloriantur,
2387 5771 2441 5823 in
2462 5770 2661 5824 Doim‘no
2679 5770 2960 5834 glorientur.
2990 5771 3048 5814 Il.

2738 5843 3225 5930 {Vingt—cinq.)
