3926 6272
398 541 405 552 1
451 457 476 514 ἲ
496 501 514 528 ,ε
533 457 635 515 785

494 576 505 594 ‘
528 554 707 633 meum
729 613 744 638 ,
785 571 990 631 lucem,
1022 572 1204 617 vocem
1227 599 1242 624 ,
1283 553 1500 610 odorem
1517 594 1531 617 ,
1559 550 1734 604 cibum
1755 589 1770 613 ,
1797 545 2102 615 amplexum

493 635 802 739 :‘interioris
828 655 1058 714 hominis
1088 653 1230 718 mei;
1269 648 1357 704 ubi
1389 645 1551 716 fulget
1582 643 1772 697 animae
1799 655 1935 695 mea:
1963 635 2106 708 quod

490 921 500 948 I

522 744 637 838 fuon
664 759 803 829 capit
829 757 980 812 locus
999 793 1016 820 ,
1045 759 1100 807 et
1125 747 1213 803 ubi
1241 750 1395 800 sonat
1413 739 1553 812 quod
1582 752 1688 793 non
1712 734 1850 804 rapit
1876 742 2103 801 tempus,

525 832 589 911 iet
609 853 696 909 ubi
719 823 827 905 olet
852 845 993 920 quod
1023 859 1127 900 non
1158 839 1357 911 spargit
1387 836 1574 900 ﬂatus,
1609 840 1663 888 et
1687 829 1778 884 ubi
1806 823 2105 920 sapit?

445 975 465 986 ε·
490 921 518 950 ’⁸
539 961 647 1002 non
671 915 1120 1000 minuit—edacitas
1144 977 1160 1001 ,
1197 941 1252 988 et
1275 929 1366 986 ubi
1393 928 1560 982 hmret
1591 922 1731 995 quod
1765 935 1871 975 non
1903 915 2109 972 divellit

535 1037 772 1093 satietas.
812 1031 928 1086 Hoc
953 1036 1036 1083 est
1062 1023 1202 1096 quod
1233 1035 1353 1076 amo
1374 1061 1388 1086 ,
1418 1033 1538 1074 cum
1567 1016 1732 1070 Deum
1758 1025 1936 1066 meum
1963 1021 2105 1061 amo.

603 1130 662 1184 9.
707 1127 772 1182 Et
794 1122 919 1195 quid
954 1116 1201 1176 esthoc?
1243 1109 1566 1180 Interrogavi
1604 1116 1800 1162 terram
1823 1144 1839 1170 ,
1869 1111 1924 1158 et
1945 1099 2107 1165 dixit,

535 1219 652 1275 Non
673 1231 825 1278 sum;
865 1221 920 1268 et
954 1221 1298 1281 quaecumque
1322 1205 1374 1258 in
1405 1201 1592 1257 eadem
1624 1205 1779 1264 sunt,
1811 1195 1949 1250 idem
1980 1206 2110 1247 con—

537 1312 676 1368 fessa
711 1313 856 1362 sunt.
895 1297 1218 1370 Interrogavi
1260 1310 1406 1350 mare
1438 1301 1493 1348 et
1526 1291 1775 1361 abyssos,
1815 1294 1872 1341 et
1907 1283 2111 1354 reptilia

538 1404 835 1459 animarum
891 1396 1164 1455 vivarum,
1212 1398 1267 1444 et
1305 1377 1880 1456 reSponderuntzNou
1929 1389 2113 1430 sumus

541 1494 682 1549 Deus
711 1499 866 1552 tuus;
894 1499 1071 1556 quiere
1099 1494 1258 1552 super
1282 1491 1396 1532 nos.
1428 1471 1748 1542 Interrogavi
1779 1483 1935 1524 auras
1963 1464 2114 1520 ﬂabi-

543 1587 624 1641 Ics
643 1625 659 1650 ,
682 1592 736 1639 et
755 1579 922 1650 inquit
941 1575 1218 1630 universus
1245 1586 1338 1626 aer
1363 1584 1485 1624 cum
1510 1564 1696 1621 incolis
1716 1562 1826 1618 suis
1850 1579 1863 1615 :
1891 1559 2116 1615 Fallitur

543 1675 940 1734 Anaximenes;
997 1681 1103 1721 non
1145 1678 1263 1719 sum
1309 1661 1466 1716 Deus.
1514 1653 1836 1726 Interrogavi
1879 1650 2111 1715 cmlnm,

550 1769 718 1824 solem
737 1808 753 1832 ,
786 1764 960 1818 lunam
985 1800 1000 1825 ,
1029 1755 1237 1821 stellas;
1268 1767 1440 1822 neque
1460 1764 1556 1806 nos
1582 1763 1763 1803 sumus
1791 1746 1930 1800 Deus
1957 1757 2115 1814 quem

544 1857 760 1930 quaeris,
799 1852 1057 1923 inquiunt.
1091 1847 1156 1900 Et
1180 1844 1288 1900 dixi
1334 1841 1578 1897 omnibus
1622 1839 1687 1893 iis
1733 1851 1850 1907 quae
1891 1835 2132 1904 circum:

547 1923 691 2004 stant
711 1947 850 2000 fores
870 1941 1046 1997 carnis
1064 1952 1228 1993 mem:
1249 1932 1465 1989 Dixistis
1483 1931 1608 1985 mihi
1627 1929 1694 1984 de
1712 1928 1822 1982 Deo
1838 1941 1957 1981 meo
1975 1923 2118 1995 quod

544 2054 642 2095 vos
661 2053 765 2092 non
784 2035 932 2100 estis,
955 2031 1112 2086 dicite
1129 2026 1258 2082 milii
1276 2025 1343 2080 de
1359 2024 1448 2078 illo
1462 2019 1676 2092 aliquid.
1703 2017 1769 2072 Et
1784 2015 2120 2073 exclamave-

547 2138 672 2185 runt
700 2141 827 2182 voce
852 2136 1069 2193 magna:
1091 2119 1206 2189 Ipse
1226 2116 1349 2171 fecit
1369 2129 1464 2169 nos
1483 2111 1650 2183 (Psal.
1669 2124 1812 2175 xcrx,
1831 2107 1906 2178 5).
1951 2107 2119 2160 Inter-

546 2219 752 2290 rogatio
771 2230 906 2281 mea,
929 2211 1148 2268 intentio
1164 2223 1282 2264 mea
1301 2226 1316 2274 ;
1335 2215 1388 2262 et
1405 2202 1681 2274 responsio
1696 2215 1900 2264 eorum,
1914 2197 2122 2267 species

544 2288 750 2366 eorum.
790 2306 857 2365 Et
895 2304 1068 2360 direxi
1111 2315 1196 2356 me
1235 2298 1300 2352 ad
1340 2312 1455 2362 me,
1493 2302 1547 2349 et
1581 2293 1690 2347 dixi
1715 2289 1983 2356 mihi,Tu
2003 2288 2123 2360 quis

549 2403 647 2460 es?
677 2401 743 2456 Et
768 2395 1053 2468 respondi,
1097 2393 1289 2448 Homo.
1319 2390 1385 2444 Et
1407 2400 1534 2443 ecce
1562 2398 1756 2454 corpus
1780 2391 1834 2437 et
1858 2383 2032 2437 anima
2067 2381 2120 2435 in

545 2508 636 2547 me
661 2489 791 2546 mihi
819 2495 1012 2558 praesto
1036 2490 1192 2548 sunt;
1224 2495 1387 2534 unum
1416 2477 1666 2542 exterius,
1695 2482 1749 2530 et
1775 2475 1996 2528 alterum
2037 2473 2121 2526 in-

550 2587 734 2642 terius.
778 2581 916 2649 Quid
959 2580 1149 2633 horum
1187 2582 1267 2630 est
1305 2571 1445 2627 unde
1483 2583 1721 2642 quzerere
1758 2567 1914 2622 debui
1957 2566 2122 2620 Deum

550 2693 749 2744 meum,
772 2687 934 2745 quem
948 2670 1056 2742 jam
1074 2667 1415 2739 quazsiveram
1438 2677 1531 2732 per
1551 2675 1740 2730 corpus
1755 2674 1784 2713 a
1803 2667 1941 2713 terra
1957 2671 2126 2726 usque

551 2768 617 2822 ad
663 2765 892 2829 cmlum,
939 2772 1213 2831 quousque
1252 2755 1397 2826 potui
1441 2753 1651 2807 mittere
1680 2749 1920 2810 nuntios,
1948 2745 2126 2801 radios

551 2859 824 2915 oculorum
879 2849 1165 2909 meorum?
1205 2845 1308 2904 Sed
1349 2845 1538 2902 melius
1582 2842 1722 2914 quod
1769 2839 2010 2894 interius.
2063 2835 2127 2891 Ei

550 2950 745 3022 quippe
784 2943 1164 3002 renuntiabant
1199 2951 1386 2994 omnes
1411 2933 1576 2990 nuntii
1602 2930 1906 3002 corporales
1939 2926 2126 2998 praesi-

553 3018 696 3097 denti
735 3048 789 3095 et
822 3033 1079 3108 judicanti
1111 3031 1179 3087 de
1217 3029 1436 3100 singulis
1467 3022 1900 3095 responsionibus
1925 3018 2048 3074 coeli
2073 3025 2130 3073 et

551 3142 710 3188 terra:
729 3139 783 3186 et
807 3128 1046 3184 omnium
1068 3140 1186 3194 qu:e
1212 3124 1266 3178 in
1293 3123 1370 3176 eis
1396 3127 1519 3174 sunt
1538 3117 1824 3173 dicentium
1851 3131 1866 3169 :
1895 3112 2010 3167 Non
2039 3126 2128 3166 su-

552 3238 672 3277 mus
701 3220 841 3275 Deus
863 3261 878 3283 ,
919 3216 1013 3272 sed
1043 3217 1157 3285 ipse
1182 3213 1309 3268 fecit
1337 3226 1453 3266 nos.
1486 3209 1656 3264 Homo
1685 3206 1904 3262 interior
1929 3219 2126 3275 cogno-

555 3313 631 3367 vit
683 3311 795 3365 lucc
841 3323 936 3378 per
978 3303 1255 3361 exterioris
1301 3302 1696 3364 ministerium;
1759 3313 1857 3368 ego
1911 3297 2131 3351 interior

557 3398 780 3470 cognovi
827 3397 976 3463 hzec,
1006 3409 1139 3464 ego,
1179 3407 1278 3462 ego
1312 3391 1522 3445 animus
1549 3405 1645 3460 per
1673 3401 1860 3442 sensus
1891 3385 2128 3454 corporis

559 3491 684 3546 mei.
729 3485 1054 3558 Interrogavi
1095 3483 1278 3539 mundi
1323 3482 1512 3537 molem
1550 3480 1618 3535 de
1653 3481 1764 3534 Deo
1788 3493 1936 3545 meo,
1965 3488 2019 3534 ct
2042 3492 2130 3534 re-

562 3582 777 3653 spondit
802 3580 930 3636 mihi
955 3596 967 3631 ε
994 3577 1108 3633 Non
1130 3591 1228 3646 ego
1258 3590 1373 3631 sum
1391 3616 1406 3640 ,
1436 3572 1530 3628 sed
1557 3573 1670 3644 ipse
1699 3586 1783 3625 me
1812 3571 1952 3626 fecit.

634 3674 723 3730 Io.
761 3671 947 3728 Nonne
970 3668 1215 3724 omnibus
1239 3666 1428 3737 quibus
1452 3665 1654 3734 integer
1682 3677 1868 3717 sensus
1896 3669 1978 3717 est
1996 3702 2011 3728 ,
2039 3675 2133 3732 ap-

561 3777 715 3840 paret
736 3766 854 3820 hzec
877 3763 1115 3834 species?
1137 3759 1248 3815 Cur
1267 3774 1370 3815 nou
1391 3758 1637 3813 omnibus
1657 3756 1842 3812 eadem
1867 3756 2132 3825 loquitur?

561 3858 826 3916 Animalia
855 3856 1044 3926 pusilla
1070 3863 1124 3910 et
1156 3868 1344 3924 magna
1373 3851 1552 3908 vident
1589 3865 1704 3906 eam
1726 3892 1740 3916 ,
1779 3849 1872 3905 sed
1907 3851 2132 3905 interro-

561 3968 686 4025 gare
725 3957 998 4021 nequeunt
1027 3966 1039 4002 :
1068 3961 1174 4003 non
1211 3946 1349 4001 enim
1389 3943 1671 4016 praeposita
1696 3950 1779 3998 est
1806 3941 1857 3996 in
1888 3941 1969 3997 eis
1995 3957 2134 3996 nuu-

562 4042 813 4099 tianlibus
849 4039 1095 4096 sensibus
1129 4036 1292 4107 judex
1335 4039 1490 4090 ratio.
1537 4033 1790 4089 Homines
1815 4041 1991 4088 autem
2013 4047 2136 4103 pos-

563 4146 687 4192 sunt
705 4136 1031 4203 interrogare
1049 4171 1065 4196 ,
1095 4136 1152 4184 ut
1175 4127 1452 4183 invisibilia
1479 4126 1608 4192 Dei,
1635 4141 1733 4196 per
1759 4139 1822 4181 ea
1850 4139 1968 4194 quae
1997 4123 2137 4179 facta

563 4236 716 4287 sunt.
770 4222 1035 4278 intellecta
1087 4219 1478 4288 conSpiciantur
1511 4217 1529 4248 ¹
1563 4216 1746 4287 (Rom.
1786 4232 1840 4276 ι.
1871 4213 2001 4287 20);
2041 4214 2138 4270 sed

566 4332 748 4375 amore
768 4314 1066 4372 subduntur
1089 4314 1188 4376 eis,
1216 4319 1271 4366 et
1288 4308 1484 4364 subditi
1505 4307 1746 4378 judicare
1767 4321 1870 4360 non
1899 4315 2134 4375 possunt.

567 4410 678 4465 Nec
707 4404 1030 4478 respondent
1054 4402 1150 4458 ista
1172 4398 1617 4469 interrogantibus
1635 4397 1734 4451 nisi
1751 4395 2136 4466 judicantibus;

570 4519 669 4559 nec
706 4515 893 4558 vocem
934 4512 1083 4553 suam
1125 4501 1364 4558 mutant,
1407 4489 1461 4544 id
1485 4498 1567 4545 est
1594 4488 1826 4559 speciem
1866 4502 2051 4553 suam,
2092 4486 2142 4541 si

573 4595 708 4647 alius
750 4599 951 4644 tantum
999 4585 1208 4649 videat,
1240 4582 1374 4636 alius
1397 4589 1574 4635 autem
1610 4577 1798 4633 videns
1823 4577 2138 4646 interroget,

571 4693 630 4738 ut
656 4683 810 4736 aliter
843 4680 921 4734 illi
956 4684 1239 4749 appareat,
1277 4673 1429 4727 aliter
1453 4669 1614 4736 huic;
1645 4669 1739 4724 sed
1769 4669 1955 4724 eodem
1983 4665 2142 4722 modo

573 4773 782 4841 utrique
820 4782 1115 4839 apparens,
1151 4765 1228 4820 illi
1266 4772 1412 4819 muta
1439 4771 1550 4826 est,
1583 4759 1703 4816 huic
1737 4759 1966 4829 loquitur
1993 4776 2005 4812 :
2034 4757 2142 4812 imo

571 4880 699 4921 vero
737 4861 985 4918 omnibus
1025 4858 1290 4928 loquitur;
1332 4855 1426 4912 sed
1462 4855 1544 4910 illi
1584 4853 1884 4922 intelligunt
1915 4850 2006 4920 qui
2027 4849 2143 4918 ejus

571 4971 759 5017 vocem
801 4961 1070 5022 acceptam
1113 4948 1242 5006 foris
1278 4949 1417 5003 intus
1451 4961 1570 5001 cum
1598 4943 1824 4998 veritate
1841 4940 2140 4997 conferunt.

575 5048 784 5105 Veritas
825 5044 969 5100 enim
1006 5041 1135 5096 dicit
1169 5038 1296 5094 mihi
1321 5055 1333 5092 :
1361 5038 1476 5092 Non
1501 5045 1584 5091 est
1611 5036 1750 5090 Deus
1779 5042 1897 5088 tuus
1917 5031 2141 5096 coelum,

570 5148 626 5197 et
669 5148 846 5200 terra;
892 5147 1064 5202 neque
1103 5145 1260 5186 omne
1295 5143 1508 5199 corpus.
1538 5127 1650 5182 Hoc
1678 5126 1804 5181 dicit
1831 5139 2014 5181 eorum
2045 5139 2143 5178 na-

572 5241 688 5285 tura
734 5224 974 5282 videnti:
1002 5221 1164 5278 Moles
1201 5228 1317 5284 est;
1355 5217 1526 5273 moles
1565 5217 1738 5272 minor
1777 5225 1861 5270 est
1899 5217 1951 5270 in
1994 5222 2145 5285 parte

567 5335 725 5392 quam
754 5319 806 5372 in
834 5323 963 5370 toto.
1008 5311 1123 5368 Iam
1160 5318 1216 5365 tu
1260 5308 1448 5367 melior
1482 5322 1576 5371 es;
1621 5305 1716 5360 tibi
1749 5305 1901 5371 dico,
1929 5305 2140 5367 anima;

570 5411 817 5483 quoniam
845 5416 905 5462 tu
931 5411 1146 5474 vegetas
1173 5400 1367 5457 molem
1412 5396 1650 5467 corporis
1688 5395 1796 5461 tui,
1826 5395 2070 5463 praebens
2092 5394 2145 5448 ei

576 5505 767 5567 vitam,
818 5496 959 5570 quod
1002 5493 1205 5549 nullum
1251 5505 1446 5561 corpus
1484 5495 1701 5558 praestat
1738 5485 1970 5554 corpori.
2005 5485 2143 5543 Deus
2185 5485 2226 5556 μ

583 5602 752 5649 autem
777 5601 899 5646 tuus
925 5586 1085 5642 etiam
1114 5582 1208 5638 tibi
1232 5582 1353 5637 vitae
1376 5582 1482 5635 vita
1506 5587 1587 5634 est
1605 5578 1649 5631 ‘.

633 5737 651 5766 ί
671 5731 1145 5796 ρωωρέςίωιι,]ιιιω
1164 5729 1198 5777 5
1218 5736 1322 5777 Mss.
1348 5733 1478 5796 Mart.
1502 5731 1557 5796 μ.

637 5780 903 5841 (siem.
939 5780 1160 5848 et'uss.;
1191 5796 1242 5840 at
1262 5797 1360 5837 Am.
1394 5793 1467 5840 Er.
1501 5780 1784 5846 t.ov.,etiam
1817 5780 1905 5837 tibi
1926 5781 2020 5838 vita
2050 5792 2138 5843 est.

580 5878 638 5892 —-
655 5854 728 5906 Sic
749 5853 894 5905 etiam
915 5859 1032 5902 ven.
1059 5857 1110 5901 et
1131 5850 1275 5917 tugd.
1300 5856 1353 5899 \I.

1703 6055 1782 6063 λ...ν

1656 415 2170 486 CONFESSIONUH
2204 415 2260 473 S.
2305 406 2666 473 AUGUSTINI

3657 409 3746 474 tu

2812 553 3034 611 CAPUT
3077 551 3180 609 VII.

2295 673 2548 743 Corporea
2568 679 2657 724 aut
2681 668 2913 725 sensitiva
2938 670 3119 723 uirtute
3143 666 3283 722 Deus
3300 682 3402 722 non
3422 665 3682 723 incutitur.

2284 791 2372 845 II.
2411 787 2547 856 Quid
2571 801 2700 857 ergo
2724 799 2845 840 amo
2864 824 2880 850 ,
2909 799 3032 840 cum
3061 784 3226 839 Deum
3256 797 3433 838 meum
3461 781 3615 836 amo?
3641 781 3753 850 Quis

2213 891 2297 937 est
2324 881 2413 936 ille
2435 893 2596 950 super
2616 885 2773 948 caput
2789 876 2982 931 animae
3013 875 3186 930 meae?
3223 873 3325 930 Per
3359 873 3529 944 ipsam
3550 872 3754 928 animum

2217 989 2390 1030 meam
2430 970 2714 1027 ascendam
2739 969 2806 1025 ad
2831 969 2999 1023 illum.
3031 964 3290 1022 Transibo
3315 965 3422 1020 vim
3446 979 3614 1020 meam
3631 1004 3647 1029 ,
3668 979 3756 1035 qua

2218 1065 2396 1120 luereo
2435 1063 2682 1134 corpori,
2725 1071 2780 1117 et
2817 1059 3050 1116 vitaliter
3087 1070 3396 1127 compagem
3435 1055 3552 1126 ejus
3580 1053 3756 1126 repleo.

2217 1156 2333 1212 Non
2373 1171 2434 1212 ea
2474 1155 2525 1210 vi
2570 1153 2778 1224 reperio
2821 1152 2988 1208 Deum
3030 1164 3206 1205 meum
3230 1166 3246 1203 :
3267 1161 3390 1204 nam
3435 1145 3681 1216 reperiret
3716 1156 3761 1202 et

2217 1263 2418 1321 equus,
2449 1257 2503 1304 et
2539 1247 2746 1311 mulus,
2789 1245 2982 1316 quibus
3019 1258 3124 1298 non
3161 1249 3244 1296 est
3277 1239 3576 1296 intellectus
3613 1235 3758 1309 (Ρωι.

2221 1358 2384 1405 xui,
2407 1339 2501 1414 9);
2528 1341 2647 1410 quia
2674 1348 2755 1394 est
2774 1337 2963 1394 eadem
2986 1335 3068 1392 vis
3085 1349 3188 1406 qua
3216 1334 3402 1389 vivunt
3421 1333 3580 1388 etiam
3602 1345 3758 1387 eorum

2219 1447 2464 1504 corpora.
2505 1430 2603 1485 Est
2638 1429 2741 1485 alia
2784 1428 2866 1484 vis
2903 1441 3008 1482 non
3054 1425 3225 1480 solum
3267 1438 3371 1494 qua
3413 1421 3648 1486 viviﬁco,
3684 1419 3761 1476 sed

2220 1525 2380 1581 etiam
2399 1537 2501 1594 qua
2521 1521 2768 1577 seusiiico
2791 1533 3010 1575 carnem
3035 1532 3208 1572 meam
3233 1530 3392 1586 quam
3414 1512 3541 1567 mihi
3567 1511 3761 1567 fabrica-

2219 1615 2297 1671 vit
2333 1614 2622 1680 Dominus;
2657 1613 2852 1682 jubens
2883 1609 3036 1667 oculo
3062 1616 3116 1663 ut
3155 1621 3260 1662 non
3287 1603 3502 1668 audiat,
3527 1610 3582 1658 et
3599 1601 3700 1656 auri
3716 1613 3762 1656 ut

2223 1721 2326 1762 non
2353 1705 2560 1771 videat;
2590 1703 2684 1759 sed
2705 1703 2780 1758 illi
2805 1717 2902 1774 per
2918 1716 3076 1772 quem
3095 1697 3302 1754 videam
3325 1714 3343 1763 ;
3373 1693 3500 1750 huic
3521 1708 3612 1764 per
3631 1708 3761 1763 quam

2223 1798 2468 1854 audiam:
2501 1805 2554 1854 et
2571 1795 2784 1868 propria
2811 1794 3116 1866 singillatim
3145 1790 3357 1848 caeteris
3385 1787 3623 1845 sensibus
3644 1785 3759 1842 sedi-

2222 1891 2322 1947 bus
2346 1890 2457 1946 suis
2479 1897 2534 1945 et
2554 1888 2743 1944 ofﬁciis
2763 1887 2906 1952 suis;
2928 1901 3047 1957 quae
3065 1884 3272 1940 diversa
3298 1897 3396 1954 per
3419 1894 3516 1936 eos
3539 1894 3632 1951 ago
3652 1892 3760 1934 unus

2225 1996 2324 2052 ego
2347 1982 2555 2036 animus
2581 1982 2622 2035 ³.
2655 1980 2916 2036 Transibo
2941 1987 2998 2035 et
3025 1979 3181 2033 istam
3213 1976 3322 2030 vim
3356 1989 3568 2030 meam:
3590 1986 3698 2028 nam
3719 1980 3762 2026 et

2225 2073 2362 2128 hanc
2388 2073 2549 2128 habet
2591 2087 2759 2142 equus
2783 2113 2798 2139 ,
2841 2081 2895 2126 ct
2935 2069 3144 2136 mulus;
3183 2065 3423 2124 sentiunt
3451 2065 3598 2139 enim
3629 2062 3758 2120 etiam

2226 2167 2326 2236 ipsi
2354 2179 2450 2235 per
2472 2177 2682 2234 corpus.

2819 2251 3043 2311 CAPUT
3079 2252 3214 2309 VIII.

2822 2355 3088 2411 Memoria:
3109 2353 3203 2410 vis.

2301 2473 2390 2529 12.
2430 2472 2688 2527 Transibo
2716 2485 2841 2542 ergo
2867 2477 2922 2525 et
2947 2470 3101 2526 istam
3125 2468 3231 2524 vim
3257 2474 3464 2523 natura:
3494 2481 3638 2537 mea,
3659 2482 3754 2538 gra-

2230 2565 2384 2620 dibus
2420 2563 2711 2619 ascendens
2749 2562 2816 2617 ad
2855 2577 2976 2617 eum
3014 2560 3102 2632 qui
3141 2560 3266 2615 fecit
3290 2575 3409 2625 me;
3450 2567 3507 2615 et
3542 2560 3670 2615 venio
3702 2559 3748 2614 iu

2231 2672 2446 2728 campos
2474 2664 2527 2712 et
2555 2657 2658 2711 lata
2686 2654 2935 2726 prretoria
2961 2653 3233 2709 memorire
3255 2694 3268 2717 ,
3296 2652 3387 2708 ubi
3413 2660 3526 2708 sunt
3553 2651 3743 2708 thesauri

2233 2747 2694 2803 innumerabilium
2731 2745 3018 2817 imaginum
3066 2745 3136 2801 de
3180 2744 3536 2815 cujuscemodi
3567 2745 3587 2778 ¹
3615 2742 3748 2799 rebus

2232 2840 2404 2895 sensis
2429 2839 2774 2893 invectarum.
2806 2836 2880 2892 Ibi
2907 2836 3236 2892 reconditum
3262 2847 3347 2893 est
3373 2836 3605 2909 quidquid
3623 2836 3750 2892 etiam

2233 2930 2525 2999 cogitamus
2543 2971 2556 2994 ,
2588 2929 2671 2985 vel
2697 2928 2936 2999 augendo
2954 2928 3036 2984 vel
3060 2928 3352 2985 minuendo
3370 2972 3385 2997 ,
3411 2931 3494 2986 vel
3523 2939 3752 2998 utcumque

2235 3020 2488 3075 varianda
2529 3035 2592 3076 ea
2637 3035 2756 3091 quae
2794 3035 2984 3076 sensus
3020 3021 3286 3092 attigerit;
3331 3030 3388 3077 et
3420 3022 3466 3076 si
3502 3019 3611 3091 quid
3638 3017 3748 3074 aliud

2234 3109 2658 3165 commendatum
2697 3118 2752 3164 et
2791 3110 3083 3180 repositum
3120 3120 3235 3178 est,
3271 3109 3412 3181 quod
3449 3109 3650 3165 nonduin
3669 3107 3748 3162 ab-

2234 3200 2439 3256 sorbuit
2465 3208 2520 3256 et
2547 3200 2795 3270 sepelivit
2821 3201 3037 3257 oblivio.
3059 3200 3134 3256 Ibi
3158 3200 3371 3272 quando
3388 3217 3530 3268 sum,
3565 3209 3754 3272 poscunt

2233 3289 2538 3362 proferatur
2582 3289 2832 3362 quidquid
2873 3291 2993 3346 volo
3017 3333 3032 3358 ,
3077 3300 3133 3347 et
3174 3291 3415 3363 quaedam
3464 3292 3628 3347 statim
3661 3303 3757 3360 pm-

2235 3383 2434 3445 deunt;
2475 3382 2713 3454 quaedam
2756 3382 3094 3453 requiruntur
3130 3381 3357 3449 diutius,
3386 3391 3681 3454 ettanquaui
3705 3380 3754 3434 de

2237 3472 2651 3528 abstrusioribus
2669 3473 2982 3543 quibusdam
3005 3474 3349 3544 receptaculis
3367 3483 3636 3536 emuntur;
3651 3486 3754 3542 qua-

2237 3563 2361 3619 dam
2381 3563 2688 3618 catervatim
2709 3577 2768 3618 se
2792 3573 3048 3634 proruunt
3073 3563 3113 3630 ³,
3140 3573 3195 3620 et
3219 3562 3347 3620 dum
3374 3564 3509 3621 aliud
3533 3564 3755 3636 petitura

2237 3657 2532 3724 quaeritur,
2578 3653 2860 3723 prosiliunt
2895 3655 2948 3709 in
2988 3654 3221 3710 medium
3259 3656 3409 3726 quasi
3445 3652 3755 3722 dicentia,Ne

2241 3745 2381 3802 forte
2422 3759 2520 3801 nos
2558 3744 2779 3800 sumus?
2822 3745 2888 3800 Et
2922 3745 3078 3816 abigo
3115 3760 3179 3800 ea
3224 3760 3385 3801 manu
3422 3745 3588 3802 cordis
3611 3743 3754 3799 alacie

2242 3839 2627 3896 recordationis
2667 3853 2834 3903 meze,
2882 3838 3054 3893 donec
3093 3837 3395 3894 enubiletur
3417 3837 3550 3909 quod
3584 3839 3606 3870 ⁸
3631 3837 3752 3900 volo,

2247 3941 2406 4003 atque
2431 3934 2483 3988 in
2511 3940 2848 4001 conspectum
2872 3930 3091 4002 prodeat
3111 3946 3177 3987 ex
3205 3931 3418 3987 abditis.
3447 3932 3554 3986 Alia
3577 3930 3756 3985 faciliter

2247 4035 2405 4096 atque
2435 4023 2811 4096 imperturbata
2841 4023 2978 4079 serie
2997 4065 3012 4089 ,
3048 4025 3185 4079 sicut
3217 4032 3501 4094 poscuntur
3519 4035 3757 4094 suggerit-

2246 4126 2364 4183 tur;
2397 4125 2452 4172 et
2489 4116 2684 4171 cedunt
2720 4114 3069 4186 praecedentia
3109 4114 3573 4185 consequentibus;
3614 4121 3661 4168 et
3689 4123 3755 4166 ce-

2249 4207 2426 4263 dendo
2467 4207 2797 4270 conduntur,
2839 4206 3028 4261 iterum
3067 4220 3187 4260 cum
3224 4205 3442 4260 voluero
3478 4213 3754 4275 processu“.

2248 4297 2399 4365 Quod
2425 4306 2592 4353 totum
2626 4297 2712 4362 Iit,
2740 4312 2858 4352 cum
2887 4294 3080 4365 aliquid
3101 4308 3262 4350 narro
3281 4295 3589 4350 memoriter.

2247 4399 2264 4434 'r
2323 4391 2409 4446 4'5.
2438 4389 2513 4445 Ibi
2542 4397 2664 4444 sunt
2687 4387 2860 4443 omnia
2886 4387 3133 4441 distincte
3156 4387 3544 4457 generatimque
3562 4388 3753 4445 serrata.

2251 4497 2368 4553 qua:
2405 4495 2501 4536 suo
2526 4494 2748 4550 quaeque
2790 4477 2932 4533 aditu
2967 4477 3167 4547 ingesta
3204 4486 3362 4543 sunt,
3389 4475 3520 4531 sicut
3541 4475 3613 4528 lux
3631 4480 3756 4541 atque

2251 4587 2438 4627 omnes
2467 4571 2674 4628 colores
2711 4571 2998 4640 formmque
3023 4582 3304 4638 corporum
3343 4581 3438 4639 per
3471 4566 3653 4627 oculos;
3681 4572 3789 4643 perr

2253 4679 2410 4719 aures
2432 4671 2608 4718 autem
2624 4661 2800 4716 omnia
2812 4675 3007 4731 genera
3022 4674 3274 4714 sonorum
3294 4677 3309 4724 ;
3325 4671 3596 4728 omnesque
3607 4651 3756 4709 odores

2255 4770 2351 4826 per
2373 4752 2572 4809 aditum
2595 4752 2801 4806 uarium
2819 4769 2833 4818 ;
2867 4765 3052 4805 omnes
3067 4765 3286 4820 sapores
3302 4764 3398 4820 per
3409 4751 3515 4804 oris
3533 4745 3755 4804 adiuuit:a

2254 4859 2418 4902 sensu
2438 4853 2614 4900 autem
2635 4841 2798 4897 totius
2818 4842 3054 4913 corporis
3071 4880 3088 4908 ,
3107 4841 3235 4912 quid
3253 4843 3460 4907 durum,
3479 4837 3592 4911 quid
3607 4831 3753 4892 mole.

2257 4939 2385 5010 quid
2415 4939 2639 4994 calidum
2680 4937 3028 5009 frigidumve,
3073 4935 3192 4991 leue
3231 4943 3323 4990 aut
3357 4937 3756 5004 asperumJﬂ'e

2254 5046 2350 5086 seu
2364 5031 2499 5096 leve,
2514 5030 2626 5085 sive
2641 5029 2968 5085 extrinsecus
2999 5025 3111 5081 sive
3126 5026 3439 5081 intrinsecus
3451 5021 3652 5093 corpori.
3664 5015 3756 5071 [Iac

2256 5124 2434 5179 omnia
2474 5122 2662 5193 recipit
2685 5119 2964 5177 recolenda
2989 5134 3108 5174 cum
3143 5133 3279 5188 opus
3303 5128 3386 5175 est
3412 5125 3464 5172 et
3484 5103 3752 5171 retractant!1

2256 5214 2470 5285 grandis
2493 5212 2761 5268 memoria:
2779 5225 3042 5277 recessus,
3063 5218 3117 5265 et
3133 5209 3316 5265 nescio
3332 5208 3418 5279 qui
3445 5203 3613 5262 secreti
3635 5205 3753 5266 atque

2257 5307 2548 5363 ineﬂ'abiles
2573 5305 2720 5362 sinus
2748 5305 2894 5375 ejus;
2922 5317 3039 5374 quae
3058 5302 3233 5357 omnia
3253 5302 3362 5356 suis
3378 5311 3582 5371 quaque
3601 5287 3753 5348 foribs

2255 5399 2454 5453 intrant
2477 5397 2543 5452 ad
2570 5411 2686 5451 eam
2708 5438 2723 5462 ,
2753 5404 2808 5452 et
2833 5400 3161 5466 reponuntur
3188 5392 3241 5448 iu
3263 5405 3348 5448 ea.
3375 5389 3477 5446 Nec
3500 5387 3599 5458 ipsa
3620 5386 3750 5436 ωε·

2253 5491 2488 5558 intrant,
2532 5487 2627 5545 sed
2664 5503 2840 5544 rerum
2882 5500 3156 5542 sensarum
3196 5483 3444 5554 imagines
3478 5477 3574 5534 illic
3603 5471 3750 5545 pra”

2320 5662 2339 5693 ι
2371 5666 2500 5724 ωαψς
2521 5669 2611 5724 ago
2628 5654 2841 5724 animus,
2860 5657 2997 5719 juxta
3026 5662 3143 5704 Ven.
3169 5660 3242 5724 M._
3336 5713 3352 5724 ι
3414 5717 3449 5724 __
3681 5653 3713 5694 εν

2320 5725 2343 5754 ³
2368 5713 2732 5783 Πιῄυδεὲιηοάὶ,
2753 5713 2890 5780 1ωέῑέ
2912 5725 2986 5767 Er.
3012 5724 3127 5766 Ven.
3153 5724 3206 5766 et
3225 5713 3368 5778 uagd.
3413 5717 3464 5763 lt.

2318 5785 2341 5816 ³
2364 5781 2675 5846 septumum,
2691 5781 2828 5844 juxta
2851 5787 2970 5830 Ven.
2994 5785 3047 5827 Μ.

2315 5849 2336 5882 ’⁸
2374 5837 2495 5896 lui“,
2517 5837 2819 5918 quodaj'uxta
2839 5858 2912 5901 Fr.
2939 5857 3052 5902 Ven.
3080 5837 3221 5902 lnsd-
3247 5843 3285 5886 BI
