3926 6272
191 411 276 471 πε
648 334 657 340 ’
785 331 798 337 ’
1481 373 1684 433 LIBER
1718 371 1739 428 ι

1858 369 2031 428 lMUS.

187 535 292 590 amt
316 517 600 596 cogitationi
643 510 1003 572 reminiscenti
1039 521 1152 565 eas.
1181 505 1312 575 Quae
1337 497 1716 596 quomodo‘l'a-

187 623 370 682 prima:
381 594 484 672 sint
506 613 624 685 quis
651 609 810 676 dicit,
839 621 960 663 cum
984 611 1234 675 appareat
1258 600 1450 672 quibus
1474 594 1718 654 sensibus

188 725 325 788 raptas
341 711 438 766 sint
453 705 781 775 interiusque
814 697 1140 758 reconditae?
1164 695 1297 752 Nam
1326 703 1380 788 et
1404 693 1456 747 in
1487 688 1720 788 tenebris

188 784 318 876 atque
333 802 380 856 in
406 797 613 855 silentio
636 795 764 850 dum
788 793 996 857 habito,
1027 791 1082 845 in
1120 787 1374 844 memoria
1399 799 1529 876 mea,
1547 784 1564 816 ⁸
1594 795 1720 852 pro-

189 874 308 962 iero,
347 892 389 948 si
430 891 580 953 volo,
622 887 860 952 colores;
905 894 960 940 et
999 883 1246 938 discerno
1288 879 1424 932 inter
1464 874 1642 931 album
1669 879 1726 928 et

191 989 390 1060 nigrum,
415 989 465 1036 et
501 980 642 1034 inter
675 991 810 1048 quos
837 975 972 1031 alios
995 973 1117 1027 volo
1142 989 1156 1025 :
1186 985 1285 1024 nec
1307 962 1724 1060 incurruntsoni

190 1056 321 1150 atque
343 1071 663 1145 perturbant,
680 1068 821 1140 quod
843 1082 938 1137 per
954 1065 1138 1121 oculos
1153 1062 1398 1116 haustum
1420 1056 1722 1150 considero,

192 1149 356 1228 cantet
378 1164 474 1237 ipsi
517 1163 657 1227 sint,
690 1170 744 1216 et
783 1158 934 1230 quasi
972 1169 1213 1211 seorsum
1241 1150 1457 1222 repositi
1503 1149 1723 1204 lateant.

194 1263 298 1320 Nam
324 1267 372 1314 et
392 1257 531 1326 ipsos
556 1267 724 1324 posco
745 1252 789 1306 si
816 1250 1018 1320 placet,
1044 1255 1204 1317 atque
1235 1244 1430 1299 adsunt
1469 1241 1629 1295 illico.
1661 1238 1729 1294 Et

196 1353 450 1424 quiescente
478 1345 658 1415 lingua
703 1357 766 1398 ac
807 1341 996 1396 silente
1035 1347 1249 1409 gutture
1275 1342 1433 1390 canto
1473 1339 1727 1424 quantum

195 1421 314 1506 volo;
340 1437 692 1508 imaginesque
720 1433 825 1488 illae
862 1431 1098 1488 colorum
1139 1443 1258 1498 quze
1287 1424 1628 1480 nihilominus
1657 1421 1728 1477 ibi

192 1540 318 1597 sunt,
352 1543 449 1584 non
481 1542 541 1581 se
576 1526 926 1594 interponunt
952 1535 1126 1590 neque
1150 1519 1570 1585 interrumpunt,
1607 1528 1729 1569 cum

194 1625 431 1680 thesaurus
453 1619 589 1674 alius
612 1624 936 1674 retractatur
951 1616 1041 1684 qui
1071 1609 1276 1667 inﬂuxit
1303 1610 1371 1665 ab
1393 1608 1625 1664 auribus.
1654 1604 1731 1660 lta

191 1723 348 1770 cetera
373 1726 486 1782 quae
504 1725 601 1779 per
619 1722 813 1763 sensus
833 1713 1057 1760 caeteros
1078 1702 1278 1772 ingesta
1306 1709 1465 1770 atque
1481 1703 1730 1767 congesta

194 1816 324 1873 sunt,
362 1801 612 1860 recordor
654 1808 814 1872 prout
837 1798 1008 1854 libet:
1047 1804 1104 1853 et
1125 1809 1312 1850 auram
1355 1793 1582 1847 liliorum
1621 1790 1732 1845 dis-

194 1914 325 1955 cerno
359 1911 387 1950 a
412 1895 597 1959 violis,
643 1891 780 1948 nihil
813 1889 1094 1952 oll'aciens;
1131 1894 1186 1942 et
1207 1885 1310 1940 mel
1338 1882 1585 1948 defruto,
1617 1880 1735 1936 lene

194 2006 348 2061 aspero
363 2033 378 2057 ,
401 1989 526 2045 nihil
558 1997 690 2044 tunc
715 1983 978 2058 gustando
1002 1995 1174 2052 neque
1199 1974 1580 2035 contrectando
1597 2014 1612 2039 ,
1640 1972 1735 2029 sed

195 2083 536 2144 reminiscendo
557 2090 854 2152 antepono.

254 2177 326 2232 η.
350 2176 484 2231 lntus
511 2174 629 2229 hmo
654 2187 791 2244 ago,
819 2170 874 2226 in
902 2170 1020 2224 aula
1059 2166 1256 2238 ingenti
1283 2163 1556 2220 memoria:
1579 2177 1733 2216 meae.

201 2267 261 2322 lbi
285 2266 401 2321 enim
423 2264 552 2320 mihi
577 2263 782 2320 coelum
811 2269 866 2318 et
903 2269 1042 2315 terra
1075 2265 1131 2313 et
1171 2271 1317 2312 mare
1358 2262 1554 2325 prmsto
1580 2259 1735 2318 sunt,

197 2373 294 2412 cum
311 2356 535 2412 omnibus
559 2370 685 2425 quae
710 2353 762 2408 in
781 2352 860 2408 eis
880 2350 1079 2407 sentire
1107 2349 1278 2418 potui,
1303 2355 1495 2417 praeter
1515 2345 1600 2400 illa
1621 2359 1739 2414 qua:

197 2447 357 2503 oblitus
379 2462 510 2502 sum.
541 2445 621 2501 lbi
639 2452 700 2500 et
728 2444 841 2514 ipse
864 2442 995 2497 mihi
1024 2454 1277 2504 occurro,
1303 2453 1496 2508 meque
1521 2436 1702 2492 recolo
1719 2477 1735 2502 ,

197 2538 322 2609 quid,
367 2537 601 2608 quando,
659 2545 719 2591 et
763 2534 853 2590 ubi
897 2533 1129 2604 egerim,
1160 2545 1370 2601 quoque
1416 2528 1575 2583 modo
1615 2541 1738 2582 cum

195 2643 370 2698 agerem
394 2627 608 2683 allectus
640 2626 857 2682 fuerim.
895 2623 970 2678 lbi
1001 2632 1126 2678 sunt
1150 2622 1326 2678 omnia
1352 2635 1469 2691 qua:
1498 2620 1610 2674 sive
1648 2634 1741 2674 ex-

192 2728 311 2789 perta
331 2735 357 2772 a
380 2734 464 2775 me
481 2719 593 2776 sive
623 2718 826 2775 credita
850 2717 1086 2772 memini.
1107 2715 1183 2769 Ex
1207 2713 1390 2769 eadem
1411 2711 1561 2781 copia
1582 2710 1739 2766 etiam

194 2812 518 2868 similitudines
542 2826 734 2869 rerum
772 2811 859 2866 vel
901 2818 1237 2880 expertarum
1258 2847 1274 2874 ,
1302 2807 1385 2861 vel
1413 2821 1478 2860 ex
1507 2804 1586 2859 eis
1611 2817 1742 2873 quas

195 2913 402 2974 expertus
435 2920 547 2962 sum
589 2905 954 2964 creditarum.
996 2902 1127 2956 alias
1167 2909 1326 2970 atque
1363 2899 1497 2953 alias
1535 2905 1589 2952 et
1629 2897 1742 2966 ipse

197 3005 384 3053 contexo
403 2997 724 3067 praeteritis,
751 3003 910 3066 atque
934 3009 1000 3048 ex
1027 2994 1110 3047 bis
1147 2992 1304 3046 etiam
1345 2992 1548 3045 futuras
1577 2989 1742 3044 actio-

198 3102 276 3144 nes
311 3097 360 3144 et
394 3097 576 3146 eventa
627 3096 684 3143 et
723 3102 877 3158 spes,
916 3095 973 3141 et
1009 3084 1126 3140 haec
1161 3083 1337 3139 omnia
1377 3095 1560 3137 rursus
1594 3079 1743 3150 quasi

199 3181 434 3248 praesentia
473 3179 731 3236 meditor.
770 3177 981 3234 Faciam
1025 3175 1127 3230 hoc
1152 3183 1243 3229 aut
1269 3173 1394 3228 illud
1417 3213 1432 3238 ,
1461 3172 1579 3226 dico
1601 3169 1742 3240 apud

201 3272 333 3327 ntein
354 3273 457 3344 ipso
484 3272 692 3343 ingenti
722 3269 841 3326 sinu
879 3268 1039 3323 animi
1065 3267 1169 3322 mei
1209 3266 1367 3336 pleno
1388 3273 1465 3320 tot
1488 3272 1542 3318 et
1566 3270 1741 3316 tanta-

201 3376 300 3416 rum
321 3379 476 3420 rerum
503 3362 865 3432 imaginibus;
897 3369 952 3414 et
975 3359 1077 3414 hoc
1112 3365 1205 3412 aut
1246 3355 1374 3412 illud
1399 3366 1669 3424 sequetur.
1699 3353 1744 3408 Ο

208 3455 247 3509 si
262 3467 380 3512 esset
397 3457 485 3514 hoc
504 3467 609 3513 aut
624 3457 755 3513 illud
775 3457 788 3512 !
813 3456 1031 3510 Avertat
1054 3455 1194 3509 Deus
1219 3453 1321 3508 hoc
1343 3459 1433 3507 aut
1453 3451 1600 3506 illud.
1617 3450 1744 3504 Dico

211 3545 328 3613 apud
347 3548 520 3604 meista
549 3567 566 3602 :
601 3557 658 3603 ct
681 3562 800 3601 cum
825 3545 966 3609 dico,
995 3553 1188 3614 praesto
1203 3551 1325 3598 sunt
1363 3541 1618 3608 imagines
1631 3553 1746 3593 om-

210 3638 328 3693 nium
364 3657 466 3710 qua:
505 3642 638 3698 dico
681 3655 747 3696 ex
791 3638 978 3694 eodem
1021 3636 1272 3692 thesauro
1302 3634 1604 3698 memoriae,
1646 3646 1746 3686 nec

206 3731 386 3784 omnino
407 3732 608 3803 aliquid
631 3747 820 3787 eorum
845 3729 1080 3785 dicerem
1109 3727 1154 3782 si
1183 3724 1494 3781 defuissent.

261 3822 334 3876 l5.
366 3822 540 3894 Magna
590 3823 690 3878 ista
732 3822 816 3878 vis
857 3829 940 3876 est
981 3817 1282 3882 memorim,
1327 3831 1514 3886 magna
1556 3815 1743 3882 nimis,

205 3910 320 3968 Deus
346 3929 484 3970 meus
502 3957 518 3980 ,
551 3913 829 3984 penetrale
856 3912 1091 3982 amplum
1118 3917 1169 3965 et
1213 3909 1498 3964 inﬁnitum.
1526 3909 1654 3977 Quis
1678 3909 1746 3964 ad

204 4004 388 4063 laudum
414 4007 526 4078 ejus
553 4005 832 4078 pervenit?
856 4005 926 4059 Et
952 4005 1031 4058 vis
1057 4013 1140 4059 est
1168 4003 1281 4057 Itazc
1307 4001 1466 4056 animi
1494 4001 1627 4066 mei,
1663 4009 1746 4056 at-

202 4109 288 4164 que
313 4097 372 4151 ad
408 4114 584 4155 meam
620 4108 862 4153 naturam
905 4096 1166 4165 pertinet;
1197 4109 1298 4149 nec
1332 4108 1432 4162 ego
1458 4096 1570 4163 ipse
1594 4092 1747 4162 capio

204 4191 344 4242 totum
361 4189 494 4260 quod
523 4203 668 4244 sum.
698 4187 840 4257 Ergo
859 4186 1069 4240 animus
1090 4184 1158 4238 ad
1187 4183 1487 4239 habendum
1514 4183 1747 4254 seipsum

201 4286 422 4346 angustus
446 4289 551 4336 est.
578 4279 644 4334 Et
669 4277 756 4332 ubi
792 4279 895 4343 sit,
925 4274 1067 4346 quod
1095 4275 1175 4330 sui
1201 4289 1308 4329 non
1332 4273 1471 4344 capit
1499 4274 1555 4327 ’Ἰ
1582 4273 1748 4330 Num-

201 4365 308 4433 quid
329 4380 465 4423 extra
489 4369 668 4438 ipsum
694 4382 760 4422 ac
786 4381 890 4422 non
916 4366 970 4421 in
1001 4364 1154 4436 ipso?
1176 4362 1455 4430 Quomodo
1481 4378 1607 4434 ergo
1641 4378 1747 4417 non

202 4456 352 4526 capit?
376 4457 535 4514 llulta
566 4458 695 4513 milii
725 4471 886 4526 super
911 4455 1010 4512 hoc
1035 4454 1275 4510 oboritur
1296 4452 1574 4509 admiratio
1593 4493 1607 4518 ,
1631 4462 1747 4508 stu-

208 4560 288 4612 por
316 4549 658 4619 apprehendit
696 4564 802 4605 me.
840 4547 909 4602 Et
945 4555 1074 4602 eunt
1102 4546 1342 4601 homines
1367 4545 1617 4600 admirari
1644 4545 1749 4600 alta

211 4640 432 4697 montium
451 4684 467 4710 ,
499 4653 554 4698 et
577 4643 820 4712 ingentes
847 4640 1034 4695 ﬂuctus
1062 4639 1222 4694 maris
1239 4681 1254 4704 ,
1282 4647 1336 4694 et
1359 4638 1643 4693 latissimos
1672 4637 1750 4692 la-

210 4739 316 4794 psus
331 4729 595 4787 ﬂuminum
610 4772 627 4799 ,
649 4739 706 4787 et
727 4729 919 4786 Oceani
939 4728 1213 4791 ambitum,
1238 4736 1293 4782 et
1315 4742 1474 4799 gyros
1493 4726 1747 4794 siderum,

207 4825 254 4871 et
286 4821 571 4893 relinquunt
614 4822 853 4891 seipsos;
883 4835 983 4875 nec
1009 4820 1286 4885 mirantur,
1314 4817 1455 4888 quod
1494 4817 1608 4873 hmo
1631 4832 1749 4872 om-

209 4907 280 4965 nia
302 4926 412 4968 cum
437 4913 671 4970 dicerem
691 4953 708 4979 ,
735 4926 841 4966 non
867 4926 930 4966 ea
956 4909 1198 4965 videbam
1227 4909 1395 4965 oculis
1412 4950 1427 4976 ,
1451 4923 1550 4964 nec
1575 4917 1750 4963 tamen

208 4998 412 5058 dicerem
456 5005 554 5061 nisi
597 5013 809 5059 montes
848 5009 904 5057 et
946 5002 1134 5056 [luctus
1161 5008 1214 5055 et
1239 4999 1454 5054 llumina
1483 5009 1536 5055 et
1576 4998 1752 5056 sidera

209 5105 312 5160 quas
336 5096 466 5165 vidi,
494 5106 549 5154 et
565 5097 834 5154 Oceanum
861 5110 1017 5167 quem
1041 5094 1276 5161 credidi,
1299 5096 1440 5150 intus
1467 5094 1520 5149 in
1550 5108 1754 5150 memo-

211 5183 278 5239 ria
296 5200 404 5243 mea
425 5189 656 5245 viderem
684 5189 868 5258 Spatiis
893 5195 999 5241 tam
1027 5185 1326 5257 ingentibus
1351 5186 1499 5256 quasi
1527 5185 1656 5241 foris
1675 5185 1753 5240 vi-

211 5271 368 5332 derem
392 5293 406 5332 :
435 5295 528 5336 nec
551 5295 616 5337 ea
643 5289 817 5334 tamen
845 5277 1074 5334 videndo
1108 5277 1356 5333 absorbui
1400 5276 1610 5348 quando
1645 5275 1752 5331 vidi

214 5365 386 5434 oculis;
421 5385 517 5427 nec
562 5371 676 5441 ipsa
719 5378 842 5425 sunt
883 5367 1022 5439 apud
1058 5381 1176 5435 me,
1221 5367 1316 5424 sed
1365 5368 1618 5439 imagines
1655 5384 1750 5424 eo-

271 5565 287 5628 ξ
311 5569 645 5623 mmemor-iam
663 5581 843 5628 meam,
863 5569 1002 5628 juxta
1022 5566 1354 5628 Bertinensem
1378 5572 1482 5614 Mss.
1507 5572 1636 5616 Mart.
1661 5571 1718 5628 lt.

270 5627 407 5693 Ἷρν,
432 5645 445 5682 :
475 5639 532 5684 τι
555 5631 640 5684 ubi
657 5629 746 5693 sit,
905 5630 984 5688 sit,
1002 5641 1096 5679 non
1115 5627 1346 5692 capiat.—
1367 5633 1562 5693 Er.ven_.
1583 5627 1748 5693 tnng

223 5687 431 5760 riguum,
447 5693 560 5760 quid
573 5693 652 5760 sui
663 5686 756 5743 non
765 5686 935 5760 sopiat.
950 5686 1098 5760 siart._:
1109 5686 1334 5760 n'gustus
1343 5693 1411 5739 est
1421 5694 1471 5738 ut
1627 5686 1755 5760 quod

581 5757 655 5822 sic
675 5749 864 5816 pergit:
893 5752 1127 5822 n'unuyuid
1143 5749 1283 5822 citra
1302 5749 1459 5822 ipsum
1479 5749 1503 5800 .7
1525 5749 1680 5802 (utnon
1703 5750 1754 5801 in

215 5817 385 5878 9³⁸0688
407 5815 914 5882 Ῡὸωἰιιὶιωαηρω
937 5822 1110 5868 50mm.
1139 5819 1189 5864 et
1211 5815 1352 5870 Bond,
1400 5821 1454 5869 Μ,

3302 375 3406 435 788

1822 502 1960 542 rum.
1990 486 2056 541 Et
2097 488 2217 544 novi
2243 489 2368 560 quid
2391 504 2457 546 ex
2483 504 2588 562 quo
2616 505 2778 548 sensu
2809 490 3046 564 corporis
3077 492 3399 564 impressum

1824 577 1893 634 sit
1913 576 2059 633 mihi.

2421 673 2644 733 CAPUT
2681 677 2771 733 IX.

2283 764 2532 820 lemoria
2559 767 2959 839 disciplinarum.

1900 878 1986 935 l6.
2013 877 2118 934 Sed
2152 893 2258 934 non
2295 895 2358 935 ea
2384 880 2496 935 sola
2518 889 2692 950 gestat
2719 881 2974 939 immensa
3011 883 3111 940 ista
3140 885 3408 955 capacitas

1829 971 2099 1026 memoriae
2123 986 2275 1026 mem.
2305 969 2400 1026 llic
2425 982 2547 1026 sunt
2572 982 2627 1028 et
2655 974 2742 1028 illa
2771 975 2949 1030 omnia
2975 991 3095 1045 quae
3117 976 3186 1033 de
3208 978 3410 1034 doctri-

1831 1063 1915 1118 nis
1959 1063 2263 1119 liberalibus
2311 1073 2554 1136 percepta
2601 1065 2835 1121 nondum
2878 1067 3220 1137 exciderunt,
3261 1071 3412 1140 quasi

1832 1163 2032 1210 remota
2058 1155 2310 1210 interiore
2335 1154 2482 1222 loco,
2513 1171 2618 1210 non
2652 1157 2769 1211 loco
2793 1157 2842 1218 ⁶;
2879 1173 2979 1214 nec
3009 1173 3193 1214 eorum
3227 1160 3415 1232 imagi-

1832 1260 1963 1311 nes,
1999 1245 2095 1301 sed
2136 1260 2224 1302 res
2263 1246 2406 1315 ipsas
2444 1261 2592 1318 gero.
2638 1245 2768 1301 Nam
2812 1248 2937 1318 quid
2973 1249 3043 1304 sit
3083 1250 3413 1320 litteratura,

1833 1335 1960 1407 quid
2006 1336 2191 1406 peritia
2231 1335 2567 1408 disputandi,
2613 1345 2742 1406 quot
2790 1351 2986 1406 genera
3025 1339 3411 1408 quaestionum,

1837 1425 2095 1496 quidquid
2120 1425 2308 1481 horum
2329 1427 2444 1482 scio
2471 1427 2547 1481 sic
2569 1427 2725 1482 estin
2758 1428 3014 1482 memoria
3042 1442 3159 1484 mea
3178 1469 3194 1493 ,
3226 1438 3284 1484 ut
3308 1446 3419 1486 non

1837 1525 2040 1572 retenta
2075 1518 2301 1588 imagine
2320 1534 2433 1574 rem
2469 1517 2598 1574 foris
2633 1520 2934 1591 reliquerim
2955 1561 2972 1586 ,
2998 1530 3088 1576 aut
3105 1523 3344 1578 senuerit
3364 1535 3421 1581 et

1837 1613 2180 1682 prmterierit,
2203 1615 2339 1669 sicut
2361 1630 2461 1669 vox
2485 1615 2741 1685 impressa
2771 1632 2865 1686 per
2882 1631 3038 1674 aures
3064 1620 3288 1691 vestigio
3311 1637 3420 1693 quo

1837 1705 2161 1761 recoleretur
2185 1707 2227 1771 ’,
2255 1705 2407 1776 quasi
2450 1715 2664 1762 sonaret
2705 1721 2824 1762 cum
2867 1707 2976 1777 jam
3020 1723 3126 1764 non
3169 1720 3419 1778 sonaret;

1837 1806 1930 1852 aut
1956 1797 2090 1852 sicut
2125 1796 2258 1852 odor
2302 1796 2426 1851 dum
2470 1799 2657 1852 transit
2699 1807 2754 1854 et
2789 1799 3058 1854 evanescit
3102 1800 3155 1855 in
3200 1810 3418 1870 ventos,

1838 1889 2086 1944 olfactum
2114 1888 2308 1955 aﬂicit,
2340 1887 2481 1944 unde
2504 1888 2698 1958 trajicit
2721 1889 2772 1944 in
2799 1890 3108 1945 memoriam
3137 1890 3421 1960 imaginem

1840 1983 1921 2037 sui
1945 1997 2102 2052 quam
2123 1980 2510 2037 reminiscendo
2529 1989 2865 2051 repetamus;
2895 1991 2987 2037 aut
3001 1983 3136 2038 sicut
3153 1983 3305 2039 cibus
3330 1985 3422 2056 qui

1839 2084 1982 2132 certe
2006 2075 2056 2130 in
2085 2083 2268 2130 ventre
2305 2074 2418 2145 jam
2442 2089 2546 2128 non
2584 2075 2753 2143 sapit,
2796 2082 2852 2129 et
2879 2082 3054 2130 tamen
3082 2076 3134 2130 in
3165 2077 3422 2132 memoria

1839 2167 1991 2237 quasi
2015 2166 2182 2236 sapit;
2211 2175 2302 2220 aut
2337 2165 2474 2220 sicut
2509 2163 2709 2234 aliquid
2738 2165 2880 2234 quod
2910 2179 3134 2234 corpore
3160 2166 3424 2236 tangendo

1841 2260 2085 2325 sentitur,
2116 2258 2258 2328 quod
2299 2259 2458 2312 etiam
2505 2267 2804 2328 separatum
2843 2272 2874 2312 a
2917 2257 3070 2311 nobis
3108 2257 3424 2328 imaginatur

1842 2349 2119 2408 memoria.
2143 2349 2263 2404 Ista:
2281 2349 2476 2420 quippe
2502 2363 2590 2404 res
2612 2364 2716 2403 non
2746 2348 3165 2404 intromittuntur
3190 2348 3256 2402 ad
3280 2364 3421 2414 eam,

1843 2445 1935 2500 sed
1963 2459 2147 2500 earum
2173 2444 2300 2499 solre
2330 2443 2586 2513 imagines
2605 2442 2736 2497 mira
2757 2441 3026 2498 celeritate
3051 2443 3347 2512 capiuntur,
3369 2453 3425 2499 et

1843 2537 1993 2590 miris
2021 2545 2269 2606 tanquam
2310 2535 2459 2590 cellis
2506 2543 2853 2605 reponuntur,
2899 2545 2954 2590 et
2991 2534 3302 2590 mirabiliter
3340 2551 3425 2591 re—

1843 2625 2110 2682 cordando
2139 2625 2492 2697 proferuntur.

2465 2739 2692 2795 CAPUT
2730 2739 2798 2795 X.

1846 2829 2143 2900 Disciplina:
2165 2832 2217 2884 in
2247 2738 3085 2886 memorigifftggizroducuntur
3110 2847 3196 2900 per
3217 2845 3392 2886 sensus
3408 2873 3425 2898 ,

2127 2923 2214 2976 sed
2240 2937 2302 2975 ea:
2329 2923 2438 2992 ejus
2465 2920 2709 2975 abditiore
2735 2922 2851 2976 sinu
2870 2931 3134 2975 eruuntur.

1921 3034 2006 3087 l7.
2057 3034 2126 3086 At
2165 3047 2294 3088 vero
2332 3047 2452 3087 cum
2482 3032 2640 3087 audio
2678 3031 2778 3086 tria
2808 3046 3001 3102 genera
3031 3045 3152 3087 esse
3177 3032 3427 3101 quaestio-

1846 3141 2002 3190 num,
2043 3141 2109 3178 an
2146 3126 2246 3190 sit,
2285 3124 2412 3195 quid
2441 3124 2543 3190 sit,
2590 3125 2744 3194 quale
2779 3124 2876 3190 sit;
2921 3139 3172 3180 sonorum
3215 3123 3428 3194 quidem

1846 3215 2039 3283 quibus
2061 3213 2175 3270 haec
2197 3215 2358 3270 verba
2377 3214 2615 3270 confecta
2635 3223 2759 3269 sunt
2777 3215 3033 3285 imagines
3055 3224 3240 3278 teneo;
3265 3223 3320 3270 et
3336 3229 3432 3270 eos

1848 3319 1945 3373 per
1967 3319 2125 3359 auras
2154 3303 2175 3335 ³
2203 3319 2322 3358 cum
2347 3304 2571 3374 strepitu
2617 3305 2868 3358 transisse
2913 3318 2976 3358 ac
3013 3303 3122 3374 jam
3164 3319 3270 3358 non
3310 3317 3432 3359 esse

1848 3394 1979 3449 scio.
2012 3395 2118 3450 Res
2145 3410 2273 3450 vero
2315 3396 2456 3464 ipsas
2483 3411 2602 3466 quae
2641 3395 2742 3449 illis
2770 3395 3132 3465 significantur
3167 3395 3312 3449 sonis
3335 3411 3430 3450 nec

1849 3503 1953 3556 que
1975 3488 2081 3542 ullo
2105 3503 2264 3543 sensu
2295 3489 2532 3558 corporis
2561 3489 2740 3558 attigi,
2762 3504 2860 3543 nec
2886 3489 3089 3560 uspiam
3111 3489 3214 3543 vidi
3239 3500 3431 3558 praeter

1849 3579 2084 3633 animum
2110 3594 2309 3646 meum,
2329 3587 2382 3634 et
2403 3579 2456 3634 in
2481 3580 2734 3634 memoria
2754 3579 3026 3634 recondidi
3048 3595 3153 3633 non
3179 3580 3432 3650 imagines

1849 3687 2068 3737 earum,
2096 3672 2190 3727 sed
2228 3673 2398 3742 ipsas;
2427 3688 2546 3742 qua:
2577 3672 2715 3726 unde
2755 3671 2822 3726 ad
2859 3687 2946 3726 me
2970 3671 3310 3734 intraverint,
3351 3672 3433 3726 di-

1849 3775 1972 3819 cant
2000 3765 2044 3820 si
2069 3774 2290 3834 possunt
2317 3764 2360 3820 ‘.
2385 3764 2516 3818 Nam
2552 3779 2803 3834 percurro
2828 3766 3017 3832 januas
3043 3779 3228 3819 omnes
3255 3765 3432 3819 carnis

1850 3872 2018 3923 meae,
2045 3872 2148 3912 nec
2175 3857 2384 3912 invenio
2421 3871 2523 3926 qua
2565 3870 2748 3910 earum
2792 3855 3047 3925 ingressa:
3072 3855 3195 3908 sint.
3225 3855 3431 3924 Quippe

1851 3950 1992 4004 oculi
2012 3949 2196 4003 dicunt
2225 3966 2238 4002 :
2266 3949 2320 4004 Si
2348 3948 2594 4001 colorata:
2620 3954 2777 4009 sunt,
2807 3961 2904 4000 nos
2929 3961 3018 4000 eas
3049 3946 3426 4000 nuntiavimus.

1853 4041 2026 4094 Aures
2050 4039 2233 4093 dicunt
2265 4056 2276 4090 :
2306 4037 2360 4092 Si
2403 4045 2728 4101 sonuerunt,
2769 4050 2800 4088 a
2839 4035 2992 4088 nobis
3017 4033 3256 4088 iudicatae
3286 4043 3428 4089 sunt.

1852 4129 2018 4184 Nares
2039 4128 2220 4184 dicunt
2247 4146 2259 4182 :
2291 4127 2345 4182 Si
2367 4127 2651 4190 oluerunt,
2682 4141 2774 4196 per
2801 4140 2896 4180 nos
2925 4125 3263 4180 transierunt.
3297 4126 3434 4182 Dicit

1852 4222 2012 4276 etiam
2040 4235 2230 4275 sensus
2255 4219 2496 4290 gustandi
2529 4236 2540 4270 :
2565 4218 2621 4273 Si
2645 4233 2804 4287 sapor
2827 4233 2932 4273 non
2959 4225 3068 4286 est,
3090 4216 3219 4272 nihil
3247 4235 3332 4274 me
3351 4220 3432 4274 in-

1856 4321 2110 4382 terroges.
2143 4311 2336 4366 Tactus
2365 4309 2529 4364 dicit:
2564 4308 2618 4364 Si
2646 4309 3011 4378 corpulentum
3051 4323 3155 4362 non
3189 4316 3302 4372 est,
3325 4323 3430 4364 non

1853 4403 2178 4458 contrectavi
2204 4419 2219 4467 ;
2250 4403 2295 4456 si
2334 4417 2440 4455 non
2486 4399 2844 4464 contrectavi,
2877 4414 2981 4454 non
3009 4397 3250 4453 indicavi.
3281 4397 3433 4454 Unde

1856 4507 1909 4549 ct
1936 4510 2039 4565 qua
2076 4493 2190 4548 haec
2233 4494 2564 4548 intraverunt
2588 4490 2643 4544 in
2668 4489 2978 4544 memoriam
3003 4487 3214 4542 meam?
3241 4486 3433 4542 Nescio

1854 4584 2148 4654 quomodo;
2181 4598 2302 4638 nam
2349 4597 2469 4637 cum
2517 4596 2577 4634 ca
2633 4579 2822 4645 didici,
2856 4594 2958 4634 non
3003 4578 3203 4634 credidi
3255 4579 3432 4634 alieno

1857 4675 2025 4740 cordi,
2059 4675 2150 4730 sed
2189 4676 2244 4728 in
2272 4687 2393 4729 meo
2413 4670 2721 4742 recognovi,
2750 4678 2804 4724 et
2828 4685 2950 4724 vera
2981 4685 3100 4725 esse
3119 4671 3428 4740 approbavi,

1856 4777 1910 4822 et
1928 4764 2290 4821 commendavi
2310 4764 2389 4830 ei,
2414 4774 2661 4833 tanquam
2684 4775 2948 4831 reponens
2972 4760 3111 4816 unde
3140 4763 3431 4831 proferrem

1855 4871 1975 4912 cum
2005 4855 2218 4910 vellem.
2267 4853 2341 4907 lbi
2381 4867 2509 4922 ergo
2541 4861 2693 4906 erant
2726 4859 2780 4906 et
2802 4860 3080 4920 antequam
3119 4865 3180 4905 ea
3219 4851 3433 4908 didiciso

1855 4962 1968 5004 sem
1991 4987 2006 5014 ,
2030 4945 2122 5002 sed
2148 4945 2201 4999 in
2231 4945 2488 5000 memoria
2515 4957 2620 4997 non
2650 4947 2820 4996 erant.
2846 4941 2942 4996 Ubi
2969 4956 3094 5011 ergo
3113 4982 3129 5008 ,
3159 4950 3249 4996 aut
3268 4957 3433 5012 quare

1855 5055 1976 5095 cum
2001 5039 2304 5094 dicerentur
2327 5035 2554 5106 agnovi,
2597 5043 2652 5089 et
2690 5033 2834 5088 dixi:
2866 5032 2939 5088 lta
2968 5042 3079 5100 est,
3105 5049 3288 5088 verum
3315 5042 3428 5101 est;

1857 5132 1956 5186 nisi
1983 5133 2104 5200 quia
2128 5130 2236 5199 jam
2275 5138 2426 5182 erant
2453 5127 2507 5181 in
2549 5125 2837 5192 memoria,
2872 5123 2966 5179 sed
3003 5132 3108 5178 tam
3151 5133 3351 5180 remota
3377 5131 3428 5180 et

1857 5232 2062 5280 retrusa
2086 5221 2232 5292 quasi
2275 5221 2326 5275 in
2371 5221 2548 5274 caveis
2590 5217 2968 5281 abditioribus,
3012 5226 3068 5270 ut
3105 5215 3204 5269 nisi
3247 5213 3429 5268 adnto-

1857 5323 2017 5371 nente
2064 5290 2240 5382 aliquo
2282 5317 2615 5373 emerentur,
2660 5322 2726 5363 ea
2772 5307 2991 5362 fortasse
3035 5305 3267 5375 cogitare
3320 5318 3428 5358 non

1855 5401 2105 5476 possem?

1925 5564 1941 5594 ί
1967 5569 2096 5618 Lov.,
2122 5558 2240 5608 loca.
2267 5582 2326 5592 —
2347 5555 2526 5614 Quibus
2547 5553 2892 5618 adstipulantur
2915 5558 3029 5598 Ven.
3058 5554 3108 5597 et
3136 5544 3280 5606 Lugd.
3308 5553 3364 5593 at.
3447 5553 3470 5618 ’ὲ
3495 5551 3515 5590 ,ί

1921 5625 1942 5655 ς
1967 5607 2218 5678 Raditur,
2236 5607 2377 5682 juxta
2396 5629 2482 5665 sex
2513 5624 2613 5664 Mss.
2639 5607 2771 5682 aliqud
2794 5618 2920 5682 Mp1-
2947 5617 3000 5657 Μ·
3038 5681 3042 5682 ν
3068 5680 3075 5682 Α
3356 5670 3428 5682 ,ΔΑ
3452 5607 3465 5629 ι

1921 5685 1941 5715 ³
1963 5670 2163 5733 Sicera.
2191 5670 2367 5728 ét'stss.
2388 5691 2402 5738 ;
2426 5683 2476 5725 at
2497 5685 2596 5728 Am.
2612 5670 2718 5722 Ball.
2743 5680 2815 5720 Er.
2840 5678 2970 5728 Lov.,
2991 5680 3077 5732 per
3096 5677 3250 5715 aures.
3275 5686 3336 5701 —-
3355 5670 3430 5728 sie

1862 5747 2006 5798 etiam
2030 5751 2146 5792 ven.
2174 5747 2226 5790 et
2245 5738 2389 5800 Lugd.
2416 5745 2470 5800 tu,

1922 5789 2137 5858 ηὖξεᾱῶ
2153 5800 2196 5852 si
2212 5789 2403 5864 possum
2415 5831 2430 5855 ,
2449 5797 2586 5864 juxta
2606 5801 2680 5842 Er.
2706 5799 2822 5840 Ven.
2847 5789 2994 5854 tngo.
3017 5796 3068 5845 at.
