3926 6272
582 405 681 467 791

580 538 722 581 sum.
759 521 826 578 Et
853 518 1116 592 quomodo
1146 518 1256 590 jam
1294 513 1556 571 inveniam
1597 519 1679 580 te,
1719 510 1765 566 si
1806 524 2011 566 memor
2049 521 2154 563 non

467 604 479 609 ’
578 628 701 674 sum
734 613 850 669 tui?

457 704 469 731 :.
1138 680 1365 738 CAPUT
1405 676 1587 735 XVIII.

666 754 791 812 Non
815 753 1115 809 inveniretur
1138 768 1198 806 ea
1221 768 1301 806 res
1327 766 1441 821 qua
1466 749 1682 815 excidit,
1714 745 1812 802 nisi
1834 746 2074 801 memoria

1229 832 1493 877 teneretur.

646 916 742 971 27.
769 916 1079 973 Perdiderat
1100 914 1243 970 enim
1269 913 1458 967 mulier
1479 911 1809 977 drachmam,
1831 917 1886 965 et
1911 907 2153 979 quaesivit

576 1024 696 1065 eam
730 1024 848 1063 cum
884 1008 1095 1062 lucerna
1131 1004 1292 1078 (Luc.
1320 1020 1410 1068 xv,
1443 1002 1535 1075 8),
1577 1012 1631 1058 et
1661 1001 1764 1057 nisi
1798 1016 2004 1056 memor
2036 999 2152 1069 ejus

575 1108 752 1165 esset,
782 1114 887 1153 non
924 1097 1189 1152 inveniret
1224 1110 1361 1151 eam.
1394 1091 1526 1150 Cum
1560 1092 1702 1148 enim
1735 1103 1875 1148 esset
1904 1092 2112 1146 inventa
2132 1130 2148 1155 ,

574 1190 715 1246 unde
756 1191 918 1245 sciret
959 1198 1136 1243 utrum
1176 1189 1289 1259 ipsa
1332 1195 1507 1252 esset,
1556 1186 1602 1242 si
1645 1201 1849 1241 memor
1888 1184 2001 1254 ejus
2044 1200 2150 1239 non

572 1282 753 1338 esset?
778 1281 939 1336 Multa
960 1280 1178 1335 memini
1202 1294 1288 1333 me
1314 1277 1515 1349 perdita
1539 1279 1791 1348 quaesisse
1816 1285 1973 1346 atque
1999 1276 2150 1330 inve-

571 1375 739 1430 nisse.
786 1372 912 1428 lude
950 1372 1089 1427 istud
1128 1371 1271 1437 scio,
1301 1372 1423 1442 quia
1459 1386 1580 1426 cum
1620 1386 1912 1441 quaererem
1950 1369 2151 1440 aliquid

572 1482 759 1524 eorum
780 1507 796 1531 ,
835 1475 890 1521 et
922 1466 1187 1521 diceretur
1218 1465 1347 1520 mihi
1369 1508 1383 1531 ,
1421 1464 1554 1520 Num
1590 1465 1725 1520 forte
1750 1465 1851 1520 hoc
1877 1474 1991 1530 est,
2022 1481 2150 1520 num

573 1558 715 1614 forte
750 1558 915 1612 illud?
936 1557 1135 1613 tamdiu
1155 1557 1430 1613 dicebam:
1456 1556 1572 1611 Non
1601 1566 1702 1623 est,
1724 1556 1893 1611 donec
1916 1556 1969 1611 id
1994 1556 2151 1612 offer-

572 1658 724 1707 retur
749 1650 889 1721 quod
914 1648 1235 1720 quaerebant.
1257 1648 1417 1717 Cujus
1434 1648 1534 1703 nisi
1552 1662 1759 1702 memor
1776 1662 1970 1713 essem,
1993 1646 2148 1717 quid-

574 1739 704 1811 quid
728 1740 858 1795 illud
882 1748 1046 1815 esset,
1073 1739 1231 1795 etiam
1256 1738 1303 1793 si
1328 1740 1457 1793 mihi
1484 1738 1782 1805 olierretur,
1808 1754 1911 1792 non
1943 1737 2146 1793 inveni-

571 1844 722 1895 rem,
761 1830 883 1900 quia
920 1844 1027 1885 non
1064 1844 1428 1901 agnoscerem.
1465 1828 1535 1882 Et
1567 1842 1776 1897 semper
1805 1827 1875 1882 ita
1902 1826 1991 1894 fit,
2028 1842 2148 1881 cum

571 1922 771 1993 aliquid
812 1922 1075 1992 perditum
1113 1922 1397 1991 quaerimus
1431 1929 1484 1975 et
1520 1918 1834 1973 invenimus.
1868 1918 2144 1973 Verumta-

573 2029 699 2070 men
729 2014 777 2069 si
809 2014 943 2069 forte
968 2012 1164 2083 aliquid
1192 2013 1260 2068 ab
1289 2011 1454 2066 oculis
1478 2011 1645 2081 perit,
1677 2024 1780 2064 non
1810 2026 1841 2064 a
1870 2010 2145 2077 memoria,

570 2105 735 2160 veluti
770 2118 964 2176 corpus
1002 2103 1275 2172 quodlibet
1301 2102 1762 2165 visibile,tenetur
1796 2101 1937 2155 intus
1975 2100 2147 2171 imago

573 2195 711 2265 ejus,
735 2204 790 2249 et
811 2194 1064 2265 quaeritur
1088 2194 1259 2249 donec
1286 2193 1535 2248 reddatur
1562 2192 1816 2263 aspectui.
1846 2192 1994 2258 Quod
2024 2207 2145 2246 cum

565 2287 840 2343 inventum
868 2285 1047 2352 fuerit,
1072 2301 1140 2341 ex
1166 2284 1394 2353 imagine
1416 2298 1533 2353 quae
1556 2283 1694 2337 intus
1716 2291 1797 2337 est
1816 2282 2145 2352 recognosci-

569 2385 676 2431 tur.
706 2375 814 2431 Nec
840 2375 1106 2431 invenisse
1130 2390 1229 2429 nos
1253 2373 1477 2428 dicimus
1502 2373 1643 2442 quod
1673 2373 1935 2441 perierat,
1966 2373 2009 2426 si
2040 2388 2144 2427 non

566 2464 938 2535 agnoscimus;
971 2479 1071 2520 nec
1096 2478 1383 2534 agnoscere
1408 2477 1688 2532 possumus
1710 2503 1723 2527 ,
1752 2461 1794 2515 si
1824 2477 1929 2517 non
1955 2462 2144 2516 memi-

566 2556 748 2613 nimus
773 2574 786 2609 :
815 2554 910 2611 sed
929 2554 1033 2610 hoc
1057 2555 1287 2625 perierat
1310 2552 1523 2623 quidem
1551 2552 1745 2620 oculis,
1780 2551 2029 2607 memoria
2061 2561 2141 2607 te-

566 2643 811 2702 uebatur.

1148 2711 1372 2769 CAPUT
1408 2712 1549 2767 XIX.

1098 2803 1232 2869 Quid
1255 2804 1319 2857 sit
1343 2802 1609 2857 reminisci.

631 2895 722 2953 28.
760 2893 897 2964 Quid
934 2909 1055 2950 cum
1088 2895 1201 2965 ipsa
1237 2894 1492 2950 memoria
1531 2893 1702 2964 perdit
1735 2892 1965 2964 aliquid,
2002 2893 2143 2949 sicut

561 2991 623 3047 fit
660 3005 782 3045 cum
823 2988 1204 3053 obliviscimur,
1247 2994 1301 3041 et
1339 2986 1628 3056 qumrimus
1666 2994 1723 3038 ut
1760 2985 2139 3041 recordemur?

562 3083 664 3141 Ubi
704 3081 917 3137 tandem
955 3081 1272 3151 qurerimus,
1302 3078 1403 3133 nisi
1432 3078 1482 3131 in
1514 3078 1625 3149 ipsa
1661 3078 1951 3132 memoria?
1979 3078 2042 3133 Et
2065 3077 2138 3134 ibi

557 3173 607 3228 si
645 3170 787 3226 aliud
827 3186 926 3242 pro
963 3170 1067 3223 alio
1104 3170 1239 3223 forte
1281 3168 1550 3234 offeratur,
1594 3166 1923 3237 respuimus,
1970 3168 2141 3223 donec

559 3263 692 3319 illud
719 3270 965 3317 occurrat
990 3261 1129 3331 quod
1155 3261 1439 3329 quaerimus
1462 3276 1475 3312 :
1498 3268 1551 3314 et
1576 3275 1696 3314 cum
1722 3260 1970 3323 occurrit,
2004 3259 2139 3315 dici-

560 3370 684 3411 mus
706 3396 722 3419 ,
751 3354 862 3409 Hoc
889 3361 1006 3417 est;
1038 3352 1178 3422 quod
1212 3368 1317 3407 non
1360 3352 1655 3407 diceremus
1692 3353 1794 3406 nisi
1832 3367 2141 3425 agnoscere-

562 3461 715 3509 mus,
760 3459 857 3499 nec
901 3457 1311 3514 agnosceremus
1351 3442 1454 3497 nisi
1497 3444 1936 3499 meminissemus.
1983 3444 2139 3500 Certe

560 3551 688 3607 ergo
707 3534 858 3590 obliti
880 3534 1165 3589 fueramus.
1189 3534 1269 3588 An
1288 3534 1306 3565 ⁸
1327 3548 1434 3587 non
1456 3541 1621 3589 totum
1646 3534 1931 3598 exciderat,
1955 3535 2047 3590 sed
2072 3549 2138 3590 ex

564 3633 717 3695 parte
741 3638 842 3695 qua
874 3623 1151 3679 tenebatur
1176 3638 1298 3692 pars
1335 3624 1435 3677 alia
1471 3623 1832 3693 quaerebatur;
1864 3626 1985 3694 quia
2011 3639 2137 3679 sen-

562 3715 732 3770 tiebat
756 3729 814 3771 se
841 3714 1098 3770 memoria
1131 3729 1237 3768 non
1267 3711 1424 3769 simul
1458 3715 1669 3768 volvere
1705 3713 1844 3784 quod
1875 3715 2032 3770 simul
2058 3731 2139 3772 so-

555 3804 736 3871 lebat,
769 3814 824 3859 et
848 3805 998 3874 quasi
1027 3803 1335 3860 detruncata
1375 3804 1758 3860 consuetudine
1797 3806 2131 3873 claudicans,

555 3894 706 3951 reddi
732 3895 876 3966 quod
904 3895 1086 3951 deerat
1117 3894 1424 3965 ﬂagitabat?
1452 3895 1722 3964 Tanquam
1760 3896 1805 3951 si
1844 3896 2002 3953 homo
2039 3914 2136 3954 no-

554 3995 642 4041 tus
666 3985 786 4042 sive
806 3986 1168 4056 conspiciatur
1190 3985 1379 4050 oculis,
1410 3987 1524 4042 sive
1550 3986 1826 4057 cogitetur,
1856 3996 1909 4044 et
1937 4004 2132 4046 nomen

552 4078 671 4147 ejus
694 4077 843 4132 obliti
871 4077 1230 4148 requiramus,
1262 4076 1515 4147 quidquid
1542 4076 1685 4131 aliud
1708 4080 1999 4134 occurrerit
2024 4095 2130 4134 non

552 4169 889 4225 connectitur
920 4184 934 4221 :
966 4168 1087 4237 quia
1132 4183 1237 4222 non
1282 4182 1403 4222 cum
1444 4166 1537 4222 illo
1575 4168 1792 4239 cogitari
1835 4171 2127 4238 consuevit,

549 4262 777 4331 ideoque
801 4259 1070 4329 respuitur
1093 4258 1265 4314 donec
1290 4257 1418 4313 illud
1446 4257 1615 4324 adsit,
1648 4258 1738 4313 ubi
1764 4260 1919 4315 simul
1948 4276 2130 4316 assue-

549 4354 689 4410 facta
736 4352 921 4408 notitia
974 4367 1081 4407 non
1134 4350 1466 4421 inaequaliter
1512 4352 1833 4421 acquiescat.
1879 4352 1946 4407 Et
1990 4353 2130 4408 unde

549 4444 722 4510 adest,
762 4443 867 4499 nisi
899 4457 965 4498 ex
1005 4440 1119 4511 ipsa
1157 4441 1460 4497 memoria?
1498 4440 1629 4496 Nam
1666 4451 1720 4497 et
1755 4457 1875 4497 cum
1916 4443 1984 4497 ab
2023 4443 2130 4497 alio

547 4534 859 4591 commoniti
879 4533 1330 4603 recognoscimus,
1351 4533 1475 4589 inde
1494 4532 1663 4589 adest.
1682 4533 1795 4588 Non
1816 4535 1957 4589 enim
1977 4535 2137 4613 quasi

547 4644 745 4684 novum
782 4627 1083 4694 credimus,
1122 4625 1219 4681 sed
1257 4626 1597 4681 recordantes
1637 4626 1989 4696 approbamus
2026 4625 2128 4682 hoc

547 4732 671 4773 esse
697 4718 837 4789 quod
861 4717 1058 4772 dictum
1086 4726 1186 4772 est.
1222 4716 1277 4772 Si
1305 4725 1483 4772 autem
1523 4717 1730 4786 penitus
1762 4717 2037 4774 aboleatur
2059 4732 2128 4774 ex

552 4810 755 4874 animo,
772 4824 874 4863 nec
892 4807 1146 4862 admoniti
1166 4807 1571 4863 reminiscimur.
1593 4807 1775 4878 Neque
1793 4810 1934 4863 enim
1956 4808 2127 4865 omni-

549 4899 712 4955 modo
752 4898 926 4953 adbuc
950 4897 1101 4953 obliti
1136 4914 1337 4966 sumus,
1368 4900 1509 4970 quod
1537 4900 1617 4955 vel
1639 4900 1786 4969 jam'
1813 4901 2006 4958 oblitos
2027 4916 2128 4957 nos

549 5005 676 5047 esse
702 4990 1063 5046 meminimus.
1087 4990 1198 5046 Hoc
1222 5006 1348 5062 ergo
1375 5007 1475 5048 nec
1495 4992 1747 5048 amissum
1768 5009 2005 5065 quaerere
2030 5010 2126 5066 po-

557 5080 802 5149 terimus,
832 5081 974 5149 quod
1002 5082 1217 5138 omnino
1241 5083 1388 5138 obliti
1415 5083 1686 5139 fuerimus.

1142 5193 1365 5251 CAPUT
1402 5193 1524 5250 XX.

554 5263 623 5320 Ut
650 5264 1008 5320 beatitudinem
1035 5281 1203 5320 omnes
1229 5276 1495 5337 appetant,
1524 5276 1714 5336 oportet
1738 5283 1847 5323 eam
1874 5271 2118 5325 nouerint.

619 5354 712 5410 29.
750 5354 1027 5424 Quomodo
1054 5371 1182 5426 ergo
1215 5366 1269 5411 te
1301 5372 1514 5427 qurero,
1545 5358 1802 5414 Domine?
1823 5357 1953 5415 Cum
1978 5361 2119 5416 enim

550 5454 605 5500 te
631 5446 795 5502 Deum
820 5462 997 5502 meum
1022 5462 1225 5517 quacro,
1248 5448 1405 5501 vitam
1427 5447 1634 5502 beatam
1654 5463 1854 5517 qumro.
1877 5448 2119 5516 Quaeram

546 5545 603 5593 te
651 5548 707 5593 ut
751 5540 892 5593 vivat
932 5539 1106 5594 anima
1152 5555 1288 5595 mea.
1335 5538 1477 5594 Vivit
1514 5540 1655 5594 enim
1698 5556 1890 5613 corpus
1942 5558 2117 5600 meum

551 5627 618 5683 de
660 5630 834 5685 anima
875 5646 1027 5698 mea,
1067 5640 1119 5685 et
1150 5632 1279 5686 vivit
1311 5631 1481 5686 anima
1512 5647 1627 5687 mea
1655 5632 1721 5689 de
1749 5642 1819 5689 te.
1844 5635 2118 5702 Quomodo

610 5753 1089 5825 {stariqfuerwnuu
1110 5769 1166 5805 ac
1354 5755 1613 5822 ﬂagitabat.
1634 5759 1769 5823 Alias,
1790 5775 1916 5814 nam.
1942 5770 1999 5819 Μ.

610 5814 631 5847 ⁸
664 5819 713 5865 lu
733 5820 784 5862 Β.
805 5814 987 5886 legitur
1011 5814 1134 5881 earn,
1158 5814 1400 5897 corrupte.
1417 5814 1439 5822 ”
1463 5826 1518 5871 Μ.

1731 382 2245 445 CONFESSIONUM
2281 384 2341 442 S.
2380 384 2761 446 AUGUSTINI.
3476 448 3493 469 ς,
3677 411 3757 469 192

2259 520 2390 578 ergo
2422 523 2603 578 quaero
2635 511 2799 569 vitam
2839 513 3083 572 beatam?
3108 519 3230 590 quia
3258 533 3361 575 non
3388 529 3467 579 est
3489 525 3604 583 mihi
3626 527 3759 591 donec

2259 602 2467 659 dicam:
2498 605 2592 660 Sat
2620 614 2735 673 est,
2764 606 2872 663 illic
2898 608 2990 664 ubi
3016 620 3224 681 oportet
3251 620 3310 667 ut
3331 614 3528 670 dicam?
3545 625 3761 689 quomodo

2259 710 2376 751 eam
2404 699 2625 767 quaero?
2650 697 2839 756 Utrum
2866 717 2962 772 per
2986 703 3404 762 recordationem
3431 716 3649 782 tanquam
3670 732 3760 775 eam

2258 786 2457 843 oblitus
2488 790 2588 845 sim
2607 832 2623 858 ,
2660 791 2986 864 oblitumque
3015 810 3103 851 me
3130 812 3255 853 esse
3287 799 3455 856 adhuc
3486 811 3692 873 tenam;
3712 826 3761 867 an

2258 892 2354 949 per
2389 881 2681 949 appetitum
2717 882 2953 938 discendi
2994 885 3345 957 incognitam,
3372 889 3480 947 sive
3498 908 3637 963 quam
3657 913 3761 955 mm.

2256 985 2414 1041 quam
2442 972 2676 1036 scierim,
2698 972 2811 1030 sive
2828 989 2988 1045 quam
3016 976 3095 1032 sic
3114 977 3314 1032 oblitus
3338 978 3519 1037 iuerim
3538 993 3591 1039 ut
3604 1002 3676 1043 me
3690 1006 3762 1049 nec

2257 1061 2477 1117 oblitum
2517 1077 2636 1119 esse
2673 1065 3043 1121 meminerim?
3066 1065 3253 1123 Nonne
3284 1069 3394 1138 ipsa
3420 1080 3499 1127 est
3522 1074 3653 1132 beata
3681 1081 3759 1137 vita

2256 1168 2415 1223 quam
2449 1169 2637 1210 omnes
2668 1156 2889 1222 volunt,
2918 1166 2975 1213 et
3006 1158 3226 1213 omnino
3250 1160 3339 1230 qui
3368 1162 3496 1217 nolit
3518 1180 3655 1222 nemo
3673 1175 3762 1226 est?

2256 1242 2357 1299 Ubi
2394 1255 2654 1301 noverunt
2682 1261 2831 1315 eam,
2861 1247 3002 1318 quod
3037 1250 3115 1304 sic
3150 1249 3338 1305 volunt
3373 1254 3522 1309 eam?
3547 1255 3632 1313 Ubi
3654 1260 3762 1319 vide-

2257 1346 2399 1403 runt,
2422 1345 2481 1393 ut
2502 1348 2742 1395 amarent
2766 1356 2883 1396 eam
2897 1341 2924 1395 ?
2943 1340 3202 1397 Nimirum
3224 1344 3474 1402 habemus
3495 1362 3602 1405 eam
3625 1357 3761 1412 nescio

2255 1428 2541 1499 quomodo.
2571 1430 2637 1486 Et
2673 1441 2758 1487 est
2791 1432 2929 1487 alius
2965 1433 3178 1503 quidam
3218 1435 3439 1500 modus.
3466 1454 3566 1509 quo
3587 1443 3759 1517 quisque

2254 1532 2375 1574 cum
2416 1520 2574 1576 habet
2611 1536 2729 1576 eam
2752 1563 2768 1588 ,
2809 1530 2935 1577 tunc
2977 1523 3167 1579 beatus
3201 1534 3313 1591 est;
3353 1535 3410 1587 et
3440 1539 3556 1585 sunt
3588 1534 3664 1601 qui
3692 1551 3761 1605 spe

2255 1607 2395 1665 beati
2437 1618 2578 1665 sunt.
2620 1610 2875 1667 Inferiore
2912 1612 3073 1667 modo
3108 1613 3197 1669 isti
3236 1613 3434 1673 habent
3468 1633 3605 1685 eam,
3642 1639 3759 1694 quam

2254 1698 2330 1753 illi
2367 1700 2458 1769 qui
2487 1702 2599 1769 jam
2631 1716 2691 1757 re
2724 1702 2836 1773 ipsa
2870 1702 3013 1759 beati
3046 1713 3203 1771 sunt;
3232 1705 3327 1761 sed
3367 1716 3533 1765 tamen
3569 1715 3759 1773 meliores

2253 1805 2412 1859 quam
2450 1791 2527 1846 illi
2559 1792 2648 1862 qui
2684 1808 2783 1849 nec
2815 1809 2876 1849 re
2912 1810 3011 1850 nec
3042 1810 3142 1864 spe
3179 1794 3322 1851 beati
3357 1808 3490 1853 sunt.
3519 1800 3604 1870 Qui
3629 1811 3757 1862 tamen

2252 1881 2413 1935 etiam
2440 1882 2538 1951 ipsi
2564 1883 2664 1938 nisi
2684 1884 2860 1954 aliquo
2884 1885 3044 1940 modo
3069 1885 3330 1943 baberent
3346 1904 3476 1954 eam,
3501 1906 3594 1947 non
3610 1893 3665 1947 ita
3680 1896 3756 1951 vel-

2255 1972 2367 2027 lent
2385 1973 2526 2029 beati
2544 1989 2683 2039 esse,
2706 1975 2849 2045 quod
2872 1991 2966 2032 eos
2983 1977 3123 2033 velle
3144 1980 3493 2037 certissimum
3510 1992 3596 2038 est.
3617 1984 3755 2045 Nescio

2251 2063 2519 2133 quomodo
2536 2075 2797 2121 noverunt
2817 2082 2955 2133 eam,
2981 2067 3210 2139 ideoque
3229 2069 3423 2127 habent
3439 2087 3545 2128 eam
3563 2074 3607 2130 in
3622 2078 3753 2133 nescio

2251 2167 2355 2222 qua
2382 2154 2565 2209 notitia
2581 2197 2597 2223 ,
2619 2155 2688 2211 de
2706 2172 2809 2227 qua
2828 2166 3011 2229 satago
3031 2168 3213 2215 utrum
3233 2161 3287 2215 in
3308 2165 3545 2219 memoria
3562 2167 3647 2221 sit:
3664 2170 3749 2239 qu'u

2250 2244 2296 2298 si
2317 2244 2386 2299 ibi
2411 2255 2511 2313 est,
2531 2246 2642 2317 jam
2662 2247 2803 2303 beati
2823 2249 3015 2306 fuimus
3038 2252 3358 2323 aliquando;
3387 2265 3545 2311 utrum
3569 2259 3747 2331 singilla-

2252 2334 2343 2389 tim
2373 2351 2579 2405 omnes,
2610 2353 2677 2393 an
2703 2338 2756 2393 in
2780 2340 2875 2395 illo
2898 2340 3119 2398 homine
3145 2344 3239 2414 qui
3266 2345 3459 2414 primus
3485 2350 3687 2417 peccavit,
3706 2352 3746 2407 in

2248 2443 2354 2498 quo
2389 2437 2445 2485 et
2478 2445 2666 2487 omnes
2701 2432 2895 2489 mortui
2933 2448 3120 2491 sumus
3141 2477 3158 2502 ,
3185 2446 3243 2493 et
3273 2436 3339 2493 de
3371 2454 3471 2509 quo
3492 2456 3639 2499 omnes
3655 2458 3742 2499 eun

2248 2518 2463 2575 miseria
2509 2522 2621 2577 nati
2662 2538 2845 2579 sumus
2869 2567 2885 2593 ,
2934 2541 3040 2581 non
3079 2543 3271 2597 quaero
3309 2545 3472 2596 nunc;
3504 2533 3579 2587 sed
3604 2547 3739 2603 quae

2246 2620 2424 2668 utrum
2448 2614 2502 2668 in
2527 2615 2781 2672 memoria
2807 2618 2877 2673 sit
2903 2617 3055 2673 beata
3082 2620 3219 2674 vita.
3245 2619 3427 2692 Neque
3450 2622 3558 2678 enim
3576 2637 3733 2681 amare-

2246 2717 2367 2757 mus
2389 2719 2506 2759 eam
2536 2706 2641 2761 nisi
2668 2721 2966 2763 nossemus.
2992 2709 3260 2766 Audimus
3288 2726 3472 2767 nomen
3486 2712 3739 2778 hoc,etretn

2245 2795 2415 2863 ipsam
2450 2810 2636 2853 omnes
2676 2812 2776 2853 nos
2815 2809 3065 2870 appetere
3098 2799 3367 2869 fatemur;
3394 2817 3484 2859 non
3508 2803 3619 2859 enim
3640 2818 3738 2861 sono

2244 2886 2595 2944 delectamur.
2630 2888 2762 2945 Nam
2798 2890 2902 2948 hoc
2924 2907 3043 2948 cum
3075 2892 3247 2950 latine
3272 2894 3417 2951 audit
3437 2894 3640 2961 Graeca,
3662 2910 3736 2951 non

2246 2978 2561 3048 delectatur,
2600 2983 2723 3053 quia
2760 2983 2969 3054 ignorat
2999 2984 3126 3055 quid
3166 2986 3363 3043 dictum
3395 2987 3487 3052 sit;
3510 3001 3588 3042 nos
3607 2994 3733 3042 autem

2246 3068 2591 3138 delectamur,
2634 3072 2773 3129 sicut
2809 3074 2968 3129 etiam
3009 3075 3097 3132 ille
3141 3078 3189 3132 si
3215 3092 3383 3147 graece
3420 3078 3510 3133 hoc
3537 3076 3729 3133 audierit:

2244 3165 2495 3234 quoniam
2524 3180 2610 3220 res
2639 3167 2752 3237 ipsa
2782 3181 2882 3223 nec
2905 3183 3075 3239 graeca
3103 3184 3212 3225 nec
3240 3170 3394 3225 latina
3416 3179 3507 3233 est,
3530 3168 3595 3224 ari
3611 3166 3732 3238 adipi-

2244 3255 2457 3310 scendae
2496 3255 2666 3312 Graeci
2703 3256 2981 3330 Latinique
3008 3260 3251 3327 inhiant.
3279 3271 3641 3332 ceterarumque
3664 3260 3735 3314 Iin-

2244 3362 2463 3418 guarum
2502 3347 2766 3406 homines.
2797 3350 2930 3405 Nota
2958 3359 3043 3407 est
3072 3352 3242 3424 igitur
3275 3354 3531 3420 omnibus,
3563 3350 3632 3422 qui
3662 3366 3733 3406 una

2245 3452 2379 3495 vooe
2402 3439 2449 3494 si
2474 3440 2788 3512 interrogari
2817 3451 3062 3513 possent,
3092 3453 3275 3500 utrum
3301 3445 3431 3501 beati
3453 3443 3731 3508 essevellenl.

2243 3528 2359 3585 sine
2385 3529 2492 3586 ulla
2520 3529 2880 3600 dubitatione,
2914 3534 3052 3589 velle
3086 3535 3480 3606 responderent.
3510 3531 3633 3603 Quod
3659 3545 3732 3587 non

2243 3620 2425 3687 ﬁeret,
2453 3622 2556 3677 nisi
2583 3637 2671 3679 res
2696 3624 2812 3694 ipsa
2839 3624 2993 3695 cujus
3019 3625 3120 3681 hoc
3144 3642 3339 3684 nomen
3363 3636 3458 3695 est,
3484 3638 3731 3683 eorumne-

2242 3712 2409 3767 moria
2436 3721 2723 3771 teneretur.

2823 3810 3048 3869 CAPUT
3083 3811 3233 3872 XXI.

2445 3899 2707 3965 Quomodo
2726 3903 2969 3957 memoria
2992 3903 3191 3959 beatam
3213 3905 3364 3960 vitam
3382 3906 3591 3961 remittet.

2310 3989 2398 4045 50.
2429 3989 2693 4062 Numquid
2718 3993 2788 4048 ita
2810 4004 2867 4049 ut
2888 3995 3128 4050 meminit
3149 3994 3503 4069 Carthaginem
3519 3995 3593 4067 qui
3608 3990 3731 4048 vidit?

2238 4078 2354 4135 Non
2378 4097 2393 4135 :
2421 4081 2525 4136 vita
2564 4082 2707 4139 enim
2745 4083 2898 4140 beata
2939 4100 3042 4141 non
3083 4086 3295 4144 videtur
3324 4088 3503 4154 oculis,
3528 4085 3628 4157 quia
3652 4097 3726 4139 non

2238 4179 2321 4225 est
2338 4186 2550 4240 corpus.
2568 4171 2834 4243 Numquid
2854 4174 2990 4230 sicut
3007 4177 3344 4233 meminimus
3359 4171 3724 4233 numeroaiﬁon:

2239 4257 2339 4314 hos
2384 4261 2525 4316 enim
2564 4262 2655 4332 qui
2702 4262 2861 4319 habet
2900 4264 2953 4319 in
3002 4266 3218 4333 notitia,
3262 4282 3364 4321 non
3404 4266 3558 4321 adhuc
3588 4260 3726 4335 queri!

2237 4351 2456 4423 adipisci
2477 4371 2492 4418 ;
2515 4354 2676 4410 vitam
2696 4369 2823 4412 vero
2841 4356 3049 4412 beatam
3074 4356 3327 4414 habemus
3351 4358 3402 4413 in
3423 4355 3598 4419 notitia,
3618 4352 3725 4408 ideo-

2236 4457 2341 4512 que
2364 4458 2604 4499 amamus
2625 4460 2762 4512 eam,
2793 4455 2848 4501 et
2874 4455 3050 4503 tamen
3077 4448 3251 4505 adhuc
3270 4447 3479 4519 adipisci
3496 4460 3596 4502 eam
3615 4440 3723 4497 νοιιι·

2237 4549 2358 4589 mus
2394 4542 2451 4589 ut
2476 4535 2616 4592 beati
2653 4536 2839 4592 simus.
2878 4538 3142 4611 Numquid
3169 4533 3720 4597 sieutmeminimuselo-

2234 4627 2541 4697 quentiam?
2575 4628 2691 4684 Non
2723 4646 2739 4683 :
2778 4633 3024 4701 quamvis
3059 4634 3202 4690 enim
3238 4633 3337 4689 hoc
3370 4631 3563 4689 nomine
3588 4623 3721 4683 audito

2233 4719 2579 4774 recordentur
2614 4721 2782 4791 ipsam
2824 4738 2936 4778 rem
2971 4724 3062 4795 qui
3091 4726 3248 4782 etiam
3273 4724 3491 4781 nondum
3514 4717 3717 4777 suntelo-

2233 4818 2489 4881 quentes,
2532 4811 2790 4884 multique
2827 4830 2946 4870 esse
2980 4817 3210 4886 cupiant,
3250 4815 3385 4872 unde
3416 4818 3609 4886 apparet
3632 4821 3717 4865 eam

2232 4916 2352 4957 esse
2392 4902 2446 4957 in
2491 4917 2675 4958 eorum
2716 4904 2931 4970 notitia;
2981 4914 3157 4962 tamen
3202 4922 3296 4977 per
3332 4904 3546 4976 corporis
3576 4910 3716 4957 salsus

2229 4994 2365 5050 alios
2390 4994 2700 5065 eloquentes
2724 4997 3205 5055 animadverterunt
3235 5007 3290 5055 et
3314 4995 3539 5054 delectati
3560 4999 3657 5049 sunt
3673 4995 3714 5043 et

2229 5086 2333 5143 hoc
2358 5101 2481 5145 esse
2505 5086 2811 5145 desiderant
2835 5086 3166 5161 (quanquam
3192 5091 3288 5146 nisi
3316 5104 3380 5145 ex
3404 5084 3619 5144 interiore
3637 5093 3708 5136 no-

2231 5181 2344 5236 titia
2369 5182 2385 5213 ¹
2416 5196 2521 5238 non
2548 5181 2937 5239 delectarentur
2954 5224 2970 5249 ,
3000 5198 3169 5255 neque
3195 5182 3294 5239 hoc
3317 5196 3429 5239 esse
3453 5178 3619 5235 vellent
3636 5167 3710 5226 ιικὶ

2228 5271 2688 5343 delectarentur);
2720 5273 2928 5330 beatam
2964 5288 3091 5330 vero
3116 5274 3273 5329 vitam
3296 5270 3431 5327 nullo
3458 5279 3593 5324 sensu
3616 5272 3706 5317 oat-

2227 5364 2375 5435 poris
2402 5364 2454 5418 in
2484 5364 2602 5419 aliis
2630 5365 2952 5434 experimur.
2991 5363 3247 5435 Numquid
3281 5362 3408 5418 sicut
3438 5352 3704 5413 meminit)!!!

2226 5456 2512 5527 gaudium?
2554 5455 2801 5513 Fortasse
2842 5456 2932 5511 ita.
2968 5456 3100 5512 Nam
3135 5454 3366 5535 gaudium
3398 5460 3551 5504 meum
3581 5439 3699 5495 etiam

2228 5548 2394 5603 tristis
2418 5547 2653 5616 memini,
2684 5549 2821 5604 sicut
2844 5549 3003 5603 vitam
3031 5548 3232 5603 beatam
3259 5543 3442 5599 miser:
3465 5547 3605 5605 neque
3623 5541 3696 5583 ω’

2225 5655 2384 5709 quam
2407 5641 2643 5709 corporis
2671 5656 2831 5695 sensu
2850 5641 3094 5712 gaudium
3120 5651 3288 5694 meum
3315 5632 3389 5688 vel
3411 5628 3518 5694 vidi,
3542 5622 3605 5678 rei
3624 5629 3692 5671 ³ο·

2222 5758 2510 5883 Am.
2535 5766 2643 5809 Arn.
2666 5766 2717 5812 et
2732 5767 2835 5811 Mss.
2852 5774 2865 5822 ;
2882 5766 2932 5815 at
2947 5766 3020 5809 Er.
3054 5764 3105 5810 et
3134 5763 3238 5806 nov.
3256 5731 3688 5808 ωυοηιβιωσίσνθ
