3880 6386
59 5101 134 5456 l

59 5734 314 6285 L

267 578 398 654 divi,
425 580 506 638 vel
539 578 801 637 odorum
836 590 954 634 sum
975 615 992 644 ,
1021 573 1106 631 vel
1130 569 1368 646 gustavi,
1401 569 1485 625 vel
1514 568 1692 639 tetigi;
1721 566 1816 624 sed

272 683 492 748 aput:
513 685 632 726 sum
659 669 717 726 in
747 669 929 724 animo
955 680 1076 722 meo
1101 662 1312 737 quando
1346 662 1553 717 latatus
1579 674 1696 714 sum
1719 700 1737 726 ,
1763 668 1820 714 et

272 765 468 825 adnuit
496 763 610 834 ejus
649 760 842 818 notitia
879 756 1152 815 memoriae
1188 769 1353 821 meae,
1385 763 1444 809 ut
1468 752 1521 808 id
1548 749 1818 808 reminisci

275 861 453 916 valeam
483 853 768 926 aliquando
795 867 918 908 cum
945 849 1316 922 aspernatione
1332 884 1351 910 ,
1380 841 1666 916 aliquando
1693 855 1816 898 cum

275 947 528 1014 desiderio,
547 959 647 1016 pro
672 958 860 1000 earum
885 955 1062 998 rerum
1086 938 1393 994 diversitate
1417 934 1486 992 de
1513 933 1704 1006 quibus
1730 946 1819 988 me

276 1041 478 1115 gavisam
515 1049 637 1092 esse
679 1032 922 1091 memini.
969 1031 1102 1088 Nam
1142 1037 1198 1085 et
1235 1027 1306 1085 de
1347 1026 1588 1098 turpibus
1625 1021 1819 1096 gaudio

277 1132 473 1206 quodam
500 1129 746 1202 perfusus
771 1141 912 1193 sum,
936 1123 1080 1196 quod
1103 1136 1248 1178 nunc
1270 1118 1556 1176 recordans
1582 1115 1820 1174 detestor

280 1235 412 1296 atque
431 1235 706 1285 exsecat;
734 1217 1018 1290 aliquando
1041 1215 1111 1272 de
1136 1214 1292 1272 bonis
1314 1221 1369 1269 et
1390 1209 1649 1276 honestis,
1676 1206 1821 1279 quod

281 1314 547 1371 desiderans
583 1309 766 1368 recolo
782 1349 800 1377 ,
831 1315 1042 1364 tametsi
1068 1305 1207 1363 forte
1232 1319 1340 1361 non
1368 1302 1593 1368 adsunt,
1621 1307 1678 1357 et
1700 1297 1820 1354 ideo

285 1406 419 1464 tristis
435 1401 677 1476 gaudium
702 1401 984 1472 pristinum
1008 1397 1206 1454 recolo.

339 1497 416 1554 51.
437 1494 533 1552 Ubi
554 1508 686 1565 ergo
709 1500 768 1548 et
793 1488 1004 1562 quando
1033 1495 1282 1559 expertus
1307 1500 1426 1542 sum
1453 1483 1617 1539 vitam
1645 1495 1819 1538 meam

281 1590 457 1648 beatam
480 1595 534 1641 ut
553 1583 805 1641 recorder
829 1595 971 1648 eam,
1000 1587 1056 1636 et
1071 1593 1248 1635 amem
1273 1585 1329 1633 et
1353 1572 1689 1632 desiderem?
1714 1571 1821 1627 Nec

287 1688 587 1753 egotantum,
607 1684 701 1732 aut
724 1689 845 1730 cum
872 1673 1076 1744 paucis,
1107 1670 1202 1728 sed
1225 1669 1366 1726 beati
1394 1681 1615 1740 prorsus
1635 1678 1821 1720 omnes

287 1786 385 1829 esse
405 1770 654 1826 volumus.
679 1765 835 1836 Quod
862 1765 964 1820 nisi
991 1772 1139 1819 certa
1161 1762 1348 1818 notitia
1375 1773 1684 1824 nossemus,
1713 1771 1820 1812 non

292 1875 379 1921 tam
400 1871 531 1918 certa
561 1859 833 1915 voluntate
857 1855 1134 1911 vellemus.
1159 1853 1266 1909 Sed
1296 1851 1422 1923 quid
1449 1860 1532 1908 est
1557 1850 1659 1906 hoc
1680 1850 1822 1920 quod

294 1958 329 2014 si
359 1965 599 2029 queratur
633 1967 666 2005 a
703 1949 943 2016 duobus,
985 1958 1163 2003 utrum
1205 1947 1433 2002 militare
1468 1944 1665 2009 velint,
1705 1944 1823 2000 fieri

296 2046 475 2120 posset‘
501 2055 554 2100 ιιι
575 2044 710 2099 alter
732 2057 923 2098 eorum
964 2040 1100 2096 velle
1137 2054 1229 2106 se,
1259 2039 1392 2094 alter
1424 2038 1566 2094 nolle
1597 2052 1821 2109 respon-

296 2141 436 2194 deat:
467 2138 509 2192 si
541 2144 716 2192 autem
754 2135 824 2190 ab
860 2134 941 2189 eis
973 2140 1272 2204 quaeratur,
1312 2139 1492 2186 utrum
1527 2130 1669 2186 beati
1705 2144 1824 2186 esse

299 2232 448 2296 velint,
471 2227 572 2284 ﬁeri
598 2227 767 2298 possit
791 2234 850 2280 ut
868 2227 890 2258 ³
921 2233 1148 2294 uterque
1171 2223 1348 2276 statim
1375 2237 1434 2277 se
1459 2222 1574 2277 sine
1595 2223 1699 2276 ulla
1727 2222 1825 2277 du-

304 2321 510 2377 bitatione
529 2318 669 2374 dicat
691 2324 910 2387 optare;
938 2329 1038 2370 nec
1057 2314 1127 2369 ob
1143 2312 1287 2369 aliud
1310 2312 1434 2368 velit
1456 2312 1548 2368 ille
1573 2313 1820 2380 militare,

305 2428 387 2470 nec
404 2411 464 2468 ob
480 2411 614 2466 aliud
636 2410 737 2466 iste
761 2409 912 2475 nolit,
945 2407 1047 2463 nisi
1071 2415 1131 2461 ut
1153 2404 1291 2462 beati
1317 2406 1462 2462 sint?
1486 2405 1618 2462 Nam
1639 2407 1660 2439 ³
1688 2406 1827 2462 forte

305 2503 505 2572 quoniam
534 2500 664 2555 alius
695 2497 821 2555 hinc
838 2537 855 2565 ,
882 2497 1018 2552 alius
1044 2495 1168 2551 inde
1201 2496 1424 2568 gaudet;
1461 2495 1534 2551 ita
1557 2511 1616 2552 sc
1640 2511 1826 2553 omnes

308 2591 456 2648 beatos
471 2604 582 2647 esse
597 2589 737 2646 velle
755 2596 1072 2654 consonant,
1100 2586 1545 2658 quemadmodum
1568 2601 1830 2642 consona-

310 2689 430 2748 rent,
451 2681 491 2736 si
511 2679 607 2736 hoc
632 2681 1113 2751 interrogarentur,
1142 2693 1204 2734 se
1229 2677 1366 2734 velle
1390 2677 1641 2749 gaudere,
1669 2687 1831 2749 atque

311 2771 448 2842 ipsum
472 2770 706 2842 gaudium
727 2771 891 2825 vitam
919 2769 1128 2824 beatam
1154 2777 1361 2824 vocant.
1389 2767 1542 2836 Quod
1568 2768 1670 2822 etsi
1695 2768 1830 2824 alius

315 2860 428 2927 hinc,
444 2861 564 2918 alius
586 2862 728 2917 illinc
751 2861 1070 2933 assequitur,
1093 2875 1254 2916 unum
1280 2869 1362 2915 est
1387 2871 1562 2914 tamen
1582 2873 1688 2930 quo
1708 2873 1830 2930 per-

317 2956 460 3012 venire
478 2970 650 3013 omnes
673 2957 912 3011 nituntur
937 2963 996 3010 ut
1021 2954 1304 3026 gaudeant.
1325 2953 1455 3021 Quae
1475 2951 1723 3021 quoniam
1747 2966 1834 3008 res

325 3056 389 3102 est
406 3063 541 3118 quam
565 3062 622 3102 se
646 3058 922 3118 expertum
951 3061 1057 3101 non
1086 3060 1206 3102 esse
1235 3061 1392 3100 nemo
1423 3052 1596 3114 potest
1622 3043 1798 3100 dicere
1815 3086 1832 3112 ,

321 3147 550 3209 βοίδια-εει
575 3149 782 3210 reperta
804 3139 860 3194 in
891 3139 1146 3194 memoria
1175 3138 1595 3208 recognoscitur,
1625 3136 1836 3208 quando

318 3227 449 3286 beata:
467 3232 576 3288 vita:
599 3246 792 3288 nomen
820 3231 1050 3287 auditur.

828 3345 1050 3403 CAPUT
1092 3343 1255 3401 XXII.

694 3417 855 3472 Beata
891 3418 990 3470 vita
1025 3431 1172 3486 quia,
1213 3423 1259 3469 et
1296 3415 1397 3469 ubi.

385 3506 460 3566 Β.
479 3508 626 3578 Absit,
651 3509 898 3574 Domine,
925 3507 1065 3563 absit
1087 3523 1118 3560 a
1141 3505 1304 3562 corde
1326 3505 1468 3561 servi
1493 3505 1587 3570 tui,
1612 3504 1704 3574 qui
1721 3517 1842 3559 con-

333 3598 476 3656 fitetar
513 3601 616 3668 tibi;
660 3601 802 3657 absit
845 3609 903 3656 ut
942 3615 1275 3672 quocumque
1314 3598 1505 3670 gaudio
1544 3597 1837 3670 gaudeam,

324 3690 497 3749 beatam
515 3709 591 3752 me
613 3705 818 3766 putem.
839 3694 936 3749 Est
951 3693 1094 3750 enim
1120 3693 1368 3764 gaudium
1393 3690 1534 3763 quod
1559 3705 1662 3746 non
1687 3690 1843 3746 datur

320 3782 461 3854 impiis
480 3784 624 3858 (laci.
649 3802 846 3854 nvut,
871 3784 994 3856 22),
1028 3784 1126 3841 sed
1149 3785 1227 3840 eis
1254 3783 1416 3856 quite
1443 3782 1608 3854 gratis
1629 3782 1839 3848 colunt,

317 3890 499 3946 quorum
539 3878 786 3950 gaudium
825 3887 882 3932 tu
920 3877 1035 3948 ipse
1062 3892 1142 3932 es.
1178 3876 1249 3932 Et
1273 3876 1386 3947 ipsa
1424 3884 1506 3932 est
1542 3874 1697 3930 beata
1737 3875 1842 3930 vita

317 3968 506 4038 suadere
525 3970 589 4026 ad
613 3979 693 4037 te,
721 3969 792 4026 de
818 3979 903 4037 te,
929 3977 1146 4040 propter
1170 3975 1256 4036 te;
1285 3968 1398 4038 ipsa
1425 3975 1526 4032 est,
1550 3974 1604 4023 et
1630 3982 1735 4022 non
1761 3974 1847 4022 est

313 4060 470 4116 altera.
497 4062 592 4129 Qui
618 4071 798 4118 autem
824 4060 982 4116 aliam
1012 4068 1198 4132 putant
1222 4073 1342 4115 esse
1361 4099 1376 4124 ,
1407 4058 1548 4114 aliud
1577 4064 1846 4114 sectantur

313 4152 541 4224 gaudium,
565 4169 737 4226 neque
764 4153 937 4224 ipsum
963 4167 1172 4208 verum.
1199 4151 1283 4207 Ab
1300 4151 1474 4220 aliqua
1503 4159 1680 4206 tamen
1709 4149 1844 4204 ima-

316 4245 414 4314 gine
431 4246 597 4317 gaudii
618 4245 864 4302 voluntas
889 4259 1076 4301 eorum
1102 4258 1208 4300 non
1231 4242 1504 4298 avertitur.

829 4357 1055 4416 CAPUT
1103 4356 1292 4413 XXIII.

451 4427 574 4486 Item
600 4432 919 4504 prosequitur
944 4445 1057 4500 qua:
1083 4431 1148 4484 sit
1171 4430 1314 4484 beata
1341 4429 1442 4483 vita
1459 4469 1475 4496 ,
1503 4437 1551 4483 et
1578 4429 1680 4484 ubi.

367 4520 445 4579 3'6.
479 4523 589 4582 Non
627 4539 758 4597 ergo
797 4530 1004 4580 certum
1041 4531 1124 4578 est
1157 4521 1300 4594 quod
1336 4535 1524 4577 omnes
1556 4536 1677 4577 esse
1708 4520 1850 4576 beati

314 4612 464 4671 volunt
481 4655 498 4681 ,
523 4616 771 4687 quoniam
800 4615 892 4686 qui
926 4628 1034 4669 non
1058 4612 1128 4668 de
1154 4621 1207 4670 te
1232 4612 1464 4684 gaudere
1491 4612 1703 4680 volunt,
1732 4629 1851 4684 qua:

313 4702 406 4760 sola
429 4705 526 4762 vita
551 4705 705 4764 beata
733 4714 852 4774 est,
880 4721 987 4762 non
1018 4705 1198 4776 utique
1221 4704 1383 4760 vitam
1410 4703 1618 4761 beatam
1647 4704 1847 4760 volunt.

314 4790 380 4850 ΔΙ
401 4809 571 4854 omnes
596 4799 698 4854 hoc
722 4797 944 4853 volunt?
968 4795 1075 4852 Sed
1104 4796 1352 4867 quoniam
1377 4810 1502 4852 caro
1529 4797 1853 4868 concupiscit

313 4884 536 4946 adversus
573 4889 857 4963 spiritum,
894 4895 954 4944 et
990 4887 1210 4960 spiritus
1245 4886 1500 4942 adversus
1542 4901 1757 4943 carnem
1793 4897 1854 4944 ut

311 4987 400 5033 Ion
420 4977 606 5037 iaciant
629 4979 774 5052 quod
809 4979 993 5035 volunt
1019 4977 1225 5051 (Colat.
1253 4994 1308 5044 v,
1338 4977 1467 5051 l7),
1495 4978 1692 5034 cadunt
1717 4979 1771 5034 in
1800 4979 1853 5034 id

309 5067 432 5140 quod
446 5073 637 5139 valent,
657 5087 832 5144 eoque
855 5071 1094 5128 contenti
1121 5079 1271 5136 sunt;
1294 5071 1416 5142 quia
1437 5070 1563 5126 illud
1585 5070 1725 5142 quod
1746 5085 1852 5128 non

305 5159 476 5232 Valeat,
492 5177 598 5220 non
618 5171 826 5218 tantum
845 5161 1049 5227 volunt,
1071 5169 1324 5231 quantum
1345 5169 1429 5216 sat
1447 5169 1529 5216 est
1548 5171 1605 5216 ut
1623 5161 1851 5216 valeant.

303 5249 418 5313 Nam
451 5272 628 5330 quato
669 5257 739 5312 ab
787 5255 1032 5312 omnibus
1081 5263 1253 5310 utrum
1303 5255 1488 5310 malint
1528 5255 1596 5311 de
1634 5255 1856 5311 veritate

307 5355 442 5416 (Iam
464 5347 533 5407 de
555 5349 786 5406 falsitate
813 5347 1086 5420 gaudere:
1119 5355 1226 5402 tam
1255 5361 1360 5403 non
1399 5347 1642 5404 dubitant
1677 5348 1858 5406 dicere

305 5438 587 5499 deveﬁtate
605 5457 665 5499 se
683 5442 868 5509 malle,
891 5454 1051 5512 quam
1077 5454 1182 5495 non
1207 5439 1451 5496 dubitant
1473 5439 1650 5496 dicere
1671 5441 1857 5497 beatos

303 5541 410 5587 esse
443 5545 502 5590 ae
539 5533 697 5590 velle.
751 5532 914 5588 Beata
963 5532 1164 5602 quippe
1211 5531 1318 5586 vita
1365 5540 1450 5587 est
1493 5532 1742 5601 gaudium
1789 5532 1858 5588 de

309 5621 528 5682 veritate.
553 5623 667 5683 Hoc
689 5631 778 5680 est
805 5623 949 5680 enim
979 5623 1228 5693 gaudium
1262 5622 1329 5679 de
1361 5631 1414 5679 te
1446 5623 1538 5693 qui
1574 5623 1769 5678 veritas
1798 5638 1858 5680 es

363 5735 1643 5857 :msamm'WW-t
1848 5806 1861 5820 ο

449 5833 464 5850 .
745 5838 760 5851 .
1080 5839 1092 5852 .
1124 5807 1276 5856 cumt
1342 5813 1447 5856 Mss.
1493 5811 1720 5857 omittunt
1751 5804 1860 5857 lien

314 5802 620 5924 ὅθ
638 5803 760 5854 Dub.
783 5807 913 5853 me
947 5802 1092 5853 Pond.
1124 5802 1306 5857 wmtl
1342 5802 1447 5856 Mss
1493 5805 1720 5857 omittunt
1750 5804 1860 5872 ﬁeri

367 5901 626 5997 ῖῖιῖἷιὶἶΙ.
643 5925 762 5984 Dub.
783 5931 918 5986 Hart.
937 5925 1082 5979 ηοω.
1101 5940 1211 5983 cum
1228 5929 1281 5984 li
1303 5935 1430 5993 Mss,
1449 5943 1579 5986 nam.
1599 5938 1654 5981 M.

1595 454 1801 513 LIBER
1837 451 2150 511 DECIMUS.

3396 449 3497 508 793

1923 563 2100 635 (Joan.
2146 577 2260 629 xiv,
2302 560 2389 634 6),
2437 561 2577 619 Deus
2619 562 2932 620 illuminatio
2972 577 3112 632 mea,
3160 562 3304 619 salus
3347 563 3499 622 faciei

1909 669 2058 725 meae
2082 651 2252 724 (Psal.
2275 668 2434 718 xxvn,
2460 652 2536 722 ι),
2563 653 2704 709 Deus
2733 670 2904 710 meus.
2931 654 3080 710 Hanc
3106 656 3268 708 vitam
3291 654 3500 712 beatam

1923 756 2111 798 omnes
2137 743 2352 809 volunt,
2382 742 2520 798 hanc
2545 743 2708 798 vitam
2739 759 2858 814 quae
2887 745 2998 800 sola
3025 745 3177 800 beata
3205 754 3289 802 est
3313 758 3502 801 omnes

1922 831 2139 898 volunt,
2178 833 2426 904 gaudium
2461 833 2529 889 de
2563 835 2786 890 veritate
2828 849 3015 890 omnes
3058 837 3263 891 volunt.
3306 837 3500 893 Multos

1924 933 2176 996 expertus
2200 940 2317 980 sum
2343 925 2434 996 qui
2457 926 2653 981 vellent
2677 925 2890 994 fallere;
2918 927 3006 997 qui
3033 936 3209 984 autem
3234 928 3365 997 falli,
3397 945 3492 986 ne-

1923 1014 2141 1071 minem.
2174 1015 2274 1071 Ubi
2300 1031 2427 1088 ergo
2454 1027 2715 1073 noverunt
2749 1018 2887 1074 hanc
2923 1018 3084 1074 vitam
3122 1021 3328 1076 beatam
3349 1063 3362 1088 ,
3395 1023 3497 1078 nisi

1924 1105 2015 1162 ubi
2041 1115 2298 1162 noverunt
2326 1107 2485 1162 etiam
2511 1108 2826 1163 veritatem?
2850 1109 3044 1164 Amant
3067 1110 3207 1165 enim
3229 1121 3284 1167 et
3306 1113 3495 1184 ipsam,

1924 1195 2049 1268 quia
2078 1195 2187 1252 falli
2214 1197 2419 1251 nolunt.
2448 1196 2664 1252 Etcum
2701 1206 2880 1252 amant
2914 1198 3121 1255 beatam
3156 1200 3316 1256 vitam
3355 1203 3497 1274 quod

1924 1300 2034 1343 non
2057 1295 2141 1344 est
2163 1287 2306 1342 aliud
2331 1303 2489 1358 quam
2508 1287 2576 1344 de
2595 1287 2818 1344 veritate
2833 1289 3098 1360 gaudium,
3123 1293 3301 1362 utique
3319 1304 3501 1350 amant

1923 1382 2085 1436 etiam
2107 1379 2385 1435 veritatem
2404 1421 2419 1445 ,
2442 1394 2543 1435 nec
2561 1389 2802 1436 amarent
2826 1381 2928 1435 nisi
2950 1389 3091 1438 esset
3115 1383 3291 1453 aliqua
3312 1383 3498 1438 notitia

1921 1469 2041 1542 ejus
2059 1471 2111 1525 in
2131 1471 2387 1527 memoria
2406 1486 2613 1528 eorum.
2640 1470 2750 1527 Cur
2768 1486 2896 1544 ergo
2915 1489 3021 1528 non
3041 1473 3110 1529 de
3129 1474 3214 1528 illa
3233 1475 3499 1546 gaudent?

1924 1577 2024 1619 cur
2046 1578 2153 1620 non
2179 1563 2319 1620 beati
2346 1566 2508 1620 sunt?
2541 1565 2674 1633 Quia
2707 1564 2895 1621 fortius
2933 1574 3257 1636 occupantur
3296 1568 3346 1622 in
3381 1568 3502 1624 aliis

1923 1670 2045 1727 quae
2081 1657 2257 1727 potius
2289 1671 2384 1713 eos
2417 1655 2614 1712 faciunt
2657 1657 2915 1724 miseros,
2955 1672 3114 1728 quam
3153 1658 3281 1713 illud
3318 1659 3501 1716 beatos

1923 1745 2066 1816 quod
2123 1747 2348 1803 tenuiter
2392 1747 2764 1802 meminerunt.
2814 1745 3002 1803 Adhuc
3047 1748 3189 1805 enim
3235 1749 3500 1806 modicum

1924 1835 2106 1892 lumen
2130 1837 2284 1893 estin
2309 1836 2644 1904 hominibus;
2675 1837 2964 1905 ambulent,
2987 1839 3286 1908 ambulent,
3314 1856 3382 1897 nc
3407 1855 3502 1897 eos

1926 1929 2160 1984 tenebrae
2183 1928 2637 1998 comprehendant
2661 1927 2838 2000 (Joan.
2867 1943 2972 1997 xu,
2999 1929 3112 2002 55).

1996 2018 2086 2074 54.
2117 2018 2223 2075 Cur
2247 2029 2424 2075 autem
2455 2020 2648 2076 veritas
2679 2021 2813 2090 parit
2839 2020 3049 2088 odium,
3077 2030 3133 2076 et
3157 2022 3402 2080 inimicus
3424 2024 3503 2081 eis

1925 2107 2097 2164 factus
2123 2117 2206 2164 est
2233 2108 2393 2163 homo
2419 2117 2541 2164 tuus
2570 2124 2753 2165 verum
2789 2111 3082 2180 praedicans
3101 2153 3116 2179 ,
3146 2128 3268 2168 cum
3295 2127 3503 2175 ametur

1927 2198 2082 2255 beata
2107 2200 2235 2266 vita,
2253 2215 2370 2269 qua:
2398 2215 2503 2254 non
2524 2208 2607 2255 est
2630 2199 2730 2254 nisi
2750 2201 2998 2271 gaudium
3023 2201 3092 2257 de
3118 2203 3372 2260 veritate:
3397 2209 3500 2264 nisi

1925 2291 2050 2363 quia
2084 2291 2163 2348 sic
2195 2302 2402 2348 amatur
2433 2295 2649 2360 veritas,
2685 2303 2743 2348 ut
2775 2296 3088 2366 quicumque
3118 2298 3259 2353 aliud
3298 2312 3500 2371 amant,

1928 2383 2033 2439 hoc
2064 2384 2206 2454 quod
2247 2392 2429 2439 amant
2465 2386 2631 2440 velint
2667 2400 2785 2441 esse
2825 2387 3132 2454 veritatetn;
3162 2401 3217 2444 et
3246 2391 3368 2461 quia
3393 2393 3502 2447 falli

1929 2475 2148 2543 nolunt,
2193 2476 2376 2532 nolunt
2411 2477 2652 2533 convinci
2686 2478 2827 2548 quod
2855 2477 2972 2533 falsi
3001 2478 3146 2534 sint?
3171 2480 3350 2555 Itaque
3377 2500 3501 2554 pro-

1930 2576 2049 2638 pter
2072 2583 2191 2624 eam
2226 2583 2340 2623 rem
2366 2570 2592 2625 oderunt
2621 2569 2892 2625 veritatem
2914 2611 2929 2638 ,
2965 2586 3121 2642 quam
3157 2589 3252 2644 pro
3287 2577 3506 2631 veritate

1931 2667 2130 2713 amant.
2168 2659 2364 2713 Amant
2407 2673 2524 2714 eam
2567 2659 2864 2728 lucentem,
2905 2661 3131 2717 oderunt
3167 2678 3284 2719 eam
3323 2665 3506 2721 redar-

1931 2759 2200 2821 guentem.
2241 2750 2374 2818 Quia
2418 2753 2560 2806 enim
2597 2751 2708 2806 falli
2754 2753 2938 2808 nolunt
2974 2763 3030 2808 et
3067 2753 3253 2811 fallere
3290 2758 3506 2826 volunt,

1933 2847 2114 2894 amant
2137 2855 2256 2895 eam
2285 2855 2406 2895 cum
2432 2855 2491 2896 se
2517 2842 2632 2912 ipsa
2660 2842 2888 2909 iudicat,
2913 2853 2968 2898 et
2994 2843 3220 2900 oderunt
3243 2861 3360 2903 eam
3387 2864 3510 2905 cum

1937 2943 2032 2985 eos
2056 2928 2200 2999 ipsos
2225 2929 2484 2986 indicat‘.
2511 2931 2639 2986 Inde
2667 2934 2924 2989 retribuet
2945 2935 3045 3004 eis,
3074 2944 3130 2990 ut
3153 2938 3243 3007 qui
3269 2953 3329 2993 se
3351 2941 3420 2995 ab
3446 2954 3509 2996 ea

1935 3020 2264 3075 manifestari
2290 3021 2502 3089 nolunt,
2533 3029 2588 3076 et
2613 3037 2707 3078 eos
2732 3023 2974 3080 nolentes
2997 3028 3296 3085 manifestet
3312 3069 3329 3098 ,
3357 3041 3412 3085 et
3433 3032 3512 3087 eis

1936 3110 2049 3182 ipsa
2074 3125 2182 3167 non
2214 3112 2284 3166 sit
2308 3112 2606 3168 manifesta.
2634 3113 2722 3170 Sic
2751 3115 2828 3170 sic
2859 3117 3018 3170 etiam
3037 3157 3053 3184 ,
3081 3118 3159 3173 sic
3181 3121 3389 3176 animus
3414 3123 3512 3177 hu-

1937 3216 2161 3270 manus,
2197 3204 2356 3258 etiam
2397 3204 2476 3260 sic
2511 3218 2685 3260 czecus
2719 3214 2774 3261 et
2809 3206 3114 3278 languidus,
3154 3212 3320 3282 turpis
3357 3220 3516 3284 atque

1940 3293 2196 3350 indecens
2223 3295 2388 3350 latere
2415 3295 2557 3363 vult;
2587 3310 2644 3351 se
2669 3306 2846 3353 autem
2887 3292 2944 3352 ut
2980 3299 3140 3355 lateat
3172 3301 3370 3373 aliquid
3407 3319 3515 3360 non

1941 3386 2071 3441 vult.
2099 3385 2295 3441 Contra
2323 3386 2399 3440 illi
2424 3385 2662 3442 redditur
2682 3395 2738 3442 ut
2761 3388 2872 3459 ipse
2897 3404 3002 3445 non
3029 3391 3188 3447 lateat
3214 3395 3514 3463 veritatem,

1941 3477 2116 3547 ipsum
2145 3487 2320 3532 autem
2351 3477 2546 3534 veritas
2570 3479 2745 3534 lateat.
2770 3480 2967 3537 Tamen
2993 3483 3151 3539 etiam
3175 3485 3252 3540 sic
3275 3484 3400 3541 dum
3420 3489 3519 3543 mi-

1943 3585 2032 3626 ser
2051 3577 2152 3636 cst,
2175 3571 2314 3626 veris
2337 3571 2536 3626 mavult
2555 3571 2786 3642 gaudere
2813 3589 2972 3645 quam
2993 3573 3158 3632 falsis.
3181 3577 3373 3634 Beatus
3392 3595 3520 3652 ergo

1947 3663 2068 3730 erit,
2094 3663 2140 3718 si
2167 3663 2312 3718 nulla
2339 3664 2706 3734 interpellante
2737 3666 2997 3734 molestia,
3022 3667 3089 3723 de
3113 3669 3225 3738 ipsa
3251 3686 3344 3742 per
3363 3687 3519 3744 quam

1945 3769 2070 3810 vera
2094 3762 2218 3810 sunt
2240 3755 2438 3822 omnia,
2466 3757 2584 3811 sola
2609 3757 2831 3812 veritate
2852 3757 3114 3829 gaudebit.

2506 3869 2730 3926 CAPUT
2767 3869 2956 3926 XXIV.

1989 3963 2287 4019 Gratulatur
2310 3963 2444 4034 quod
2467 3978 2562 4016 sua
2587 3962 2640 4016 in
2668 3963 2907 4016 memoria
2929 3961 3068 4017 Deus
3098 3963 3262 4018 locum
3287 3964 3484 4020 habeat.

2023 4055 2112 4112 55.
2150 4055 2292 4110 Ecce
2318 4062 2572 4125 quantum
2599 4053 2854 4124 spatiatus
2877 4069 2992 4108 sum
3023 4053 3076 4107 in
3101 4055 3358 4111 memoria
3381 4071 3520 4125 mea,

1949 4158 2194 4216 quaerens
2236 4153 2321 4210 te,
2361 4143 2618 4209 Domine,
2655 4153 2710 4197 et
2746 4158 2851 4197 non
2891 4151 2942 4198 te
2980 4142 3158 4197 inveni
3193 4153 3342 4198 extra
3380 4159 3520 4200 eam.

1946 4237 2131 4308 Neque
2158 4235 2301 4292 enim
2341 4234 2539 4306 aliquid
2568 4234 2637 4290 de
2664 4243 2714 4290 te
2745 4234 2920 4290 inveni
2945 4234 3086 4306 quod
3117 4250 3220 4290 non
3248 4236 3524 4293 meminis-

1948 4347 2062 4389 sem
2087 4346 2151 4386 ex
2179 4345 2286 4403 quo
2310 4329 2471 4386 didici
2499 4337 2571 4386 te.
2599 4328 2732 4386 Nam
2757 4344 2822 4385 ex
2851 4343 2956 4401 quo
2981 4329 3143 4386 didici
3167 4338 3248 4398 te,
3275 4345 3378 4385 non
3406 4345 3526 4386 sum

1953 4423 2148 4479 oblitus
2188 4423 2283 4477 tui.
2333 4421 2432 4478 Ubi
2468 4421 2612 4478 enim
2656 4421 2835 4477 inveni
2875 4424 3182 4487 veritatem,
3229 4421 3302 4477 ibi
3350 4421 3526 4478 inveni

1956 4516 2122 4572 Doum
2155 4529 2332 4571 meum
2362 4515 2530 4584 ipsam
2555 4515 2829 4570 veritatem
2849 4553 2865 4581 ,
2893 4529 3050 4584 quam
3071 4555 3087 4581 ,
3116 4529 3179 4568 ex
3205 4529 3311 4584 quo
3335 4514 3524 4583 didici,

1954 4621 2061 4663 non
2099 4621 2220 4662 sum
2259 4605 2474 4661 oblitus.
2515 4606 2696 4676 Itaque
2725 4620 2792 4661 ex
2817 4621 2923 4676 quo
2950 4604 3108 4661 didici
3138 4615 3188 4661 te
3208 4646 3224 4672 ,
3251 4621 3434 4663 manes
3472 4608 3527 4664 in

1954 4698 2210 4753 memoria
2237 4711 2351 4752 mea
2369 4737 2384 4764 ,
2415 4705 2472 4754 et
2497 4695 2607 4752 illic
2631 4705 2682 4751 te
2710 4696 2941 4765 invenio,
2969 4712 3090 4753 cum
3117 4698 3430 4755 reminiscor
3455 4701 3528 4756 tui

1954 4798 2009 4846 et
2040 4789 2277 4846 delector
2301 4789 2354 4844 in
2383 4798 2453 4844 te.
2481 4788 2577 4844 lla:
2599 4797 2725 4844 sunt
2748 4798 2946 4844 sanctas
2971 4789 3175 4845 delicia:
3202 4806 3338 4846 meae
3354 4832 3372 4860 ,
3399 4807 3532 4864 quas

1957 4881 2164 4937 donasti
2190 4879 2320 4936 mihi
2345 4879 2705 4937 misericordia
2737 4891 2828 4936 tua
2852 4881 3143 4953 respiciens
3170 4892 3530 4955 paupertatem

1955 4988 2146 5031 meam.

2516 5042 2745 5101 CAPUT
2782 5043 2949 5100 XXV.

2179 5134 2248 5189 In
2270 5150 2370 5206 quo
2394 5135 2646 5190 memorias
2671 5135 2833 5206 gradu
2858 5137 3136 5207 reperiatur
3157 5136 3317 5194 Deus.

2032 5247 2120 5304 56.
2153 5246 2258 5304 Sed
2284 5247 2372 5302 ubi
2400 5261 2586 5302 manes
2613 5247 2665 5302 in
2693 5247 2950 5303 memoria
2975 5264 3092 5304 mea
3114 5289 3128 5314 ,
3159 5249 3380 5306 Domine
3397 5289 3414 5316 ,
3445 5250 3533 5306 ubi

1960 5340 2066 5397 illic
2103 5342 2324 5396 manes?
2361 5339 2530 5408 Quale
2565 5339 2740 5396 cubile
2776 5339 3042 5397 fabricasti
3075 5341 3184 5396 illic
3222 5342 3353 5396 tibi?
3378 5343 3536 5411 quale

1963 5434 2317 5490 sanctuarium
2337 5435 2358 5466 ³
2385 5433 2656 5490 aedificasti
2694 5435 2829 5490 tibi?
2855 5434 2932 5488 Tu
2959 5433 3149 5490 dedisti
3178 5433 3311 5487 hanc
3344 5433 3532 5502 digna-

1962 5531 2162 5586 tionem
2199 5529 2471 5585 memoria:
2504 5544 2639 5584 meae
2677 5535 2736 5583 ut
2769 5543 2984 5584 maneas
3011 5529 3062 5582 in
3092 5542 3184 5591 ea;
3224 5525 3318 5580 sed
3347 5526 3400 5580 in
3429 5542 3532 5598 qua

1964 5623 2080 5693 ejus
2114 5631 2263 5692 parte
2301 5636 2551 5688 maneas,
2583 5619 2684 5676 hoc
2711 5620 3008 5676 considero.
3039 5614 3362 5672 Transcendi
3389 5619 3534 5674 enim

1966 5726 2144 5789 partes
2163 5715 2298 5787 ejus,
2320 5731 2451 5785 quas
2471 5715 2665 5770 habent
2682 5724 2735 5770 et
2759 5711 2956 5775 bestiae,
2978 5723 3099 5764 cum
3120 5715 3171 5763 te
3189 5705 3531 5779 recordarer;

2027 5858 2048 5889 ι
2063 5861 2192 5918 Lov.,
2217 5852 2429 5917 iudicat.

2025 5921 2047 5952 ⁸
2063 5930 2111 5976 In
2127 5913 2308 5989 aliquot
2323 5927 2449 5979 uss,
2476 5913 2758 5972 sacrarium.
