3880 6386
570 436 677 496 ’199

569 552 714 611 omni
744 548 1054 608 tentatione.
1081 542 1197 601 Non
1219 554 1319 612 ego
1334 526 1718 596 immunditiam
1732 531 1938 590 obsonii
1958 530 2142 598 timeo,

569 647 667 704 sed
696 642 1080 701 immunditiam
1117 635 1438 709 cupiditatis.
1469 632 1593 689 Scio
1627 630 1739 686 Noe
1782 643 1940 685 omne
1967 623 2144 682 carnis

567 752 735 810 genus
775 735 919 808 quod
968 733 1089 789 cibo
1132 740 1273 788 esset
1315 728 1432 784 usui
1472 724 1791 782 manducare
1828 720 2143 791 permissum

574 833 723 905 (Gen.
740 847 816 899 tx,
827 830 884 895 2,
896 829 980 901 3);
999 828 1167 883 Eliam
1183 821 1488 881 cibocarnis
1498 818 1752 876 refectum
1770 814 1855 886 (ιιι
1869 813 1997 885 Reg.
2010 827 2140 878 xvn,

567 902 647 995 6);
674 922 933 979 Joannem
960 917 1188 975 mirabili
1211 912 1530 971 abstinentia
1560 908 1859 982 prmditum,
1905 902 2145 960 animali-

570 1016 689 1082 bus,
716 1014 818 1069 boc
839 1020 923 1069 est
948 1011 1186 1074 locustis,
1211 1008 1264 1063 in
1284 1019 1460 1061 escam
1480 1000 1788 1058 cedentibus
1811 996 1831 1067 (
1849 996 2032 1051 Matth.
2064 1010 2139 1059 nr,

569 1107 625 1178 ι)
651 1120 755 1161 non
782 1104 946 1160 fuisse
974 1101 1253 1173 pollutum.
1278 1097 1345 1153 Et
1362 1094 1472 1151 scio
1494 1094 1631 1149 Esau
1664 1089 1926 1144 lenticula:
1949 1100 2144 1141 concu-

569 1198 825 1271 piscentia
851 1197 1129 1265 deceptum
1155 1189 1304 1263 (Gen.
1333 1202 1466 1253 xxv,
1488 1184 1616 1255 54);
1656 1190 1710 1237 et
1740 1179 1904 1271 David
1929 1186 2144 1249 propter

564 1268 715 1359 aqua:
734 1285 1055 1344 desiderium
1083 1298 1113 1336 a
1142 1281 1319 1350 seipso
1339 1274 1718 1347 reprehensum
1744 1268 1821 1342 (II
1841 1268 1966 1359 Reg.
1986 1281 2138 1332 χχιιι,

567 1358 775 1451 I547);
804 1385 858 1433 et
888 1376 1085 1446 Regem
1108 1379 1349 1427 nostrum
1375 1382 1479 1422 non
1507 1364 1574 1419 de
1596 1377 1777 1426 carne,
1795 1359 1887 1415 sed
1912 1358 1979 1413 de
2005 1371 2142 1427 pane

567 1486 688 1527 esse
713 1446 973 1526 tentatum
1002 1462 1211 1538 (Matth.
1256 1474 1334 1526 tv,
1360 1456 1441 1529 '5).
1481 1454 1709 1524 Ideoque
1736 1458 1791 1507 et
1833 1448 2058 1519 populus
2088 1446 2140 1502 in

566 1575 769 1622 eremo,
811 1573 918 1613 non
957 1556 1079 1627 quia
1108 1565 1297 1609 carnes
1334 1546 1688 1610 desideravit,
1737 1540 1831 1595 sed
1857 1539 1979 1610 quia
2005 1552 2141 1592 esca:

568 1651 836 1709 desiderio
860 1648 1116 1703 adversus
1142 1644 1425 1698 Dominum
1445 1632 1811 1699 murmuravit,
1835 1628 2027 1686 meruit
2043 1628 2141 1683 im-

564 1741 776 1814 probari
810 1738 996 1812 (Num.
1016 1735 1117 1809 ιι).

637 1832 726 1887 47.
766 1829 823 1885 In
851 1828 934 1883 his
959 1840 1087 1897 ergo
1131 1820 1508 1879 tentationibus
1537 1814 1757 1888 positus,
1811 1820 1958 1870 certo
2004 1823 2140 1881 quo-

563 1922 692 1978 tidie
706 1919 958 1976 adversus
968 1912 1447 1985 concupiscentiam
1463 1904 1817 1963 manducandi
1829 1912 1882 1958 et
1892 1900 2107 1959 bibendi
2122 1918 2135 1955 :

570 2030 677 2071 non
703 2012 845 2068 enim
884 2018 966 2066 est
1006 2008 1148 2080 quod
1186 2006 1352 2062 semel
1382 2002 1671 2074 praecidere
1699 2007 1756 2055 et
1790 1997 2009 2053 ulterius
2034 2011 2139 2050 non

563 2104 823 2175 attingere
846 2102 1149 2167 decernam,
1179 2099 1316 2154 sicut
1343 2096 1411 2152 de
1435 2092 1721 2151 concubitu
1768 2090 1934 2161 potui.
1958 2087 2140 2158 Itaque

562 2197 701 2254 freni
728 2195 955 2267 gutturis
980 2199 1272 2263 temperata
1314 2188 1641 2245 relaxatione
1680 2194 1736 2240 et
1762 2181 2140 2239 constrictione

563 2289 779 2346 tenendi
802 2294 945 2344 sunt.
977 2287 1047 2342 Et
1067 2287 1186 2356 quis
1212 2290 1316 2347 est,
1347 2280 1589 2344 Domine,
1620 2279 1713 2348 qui
1757 2290 1863 2330 non
1907 2274 2141 2344 rapiatur

561 2380 945 2452 aliquantulum
982 2386 1132 2433 extra
1163 2383 1333 2430 metas
1375 2368 1743 2427 necessitatis?
1767 2366 2015 2436 Quisquis
2035 2375 2137 2432 est,

563 2485 788 2541 magnus
804 2476 915 2532 est;
963 2464 1265 2535 magniﬁcet
1288 2476 1482 2517 nomen
1507 2468 1675 2515 tuum.
1697 2458 1808 2528 Ego
1831 2465 2005 2512 autem
2033 2469 2139 2509 non

492 2570 508 2588 ⁵
560 2576 701 2624 sum,
732 2559 857 2630 quia
878 2565 1127 2628 peccator
1154 2556 1315 2611 homo
1340 2568 1477 2609 sum.
1526 2550 1631 2608 Sed
1656 2560 1711 2607 et
1736 2565 1835 2621 ego
1862 2546 2139 2619 magniﬁco

564 2664 759 2705 nomen
811 2656 993 2713 tuum;
1051 2654 1107 2703 et
1148 2644 1453 2715 interpellat
1498 2652 1550 2699 te
1597 2657 1695 2714 pro
1742 2640 1970 2712 peccatis
2005 2639 2140 2695 meis

565 2740 741 2810 (Rom.
769 2756 882 2805 vm,
914 2739 1028 2811 54),
1049 2739 1137 2810 qui
1161 2738 1288 2794 vicit
1313 2735 1566 2792 saeculum
1599 2732 1793 2807 (Joan.
1842 2747 1956 2798 xvr,
2003 2732 2073 2787 55
2093 2730 2135 2800 ),

562 2847 848 2888 numerans
879 2846 966 2888 me
993 2831 1133 2886 inter
1146 2828 1350 2885 inﬁrma
1366 2827 1602 2884 membra
1631 2824 1869 2897 corporis
1886 2823 1987 2884 sui.
2018 2821 2138 2891 quia

559 2934 618 2980 et
670 2923 1035 2996 imperfectum
1066 2922 1182 2993 ejus
1207 2924 1224 2955 ⁸
1252 2921 1500 2976 viderunt
1525 2918 1663 2974 oculi
1695 2917 1789 2983 tui,
1828 2924 1884 2971 et
1925 2916 1977 2970 in
2005 2913 2139 2968 libro

557 3022 653 3073 tuo
671 3030 860 3072 omnes
888 3014 1186 3071 scribentur
1216 3010 1384 3085 (Psat.
1414 3023 1673 3075 cxxxvnt,
1701 3005 1815 3076 l6).

1095 3122 1320 3179 CAPUT
1357 3117 1575 3176 XXXII.

876 3195 945 3252 Ut
969 3210 1024 3250 se
1050 3195 1175 3265 gerit
1199 3192 1266 3247 ad
1292 3192 1505 3246 odorum
1530 3188 1805 3243 illecebras.

629 3288 720 3344 ιδ.
751 3288 829 3343 De
869 3285 1119 3341 illecebra
1162 3282 1385 3339 odorum
1428 3296 1535 3336 non
1575 3288 1756 3348 satago
1790 3277 1965 3332 nimis.
2006 3275 2136 3332 Cum

556 3379 771 3444 absunt,
802 3390 909 3432 non
937 3374 1185 3445 requiro;
1224 3387 1346 3428 cum
1366 3371 1577 3436 adsunt,
1606 3383 1711 3423 non
1740 3380 1954 3436 respuo,
1981 3380 2137 3435 para-

561 3480 649 3525 tus
665 3468 825 3524 etiam
855 3467 933 3522 eis
949 3480 1163 3535 semper
1183 3477 1386 3519 carere.
1415 3462 1491 3516 Ita
1517 3460 1647 3515 mihi
1672 3457 1885 3523 videor;
1914 3455 2139 3511 fortasse

559 3560 736 3615 fallor.
778 3557 916 3613 Sunt
940 3555 1083 3612 enim
1108 3563 1162 3610 et
1191 3556 1307 3609 istm
1328 3549 1637 3623 plangendae
1663 3547 1915 3612 tenebrae,
1943 3546 1995 3600 in
2016 3545 2135 3616 qui-

558 3652 661 3709 bus
689 3666 777 3707 me
805 3651 933 3705 latet
955 3648 1178 3703 facultas
1203 3661 1321 3702 mea
1345 3659 1464 3715 quae
1495 3645 1547 3698 in
1574 3657 1661 3698 me
1695 3649 1778 3697 est
1808 3657 1822 3695 :
1849 3649 1908 3695 ut
1930 3637 2136 3693 animus

559 3757 714 3801 meus
730 3742 799 3797 de
818 3741 1017 3798 viribus
1044 3739 1155 3794 suis
1180 3738 1294 3808 ipse
1313 3751 1372 3792 se
1398 3737 1729 3805 interrogans
1746 3747 1849 3789 non
1866 3730 2021 3787 facile
2037 3729 2137 3785 sibi

561 3832 891 3891 credendum
930 3829 1221 3894 existimet;
1249 3826 1372 3897 quia
1401 3824 1617 3896 etquod
1638 3824 1794 3889 inest,
1826 3821 2137 3891 plerumque

558 3924 829 3982 occultum
853 3931 956 3989 est,
988 3920 1091 3976 nisi
1118 3917 1446 3989 experientia
1475 3916 1859 3971 manifestetur.
1890 3911 1953 3966 Et
1980 3923 2138 3963 nemo

555 4029 774 4072 securus
794 4027 915 4070 esse
938 4011 1098 4067 debet
1126 4010 1179 4066 in
1206 4010 1304 4065 ista
1324 4008 1454 4074 vita,
1484 4021 1604 4077 qua:
1649 4013 1759 4060 tota
1791 4000 2009 4057 tentatio
2034 4012 2135 4054 no-

554 4106 785 4161 minatur
807 4102 947 4176 (Job.
977 4117 1072 4168 vn,
1119 4098 1198 4170 l),
1227 4107 1402 4155 utrum
1427 4096 1518 4168 qui
1545 4094 1660 4151 ﬁeri
1685 4093 1859 4165 potuit
1884 4106 1952 4147 ex
1978 4088 2131 4144 dete-

554 4196 696 4252 riore
727 4195 937 4260 melior,
961 4206 1068 4247 non
1095 4190 1188 4246 ﬁat
1214 4190 1373 4246 etiam
1400 4203 1467 4244 ex
1495 4187 1716 4243 meliore
1744 4182 1997 4239 deterior.
2021 4179 2136 4236 Una

552 4301 697 4358 spes,
719 4301 823 4342 una
849 4284 1063 4350 ﬁducia,
1099 4296 1203 4338 uua
1233 4280 1386 4336 ﬁrma
1431 4277 1736 4350 promissio,
1774 4271 2136 4331 misericordia

558 4387 666 4435 tua.

1060 4464 1288 4523 CAPUT
1326 4461 1563 4520 XXXIII.

872 4561 940 4619 Ut
965 4577 1020 4617 se
1046 4561 1173 4632 gerit
1200 4557 1268 4612 ad
1295 4557 1574 4627 voluptates
1596 4553 1815 4608 aurium.

622 4654 714 4711 49.
734 4654 1043 4724 Voluptates
1062 4650 1268 4706 aurium
1291 4647 1529 4705 tenacius
1554 4660 1640 4700 me
1665 4644 2061 4716 implicaverant
2082 4650 2137 4698 et

552 4746 991 4815 subjugaverant;
1031 4742 1127 4798 sed
1158 4739 1448 4806 resolvisti,
1480 4746 1536 4794 et
1575 4735 1812 4791 liberasti
1836 4749 1940 4791 me.
1986 4734 2136 4788 Nunc

552 4837 610 4891 in
639 4835 786 4890 sonis
811 4848 949 4904 quos
968 4833 1203 4889 animant
1229 4831 1439 4902 eloquia
1469 4839 1579 4895 tua,
1610 4844 1731 4884 cum
1761 4828 1909 4884 suavi
1934 4836 1988 4882 et
2009 4826 2136 4881 arti-

556 4925 738 4981 ﬁciosa
752 4940 885 4980 voce
900 4933 1200 4988 cantautur,
1221 4923 1410 4987 fateor,
1432 4920 1810 4992 aliquantulum
1829 4919 2131 4990 acquiesco;

554 5030 664 5071 non
706 5014 918 5085 quidem
967 5024 1027 5070 ut
1065 5015 1316 5078 haeream,
1354 5013 1448 5070 sed
1486 5022 1542 5068 ut
1581 5026 1793 5082 surgam
1840 5026 1961 5066 cum
1990 5011 2129 5065 volo.

552 5109 801 5164 Attamen
826 5121 949 5161 cum
976 5106 1105 5176 ipsis
1129 5106 1407 5161 sententiis
1428 5105 1621 5175 quibus
1637 5104 1837 5168 vivunt,
1863 5113 1920 5158 ut
1942 5104 2133 5158 admit-

554 5209 733 5256 tantur
773 5197 840 5253 ad
869 5214 976 5263 me,
1012 5206 1257 5268 quaerunt
1285 5198 1341 5252 in
1370 5196 1532 5252 corde
1570 5210 1689 5251 meo
1723 5196 2025 5251 nonnullius
2046 5194 2131 5250 di-

550 5291 768 5365 gnitatis
790 5290 985 5358 locum,
1018 5298 1074 5345 et
1100 5288 1186 5343 vix
1216 5289 1295 5344 eis
1346 5288 1560 5358 prtebeo
1584 5295 1980 5357 congruentem.
2017 5288 2131 5343 Ali-

551 5384 765 5466 qjgmdo
801 5383 945 5438 enim
988 5382 1111 5453 plus
1154 5379 1281 5435 mihi
1306 5379 1491 5435 videor
1532 5378 1750 5434 honoris
1795 5378 1873 5433 eis
1901 5378 2134 5435 tribuere

553 5492 715 5548 quam
741 5475 917 5541 decet,
947 5474 1075 5530 dum
1100 5472 1229 5543 ipsis
1254 5471 1450 5527 sanctis
1475 5470 1632 5526 dictis
1651 5469 1945 5540 religiosius
1972 5479 2025 5525 et
2046 5485 2133 5525 ar-

550 5568 767 5625 dentius
796 5568 970 5623 sentio
1013 5564 1214 5621 moveri
1262 5563 1468 5618 animos
1512 5569 1723 5616 nostros
1766 5560 1817 5614 in
1866 5559 2131 5616 ﬂammam

618 5685 635 5715 ι
656 5682 766 5754 uad.
787 5688 982 5754 Am._Er_.
1004 5688 1056 5733 et
1069 5688 1200 5752 Lov.,
1217 5677 1751 5754 hnpgfectu‘mmewn;
1766 5676 1852 5754 sed
1884 5683 1988 5726 Mss.
2022 5689 2131 5729 etim

557 5752 687 5818 smn,
703 5817 706 5818 ν
725 5743 1056 5818 irnperfectmn
1076 5742 1219 5818 ejus;
1251 5740 1437 5818 Selii-eet
1462 5740 1656 5818 christi,
1689 5752 1751 5788 ex
1776 5740 1911 5818 cujus
1926 5751 2131 5818 persona

557 5803 849 5854 versiarlum
880 5803 1032 5855 istum
1072 5803 1419 5869 interpretatur
1461 5803 1784 5870 Augustinus,
1827 5806 2034 5852 Enarrat.
2080 5803 2130 5854 in

557 5864 723 5928 malm.
752 5865 859 5929 1³8.
875 5880 925 5923 ιι.
944 5866 1020 5925 33.

1685 404 2202 473 CONFESSIONUM
2237 407 2296 467 s.
2335 409 2699 471 AUGUSTINI
3277 408 3357 459 ςίί
3652 440 3731 500 800

2249 524 2481 596 pietatis,
2503 542 2625 583 cum
2652 528 2723 584 ita
2746 536 3045 597 cantantur,
3067 549 3220 605 quam
3243 536 3286 593 si
3305 553 3401 596 non
3423 541 3486 597 ita
3506 556 3730 609 cantat-en.

2250 626 2363 683 tur;
2392 627 2447 673 et
2476 633 2663 675 omnes
2690 619 2910 677 affectus
2932 624 3149 693 spiritus
3167 629 3329 684 nostri
3358 647 3445 700 pro
3465 634 3537 688 sui
3558 637 3575 669 ι
3595 639 3734 698 dim.

2248 710 2403 767 sitate
2432 710 2631 767 habere
2673 714 2919 783 proprios
2953 715 3139 772 modos
3165 717 3218 773 in
3262 734 3386 777 voce
3429 732 3569 794 atque
3594 740 3732 802 cantu,

2248 818 2474 874 quorum
2504 805 2684 861 nescio
2725 822 2829 877 qua
2870 808 3077 863 occulta
3104 808 3441 870 familiaritate
3476 819 3733 879 excitentur.

2248 894 2355 950 Sed
2382 894 2664 951 delectatio
2690 898 2867 953 carnis
2890 912 3041 963 mem,
3068 900 3153 954 cui
3180 911 3401 958 mentem
3441 911 3731 971 enarrandam

2248 1001 2353 1043 non
2384 996 2594 1057 Oportet
2618 986 2761 1053 dari,
2795 1002 2939 1058 saepe
2964 1004 3050 1045 me
3077 989 3225 1056 fallit,
3252 991 3372 1048 dum
3394 997 3621 1054 rationem
3643 1018 3736 1059 sen-

2247 1093 2339 1134 sus
2365 1094 2472 1134 non
2513 1079 2583 1134 ita
2610 1078 2893 1134 comitatur
2920 1089 2979 1134 ut
3006 1081 3261 1150 patienter
3284 1084 3351 1138 sit
3374 1088 3636 1155 posterior;
3670 1094 3735 1148 sed

2248 1181 2449 1227 tantum
2471 1172 2591 1243 quia
2622 1184 2837 1242 propter
2859 1171 3000 1226 illam
3032 1175 3222 1228 meruit
3245 1174 3458 1241 admitti,
3484 1178 3619 1235 etiam
3637 1198 3737 1251 prs:-

2246 1279 2462 1319 currere
2484 1279 2547 1319 ac
2569 1263 2766 1319 ducere
2795 1272 3036 1319 conatur.
3077 1264 3153 1320 Ita
3185 1266 3240 1321 in
3264 1264 3345 1322 his
3368 1283 3514 1338 pecco
3535 1286 3624 1327 non
3648 1288 3737 1329 seu.

2245 1355 2403 1419 tiens.
2435 1354 2528 1410 sed
2556 1363 2736 1424 postea
2764 1355 2957 1411 sentio.

2317 1446 2406 1501 50.
2441 1445 2737 1516 Aliquando
2762 1453 2939 1501 autem
2964 1446 3104 1502 hanc
3122 1447 3284 1517 ipsam
3323 1448 3560 1506 fallaciam
3592 1453 3738 1510 immo-

2245 1536 2479 1593 deratius
2506 1551 2722 1601 cavens,
2747 1552 2868 1593 erro
2889 1537 3051 1593 nimia
3076 1540 3353 1597 severitate
3386 1563 3399 1600 :
3437 1543 3521 1599 sed
3539 1546 3663 1602 valde
3679 1548 3738 1603 in-

2245 1627 2475 1693 terdum,
2505 1637 2562 1683 ut
2588 1628 2760 1684 melos
2774 1644 2931 1684 omne
2957 1630 3335 1687 cantilenarum
3362 1635 3575 1689 suavium
3598 1639 3741 1708 quibus

2245 1719 2550 1775 Davidicum
2576 1720 2889 1776 Psalterium
2922 1721 3303 1792 frequentatur,
3347 1724 3412 1780 ab
3435 1727 3623 1784 auribus
3643 1731 3740 1787 meis

2245 1810 2506 1865 removeri
2559 1810 2718 1865 velim
2742 1852 2757 1877 ,
2807 1820 2965 1881 atque
3013 1812 3179 1882 ipsius
3217 1814 3494 1882 Ecclesiae;
3535 1819 3741 1892 tutiusque

2245 1901 2372 1955 mihi
2404 1901 2611 1956 videtur
2636 1902 2777 1973 quod
2797 1902 2865 1957 de
2884 1903 3246 1961 Alexandrino
3270 1908 3502 1979 episcopo
3516 1910 3740 1968 Athanasio

2245 2007 2388 2062 saepe
2418 1993 2544 2047 mihi
2573 1993 2773 2047 dictum
2800 1995 3163 2064 commemini,
3191 1998 3279 2068 qui
3307 2007 3407 2053 tam
3434 2000 3615 2057 modico
3636 2002 3740 2058 ﬂexu

2245 2085 2389 2140 vocis
2410 2084 2634 2141 faciebat
2662 2101 2853 2141 sonare
2867 2086 3126 2142 lectorem
3154 2089 3360 2158 psalmi,
3380 2099 3437 2145 ut
3454 2094 3740 2161 pronuntianti

2244 2174 2467 2229 vicinior
2508 2185 2649 2231 esset
2682 2191 2840 2245 quam
2884 2178 3117 2233 canenti.
3147 2178 3529 2248 Verumtamen,
3555 2199 3652 2239 cum
3678 2202 3739 2240 re-

2244 2267 2495 2321 miniscor
2523 2269 2783 2339 lacrymas
2812 2284 2957 2324 meas
2976 2310 2990 2335 ,
3020 2286 3155 2341 quas
3192 2272 3301 2328 fudi
3335 2273 3397 2329 ad
3422 2286 3583 2331 cantus
3600 2278 3739 2333 Eccle-

2244 2355 2337 2411 sia:
2364 2357 2537 2411 tumin
2570 2357 2871 2426 primordiis
2914 2370 3243 2430 recuperatae
3273 2362 3388 2420 ﬁdei
3414 2380 3546 2433 mem,
3571 2375 3615 2421 et
3636 2384 3741 2422 nunc

2245 2448 2361 2517 ipso
2389 2449 2527 2519 quod
2566 2464 2784 2505 moveor
2810 2452 2853 2517 ²,
2883 2466 2991 2506 non
3024 2462 3208 2519 cantu,
3236 2455 3326 2509 sed
3370 2456 3511 2514 rebus
3532 2473 3626 2530 qua:
3648 2474 3742 2515 can-

2242 2546 2442 2603 tantur,
2474 2556 2592 2593 cum
2622 2540 2817 2610 liquida
2841 2556 2974 2598 voce
3010 2552 3063 2598 et
3107 2545 3569 2603 convenientissima
3593 2549 3737 2603 modu-

2243 2630 2440 2686 latione
2476 2639 2775 2699 cantantur,
2821 2649 3063 2704 magnam
3091 2636 3319 2692 instituti
3345 2638 3486 2708 hujus
3521 2640 3734 2694 utilitatem

2243 2736 2426 2777 rursus
2452 2737 2700 2792 agnosco.
2733 2722 2806 2778 Ita
2834 2723 3032 2779 ﬁuctuo
3058 2726 3202 2782 inter
3229 2729 3497 2798 periculum
3513 2730 3736 2799 voluptatis

2243 2822 2298 2867 et
2323 2813 2742 2883 experimentum
2764 2815 3123 2880 salubritatis;
3149 2820 3415 2890 magisque
3437 2818 3641 2883 adducor,
3659 2834 3739 2875 non

2242 2903 2455 2973 quidem
2475 2904 2910 2961 irretraclabilem
2923 2909 3245 2963 sententiam
3269 2910 3536 2979 proferens,
3552 2910 3737 2965 cantandi

2242 2993 2677 3049 consuetudinem
2704 2996 3000 3064 approbare
3022 2997 3073 3050 in
3098 2998 3368 3064 Ecclesia;
3397 3009 3448 3053 ut
3470 3015 3549 3069 per
3567 2999 3733 3053 oblecta-

2244 3093 2421 3140 menta
2448 3086 2651 3140 aurium
2684 3086 2944 3142 inﬁrmior
2971 3088 3185 3145 animus
3233 3092 3285 3145 in
3335 3091 3554 3146 allectum
3583 3091 3736 3160 pietatis

2242 3185 2501 3247 assurgat.
2526 3177 2746 3244 Tamen,
2793 3193 2913 3233 cum
2963 3179 3093 3234 mibi
3135 3181 3326 3237 accidit
3370 3192 3423 3236 ut
3465 3197 3540 3237 me
3571 3181 3738 3249 amplius

2242 3278 2445 3335 cantus,
2477 3286 2633 3341 quam
2665 3286 2753 3325 res
2794 3286 2913 3341 quae
2963 3272 3198 3340 canitur,
3259 3283 3490 3340 moveat;
3533 3272 3741 3343 pmnaliter

2242 3377 2327 3417 me
2375 3377 2595 3432 peccare
2645 3362 2922 3429 conﬁteor,
2959 3372 3012 3418 et
3055 3372 3185 3419 tunc
3232 3365 3438 3420 mallem
3475 3379 3566 3419 non
3605 3362 3738 3416 audire

2242 3461 2562 3507 cantantem.
2594 3454 2733 3508 Ecce
2755 3453 2843 3508 ubi
2866 3469 2981 3509 sunt
3010 3473 3021 3508 :
3067 3455 3195 3511 ﬁcte
3238 3471 3457 3521 mecum,
3504 3464 3549 3511 et
3579 3469 3654 3524 pro
3681 3468 3741 3506 tne

2242 3541 2385 3609 ﬂete,
2413 3544 2501 3613 qui
2527 3543 2719 3613 aliquid
2749 3544 2875 3599 boni
2902 3546 3181 3601 vobiscum
3200 3548 3338 3602 intus
3352 3547 3493 3617 agitis
3513 3544 3626 3599 unde
3646 3542 3742 3597 facta

2241 3632 2557 3703 procedunt.
2588 3633 2719 3688 Nam
2744 3637 2833 3705 qui
2863 3650 2969 3689 non
2995 3636 3175 3707 agitis,
3205 3653 3312 3694 non
3335 3652 3423 3692 vos
3445 3636 3546 3692 haec
3569 3642 3740 3689 movent.

2241 3723 2322 3778 Tu
2350 3732 2545 3790 autem,
2594 3725 2818 3781 Domine
2857 3727 2998 3782 Deus
3032 3743 3214 3795 .tneus,
3262 3728 3473 3793 exaudi;
3498 3727 3678 3796 respice.
3704 3732 3742 3776 (ει

2240 3814 2361 3868 vide
2385 3814 2428 3882 ³,
2458 3824 2511 3871 et
2535 3816 2791 3872 miserere
2811 3860 2825 3884 ,
2855 3827 2908 3871 et
2927 3834 3055 3873 sana
3086 3836 3197 3886 me,
3238 3821 3289 3875 in
3320 3819 3462 3890 cujus
3484 3818 3624 3874 oculis
3649 3812 3739 3871 mihi

2242 3905 2464 3974 quaestio
2489 3905 2654 3960 factus
2679 3923 2816 3973 sum,
2849 3917 2902 3962 et
2932 3908 3045 3979 ipse
3066 3919 3153 3965 est
3176 3911 3395 3981 languor
3419 3923 3568 3965 meus.

2755 4018 2980 4076 CAPUT
3019 4020 3262 4077 XXXIV.

2551 4106 2622 4163 Ut
2642 4124 2699 4163 se
2722 4111 2848 4179 gerit
2878 4112 2945 4164 ad
2966 4113 3231 4167 oculorum
3256 4114 3513 4168 illecebras.

2312 4198 2401 4253 51.
2431 4198 2613 4254 Restat
2641 4199 2884 4270 voluptas
2909 4202 3189 4258 oculorum
3217 4206 3432 4260 istorum
3456 4201 3605 4259 carnis
3626 4215 3736 4263 mea.

2242 4286 2308 4342 de
2326 4303 2428 4358 qua
2460 4288 2651 4359 loquar
2681 4288 2703 4321 ⁵
2736 4290 3099 4349 confessiones
3117 4310 3248 4365 quas
3267 4297 3473 4351 audiant
3492 4309 3623 4349 aures
3641 4301 3741 4346 tem-

2241 4379 2313 4450 pli
2337 4380 2430 4445 tui,
2463 4395 2619 4436 aures
2643 4379 2890 4438 fraternae
2919 4400 2981 4439 ac
3026 4386 3149 4457 piae,
3201 4397 3260 4442 ut
3301 4386 3636 4444 concludamus
3654 4392 3741 4437 ten-

2190 4474 2199 4481 '
2240 4473 2467 4527 tationes
2494 4472 2942 4543 concupiscentia:
2968 4477 3165 4545 carnis,
3210 4493 3328 4550 qua:
3357 4495 3441 4535 me
3474 4476 3615 4531 adhuc
3649 4472 3739 4542 ραις

2240 4571 2377 4637 sant.
2398 4563 2853 4634 ingemiscentem,
2897 4574 2951 4621 et
2978 4567 3331 4623 habitaculum
3358 4584 3537 4633 meum,
3558 4563 3669 4637 quod
3688 4561 3739 4617 de

2239 4655 2374 4709 caelo
2402 4664 2504 4722 est,
2543 4657 2850 4727 superindui
2895 4660 3191 4729 cupientem
3223 4662 3299 4733 (ll
3328 4662 3440 4717 Cor.
3468 4677 3517 4728 v,
3544 4660 3617 4730 2).
3648 4655 3739 4712 Pul-

2239 4748 2395 4802 chras
2423 4745 2621 4803 formas
2659 4757 2713 4804 et
2749 4751 2944 4816 varias,
2989 4752 3183 4808 nitidos
3229 4764 3282 4809 et
3329 4768 3549 4809 amamus
3581 4749 3736 4807 colores

2238 4846 2418 4893 amant
2442 4838 2598 4893 oculi.
2629 4838 2745 4893 Non
2774 4848 2987 4896 teneant
3016 4841 3131 4897 haec
3148 4844 3374 4898 animam
3395 4858 3552 4899 meam
3574 4858 3586 4893 :
3606 4843 3737 4895 teneat

2238 4942 2356 4982 eam
2380 4928 2517 4983 Dens
2539 4929 2626 4998 qui
2656 4927 2779 4985 fecit
2810 4930 2946 4996 haec,
2979 4931 3115 4987 bona
3141 4933 3348 5004 quidem
3377 4933 3542 4998 valde;
3560 4929 3639 4987 sed
3652 4928 3736 4997 ipse

2237 5028 2319 5075 est
2346 5019 2544 5075 bonum
2565 5035 2766 5087 meum,
2795 5037 2899 5077 non
2920 5022 3056 5080 haec.
3079 5025 3148 5080 Et
3168 5035 3382 5097 tangunt
3401 5040 3479 5081 me
3496 5023 3733 5093 vigilantem

2238 5114 2362 5169 tutis
2389 5114 2595 5181 diebus,
2636 5130 2736 5170 nec
2775 5116 2985 5186 requies
3011 5118 3077 5172 ab
3106 5119 3183 5174 eis
3205 5119 3358 5174 datur
3378 5118 3515 5182 mihi,
3539 5110 3735 5169 sicutda-

2236 5214 2323 5260 tnr
2358 5221 2389 5260 a
2430 5206 2648 5260 vocibus
2677 5207 2909 5271 canoris,
2941 5208 3222 5279 aliquando
3267 5210 3331 5263 ab
3353 5208 3590 5270 omnibus,
3614 5205 3655 5258 itt
3683 5200 3734 5253 si-

2237 5296 2420 5352 lentio.
2451 5295 2566 5367 Ipsa
2595 5296 2737 5351 enim
2760 5298 2939 5368 regina
2966 5299 3198 5355 colorum
3227 5299 3312 5355 lux
3340 5300 3447 5363 ista,
3477 5291 3734 5368 perfundens

2236 5397 2424 5444 cuncta
2450 5404 2568 5459 qum
2594 5389 2883 5454 cernimus,
2916 5390 3096 5448 ubiubi
3125 5407 3218 5463 per
3245 5392 3378 5447 diem
3406 5390 3559 5455 fuero,
3596 5382 3731 5442 multi.

2237 5483 2399 5538 modo
2425 5482 2628 5551 allapsu
2648 5481 2913 5537 blanditur
2940 5484 3068 5539 mihi
3095 5485 3232 5539 aliud
3261 5483 3444 5555 agenti,
3467 5490 3515 5536 et
3534 5491 3632 5535 eam
3650 5487 3729 5529 nou

2299 5614 2315 5646 ¹
2336 5622 2578 5687 sonorum,
2595 5613 2734 5687 juxta
2751 5626 2898 5687 unum
2907 5622 2995 5687 AMS.
3006 5615 3134 5687 apud
3166 5621 3293 5665 Hart.
3311 5613 3454 5676 Saevi,
3467 5604 3725 5675 juxtaalim

2234 5685 2343 5735 Sua,
2360 5677 2501 5738 juxta
2517 5675 2663 5723 nona.
2680 5687 2744 5724 ex
2764 5688 2861 5725 uno
2882 5684 2961 5725 MS.
2982 5675 3057 5725 M.‘

2298 5740 2318 5769 ²
2334 5737 2481 5785 Editio
2499 5737 2663 5786 atoreti
2676 5771 2690 5797 ,
2707 5736 2833 5800 apud
2852 5737 3015 5800 flend.
3032 5744 3078 5788 et
3093 5749 3215 5800 nunc
3229 5735 3611 5800 ipsecommomr.
3627 5732 3671 5779 lo

2296 5800 2502 5870 fSOmm.
2525 5805 2578 5870 et
2595 5795 2758 5870 ﬂendi,
2778 5795 2960 5870 respice
2979 5805 3023 5850 et
3038 5796 3215 5870 exaudi
3226 5795 3444 5870 rideat

2296 5861 2318 5895 ι
2334 5870 2532 5923 Loquor,
2548 5859 2687 5925 juxta
2701 5859 2865 5911 somm'
2894 5866 2945 5913 et
2959 5868 3088 5917 Hart.
3107 5872 3211 5921 cum
3226 5859 3257 5910 6
3272 5867 3370 5913 MSS.
3385 5864 3436 5913 Μ.
