3880 6418
173 427 256 488 soi
911 404 913 406 ’
943 411 946 418 ’
1511 418 1714 484 LIBER
1754 419 2064 484 DECIMUS.

165 539 458 597 adverteuti.
489 537 728 594 insinuat
763 547 939 593 autem
983 555 1040 598 se
1080 542 1150 598 ita
1183 541 1562 606 vehementer,
1596 551 1651 596 ut
1676 541 1720 596 si

167 640 362 699 repente
387 631 756 698 subtrahatur,
787 646 908 687 cum
933 631 1196 689 desiderio
1220 632 1548 704 requiratur;
1589 638 1645 686 et
1675 629 1724 685 si

161 721 242 777 diu
261 721 413 786 absit,
437 724 730 778 contristat
760 725 777 755 ⁸
803 723 1054 778 animum.

225 812 305 868 εξ.
332 812 376 866 0
403 811 496 866 lux
525 827 692 883 quam
719 812 928 869 videbat
952 812 1165 881 Tobias,
1187 828 1305 869 cum
1334 813 1528 869 clausis
1553 813 1723 869 oculis

161 903 262 958 istis
290 901 451 955 ﬁlium
477 901 714 959 docebat
735 903 856 958 vice
883 904 1042 971 viam,
1070 912 1126 959 et
1142 904 1192 960 ei
1212 904 1431 974 praeibat
1447 904 1581 974 pede
1599 903 1725 959 cha-

160 995 310 1050 ritatis
333 1009 610 1063 nusquam
638 1010 820 1050 errans
851 995 1000 1067 (Τοῦ.
1040 995 1136 1070 ιν).
1167 996 1275 1052 Aut
1321 1013 1477 1068 quam
1513 996 1726 1052 videbat

161 1085 287 1142 Isaac
308 1087 661 1156 praegravatis
684 1096 740 1142 et
765 1089 967 1158 opertis
995 1097 1265 1146 senectute
1291 1091 1497 1146 carneis
1515 1089 1726 1145 lumini-

159 1179 260 1242 bus,
281 1193 395 1233 cum
417 1177 568 1233 ﬁlios
601 1194 703 1234 non
729 1180 1066 1251 agnoscendo
1087 1179 1420 1247 benedicere,
1446 1182 1541 1237 sed
1567 1181 1727 1238 bene-

161 1266 360 1322 dicendo
405 1282 712 1339 agnoscere
757 1271 950 1325 meruit
980 1268 1147 1341 (Gen.
1178 1271 1392 1343 xxvii).
1422 1273 1528 1326 Aut
1567 1285 1725 1342 quam

161 1360 344 1415 videbat
365 1359 569 1428 Jacob,
601 1375 722 1417 cum
747 1371 802 1418 et
844 1363 958 1432 ipse
993 1378 1100 1433 pne
1141 1364 1326 1435 grandi
1354 1372 1509 1420 :etate
1543 1373 1727 1434 captus

161 1453 326 1516 oculis,
361 1453 413 1507 in
445 1453 580 1508 ﬁliis
613 1455 932 1525 prtesignata
948 1453 1111 1511 futuri
1144 1456 1322 1527 populi
1349 1471 1541 1527 genera
1566 1456 1728 1510 lumi-

161 1559 272 1600 nosa
295 1543 459 1600 corde
507 1543 738 1600 radiavit
763 1563 779 1612 ;
805 1555 860 1602 et
884 1546 1162 1618 nepotibus
1188 1547 1298 1602 suis
1320 1562 1386 1603 ex
1411 1545 1605 1618 .loseph
1648 1546 1729 1601 di-

162 1650 299 1691 vexas
337 1635 576 1706 mystice
631 1649 842 1703 manus,
882 1651 990 1692 non
1035 1637 1169 1692 sicut
1211 1646 1363 1709 pater
1387 1652 1570 1695 eorum
1599 1635 1729 1694 foris

163 1725 454 1797 corrigebat,
482 1726 587 1782 sed
617 1728 755 1783 sicut
780 1728 893 1798 ipse
918 1729 1060 1785 intus
1087 1728 1446 1798 discernebat,
1477 1731 1730 1803 imposuit

165 1815 291 1890 (Gen.
313 1832 506 1883 xtvni,
547 1817 728 1892 χιιι).
751 1817 872 1889 Ipsa
900 1829 980 1876 est
1006 1820 1118 1888 lux,
1141 1836 1243 1875 una
1281 1831 1363 1876 est
1387 1823 1430 1888 ',
1465 1831 1521 1878 et
1563 1837 1727 1876 unum

166 1921 324 1964 omnes
350 1908 442 1980 qui
462 1909 656 1964 vident
678 1919 734 1965 et
755 1917 937 1966 amant
964 1925 1105 1967 eam.
1128 1911 1197 1966 At
1222 1911 1320 1966 ista
1346 1912 1640 1983 corporalis
1663 1913 1730 1968 de

166 2013 249 2068 qua
267 1998 542 2068 loquebar,
571 1997 890 2056 illecebrosa
913 2014 977 2054 ac
1005 2001 1297 2070 periculosa
1315 2001 1590 2058 dulcedine
1603 2018 1730 2059 con~

169 2089 396 2146 ditvitam
423 2091 620 2148 saeculi
645 2092 803 2148 caecis
828 2093 1172 2148 amatoribus.
1201 2092 1303 2161 Qui
1347 2102 1522 2150 autem
1567 2105 1622 2150 et
1662 2094 1730 2151 de

169 2183 267 2253 ipsa
291 2181 502 2239 laudare
533 2193 590 2238 te
615 2191 834 2251 norunt,
868 2184 1008 2240 Deus
1039 2193 1249 2240 creator
1289 2187 1547 2254 omnium,
1577 2201 1731 2242 assu-

170 2283 307 2330 munt
333 2290 439 2330 eam
467 2276 532 2331 in
559 2276 758 2348 hymno
799 2284 911 2344 tuo,
958 2292 1062 2332 non
1092 2277 1440 2334 absumuntur
1483 2279 1551 2332 ab
1581 2293 1642 2332 ea
1676 2279 1731 2334 in

172 2380 338 2420 somno
363 2381 456 2421 suo
518 2385 532 2423 :
584 2367 664 2422 sic
702 2382 821 2422 esse
859 2368 1033 2438 cupio.
1087 2369 1298 2424 Resiste
1340 2368 1732 2426 seductionihus

171 2456 434 2521 oculorum,
461 2475 542 2515 ne
567 2459 903 2529 implicentur
924 2459 1087 2530 pedes
1104 2461 1230 2528 mei,
1254 2462 1445 2532 quibus
1467 2461 1734 2533 ingredior

176 2545 290 2599 viam
317 2556 453 2602 tuam
481 2563 505 2612 ;
548 2556 604 2603 et
631 2549 778 2620 erigo
819 2548 887 2604 ad
931 2558 982 2605 te
1029 2550 1320 2607 invisibiles
1349 2552 1550 2615 oculos,
1591 2560 1649 2606 ut
1677 2559 1733 2606 tu

175 2637 347 2693 evellas
380 2638 450 2695 de
497 2640 686 2710 laqueo
714 2639 877 2710 pedes
917 2655 1066 2698 meos
1097 2641 1116 2712 (
1142 2640 1288 2697 Psal.
1323 2659 1472 2710 xxxv,
1499 2645 1621 2715 15).
1654 2643 1735 2699 Tu

179 2729 370 2786 subinde
394 2731 592 2786 evellis
624 2746 748 2797 eos,
781 2747 902 2787 nam
928 2731 1298 2804 illaqueantur.
1322 2734 1400 2788 Tu
1426 2749 1530 2789 non
1559 2748 1736 2790 cessas

182 2821 401 2888 evellere,
443 2838 552 2894 ego
575 2832 752 2878 autem
796 2823 985 2878 crebro
1013 2823 1192 2880 haereo
1223 2824 1273 2879 in
1304 2824 1496 2896 ubique
1537 2825 1738 2894 sparsis

184 2911 355 2968 insidiis
392 2932 406 2968 :
443 2914 699 2985 quoniam
743 2929 848 2969 non
877 2913 1133 2981 dormies,
1181 2929 1359 2986 neque
1402 2913 1734 2983 dormitabis,

186 3003 496 3072 micustodis
521 3005 683 3061 israel
714 3004 882 3080 (Psal.
915 3021 1040 3073 cxx,
1069 3006 1148 3078 4).

243 3091 319 3150 53.
340 3093 511 3162 Quam
542 3095 969 3160 innumerabilia,
997 3096 1158 3151 variis
1183 3095 1385 3152 artibus
1405 3107 1460 3152 et
1485 3097 1729 3167 Opiﬁciis,

191 3179 490 3250 investibus,
518 3185 914 3253 calceamentis,
946 3186 1105 3252 vasis,
1136 3195 1189 3242 et
1212 3186 1572 3255 cuiuscemodi
1600 3188 1621 3219 ³
1659 3187 1738 3243 ia-

195 3269 560 3345 liricationibus,
605 3277 822 3348 picturis
857 3277 1038 3345 etiam,
1081 3277 1409 3350 diversisque
1453 3280 1734 3351 ﬁgmentis,

198 3371 326 3433 atque
345 3366 422 3422 his
442 3383 592 3423 usum
614 3367 974 3424 necessarium
999 3377 1156 3438 atque
1171 3368 1504 3424 moderatum
1530 3381 1580 3425 et
1599 3371 1740 3440 piam

202 3453 596 3524 miﬁcationem
641 3460 800 3531 longe
854 3448 1379 3531 transgredientibus,
1427 3461 1740 3518 addiderunt

211 3541 487 3604 homineset!
504 3549 786 3606 illecebras
805 3549 1078 3605 oculorum
1099 3565 1114 3614 ;
1139 3548 1279 3605 {oras
1298 3559 1580 3621 sequentes
1597 3551 1738 3622 quod

219 3631 403 3707 faciunt,
422 3639 549 3697 intus
576 3642 938 3712 relinquentes
967 3657 997 3696 a
1026 3657 1130 3712 quo
1157 3641 1279 3698 iacti
1304 3651 1444 3710 sunt,
1477 3652 1530 3699 et
1557 3653 1736 3699 exter-

214 3725 584 3802 minantesquod
605 3733 728 3786 facti
759 3733 914 3787 sunt!
943 3732 1012 3785 At
1037 3745 1155 3802 ego,
1202 3731 1343 3788 Deus
1367 3746 1536 3798 meus,
1563 3743 1614 3786 et
1641 3731 1736 3788 de-

203 3829 280 3872 cus
302 3835 483 3888 meum,
512 3824 670 3879 etiam
693 3823 821 3877 hinc
858 3823 977 3878 dico
998 3822 1088 3878 tibi
1117 3823 1389 3895 hymnum,
1420 3833 1475 3880 et
1502 3825 1738 3881 sacriﬁco

204 3905 385 3968 laudern
398 3915 730 3971 sacriﬁcatori
759 3930 878 3970 meo
902 3915 954 3979 ‘;
985 3916 1231 3986 quoniam
1274 3915 1486 3986 pulchra
1518 3917 1736 3988 trajecta

203 4010 278 4065 per
300 4004 492 4060 animas
512 4006 565 4060 in
586 4021 777 4061 manus
799 4005 1134 4073 artiﬁciosas,
1163 4006 1230 4061 ab
1250 4007 1333 4062 illa
1353 4007 1737 4077 pulchritudine

201 4091 406 4160 veniunt,
431 4111 547 4166 quae
581 4112 745 4166 super
788 4097 992 4152 animas
1023 4104 1122 4163 est,
1168 4098 1252 4152 cui
1292 4099 1521 4168 suspirat
1562 4101 1732 4155 anima

206 4193 298 4238 mea
329 4184 411 4241 die
447 4200 509 4242 ac
551 4196 726 4242 nocte.
768 4187 871 4242 Sed
923 4187 1368 4258 pulchritudinum
1415 4191 1735 4248 exteriorum

201 4281 472 4339 operatores
491 4287 544 4332 ct
567 4286 860 4333 sectatores
886 4277 1006 4332 inde
1034 4277 1248 4333 trahunt
1270 4279 1592 4349 approbandi
1621 4295 1734 4337 mo-

201 4357 324 4430 dum,
367 4380 462 4421 non
487 4377 663 4423 autem
691 4367 814 4423 inde
842 4367 1057 4423 trahunt
1083 4369 1261 4423 utendi
1288 4369 1522 4424 modum.
1560 4371 1624 4424 Et
1662 4372 1734 4428 ibi

201 4459 281 4518 est,
308 4463 363 4508 et
391 4471 489 4510 non
514 4456 696 4512 vident
719 4472 860 4523 eum,
893 4467 952 4511 ut
997 4472 1102 4511 non
1131 4467 1254 4512 eant
1279 4458 1499 4529 longius,
1530 4467 1584 4514 et
1624 4461 1733 4516 ior-

205 4540 448 4602 titudinem
496 4564 645 4605 suam
693 4549 759 4603 ad
803 4557 855 4605 te
893 4547 1389 4620 custodiant(Psal.
1424 4566 1567 4617 Lvut,
1601 4551 1730 4622 10),

202 4643 280 4690 ιω
302 4650 409 4692 eam
439 4647 685 4710 spargant
714 4639 766 4694 in
795 4638 1074 4696 deliciosas
1100 4639 1456 4695 lassitudines.
1505 4641 1613 4711 Ego
1636 4657 1733 4696 au-

203 4724 408 4783 lmhaec
432 4728 649 4798 loquens
676 4738 835 4799 atque
858 4728 1164 4784 discernens
1184 4730 1341 4784 etiam
1364 4729 1480 4785 istis
1505 4731 1733 4801 pulchris

201 4823 403 4881 creatum
429 4817 669 4885 innecte;
710 4819 802 4874 sed
847 4829 899 4873 tu
923 4820 1134 4886 evellis,
1163 4819 1384 4876 Domine
1404 4862 1418 4888 ,
1445 4821 1625 4877 evellis
1652 4831 1729 4890 tu,

203 4907 414 4972 quoniam
437 4909 798 4965 misericordia
825 4919 910 4964 tua
931 4918 1051 4964 ante
1073 4910 1254 4965 oculos
1279 4924 1428 4966 meos
1454 4919 1533 4965 est
1562 4909 1729 4984 (Ρωι.

201 5005 308 5063 xxv,
334 4998 404 5072 3).
435 4999 564 5056 Nam
594 5011 648 5056 et
675 5016 775 5072 ego
799 5002 977 5071 capior
1003 5002 1400 5068 miserabiliter,
1433 5013 1487 5058 et
1514 5013 1566 5058 tu
1591 5005 1733 5060 evel-

199 5075 255 5144 lis
297 5092 729 5161 misericorditer;
774 5095 1055 5165 aliquando
1098 5111 1201 5150 non
1237 5097 1570 5164 sentientem,
1610 5099 1730 5169 quia

204 5185 468 5254 Inpensius
516 5187 838 5255 incideram;
888 5187 1170 5258 aliquando
1220 5203 1338 5244 cum
1379 5189 1580 5258 dolore,
1609 5192 1731 5262 quia

202 5261 288 5338 lam
307 5275 626 5334 inhteseram.

209 5371 212 5374 ’
251 5381 525 5452 grumi,
538 5390 679 5452 juxta
693 5396 866 5440 Somni.
886 5397 939 5452 et
954 5389 1095 5439 nond.
1113 5403 1221 5439 cum
1238 5391 1269 5440 2
1284 5399 1386 5442 Mss.
1400 5400 1452 5442 Μ.

205 5443 479 5560 “atauus,
499 5443 659 5561 galia
674 5462 769 5501 non
798 5454 893 5513 est,
913 5450 1048 5514 Juxta
1066 5457 1140 5500 Er.
1159 5453 1303 5516 Lugd.
1321 5461 1492 5503 Somm.
1517 5459 1569 5504 et
1584 5455 1728 5506 ttond.

257 5559 739 5635 ‘lLov.,_Wmodi
752 5569 1167 5635 fabricationibus;
1183 5574 1271 5624 sed
1288 5583 1390 5624 Mss.
1424 5575 1606 5624 habent
1650 5588 1731 5626 cu-

201 5619 430 5699 w
387 5619 399 5632 ’
449 5619 843 5699 residuam
865 5619 1620 5699 treaﬁéiis‘il'tﬁirﬁsuﬁihiié}
1645 5619 1732 5699 ῥὶο

589 5704 610 5756 ;
630 5693 780 5757 idque
789 5693 889 5757 jam
903 5693 1200 5745 restituimus
1214 5697 1261 5745 in
1278 5693 1420 5760 hujus
1434 5695 1543 5746 libri
1557 5693 1661 5760 cap:
1679 5698 1728 5762 8,

459 5814 568 5867 add.
587 5815 783 5883 plures,
807 5814 1140 5884 sanctiﬁcatort
1168 5831 1286 5872 meo.
1312 5818 1448 5872 Pauci
1480 5830 1623 5887 vero,
1654 5833 1732 5877 sa-

769 6007 776 6012 .
822 5979 960 6011 ρδνε-μδῖ
992 5986 1015 6008 “-
1042 5979 1194 6014 *κε-4η.
1209 6005 1233 6012 --
1259 6011 1263 6016 .
1304 6014 1306 6018 ,

3292 423 3398 495 80!

2374 540 2597 598 CAPUT
2633 541 2850 599 XXXV.

1833 630 1901 687 Ut
1941 647 1995 686 se
2038 629 2184 685 habet
2221 631 2288 685 ad
2323 634 2600 687 secundum
2645 635 2925 692 tentatiom’s
2960 653 3133 710 genus,
3161 641 3296 710 quod
3321 650 3397 696 est

2457 726 2778 782 curiositatis.

1829 816 1844 840 '
1901 815 1988 871 54.
2019 815 2134 872 Huc
2154 816 2358 873 accedit
2390 817 2495 873 alia
2520 817 2684 873 forma
2733 821 3037 879 tentationis
3058 824 3398 896 multiplicius

1832 906 2148 977 periculosa.
2173 907 2376 963 Przeter
2399 923 2516 963 eam
2545 908 2686 964 enim
2705 912 3178 982 concupiscentiam
3198 917 3396 986 carnis,

1829 1014 1948 1069 quae
1974 998 2111 1054 inest
2137 999 2190 1053 iu
2219 998 2568 1055 delectatione
2602 1001 2836 1056 omnium
2865 1017 3111 1059 sensuum
3151 1016 3206 1061 et
3245 1009 3398 1062 volu-

1830 1097 2053 1158 ptatum,
2082 1090 2167 1143 cui
2192 1089 2486 1145 servientes
2501 1089 2794 1160 depereunt
2815 1094 2905 1164 qui
2941 1093 3096 1166 longe
3119 1111 3178 1152 se
3198 1095 3397 1154 faciunt

1829 1193 1860 1232 a
1885 1187 1957 1246 te,
1973 1179 2112 1235 inest
2129 1181 2318 1234 animze
2340 1195 2434 1250 per
2454 1181 2672 1237 eosdem
2694 1197 2883 1239 sensus
2897 1188 3134 1256 corporis
3154 1188 3395 1259 quaedam

1831 1283 1936 1323 non
1966 1284 2025 1324 se
2050 1269 2348 1324 oblectandi
2392 1270 2446 1324 iu
2491 1285 2669 1338 carne,
2699 1272 2794 1328 sed
2833 1275 3137 1345 experiendi
3164 1292 3258 1346 per
3279 1292 3398 1333 car-

1832 1373 1954 1412 nem
1979 1373 2112 1412 vana
2144 1367 2196 1413 et
2223 1359 2429 1414 curiosa
2458 1359 2738 1430 cupiditas,
2771 1363 2985 1418 nomine
3007 1365 3319 1436 cognitionis
3344 1377 3399 1422 et

1831 1449 2068 1504 scientiae
2099 1449 2329 1520 palliata.
2360 1449 2490 1516 Qua:
2532 1450 2781 1520 quoniam
2814 1452 2866 1507 in
2893 1455 3126 1524 appetitu
3151 1455 3400 1511 noscendi

1832 1547 1931 1607 est,
1974 1541 2114 1597 oculi
2152 1552 2328 1598 autem
2356 1553 2480 1599 sunt
2506 1545 2571 1599 ad
2622 1547 3045 1616 cognoscendum
3069 1549 3122 1603 in
3161 1549 3404 1606 sensibus

1831 1632 2118 1706 principes,
2146 1637 2547 1709 concupiscentia
2569 1637 2830 1692 oculorum
2865 1639 3078 1711 eloquio
3106 1640 3284 1696 divino
3310 1655 3406 1711 apo

1834 1724 2023 1793 pellata
2051 1725 2208 1798 est(l
2235 1725 2391 1782 Joan.
2420 1742 2478 1794 ιι,
2510 1727 2622 1798 l6).
2663 1728 2744 1784 Ad
2789 1730 2972 1785 oculos
3005 1731 3148 1786 enim
3195 1732 3407 1802 proprie

1831 1813 2011 1871 videre
2041 1817 2290 1887 pertinet.
2322 1817 2527 1874 Utimur
2545 1827 2722 1874 autem
2746 1818 2848 1874 hoc
2864 1820 3027 1876 verbo
3050 1822 3278 1878 etiamin
3297 1837 3405 1878 cae-

1835 1907 1964 1962 teris
1989 1909 2252 1977 sensibus,
2275 1924 2396 1965 cum
2425 1924 2518 1966 eos
2541 1909 2607 1965 ad
2627 1912 3051 1982 cognoscendum
3066 1914 3403 1972 intendimus.

1833 1995 2014 2066 Neque
2057 1999 2201 2053 enim
2244 1998 2490 2065 dicimus,
2521 2000 2658 2055 Audi
2701 2001 2825 2071 quid
2854 2003 3069 2070 rutilet;
3105 2014 3216 2071 aut,
3258 2005 3408 2062 Olfac

1833 2100 1992 2155 quam
2019 2087 2216 2154 niteat;
2247 2099 2356 2156 aut,
2379 2089 2545 2145 Gusta
2570 2105 2726 2161 quam
2762 2092 3072 2162 splendeat;
3103 2105 3215 2163 aut,
3246 2096 3406 2169 Palpa

1833 2192 1991 2248 quam
2019 2177 2219 2248 fulgeat
2251 2197 2263 2234 :
2312 2180 2480 2237 videri
2510 2183 2649 2236 enim
2675 2182 2920 2239 dicuntur
2952 2185 3066 2241 haec
3090 2191 3286 2243 omnia.
3318 2189 3408 2244 Dio

1834 2268 2006 2324 cimus
2030 2277 2206 2324 autem
2236 2285 2341 2326 non
2367 2271 2564 2338 solum,
2594 2271 2727 2329 Vide
2754 2275 2878 2344 quid
2900 2275 3092 2344 luceat,
3134 2279 3275 2349 quod
3307 2280 3408 2335 soli

1835 2361 1974 2414 oculi
2003 2361 2202 2416 sentire
2249 2371 2503 2431 possunt;
2552 2363 2647 2418 sed
2693 2365 2873 2432 etiam,
2907 2365 3040 2422 Vide
3072 2369 3198 2438 quid
3223 2379 3406 2437 sonet;

1838 2448 1959 2503 vide
1981 2450 2107 2521 quid
2133 2451 2305 2517 oleat;
2350 2451 2470 2508 vide
2500 2453 2624 2524 quid
2653 2456 2855 2526 sapiat;
2897 2457 3018 2512 vide
3037 2473 3194 2528 quam
3217 2459 3408 2515 durum

1837 2538 1924 2593 sit.
1954 2539 2182 2611 ideoque
2207 2542 2469 2612 generalis
2497 2544 2824 2614 experientia
2859 2560 3112 2603 sensuum
3150 2550 3407 2620 concupi-

1838 2633 2061 2700 scentia,
2090 2634 2226 2690 sicut
2250 2634 2448 2690 dictum
2478 2645 2580 2702 est,
2603 2637 2876 2694 oculorum
2902 2648 3151 2707 vocatur;
3180 2642 3301 2712 quia
3329 2643 3407 2698 vi.

1838 2723 1998 2780 dendi
2036 2725 2268 2781 ofﬁcium
2313 2727 2364 2781 in
2401 2743 2508 2798 quo
2537 2728 2820 2798 primatum
2859 2729 2996 2785 oculi
3027 2738 3226 2800 tenent,
3251 2733 3409 2788 etiam

1839 2816 2016 2871 caeteri
2045 2831 2232 2871 sensus
2272 2816 2371 2872 sibi
2400 2817 2468 2872 de
2491 2817 2834 2875 similitudine
2859 2829 3136 2890 usurpant,
3167 2835 3288 2877 cum
3310 2821 3411 2876 ali-

1839 2905 1964 2975 quid
1987 2907 2304 2975 cognitionis
2328 2907 2622 2977 explorant.

1911 2997 1998 3052 55.
2028 2997 2105 3051 Ex
2137 2997 2237 3052 hoc
2262 3006 2437 3053 autem
2463 2998 2756 3053 evidentius
2799 2999 3118 3057 discernitur
3153 3003 3278 3074 quid
3319 3018 3412 3060 vo-

1842 3089 2082 3159 luptatis,
2126 3089 2249 3159 quid
2295 3091 2616 3146 curiositatis
2643 3099 2825 3161 agatur
2849 3107 2944 3163 per
2989 3109 3176 3150 sensus
3211 3112 3225 3148 :
3269 3095 3412 3166 quod

1841 3181 2081 3250 voluptas
2108 3181 2322 3251 pulchra
2343 3221 2358 3244 ,
2386 3196 2576 3237 canora
2600 3224 2616 3249 ,
2652 3182 2852 3249 suavia,
2897 3183 3099 3253 sapida,
3132 3185 3270 3241 lenia
3325 3201 3413 3243 se-

1850 3277 2059 3336 ctatur;
2087 3270 2363 3326 curiositas
2383 3279 2558 3326 autem
2585 3273 2743 3327 etiam
2768 3271 2852 3328 his
2878 3277 3144 3330 contraria
3175 3277 3410 3333 tentandi

1844 3377 2020 3428 causa,
2051 3378 2154 3417 non
2177 3362 2241 3417 ad
2263 3363 2588 3418 subeundam
2624 3364 2938 3430 molestiam,
2970 3365 3065 3421 sed
3106 3368 3411 3438 experiendi

1844 3453 2200 3523 noscendique
2229 3453 2465 3508 libidine.
2511 3453 2646 3520 Quid
2671 3456 2814 3509 enim
2840 3455 3124 3526 voluptatis
3148 3457 3307 3514 habet
3328 3460 3410 3514 vi-

1842 3545 1970 3601 dere
1998 3546 2050 3600 in
2096 3546 2293 3600 laniato
2325 3545 2579 3602 cadavere
2604 3547 2745 3617 quod
2792 3549 3117 3614 exhorreas;
3153 3558 3208 3605 et
3233 3559 3410 3607 tamen

1842 3636 2008 3693 sicubi
2027 3638 2232 3708 jaceat,
2281 3647 2601 3694 concurrunt
2645 3647 2703 3694 ut
2745 3641 3152 3713 contristentur,
3198 3651 3256 3698 ut
3295 3645 3411 3714 pal-

1841 3728 2006 3783 leant.
2033 3729 2241 3784 Timent
2267 3729 2424 3785 etiam
2461 3745 2528 3784 ne
2555 3729 2607 3784 in
2637 3729 2836 3786 somnis
2863 3730 2966 3788 hoc
2985 3732 3226 3797 videant;
3259 3736 3409 3805 quasi

1841 3818 2114 3890 quisquam
2142 3835 2235 3876 eos
2262 3821 2539 3892 vigilantes
2565 3821 2746 3877 videre
2768 3823 3020 3893 coegerit,
3061 3835 3154 3880 aut
3178 3826 3412 3896 pulchri-

1842 3909 2038 3966 tudinis
2062 3911 2164 3965 ulla
2205 3909 2342 3966 fama
2371 3912 2708 3982 persuaserit.
2737 3912 2812 3968 ita
2841 3921 2895 3967 et
2923 3914 2975 3968 in
3011 3916 3218 3970 caeteris
3241 3919 3410 3972 sensi-

1840 3997 1956 4065 bus,
1987 4016 2104 4072 qua:
2129 4002 2371 4072 persequi
2401 4002 2615 4073 longum
2649 4010 2749 4057 est.
2778 4003 2856 4058 Ex
2881 4003 2981 4058 hoc
2997 4005 3184 4059 morbo
3205 4009 3407 4078 cupidi-

1842 4091 1999 4155 tatis,
2049 4091 2100 4144 in
2149 4091 2461 4160 spectaculis
2502 4091 2819 4146 exhibentur
2865 4107 3089 4163 quaeque
3129 4095 3403 4152 miracula.

1839 4183 1971 4236 ilinc
1993 4181 2058 4237 ad
2084 4182 2458 4252 perscrutanda
2487 4191 2688 4238 natura:
2712 4182 2734 4254 (
2751 4199 2869 4254 qua:
2911 4192 3105 4255 przeter
3140 4200 3237 4241 nos
3276 4189 3402 4258 est)

1839 4283 2023 4356 operta
2056 4273 2356 4346 proceditur
2381 4276 2420 4342 ⁸,
2451 4290 2568 4345 qua:
2606 4275 2743 4330 scire
2777 4275 2904 4330 nihil
2932 4275 3163 4344 prodest,
3192 4285 3247 4332 et
3273 4277 3405 4333 nihil

1837 4366 1980 4420 aliud
2005 4382 2159 4437 quam
2177 4366 2311 4422 scire
2333 4365 2571 4421 homines
2595 4366 2831 4436 cupiunt.
2855 4366 2990 4423 Hinc
3008 4367 3186 4430 etiam.
3209 4369 3255 4423 si
3279 4369 3403 4439 quid

1837 4455 2025 4511 eodem
2055 4469 2316 4526 perversae
2341 4455 2575 4511 scientia:
2602 4456 2706 4511 ﬁne
2732 4470 2827 4526 per
2844 4466 2985 4511 artes
3010 4457 3240 4527 magicas
3263 4471 3406 4528 quae-

1837 4549 1991 4602 ritur.
2015 4547 2149 4603 Hinc
2169 4549 2330 4603 etiam
2359 4549 2412 4602 in
2434 4548 2545 4618 ipsa
2569 4548 2824 4620 religione
2850 4549 2988 4604 Deus
3010 4557 3256 4614 tentatur,
3280 4565 3405 4608 cum

1837 4640 1982 4707 signa
1998 4647 2052 4694 et
2071 4639 2311 4709 prodigia
2341 4638 2657 4709 ﬂagitantur,
2683 4655 2790 4693 non
2817 4638 2881 4693 ad
2907 4637 3133 4709 aliquam
3156 4640 3400 4710 salutem,

1836 4727 1926 4783 sed
1954 4728 2019 4782 ad
2045 4728 2211 4782 solam
2234 4728 2612 4799 experientiam
2639 4728 2954 4784 desiderata.

1906 4817 1996 4874 56.
2038 4817 2094 4872 in
2122 4817 2218 4872 hac
2247 4827 2350 4872 tam
2390 4818 2642 4873 immensa
2673 4818 2801 4873 silva
2829 4817 2981 4888 plena
3021 4818 3327 4877 insidiarum
3352 4832 3406 4879 ct

1836 4907 2209 4978 periculorum,
2239 4922 2364 4962 ecce
2387 4907 2551 4962 multa
2572 4909 2593 4940 ²
2615 4907 2944 4978 praeciderim
2977 4917 3032 4964 et
3057 4923 3087 4963 a
3106 4925 3228 4966 meo
3245 4911 3406 4968 corde

1835 4999 2138 5069 dispulerim
2165 5041 2180 5067 ,
2235 4999 2388 5054 sicuti
2428 4999 2634 5054 donasti
2673 5014 2761 5054 me
2799 4998 2994 5066 facere,
3040 4999 3177 5056 Deus
3223 5002 3407 5059 salutis

1834 5106 2000 5156 meae;
2041 5099 2272 5146 attamen
2304 5090 2516 5160 quando
2546 5089 2718 5145 audeo
2761 5087 2960 5156 dicere,
3006 5106 3128 5146 cum
3173 5077 3414 5150 circum:

1835 5197 2044 5252 quaque
2063 5180 2421 5252 quotidianam
2460 5181 2621 5236 vitam
2662 5190 2899 5236 nostrain
2921 5189 3027 5250 tam
3056 5181 3218 5237 multa
3247 5181 3406 5254 hujus

1834 5271 2044 5342 generis
2079 5285 2256 5326 rerum
2296 5271 2766 5342 circumstrepant;
2795 5271 3005 5342 quando
3033 5271 3204 5328 audeo
3228 5271 3407 5328 dicere

1836 5361 1980 5416 nulla
2008 5377 2067 5417 re
2086 5362 2174 5417 tali
2195 5377 2282 5418 me
2304 5362 2562 5417 intentum
2584 5362 2697 5418 ﬁeri
2723 5362 2789 5418 ad
2811 5363 3174 5435 Spectandum,
3196 5370 3252 5418 et
3271 5377 3404 5418 vana

1836 5469 1960 5510 cura
1988 5454 2341 5526 capiendum?
2373 5453 2514 5511 Sane
2542 5470 2626 5510 me
2649 5455 2761 5524 jam
2807 5456 3014 5510 theatra
3042 5468 3146 5508 non
3171 5453 3398 5523 rapiunt,

1837 5563 1936 5604 nec
1959 5561 2090 5603 curo
2115 5561 2271 5604 nosse
2297 5548 2550 5604 transitus
2577 5547 2832 5616 siderum,
2851 5561 2950 5602 nec
2971 5546 3144 5600 anima
3165 5559 3284 5600 mea
3305 5560 3403 5600 un-

1899 5699 1916 5730 ί
1937 5705 2002 5761 tta
2017 5706 2120 5748 Mss.
2139 5710 2247 5748 cum
2280 5700 2600 5761 Arn.;atBad.
2619 5706 2718 5748 Am.
2743 5705 2815 5747 Er.
2850 5704 2901 5746 et
2929 5702 3056 5753 Lov.,
3093 5695 3160 5745 ad
3181 5706 3402 5761 perscru-

1835 5758 1983 5824 tanda
2012 5765 2199 5810 natura:
2223 5758 2430 5822 secreta,
2457 5771 2567 5824 qua:
2596 5765 2774 5824 prwter
2799 5769 2882 5807 nos
2910 5761 2979 5806 est
2992 5758 3216 5820 operata,
3240 5770 3403 5823 proco.

1837 5819 2068 5948 ααέηιρὸνη
2090 5889 2146 5933 m
2165 5878 2257 5933 hac
2278 5885 2434 5935 tam
2782 5888 2890 5932 ecce
2906 5877 3233 5943 multum

2691 5998 2719 6015 ’⁸
2829 6010 2843 6022 ο
2867 5995 2905 6020 ε’·
2931 5997 3215 6033 υδβιμλοι,
3282 6022 3304 6030 η
