3926 6272
554 148 658 208 803

552 278 709 334 quam
733 274 985 331 responsa
1014 258 1254 329 qiuesirit
1296 255 1600 311 umbrarum
1626 270 1641 319 ;
1667 254 1843 309 omnia
1873 254 2125 323 sacrilega

553 363 882 407 saeraumnta
924 352 1173 405 detestor.
1211 352 1248 403 Λ
1298 357 1369 413 te,
1419 347 1639 400 llomine
1674 346 1810 399 Deus
1843 362 2013 411 meus,
2040 345 2126 400 cui

553 446 805 500 humili-in
836 443 1140 497 llunnlatum
1166 456 1227 495 ac
1251 439 1368 503 sinu
1392 439 1543 493 licem
1571 438 1759 497 debeo.
1790 440 2000 511 quantis
2026 454 2129 491 ine-

549 553 670 592 cutn
702 535 1095 604 suggestionum
1144 526 1624 585 machinationibus
1652 530 1759 599 agit
1790 528 2033 583 inimicus
2070 537 2128 583 ut

549 628 753 691 Signum
780 622 991 693 aliquod
1026 619 1237 690 petam?
1276 619 1380 674 Sed
1428 620 1652 673 obsecro
1696 628 1747 671 te
1797 634 1888 687 per
1927 618 2123 688 Regem

548 727 808 775 nostrum.
840 725 890 768 et
941 714 1163 782 patriam
1212 711 1507 766 Jerusalem
1556 709 1872 779 simplicem.
1903 719 2123 775 castam,

547 819 601 863 ut
628 805 1070 876 quemadmodum
1100 818 1130 857 a
1168 820 1254 857 me
1281 804 1433 871 longe
1456 808 1538 856 ρει
1578 801 1675 854 ista
1706 799 2007 865 consensio,
2055 800 2124 854 ita

545 900 612 953 sit
641 911 852 966 semper
879 896 1031 965 longe
1060 904 1219 962 atque
1246 893 1469 960 longius.
1500 890 1600 946 Pro
1622 891 1793 945 salute
1826 900 1999 944 autem
2028 905 2122 945 cu-

541 988 790 1060 jusquam
815 1000 933 1040 cum
962 972 1011 1039 te
1043 999 1190 1055 rogo,
1217 984 1354 1036 alius
1376 982 1595 1036 multum
1621 980 1873 1035 dlﬂ'ercns
1902 981 2020 1036 linis
2043 991 2126 1036 cst

546 1079 855 1136 intentionis
881 1086 967 1131 me
985 1093 1042 1141 υς
1075 1084 1130 1130 et
1173 1080 1223 1129 te
1249 1073 1527 1128 facientem
1550 1071 1693 1143 quod
1722 1071 1819 1136 vis,
1850 1072 1946 1125 das
1972 1070 2121 1136 mihi,

545 1178 603 1228 et
630 1171 780 1226 dabis
810 1169 1039 1223 libenter
1066 1165 1237 1234 sequi.

614 1262 704 1320 57.
735 1262 1109 1315 Verumtamen
1151 1257 1204 1312 in
1241 1271 1398 1327 quam
1442 1253 1622 1309 multis
1656 1251 2027 1307 minutissimis
2069 1261 2124 1306 ct

542 1351 1028 1423 cantemptibilibus
1058 1348 1217 1404 rebus
1246 1347 1521 1402 curiositas
1548 1343 1781 1413 quotidie
1808 1349 1985 1397 nostra
2010 1349 2125 1396 ten-

544 1454 689 1501 tatur
708 1446 749 1511 ⁸,
777 1453 829 1499 et
850 1458 1004 1513 quam
1034 1456 1176 1509 saepe
1207 1440 1463 1504 labantur,
1494 1438 1611 1507 quis
1639 1434 1951 1491 enumerat?
1976 1436 2121 1501 Quo-

542 1542 645 1594 ties
670 1547 944 1592 narrantes
974 1534 1167 1591 inania.
1192 1533 1361 1601 primo
1382 1528 1531 1600 quasi
1563 1531 1847 1583 toti-ramus
1873 1543 1939 1581 nc
1959 1524 2125 1580 οπυη.

543 1629 735 1687 dai‘nus
766 1627 1021 1683 inﬁrmos.
1039 1623 1231 1679 deinde
1256 1623 1501 1692 paulatim
1521 1621 1741 1675 libenter
1761 1617 2125 1673 advertimus?

543 1720 744 1777 Canem
767 1723 1067 1773 currentem
1095 1725 1213 1785 post
1245 1715 1474 1780 leporem
1500 1713 1607 1779 jam
1641 1727 1743 1765 non
1770 1718 1973 1785 Specto,
2003 1720 2124 1761 cum

542 1812 597 1867 iu
618 1811 760 1865 circo
783 1808 840 1863 lit
867 1825 879 1861 :
914 1818 969 1862 at
999 1820 1125 1860 vero
1147 1808 1196 1859 in
1222 1814 1371 1873 agro.
1400 1802 1445 1857 si
1466 1816 1591 1856 casu
1620 1811 1908 1863 transeam,
1935 1798 2127 1853 arei-tit

542 1910 631 1956 me
659 1896 898 1954 lorL'issis
922 1906 973 1952 et
998 1898 1065 1950 ab
1090 1896 1263 1963 aliqua
1294 1909 1478 1961 magna
1503 1890 1840 1960 cogitatione,
1874 1900 2031 1959 atque
2057 1888 2124 1941 ad

542 2008 603 2049 se
626 1992 885 2046 cunrcrtit
915 1988 1000 2043 illa
1028 1988 1237 2042 venatio
1261 2001 1276 2049 ;
1306 2000 1407 2039 nou
1441 1984 1651 2039 deviare
1678 1998 1871 2053 cogens
1898 1996 2126 2050 corpore

536 2085 780 2158 jumcnli.
810 2084 901 2139 sed
924 2081 1098 2135 cordis
1132 2077 1487 2133 inclinatione.
1520 2075 1586 2129 Et
1611 2075 1708 2129 nisi
1734 2073 1843 2143 jam
1875 2072 2000 2127 milii
2030 2070 2125 2127 de-

539 2182 828 2231 monstrata
859 2172 1161 2227 inllrinitate
1183 2185 1319 2233 mea,
1343 2169 1451 2221 cito
1474 2165 1781 2226 admoneas,
1800 2172 1887 2217 aut
1917 2178 1980 2217 ex
2014 2164 2125 2232 ipsa

538 2265 742 2321 visione
772 2280 864 2335 per
885 2264 1115 2333 aliquam
1153 2259 1631 2315 considerationem
1664 2258 1715 2310 in
1748 2264 1799 2310 te
1823 2269 2119 2324 assurgere,

538 2367 629 2411 aut
655 2367 822 2410 totum
847 2364 1188 2408 contemnere
1216 2362 1372 2419 atque
1396 2348 1645 2413 transire,
1672 2360 1843 2400 vanus
1871 2344 2120 2400 ltcbcsco.

538 2446 676 2517 Quid
704 2462 824 2502 cum
856 2462 941 2499 tne
970 2443 1111 2497 domi
1143 2442 1414 2497 sedentem
1446 2439 1623 2494 stellio
1655 2451 1863 2491 muscas
1884 2446 2121 2506 captans,

538 2539 624 2592 Vel
652 2550 845 2591 aranea
876 2536 1077 2589 retibus
1101 2534 1209 2587 suis
1235 2532 1500 2586 irruentes
1541 2528 1836 2599 implicans.
1866 2542 2008 2598 sa-pe
2040 2529 2122 2582 in-

540 2635 745 2682 tentum
771 2624 934 2679 facit?
958 2618 1091 2678 Num
1114 2624 1231 2692 quia
1260 2636 1415 2689 parva
1438 2630 1559 2674 sunt
1586 2618 1851 2679 animalia,
1875 2617 1992 2671 ideo
2018 2632 2123 2672 non

540 2732 627 2773 res
655 2715 835 2772 eadem
858 2713 1089 2784 geritur?
1111 2712 1277 2781 Pergo
1305 2710 1425 2765 inde
1447 2710 1510 2763 ad
1539 2708 1858 2763 laudandum
1883 2716 1952 2773 te,
1977 2721 2127 2761 crea-

541 2818 713 2863 torem
764 2806 1041 2859 mirilicom
1085 2812 1242 2872 atque
1269 2800 1627 2855 ordinatoreni
1660 2813 1832 2852 rerum
1862 2797 2123 2861 omnium,

540 2900 633 2956 sed
665 2914 768 2953 non
794 2897 912 2951 inde
934 2896 1167 2950 intentus
1195 2910 1312 2948 esse
1344 2893 1555 2962 incipio.
1585 2891 1738 2946 Aiiud
1761 2901 1843 2946 est
1866 2891 1974 2944 cito
2004 2905 2122 2943 sur-

539 3006 687 3063 gere.
718 2990 856 3044 aliud
887 2996 969 3043 est
996 3003 1097 3043 non
1128 2986 1337 3041 cadere.
1368 2985 1432 3039 Et
1458 2984 1650 3038 talibus
1680 2983 1784 3036 vita
1816 2995 1931 3036 mea
1971 2981 2123 3049 plena

542 3094 646 3150 est,
678 3091 730 3138 et
759 3096 859 3137 una
891 3095 1015 3150 spes
1043 3094 1158 3133 nica
1203 3092 1390 3147 magna
1433 3076 1581 3129 valde
1622 3068 1985 3127 misericordia
2017 3083 2122 3125 tua.

540 3174 673 3231 Cum
704 3178 841 3228 enim
870 3169 1231 3242 hujuscemodi
1252 3184 1426 3222 rerum
1449 3165 1881 3237 Conccpzaculum
1904 3165 1925 3195 ³
1958 3164 2013 3216 ﬁt
2035 3176 2127 3217 cor

543 3276 807 3325 nostrum.
838 3273 887 3318 et
917 3271 1090 3332 portat
1108 3260 1129 3291 ³
1157 3262 1385 3328 copiosae
1427 3257 1671 3311 vanitatis
1700 3266 1936 3309 calet-Vas
1961 3296 1976 3320 ,
2005 3254 2129 3309 Innc

545 3364 602 3412 et
627 3357 891 3408 orationes
917 3362 1112 3406 nostra:
1141 3366 1284 3417 sanie
1326 3350 1780 3415 interrunipnntur
1818 3356 1973 3415 atque
2014 3354 2126 3400 tur-

546 3448 761 3512 bantur,
789 3456 841 3500 et
870 3456 991 3499 ante
1020 3452 1360 3511 eouSpcctuni
1386 3452 1528 3495 tuum
1552 3439 1677 3493 dum
1722 3438 1787 3491 ad
1830 3452 1983 3490 aures
2014 3448 2129 3491 tuas

547 3553 736 3595 Vocem
784 3536 963 3592 cordis
1008 3534 1357 3594 ititcndinnts.
1407 3530 1586 3586 nescio
1631 3530 1769 3584 unde
1810 3527 2128 3584 irruentibus

548 3628 838 3704 nugatoriis
862 3625 1265 3697 cogitationibus
1293 3639 1377 3679 res
1406 3630 1547 3678 tanta
1578 3621 1899 3693 pra:cidi.ur.

1073 3734 1299 3793 CAPUT
1339 3732 1577 3791 XXXVI.
2001 3790 2005 3795 ,

652 3828 719 3889 Ut
743 3848 797 3901 se
822 3829 967 3885 habet
988 3829 1055 3883 ad
1085 3829 1281 3883 tertium
1310 3824 1593 3895 tentaduni;
1607 3841 1783 3898 genus,
1806 3824 1939 3896 quod
1964 3834 2036 3879 est

1206 3916 1471 3985 superbire.

618 4012 705 4071 58.
737 4008 997 4081 Numquid
1023 4010 1182 4065 etiam
1215 4007 1313 4083 boe
1339 4008 1477 4062 inter
1499 4004 1880 4061 contemnenda
1911 4003 2130 4074 deputa-

550 4104 745 4169 binins,
772 4110 864 4156 aut
885 4101 1079 4171 aliquid
1114 4116 1209 4155 nos
1242 4098 1457 4153 reducet
1480 4097 1531 4150 in
1558 4113 1729 4171 spem,
1764 4096 1864 4150 nisi
1897 4105 2004 4149 tota
2028 4094 2129 4148 mi-

553 4195 843 4253 sericordia
887 4204 971 4248 ttta
995 4192 1037 4259 ⁸,
1065 4191 1315 4263 quoniam
1346 4189 1556 4261 C(BpiSi
1599 4203 1801 4243 mutare
1832 4187 1961 4241 nos?
1989 4195 2041 4240 et
2077 4195 2130 4241 tu

552 4291 657 4344 scis
685 4295 878 4359 quanta
910 4302 972 4339 ex
1004 4291 1154 4359 parte
1174 4281 1477 4341 Inulawris,
1499 4279 1584 4349 qui
1609 4295 1691 4333 me
1716 4278 1960 4347 pritnitus
1979 4292 2132 4330 sanas

551 4394 582 4433 a
609 4378 822 4431 libidine
866 4373 1165 4428 \‘ilttlientttli
1198 4388 1301 4435 uie,
1337 4380 1391 4423 ut
1419 4370 1672 4438 propitius
1714 4370 1805 4420 lius
1842 4369 1998 4421 etiam
2026 4381 2131 4420 ca:-

553 4473 679 4527 teris
708 4468 953 4524 llllllllbU)
983 4464 1344 4537 iniquitatibus
1367 4466 1516 4529 uicis,
1540 4472 1589 4514 et
1621 4475 1779 4514 sanes
1804 4472 1990 4513 omnes
2020 4458 2131 4512 lan-

551 4580 744 4635 guores
766 4576 935 4624 meos,
967 4570 1020 4612 et
1052 4576 1088 4611 ιη
1108 4557 1279 4611 diinas
1304 4555 1371 4609 de
1391 4554 1727 4622 corruptione
1755 4549 1911 4605 \‘ilaln
1940 4567 2128 4616 meam,

553 4666 603 4709 et
622 4667 845 4723 eoroncs
866 4668 949 4703 tne
973 4650 1023 4702 itt
1048 4647 1385 4701 miseratione
1410 4654 1461 4697 et
1488 4642 1869 4703 ntiseriCordia,
1897 4651 1951 4695 et
1974 4642 2134 4696 saties

556 4746 607 4800 in
632 4742 782 4797 bonis
802 4740 1124 4809 desideranti
1150 4755 1321 4791 meum
1348 4734 1517 4808 (Paul.
1541 4751 1632 4801 cu,
1656 4734 1780 4805 5-5)
1800 4752 1813 4798 ς
1836 4736 1925 4804 qui
1950 4733 1969 4766 ⁸
1992 4752 2135 4803 rom-

557 4840 794 4906 pressisti
821 4858 848 4891 a
881 4842 1069 4892 timore
1095 4847 1183 4891 tuo
1209 4836 1506 4905 superbiam
1532 4850 1725 4899 nteatn,
1756 4845 1807 4886 et
1840 4849 1889 4885 Ill
1911 4831 2110 4895 insuete

556 4930 674 4981 cisti
698 4922 828 4999 jugo
860 4938 948 4981 tuo
972 4928 1230 4983 corticem
1264 4942 1453 4979 meam.
1485 4923 1547 4977 Et
1578 4940 1715 4976 nunc
1743 4931 1889 4990 porto
1914 4920 2137 4989 ἱιΙιιιινοι

554 5020 678 5076 leue
705 5032 787 5075 est
813 5021 963 5087 inibi,
981 5020 1226 5090 quoniam
1249 5018 1323 5072 sic
1346 5014 1631 5087 promisisti
1656 5025 1709 5068 et
1730 5010 1896 5069 fecisti
1925 5010 2132 5084 (Matth.

616 5176 636 5211 ι
662 5179 897 5236 "utetur,
914 5178 1051 5239 juxta
1085 5180 1215 5223 rari.
1233 5185 1341 5239 cum
1366 5170 1398 5220 6
1416 5179 1519 5221 iras.
1546 5176 1599 5220 et
1616 5166 1762 5219 nond.
1781 5181 1890 5218 cum
1908 5169 1938 5218 t
1956 5176 2060 5218 Mss.
2080 5175 2135 5217 υ.

619 5242 640 5273 ⁸
658 5248 800 5293 .tuta
819 5235 982 5297 nouit,
1002 5235 1371 5301 receptacnlmu.
1392 5243 1446 5283 at.

622 5302 644 5333 ³
662 5302 727 5352 rit
747 5290 844 5351 tor
878 5290 1122 5355 nodum;
1152 5306 1196 5349 et
1217 5304 1393 5362 portet,
1430 5304 1548 5355 ctc.,
1565 5293 1705 5356 juxta
1737 5290 1879 5341 ttoad.
1902 5303 1964 5341 ex
2034 5298 2136 5351 uss.

556 5365 681 5427 aut
716 5371 830 5413 ,art.
856 5364 1073 5427 laniatis.
1098 5366 1148 5409 at.
1338 5417 1391 5427 ,,
1472 5422 1483 5427 _
1585 5413 1597 5425 .
1683 5413 1743 5427 .,

592 5409 1005 5537 fama
1023 5409 1134 5473 cum
1151 5430 1282 5480 Αηι..
1298 5417 1391 5470 nisi
1407 5422 1514 5468 nota
1530 5410 1864 5466 misericordia
1881 5418 1980 5462 tua.
2000 5409 2137 5476 Alis,

622 5500 654 5537 Δι
673 5526 682 5536 .
737 5504 783 5536 λ.

559 5500 654 5536 nu
673 5500 783 5536 αλ.

623 5500 654 5583 ⁵⁸
668 5495 809 5613 {flii},
825 5551 968 5615 juxta
981 5556 1153 5599 somm.
1174 5553 1225 5596 ei
1242 5539 1386 5593 cond.
1406 5552 1471 5590 ex
1494 5538 1527 5591 9
1543 5545 1647 5587 Mss.
1668 5544 1723 5585 δι.

1678 138 2191 198 CONFESSIO'NUM
2219 137 2279 195 S.
2321 138 2683 196 AUGUSTlNl

3705 134 3803 199 ωε

2233 267 2309 313 XI.
2343 251 2433 325 30)
2453 269 2469 317 ;
2493 262 2543 307 et
2577 268 2703 308 vere
2719 253 2794 307 sic
2815 261 2951 318 erat,
2977 260 3032 307 et
3048 252 3349 309 nesciebam
3372 252 3587 325 quando
3611 251 3664 306 id
3692 252 3801 309 sub-

2232 342 2311 399 ire
2335 345 2653 399 metuebam.
2676 343 2780 399 Sed
2812 344 3063 414 numquid
3085 385 3099 406 ,
3125 344 3367 409 nomine,
3394 344 3484 413 qui
3530 345 3677 397 Solus
3700 345 3802 398 sine

2234 437 2397 509 typho
2419 436 2726 499 dominaris,
2759 436 2878 507 quia
2900 435 3043 489 solus
3074 450 3226 489 verus
3251 435 3583 488 Doininuscs
3603 434 3687 503 qui
3714 450 3804 489 non

2233 527 2400 585 babes
2422 522 2728 592 dominum;
2759 528 3012 599 numquid
3040 526 3139 582 hoc
3161 542 3375 598 quoque
3401 528 3617 581 tertium
3645 536 3801 581 tenti-

2234 622 2393 675 tiouis
2421 637 2585 692 genus
2622 621 2850 676 cessavit
2873 633 2902 673 a
2929 632 3015 687 tne
3037 618 3076 685 ⁸,
3110 628 3203 672 aut
3242 633 3459 673 cessare
3495 617 3551 672 in
3577 614 3677 674 bac
3708 626 3802 673 tota

2231 712 2337 766 vita
2363 710 2573 781 potest?
3286 698 3290 703 ’

2304 803 2393 859 59.
2425 802 2621 859 Timeri
2653 811 2706 858 et
2726 804 2891 875 amari
2923 802 3060 869 velle
3098 801 3165 855 ab
3196 799 3525 861 hominibus,
3558 812 3665 851 non
3692 812 3796 869 pro.

2232 904 2351 967 pter
2375 894 2535 960 aliud,
2567 895 2660 950 sed
2704 902 2759 949 ut
2799 894 2921 950 huic
2967 892 3037 948 sit
3079 892 3327 965 gaudium
3351 933 3367 957 ,
3399 889 3543 961 quod
3595 904 3694 943 non
3732 904 3799 945 est

2230 988 2479 1059 gaudium
2501 986 2543 1051 ³,
2577 988 2766 1043 misera
2798 987 2900 1057 vita
2932 995 3033 1055 cst,
3062 995 3115 1041 et
3143 982 3279 1041 larda
3298 983 3579 1054 iactantia.
3609 980 3732 1037 llinc
3754 982 3799 1038 lit

2230 1081 2319 1136 vel
2352 1083 2579 1135 maxime
2608 1097 2712 1134 non
2738 1093 2918 1134 amare
2948 1086 3020 1144 te,
3053 1093 3151 1132 nec
3175 1066 3322 1131 caste
3348 1075 3545 1130 timere
3575 1082 3645 1128 tc.
3676 1072 3797 1128 idco-

2232 1186 2335 1243 qnc
2362 1182 2415 1227 tu
2442 1171 2686 1251 superbis
2711 1171 2934 1238 resistis,
2968 1169 3257 1224 humilibus
3278 1176 3454 1222 autem
3476 1166 3576 1221 das
3601 1166 3794 1237 gratiam

2232 1256 2298 1335 (1
2324 1258 2465 1319 Petr.
2494 1246 2549 1328 st,
2580 1262 2667 1333 5);
2697 1272 2749 1318 et
2776 1262 2985 1318 intonas
3008 1276 3170 1331 seper
3192 1256 3518 1316 ambitiones
3546 1246 3735 1323 siculi,
3755 1268 3797 1315 et

2230 1362 2569 1409 contrcmunt
2592 1352 2927 1419 binilamcnta
2958 1334 3235 1405 montium.
3271 1348 3453 1419 Itaque
3482 1348 3655 1411 nobis,
3680 1360 3794 1419 quo-

2233 1447 2373 1513 niam
2407 1455 2623 1516 pr0ptcr
2647 1445 2889 1515 quarilam
2932 1440 3178 1499 humanm
3214 1442 3489 1497 Societalis
3517 1439 3684 1493 oflicia
3720 1454 3796 1494 ne-

2232 1535 2523 1592 CCSSal‘iUIII
2567 1544 2649 1591 est
2693 1536 2856 1590 amari
2901 1543 2954 1611 et
2997 1534 3170 1588 timeri
3198 1532 3266 1587 ab
3306 1530 3633 1595 hominibus,
3662 1531 3795 1584 instat

2232 1629 2571 1683 adversarius
2586 1644 2724 1683 verte
2747 1623 3085 1684 beatitudinis
3107 1635 3322 1689 nostrae,
3348 1624 3544 1692 ubique
3569 1638 3792 1695 spargens

2233 1725 2285 1775 ln
2313 1722 2533 1789 laqueis,
2567 1720 2728 1787 linge.
2769 1732 2937 1789 euge:
2973 1728 3028 1771 ut
3054 1717 3178 1770 dum
3208 1716 3363 1769 aride
3391 1712 3701 1785 colligimus,
3725 1710 3792 1768 ln—

2232 1822 2387 1865 Caute
2417 1810 2712 1879 capiamur,
2735 1819 2788 1864 et
2826 1825 2855 1864 a
2895 1810 3117 1863 veritate
3160 1814 3245 1860 tua
3286 1803 3539 1876 gaudium
3582 1814 3788 1859 nostum

2233 1904 2592 1973 deponamus,
2638 1914 2795 1973 atque
2841 1902 2893 1957 in
2944 1902 3213 1955 hominum
3259 1897 3464 1951 fallacia
3513 1909 3785 1967 ponamus;

2234 1988 2503 2062 libeatque
2534 2009 2629 2047 nos
2658 1992 2821 2046 amari
2868 2001 2921 2046 et
2962 1991 3155 2055 timeri,
3205 2004 3309 2041 non
3352 1996 3570 2057 propter
3605 1995 3671 2053 te,
3710 1985 3784 2040 sed

2236 2099 2335 2157 pro
2367 2095 2452 2151 Ie;
2485 2096 2643 2156 atque
2670 2085 2770 2138 isto
2795 2084 2951 2138 modo
2978 2083 3056 2136 sui
3088 2081 3289 2135 similes
3320 2068 3487 2133 factos
3505 2091 3677 2132 serum
3703 2074 3781 2129 lia-
3874 2068 3875 2131 ἲ

2236 2168 2381 2244 beat,
2424 2191 2527 2230 non
2560 2175 2625 2231 ad
2655 2172 2991 2230 concordiam
3031 2171 3327 2232 charitatis.
3354 2168 3450 2226 sed
3487 2167 3551 2223 ad
3589 2164 3779 2222 consor-

2234 2271 2365 2322 tium
2395 2267 2657 2338 supplicii,
2686 2268 2774 2336 qui
2794 2265 2974 2320 statuit
2994 2265 3175 2319 sedem
3204 2278 3354 2316 suam
3379 2276 3567 2329 ponere
3594 2257 3780 2327 iusqui-

2232 2356 2377 2425 loue,
2420 2370 2476 2412 ut
2520 2369 2569 2414 te
2614 2373 2857 2428 perversa
2902 2364 2956 2411 ct
3000 2356 3222 2409 distorta
3254 2353 3335 2406 via
3368 2346 3773 2423 imitanti’Utai.

2232 2466 2348 2517 xiv,
2373 2448 2567 2523 l'S-lii),
2594 2448 2857 2503 tenebrosi
2882 2445 3157 2516 l‘rigidiqnc
3178 2444 3460 2500 servirent.
3481 2441 3575 2496 Nos
3595 2452 3771 2503 autem,

2235 2543 2475 2606 Domine,
2501 2542 2721 2611 pusillos
2746 2556 2869 2611 grex
2895 2547 3013 2594 tuus
3030 2552 3155 2593 cccc
3185 2550 3371 2592 sumus
3398 2533 3530 2608 (Luc.
3554 2549 3637 2597 xu,
3658 2528 3768 2601 52);

2235 2643 2290 2701 tu
2320 2649 2417 2689 nos
2443 2634 2671 2703 posside.
2702 2629 2981 2697 Praetende
3016 2630 3128 2684 alas
3169 2640 3307 2691 tuas,
3338 2637 3392 2682 et
3428 2626 3660 2695 fugiamus
3683 2623 3771 2677 sub

2233 2742 2344 2783 cas.
2378 2726 2554 2784 Gloria
2581 2735 2757 2781 nostra
2782 2735 2835 2779 ttt
2863 2734 3011 2784 esto;
3044 2730 3257 2791 propter
3280 2728 3330 2774 tc
3352 2733 3597 2779 amemur.
3616 2725 3664 2771 et
3679 2728 3771 2769 ver-

2234 2804 2359 2872 lium
2390 2826 2535 2871 tuum
2565 2817 2813 2870 timeatur
2845 2814 2895 2868 in
2922 2812 3094 2868 nobis.
3119 2812 3216 2879 Qui
3248 2809 3444 2863 laudari
3477 2808 3577 2861 \‘ult
3608 2803 3669 2859 ab
3693 2805 3767 2857 ho-

2233 2909 2465 2964 minibus
2494 2908 2822 2974 vituperante
2849 2913 2920 2968 te,
2947 2919 3048 2956 non
3076 2898 3393 2955 detondetur
3417 2898 3482 2951 ab
3512 2893 3766 2950 hominibus

2228 2999 2501 3069 jndicante
2535 3006 2607 3061 te,
2638 3011 2734 3051 nec
2769 2995 3021 3064 eripietur
3043 2994 3329 3046 damnante
3372 3002 3442 3045 te.
3470 2989 3585 3044 Cum
3611 2995 3757 3042 autem

2234 3102 2341 3143 non
2374 3101 2619 3157 peccator
2644 3086 2883 3140 laudatur
2910 3084 2960 3137 itt
3000 3080 3278 3138 desideriis
3314 3080 3504 3135 animm
3532 3092 3651 3141 sua),
3678 3088 3764 3130 nec

2235 3181 2324 3251 qui
2351 3180 2527 3250 iniqua
2553 3178 2684 3249 gerit
2710 3176 3037 3232 bencdicitur
3062 3173 3229 3247 (Psal.
3259 3187 3317 3237 ι,
3348 3172 3426 3242 3),
3454 3168 3539 3224 sed
3563 3165 3768 3222 biodatur

2237 3272 2401 3328 homo
2428 3280 2644 3341 prepter
2669 3268 2881 3339 aliquod
2913 3268 3109 3323 donum
3136 3264 3275 3335 quod
3311 3263 3500 3318 dedisti
3534 3260 3603 3325 ci;
3626 3267 3674 3313 at
3695 3256 3765 3312 ille

2236 3362 2357 3436 plus
2380 3364 2568 3434 gaudet
2602 3362 2703 3415 sibi
2739 3359 2937 3415 laudari
2985 3373 3074 3420 se,
3105 3372 3263 3427 quam
3293 3357 3462 3426 ipsum
3488 3355 3660 3407 donum
3688 3350 3761 3404 ha.

2235 3454 2363 3510 bere
2394 3453 2532 3508 unde
2555 3451 2833 3507 laudatur:
2861 3452 3018 3505 etiam
3046 3452 3144 3503 iste
3173 3459 3224 3503 te
3261 3447 3585 3516 vituperanti:
3618 3440 3762 3498 laud:-

2242 3553 2359 3610 tur;
2391 3554 2445 3598 ct
2474 3542 2788 3613 nicllorjnn
2840 3541 2929 3596 ille
2966 3540 3051 3610 qui
3094 3538 3359 3602 laudavit,
3395 3551 3546 3608 quam
3574 3520 3664 3590 iste
3694 3532 3760 3603 qui

2236 3634 2483 3689 laudatus
2511 3644 2613 3689 est.
2644 3632 2720 3687 Illi
2750 3634 2891 3688 enim
2923 3630 3117 3703 placuit
3139 3630 3189 3684 in
3220 3628 3437 3683 homine
3462 3626 3639 3683 donuin
3661 3622 3757 3685 θός

2236 3722 2362 3781 huic
2381 3725 2607 3796 amplius
2635 3724 2825 3794 placuit
2853 3722 3052 3777 donum
3080 3719 3308 3774 hominis
3334 3730 3489 3788 quam
3519 3715 3621 3772 Dei.

2766 3830 2990 3889 CAPUT
3029 3826 3294 3886 XXXVII.

2600 3924 2667 3982 Ut
2697 3935 2918 3993 movetur
2945 3922 3178 3977 laudibus
3203 3920 3454 3975 lautumiis.

2312 4040 2401 4097 60.
2433 4039 2475 4095 Τ
2480 4046 2725 4093 colamur
2753 4036 2834 4090 his
2872 4034 3250 4089 tentationilnis
3275 4032 3525 4103 quotidie,
3556 4026 3757 4091 Domine;

2237 4132 2355 4187 sine
2379 4129 2673 4185 cessatione
2698 4135 2980 4181 tentamur.
3000 4122 3313 4191 Quotidiaua
3342 4124 3519 4175 torua:
3540 4124 3760 4177 nostraett

2241 4221 2473 4277 humana
2497 4220 2692 4287 lingua.
2716 4216 2947 4286 lmperas
2969 4214 3118 4269 nobis
3138 4222 3190 4268 ct
3215 4212 3265 4266 in
3294 4212 3392 4266 hoc
3422 4226 3603 4283 genere
3627 4206 3759 4265 couti-

2240 4313 2475 4367 nentiain
2508 4328 2520 4363 :
2548 4310 2614 4364 da
2649 4306 2791 4378 quod
2830 4306 3006 4376 jiibcs,
3036 4314 3087 4359 et
3114 4305 3241 4375 jnlie
3280 4304 3421 4374 quod
3452 4306 3542 4356 vis.
3569 4298 3759 4357 Tanusii

2238 4405 2307 4461 de
2337 4404 2434 4459 hac
2463 4419 2522 4458 re
2550 4401 2617 4455 ad
2654 4413 2706 4457 te
2742 4401 2992 4470 gemitum
3014 4399 3189 4454 cordis
3218 4400 3346 4463 mei,
3372 4409 3425 4453 et
3446 4399 3641 4451 liumiua
3662 4407 3759 4448 ocu-

2239 4494 2408 4551 Iornm
2438 4508 2695 4548 meorum.
2739 4490 2918 4562 Neque
2953 4492 3093 4545 enim
3124 4490 3274 4544 facile
3316 4490 3507 4559 eolligo
3531 4484 3757 4557 quantum

2238 4586 2307 4643 ab
2350 4588 2445 4641 ista
2497 4594 2643 4656 peste
2682 4584 3005 4650 mundatior,
3048 4592 3105 4637 et
3140 4582 3361 4636 multum
3409 4582 3561 4636 timeo
3599 4576 3755 4634 occulta

2240 4693 2357 4734 mea
2381 4676 2549 4751 (Paul.
2576 4691 2728 4735 mu.
2765 4674 2874 4747 l5),
2900 4689 3017 4744 qua:
3047 4683 3242 4727 norunt
3278 4670 3417 4725 oculi
3449 4672 3549 4737 tui,
3579 4668 3665 4723 mei
3688 4680 3755 4717 air

2241 4780 2349 4828 tem
2380 4787 2507 4825 non.
2543 4770 2636 4824 Est
2679 4769 2821 4822 enim
2863 4767 3263 4836 qualiscumque
3302 4782 3352 4819 tu
3385 4766 3499 4819 aliis
3531 4760 3757 4832 generibus

2242 4861 2588 4925 tentationnm
2618 4859 2744 4913 mihi
2770 4858 2988 4913 facultas
3014 4855 3319 4926 explorandi
3347 4871 3464 4920 tne;
3493 4856 3539 4907 in
3557 4853 3643 4906 hoc
3661 4860 3757 4920 pene

2242 4955 2383 5011 nulla
2414 4962 2515 5009 est.
2546 4951 2674 5006 Nam
2701 4960 2755 5005 ct
2778 4965 2807 5002 a
2838 4948 3193 5018 voluptatibus
3218 4947 3425 5011 carnis,
3448 4956 3499 4999 et
3529 4960 3558 4997 a
3581 4935 3755 4995 conisi-

2244 5055 2352 5101 tate
2376 5056 2768 5113 supervacanea
2794 5038 3176 5110 cognoscendi,
3210 5038 3364 5092 video
3387 5046 3623 5106 quantum
3642 5041 3753 5085 ιςδεο

2244 5151 2399 5195 cutus
2423 5140 2522 5193 sint
2556 5151 2711 5207 posse
2751 5136 3020 5189 refrenare
3060 5131 3295 5185 animum
3336 5144 3528 5192 meum.
3568 5138 3671 5181 cum
3699 5116 3753 5175 eis

2308 5287 2326 5321 ι
2347 5281 2554 5337 cessabit
2571 5296 2601 5333 a
2618 5295 2707 5341 me,
2723 5284 2861 5349 iusta
2877 5285 3006 5349 yart.
3025 5277 3180 5349 curnt}
3197 5286 3298 5349 Mss.
3315 5285 3371 5335 te.

2307 5328 2599 5424 (si
2618 5328 2957 5417 itvioi'iditi'is;
2976 5328 3084 5424 inhi
3115 5328 3326 5424 pumilio
3350 5340 3418 5391 sic
3432 5328 3750 5424 ,11)ῳὲΖὲ

2245 5392 2823 5481 anniti—iiiﬁamquesic
2839 5419 2956 5469 com,
2974 5403 3079 5455 lent
3096 5392 3257 5476 {Quod
3274 5416 3364 5453 tum
3379 5408 3444 5453 est
3458 5398 3659 5466 gaudiali
3677 5392 3747 5444 η-

2310 5473 2329 5502 ³
2346 5484 2418 5533 τις
2435 5469 2642 5533 legimus
2659 5483 2705 5516 in
2727 5478 2829 5533 915s.
2849 5472 3111 5533 tj‘ossatenst
3124 5478 3145 5533 ;_
3155 5473 3201 5515 at
3218 5466 3267 5513 la
3285 5460 3390 5513 alis
3403 5463 3624 5533 plerique
3637 5456 3749 5521 ι-ων

2240 5541 2328 5601 tur
2348 5502 2705 5597 ὶὶιῖιὶἇῗὶὲἱὲΤ
3124 5502 3685 5595 Mm'swf
