3880 6378
608 347 710 407 807

608 479 830 524 cernere
863 462 1009 535 potui
1061 459 1175 516 sine
1206 466 1278 526 te,
1307 465 1361 514 et
1386 454 1519 513 nihil
1544 468 1728 510 eorum
1758 468 1877 509 esse
1904 462 1956 507 te
1984 450 2182 505 inveni.

607 558 718 614 Nec
742 572 840 628 ego
855 557 968 627 ipse
992 554 1235 610 inventor
1258 551 1346 622 qui
1374 548 1644 620 peragravi
1668 547 1865 613 omnia,
1905 552 1960 600 et
1995 543 2185 598 distin-

608 665 771 724 guere
790 658 843 705 et
866 663 963 720 pro
987 646 1099 702 suis
1125 659 1348 717 qumque
1372 641 1717 713 dignitatibus
1741 639 2005 694 aestimare
2022 650 2188 692 cona-

610 753 692 799 tus
709 757 826 797 sum
843 758 859 807 ;
876 739 1146 810 excipiens
1170 738 1270 792 alia
1293 734 1657 792 nuntiantibus
1678 732 1938 797 sensibus,
1956 731 2187 788 etinter-

611 848 805 906 rogans
824 833 925 889 alia
953 845 1163 887 mecum
1188 828 1475 884 commixta
1502 828 1759 892 sentiens,
1786 825 2033 895 ipsosque
2054 838 2190 877 nun-

611 926 713 981 tios
745 924 1062 995 dignoscens
1090 930 1249 992 atque
1275 918 1639 984 dinumerans,
1665 917 1882 987 jamque
1911 914 1962 969 in
1989 928 2191 969 memoo

609 1018 704 1072 rite
720 1018 738 1048 ¹
764 1015 884 1071 latis
907 1014 1096 1086 opibus
1120 1012 1222 1068 alia
1246 1018 1593 1082 pertractans,
1623 1008 1726 1064 alia
1743 1006 2063 1073 recondens,
2088 1005 2188 1059 alia

610 1122 825 1164 eruens.
843 1105 955 1161 Nec
981 1119 1081 1177 ego
1105 1105 1219 1174 ipse
1237 1118 1361 1159 cum
1386 1102 1501 1156 haec
1524 1114 1759 1171 agerem,
1782 1098 1833 1154 id
1861 1106 1943 1153 est
1968 1098 2047 1152 vis
2073 1110 2190 1153 mea

609 1216 713 1272 qua
743 1200 795 1255 id
823 1198 1064 1270 agebam,
1096 1212 1196 1253 nec
1234 1197 1345 1267 ipsa
1372 1209 1493 1251 eras
1518 1203 1593 1260 tu,
1624 1194 1747 1264 quia
1784 1192 1871 1247 lux
1899 1206 1959 1247 es
1985 1200 2038 1247 tu
2066 1206 2191 1262 per-

616 1305 839 1347 manens
881 1304 1041 1360 quam
1084 1288 1152 1343 de
1195 1286 1440 1342 omnibus
1484 1284 1828 1341 consulebam
1864 1298 1931 1338 an
1989 1290 2187 1348 essent,

611 1382 740 1453 quid
788 1389 989 1447 essent,
1035 1379 1216 1449 quanti
1246 1378 1519 1449 pendenda
1564 1384 1789 1433 essent:
1821 1385 1875 1431 et
1914 1374 2192 1431 audiebam

614 1474 897 1530 docentem
925 1471 1299 1541 acjubentem.
1326 1470 1394 1524 Et
1420 1484 1564 1540 saepe
1591 1469 1735 1524 istud
1782 1468 1946 1533 l'acio;
1982 1466 2083 1522 hoc
2107 1481 2194 1522 me

618 1564 867 1629 delectat,
899 1572 954 1619 et
993 1563 1062 1618 ab
1100 1561 1396 1617 actionibus
1440 1560 1775 1617 necessitatis
1811 1568 2065 1631 quantum
2103 1573 2192 1615 re-

618 1656 785 1713 laxari
810 1671 1048 1727 possum,
1077 1654 1143 1710 ad
1166 1655 1321 1711 istam
1350 1655 1673 1725 voluptatem
1694 1652 1918 1724 refugio.
1938 1653 2120 1725 Neque
2140 1653 2193 1708 in

614 1746 698 1802 his
723 1746 990 1813 omnibus,
1021 1761 1139 1816 qua:
1168 1760 1421 1815 percurro
1444 1744 1730 1800 consulens
1769 1754 1839 1809 te,
1872 1743 2081 1799 invenio
2107 1753 2193 1799 tu-

617 1849 731 1895 tum
761 1839 935 1895 locum
980 1838 1170 1893 animae
1213 1852 1347 1894 mete
1372 1837 1473 1892 nisi
1524 1836 1577 1891 in
1623 1848 1696 1904 te,
1731 1851 1836 1907 quo
1880 1837 2196 1905 colligantur

611 1945 798 2002 sparsa
821 1946 958 1995 mea,
990 1945 1090 1985 nec
1115 1945 1146 1985 a
1176 1938 1228 1985 te
1255 1929 1540 2000 quidquam
1560 1928 1774 1983 recedat
1792 1944 1858 1984 ex
1878 1944 1983 1984 me.
2012 1929 2078 1983 Et
2102 1929 2197 1984 ali-

615 2022 828 2093 quando
857 2020 1161 2077 intromittis
1181 2036 1267 2077 me
1294 2021 1347 2076 in
1371 2019 1614 2076 allectum
1640 2020 1865 2075 multum
1892 2020 2195 2076 inusitatum

616 2113 878 2168 introrsus
906 2112 971 2166 ad
1009 2111 1190 2167 nescio
1242 2126 1401 2182 quam
1435 2111 1794 2177 dulcedinem,
1821 2129 1939 2183 qua:
1968 2113 2012 2168 si
2043 2114 2198 2184 perli-

614 2205 786 2261 ciatur
814 2204 865 2258 in
884 2218 989 2269 me,
1018 2202 1200 2258 nescio
1228 2202 1352 2273 quid
1381 2203 1483 2258 erit
1506 2202 1646 2273 quod
1674 2204 1781 2257 vita
1803 2204 1900 2258 ista
1931 2219 2037 2260 non
2072 2206 2195 2261 erit.

614 2295 721 2351 Sed
752 2294 931 2350 recide
960 2295 1011 2350 in
1048 2294 1165 2350 haec
1207 2295 1521 2350 terumnosis
1561 2293 1901 2363 ponderibus,
1937 2305 1992 2350 et
2016 2310 2197 2352 resor-

614 2389 745 2444 beor
769 2388 958 2451 solitis,
989 2395 1043 2442 et
1081 2396 1285 2450 teneor,
1334 2393 1389 2440 et
1424 2385 1646 2440 multum
1673 2385 1794 2450 lleo,
1836 2386 1929 2441 sed
1971 2388 2197 2442 multum

617 2487 821 2534 teneor.
847 2478 1073 2533 Tantum
1104 2476 1501 2532 consuetudinis
1527 2476 1732 2530 sarcina
1758 2477 2040 2547 degravat’
2065 2480 2077 2533 !
2104 2478 2199 2534 Hic

616 2586 735 2626 esse
779 2570 950 2637 valeo,
1000 2585 1099 2625 nec
1141 2570 1295 2637 volo;
1342 2567 1453 2624 illic
1487 2567 1627 2635 volo,
1660 2583 1758 2624 nec
1804 2569 1991 2637 valeo;
2038 2570 2200 2626 miser

618 2660 919 2731 utrobique.

1216 2753 1443 2811 CAPUT
1476 2753 1607 2809 XLI.

1158 2844 1365 2918 Triplex
1383 2847 1655 2918 cupiditas.

691 2940 780 2995 66.
802 2938 1030 3011 ideoque
1050 2938 1383 2996 considerari
1406 2939 1685 3010 languores
1697 2948 2035 3009 peccatorum
2049 2954 2199 2996 meo-

617 3048 734 3088 rum
763 3034 816 3087 in
841 3033 1130 3103 cupiditate
1152 3031 1375 3103 triplici;
1400 3040 1455 3087 et
1482 3032 1753 3088 dexteram
1776 3042 1918 3087 tuam
1961 3032 2200 3088 invocavi

620 3123 685 3178 ad
716 3124 942 3178 salutem
968 3139 1161 3179 meam.
1182 3122 1303 3178 Vidi
1320 3125 1461 3179 enim
1494 3124 1833 3194 splendorem
1867 3134 2011 3179 tuum
2041 3124 2203 3180 corde

619 3215 820 3280 saucio,
849 3221 904 3269 et
927 3228 1275 3284 repercussus
1298 3214 1406 3270 dixi
1455 3234 1467 3269 :
1503 3214 1632 3282 Quis
1661 3214 1786 3271 illuc
1831 3216 2043 3285 potest?
2067 3216 2201 3271 Pro-

616 3303 790 3372 jectus
818 3318 933 3357 sum
954 3319 984 3357 a
1014 3303 1146 3359 l’acie
1170 3303 1443 3358 oculorum
1466 3313 1675 3359 tuorum
1708 3304 1878 3376 (Psal.
1908 3322 2016 3360 xxx
2038 3346 2053 3371 ,
2083 3305 2200 3378 23).

621 3393 703 3448 Tu
732 3409 791 3449 es
805 3393 1013 3450 Veritas
1039 3410 1199 3464 super
1224 3397 1400 3449 omnia
1417 3394 1709 3465 praesidens
1733 3413 1746 3449 :
1770 3406 1825 3452 at
1851 3412 1949 3468 ego
1968 3413 2066 3469 per
2083 3413 2205 3453 ava-

621 3485 796 3540 ritiam
824 3500 998 3540 meam
1039 3501 1146 3540 non
1174 3485 1419 3541 amittere
1448 3495 1499 3542 te
1532 3487 1694 3554 volui,
1722 3486 1815 3543 sed
1844 3489 1984 3543 volui
2030 3498 2203 3545 tecum

624 3576 898 3645 possidere
924 3575 1288 3642 mendacium;
1321 3577 1457 3631 sicut
1482 3592 1639 3632 nemo
1666 3578 1779 3633 vult
1805 3581 1875 3633 ita
1896 3578 2090 3635 falsum
2118 3579 2202 3634 di-

624 3680 766 3733 cere,
793 3675 849 3721 ut
878 3667 1081 3722 nesciat
1107 3666 1222 3737 ipse
1245 3666 1370 3738 quid
1399 3683 1585 3724 verum
1623 3670 1711 3726 sit.
1746 3668 1924 3740 Itaque
1949 3671 2103 3727 amisi
2128 3680 2199 3741 te,

624 3759 747 3832 quia
770 3774 875 3816 non
904 3758 1141 3832 dignaris
1167 3775 1288 3815 cum
1319 3760 1598 3817 mendacio
1626 3762 1906 3833 possideri.

1223 3873 1448 3932 CAPUT
1488 3874 1646 3933 XLII.

629 3985 888 4043 Nonnulli
910 3988 977 4042 ad
1006 3988 1257 4043 damones
1286 3996 1524 4059 tanquam
1551 3990 1791 4045 redeundi
1815 3992 1883 4045 ad
1912 3990 2077 4048 Deum
2101 4008 2205 4048 me-

983 4059 1199 4114 diatores
1226 4059 1492 4130 infeliciter
1512 4071 1851 4117 recurrerunt.

697 4150 784 4206 67.
816 4151 984 4218 Quem
1003 4150 1294 4206 invenirem
1321 4151 1411 4220 qui
1430 4166 1515 4206 me
1533 4154 1899 4209 reconciliaret
1921 4154 2054 4211 tibi?
2074 4156 2204 4212 Am-

625 4241 875 4298 biendum
904 4241 926 4272 ³
961 4241 1089 4295 mihi
1122 4241 1217 4296 luit
1241 4241 1309 4296 ad
1337 4243 1600 4313 Angelos?
1634 4243 1746 4311 Qua
1791 4247 1985 4316 prece?
2015 4247 2207 4318 quibus

627 4332 1015 4389 sacramentis?
1043 4333 1189 4388 Multi
1213 4344 1471 4390 conantes
1515 4334 1583 4390 ad
1613 4344 1665 4391 te
1690 4336 1884 4403 redire,
1914 4353 2084 4409 neque
2113 4355 2207 4410 per

626 4423 834 4494 seipsos
862 4422 1123 4491 valentes,
1155 4422 1293 4478 sicut
1317 4424 1496 4486 audio,
1520 4432 1857 4481 tentaverunt
1886 4427 2018 4495 hsce,
2047 4437 2102 4484 et
2126 4430 2208 4485 in-

626 4515 873 4571 ciderunt
900 4515 951 4570 in
973 4514 1294 4571 desiderium
1323 4517 1649 4571 curiosarum
1676 4517 1958 4584 visionum,
1986 4527 2041 4573 et
2063 4519 2208 4590 digni

628 4605 791 4661 habiti
813 4615 937 4661 sunt
966 4607 1320 4662 illusionibus.
1352 4606 1491 4663 Elati
1517 4608 1662 4664 enim
1690 4617 1742 4664 te
1778 4611 2089 4680 quzcrebant
2112 4611 2208 4667 do-

627 4694 811 4749 ctrinze
830 4693 992 4761 fastu,
1015 4705 1294 4752 exerentes
1309 4698 1485 4767 potius
1499 4714 1660 4768 quam
1677 4697 1958 4755 tundentes
1969 4709 2206 4770 pectora,

629 4792 682 4836 et
706 4783 1158 4841 adduxeruntsibi
1191 4801 1287 4856 per
1325 4787 1725 4843 similitudinem
1753 4788 1930 4844 cordis
1957 4792 2038 4846 sui
2076 4806 2209 4847 con-

630 4873 893 4942 spirantes
911 4884 965 4929 et
982 4878 1152 4931 socias
1181 4879 1445 4948 superbire
1474 4895 1584 4935 suae
1625 4891 1918 4951 potestates
1941 4883 2081 4940 aeris
2109 4886 2210 4940 liu-

625 4966 715 5035 jus
739 4965 952 5037 (Ephes.
981 4983 1037 5031 ιι,
1068 4968 1146 5037 2),
1176 4983 1206 5021 a
1232 4970 1425 5039 quibus
1445 4987 1540 5040 per
1564 4974 1825 5042 potentias
1851 4976 2082 5045 magicas
2112 4975 2209 5033 de-

631 5058 956 5128 ciperentur,
987 5068 1286 5129 quaerentes
1325 5063 1668 5120 mediatorem
1698 5082 1795 5137 per
1822 5083 1978 5138 quem
2016 5084 2210 5141 purga-

633 5157 838 5216 rentur,
870 5158 924 5204 et
952 5164 1056 5204 non
1085 5158 1220 5206 erat.
1249 5151 1499 5208 Diabolus
1523 5156 1663 5210 enim
1694 5168 1808 5212 erat
1834 5162 2211 5231 transﬁgurans

631 5257 689 5297 se
734 5242 785 5296 in
833 5240 1093 5313 Angelum
1128 5242 1345 5315 lucis(ll
1372 5241 1514 5314 Con,
1542 5262 1621 5314 ιι,
1653 5248 1765 5318 M).
1793 5248 1858 5305 Et
1884 5253 2106 5308 multum
2143 5253 2210 5309 il-

632 5333 763 5387 lexit
789 5332 1069 5402 superbam
1096 5346 1332 5399 carnem,
1350 5335 1491 5405 quod
1515 5350 1709 5391 carneo
1721 5352 1945 5408 corpore
1971 5342 2084 5411 ipse
2102 5359 2208 5401 non

631 5435 793 5482 esset.
825 5427 988 5481 Erant
999 5426 1139 5481 enim
1161 5425 1232 5481 illi
1250 5428 1500 5485 mortales
1514 5438 1568 5485 et
1586 5440 1919 5501 peccatores;
1943 5444 1997 5491 tu
2010 5446 2207 5507 autem,

697 5540 713 5605 ξ
734 5547 863 5599 l.ov.,
878 5536 932 5590 in
1192 5536 1330 5605 elatis

695 5603 716 5633 ²
734 5608 784 5651 ιιι
801 5611 904 5671 Mss.
924 5600 1166 5671 omnibus,
1186 5600 1319 5671 nullo
1336 5600 1440 5671 l‘e're
1458 5612 1694 5671 excepto:
1711 5612 2214 5667 Tatsttoncmsuctudi-

634 5664 709 5714 nis
723 5663 915 5727 sarcina
928 5662 1077 5727 digna
1088 5668 1174 5714 est.
1198 5670 1264 5713 Ita
1282 5665 1429 5714 etiam
1445 5667 1553 5717 Bad.

697 5727 718 5757 ³
733 5726 805 5795 sic
822 5734 947 5795 διες»,
967 5726 1175 5789 excepto
1195 5728 1390 5795 pyrensi
1410 5730 1494 5795 qui
1522 5730 1673 5783 habet
1688 5728 1975 5786 abetmdum.
2009 5741 2068 5790 At
2098 5737 2207 5793 Bad.

633 5791 735 5843 Am.
754 5791 829 5837 Er.
846 5792 978 5850 Lov.,
996 5798 1060 5837 an
1081 5785 1310 5842 étmdtim.

2012 5915 2061 5926 ’,ς
2077 5911 2157 5919 ..ος-

1722 326 2231 393 cosrrsswuuu
2266 325 2327 387 s.
2366 324 2733 390 aucusruu
3702 337 3783 399 ωε

2292 445 2535 513 Domine,
2564 446 2649 501 cui
2676 443 3005 501 reconciliari
3033 442 3255 516 superbe
3278 446 3577 516 quarehant,
3606 450 3784 511 ἱωιιιοιι.

2293 536 2414 591 talis
2452 546 2506 591 et
2545 537 2661 591 sine
2689 544 2927 607 peccato.
2969 534 3218 590 Mediator
3243 545 3410 592 autem
3434 536 3557 593 inter
3577 539 3716 599 Deum
3742 556 3785 602 et

2292 627 2536 684 homines
2591 628 2633 701 (Ι
2672 627 2801 683 Tim.
2843 643 2900 693 ιι,
2929 626 2984 699 5)
3014 627 3286 697 oportebat
3311 635 3368 682 ut
3407 627 3604 685 haberet
3635 632 3788 705 aliquid

2294 718 2467 774 simile
2488 719 2620 786 Deo,
2642 716 2840 789 aliquid
2870 716 3045 773 simile
3087 716 3383 772 hominibus
3409 735 3422 770 :
3449 733 3512 774 ne
3532 719 3584 773 in
3612 730 3789 795 utroque

2295 810 2599 866 hominibus
2622 809 2828 878 similis,
2858 810 3016 879 longe
3052 817 3191 863 esset
3226 824 3256 863 a
3282 808 3414 873 Deo;
3442 811 3597 865 autin
3614 822 3788 885 utroque

2296 902 2406 958 Deo
2432 903 2639 968 similis,
2669 901 2823 972 longe
2842 908 2985 956 esset
3010 900 3076 955 ab
3096 898 3413 964 hominibus,
3435 908 3577 970 atque
3614 902 3673 957 ita
3705 919 3793 961 me.

2296 994 2469 1050 diator
2497 1010 2604 1049 non
2633 1003 2796 1048 esset.
2831 990 3013 1046 Fallax
3040 990 3214 1061 itaque
3230 989 3319 1045 ille
3335 990 3591 1059 mediator,
3615 1008 3703 1063 quo
3724 1010 3792 1064 per

2296 1093 2499 1140 secreta
2512 1083 2708 1154 judicia
2725 1091 2811 1139 tua
2824 1081 3071 1153 superbia
3082 1089 3373 1137 mereretur
3386 1080 3542 1149 illudi,
3553 1098 3688 1138 unum
3702 1099 3791 1143 enim

2299 1177 2603 1233 hominibus
2633 1176 2811 1241 habet,
2853 1175 2907 1231 id
2940 1183 3026 1230 est
3053 1182 3359 1245 peccatum;
3397 1174 3531 1230 aliud
3553 1176 3693 1232 videri
3713 1180 3793 1235 vult

2299 1270 2499 1326 habere
2528 1285 2650 1325 cum
2672 1270 2804 1335 Deo,
2827 1277 2887 1323 ut
2905 1268 3026 1340 quia
3054 1268 3228 1323 carnis
3271 1268 3568 1323 mortalitate
3584 1284 3672 1325 non
3695 1274 3790 1342 tegi-

2299 1371 2403 1429 tur,
2432 1377 2529 1433 pro
2558 1361 2843 1417 immortali
2881 1375 2940 1416 se
2969 1368 3218 1415 ostentet.
3258 1358 3359 1415 Sed
3397 1360 3509 1430 quia
3542 1361 3791 1432 stipendium

2300 1456 2500 1527 peccati
2526 1470 2672 1510 mors
2692 1464 2795 1522 est,
2810 1454 2911 1509 hoc
2925 1454 3083 1509 habet
3110 1467 3391 1509 commune
3407 1467 3518 1508 cum
3537 1452 3791 1523 hominibus,

2300 1548 2443 1604 unde
2465 1548 2623 1604 simul
2639 1548 2919 1603 damnetur
2949 1547 3003 1601 in
3030 1553 3279 1602 mortem.

2860 1656 3084 1714 CAPUT
3123 1656 3308 1712 XLIII.

2755 1729 2988 1785 Christus
3007 1745 3150 1783 verus
3180 1727 3434 1782 mediator.

2375 1821 2463 1876 68.
2494 1820 2665 1877 Verax
2684 1828 2861 1876 autem
2901 1819 3167 1875 mediator
3187 1833 3343 1889 quem
3368 1826 3560 1874 secreta
3584 1829 3655 1875 tua
3678 1822 3793 1876 mise-

2304 1912 2531 1967 ricordia
2578 1912 2957 1967 demonstrasti
3011 1910 3318 1977 humilibus,
3344 1918 3397 1965 et
3436 1909 3603 1965 misisti
3638 1919 3682 1966 ut
3708 1912 3789 1981 ejus

2302 2004 2548 2074 exemplo
2571 2004 2732 2058 etiam
2750 2004 2918 2074 ipsam
2947 2002 3221 2057 discerent
3234 2000 3578 2067 humilitatem,
3597 2000 3788 2055 mediator

2306 2096 2395 2151 ille
2433 2095 2526 2150 Dei
2555 2104 2609 2151 et
2648 2094 2924 2149 hominum
2947 2096 3110 2149 homo
3136 2092 3374 2149 Christus
3387 2092 3788 2160 Jesus,iutermor-

2307 2188 2439 2243 tales
2460 2197 2767 2259 peccatores
2788 2196 2841 2244 et
2860 2187 3217 2242 immortalem
3237 2186 3428 2257 justum
3443 2186 3673 2257 appamit;
3690 2200 3790 2241 mor-

2308 2280 2427 2335 talis
2468 2294 2588 2334 cum
2633 2279 2955 2344 hominibus,
2994 2278 3172 2348 justus
3197 2292 3317 2333 cum
3361 2276 3476 2331 Deo.
3514 2274 3572 2331 Ut
3604 2276 3786 2345 quoniam

2306 2372 2625 2443 stipendium
2644 2371 2862 2442 iustitia:
2888 2371 2997 2425 vita
3020 2379 3075 2425 et
3102 2385 3208 2442 pax
3235 2378 3336 2436 est,
3364 2383 3451 2438 per
3470 2367 3677 2438 justitiam
3695 2381 3787 2420 con-

2302 2465 2539 2536 junctam
2566 2463 2677 2519 Deo
2707 2471 2990 2518 evacuaret
3008 2471 3241 2517 mortem
3270 2459 3628 2530 justiﬁcatorum
3645 2454 3785 2528 impio-

2308 2571 2423 2611 rum
2450 2557 2489 2621 ¹,
2513 2570 2670 2624 quam
2696 2570 2819 2609 cum
2846 2554 2949 2609 illis
2973 2553 3146 2608 voluit
3166 2553 3359 2608 habere
3379 2565 3668 2607 communem.
3688 2547 3785 2602 llic'

2308 2649 2702 2707 demonstratus
2722 2655 2806 2703 est
2830 2646 3062 2717 antiquis
3088 2645 3311 2712 sanctis,
3337 2653 3391 2699 ut
3410 2644 3469 2698 ita
3482 2642 3641 2714 ipsiper
3660 2638 3783 2694 ﬁdem

2309 2742 2500 2795 luturrc
2529 2738 2792 2809 passionis
2820 2738 2956 2808 ejus,
2987 2737 3129 2792 sicut
3154 2751 3251 2791 nos
3272 2750 3365 2807 per
3400 2733 3529 2789 ﬁdem
3551 2731 3784 2802 praeterita,

2309 2832 2441 2887 salvi
2476 2832 2681 2886 ﬁerent.
2703 2827 2762 2883 In
2782 2838 3037 2900 quantum
3069 2827 3219 2883 enim
3248 2826 3423 2893 homo,
3451 2825 3495 2879 in
3517 2830 3677 2877 tantum
3706 2833 3785 2873 me-

2310 2921 2515 2987 diator;
2549 2922 2599 2976 in
2627 2931 2883 2992 quantum
2913 2930 3091 2975 autem
3118 2919 3363 2985 verbum,
3388 2931 3483 2972 non
3506 2911 3781 2981 medius,quis

2310 3014 2525 3085 mqualis
2556 3013 2686 3079 Deo,
2708 3022 2762 3068 et
2791 3012 2933 3068 Deus
2955 3010 3099 3084 apud
3139 3010 3328 3081 Deum,
3358 3016 3410 3065 et
3438 3007 3570 3064 simul
3588 3020 3677 3063 cum
3696 3003 3783 3073 Spi-

2313 3110 2416 3163 ritu
2446 3115 2631 3163 sancto
2654 3106 2675 3137 ³
2704 3121 2841 3161 unus
2865 3105 3024 3161 Deus.

2384 3200 2472 3254 69.
2501 3196 2780 3266 Quomodo
2808 3210 2907 3252 nos
2935 3196 3153 3264 amasti,
3176 3196 3336 3252 Pater
3360 3194 3504 3258 bone,
3529 3186 3703 3263 quiI-‘ilio
3716 3193 3784 3239 tuo

2316 3291 2473 3347 unico
2500 3305 2605 3344 non
2636 3288 2940 3359 pepercisti,
2972 3286 3065 3342 sed
3113 3302 3212 3358 pro
3242 3285 3391 3342 nobis
3417 3283 3569 3353 impiis
3592 3275 3783 3334 tradidisti

2316 3397 2436 3437 eum
2461 3383 2475 3436 ι
2510 3379 2683 3454 (Rom.
2712 3395 2825 3443 vni,
2846 3378 3362 3450 52.)Quomodonos
3388 3374 3553 3430 amasti
3567 3368 3783 3443 proquihus

2315 3474 2403 3529 ille
2429 3489 2533 3528 non
2562 3472 2801 3543 rapinam
2844 3472 3134 3526 arbitratus
3173 3485 3293 3527 esse
3326 3466 3527 3539 sequalis
3558 3464 3647 3529 tibi,
3670 3461 3782 3516 lactus

2316 3573 2397 3620 est
2421 3565 2661 3620 subditus
2690 3579 2858 3634 usque
2872 3562 2940 3617 ad
2959 3571 3189 3619 mortem
3215 3560 3384 3619 crucis
3415 3558 3631 3635 (Philipp.
3654 3570 3697 3619 ιι,
3719 3552 3781 3621 6);

2316 3657 2551 3711 unusille
2576 3656 2626 3710 in
2641 3654 2863 3709 mortuis
2883 3651 3149 3725 liber(Ps.
3164 3668 3408 3719 Lxxxvn,
3428 3648 3783 3719 6-8),potestatem

2317 3748 2519 3804 habens
2547 3747 2773 3819 ponendi
2803 3747 3035 3802 animam
3060 3761 3236 3815 suam,
3266 3755 3318 3801 et
3354 3750 3627 3816 potestatem
3645 3734 3783 3791 habens

2316 3842 2505 3897 iterum
2548 3838 2792 3895 sumendi
2840 3854 2957 3894 eam
2991 3837 3187 3911 (Joan.
3218 3853 3278 3905 x,
3315 3836 3434 3909 £8);
3464 3847 3548 3905 pro
3581 3828 3696 3886 nobis
3722 3824 3784 3877 tibi

2318 3934 2489 3988 victor
2514 3940 2568 3986 et
2592 3931 2823 3999 victima,
2855 3939 2909 3986 et
2936 3930 3056 3984 ideo
3072 3929 3246 3985 victor
3270 3927 3385 3999 quia
3414 3926 3785 3990 victima;prono-

2316 4023 2400 4080 bis
2431 4024 2522 4078 tibi
2548 4022 2800 4077 sacerdos
2827 4031 2882 4077 et
2907 4019 3246 4087 sacriﬁcium,
3275 4028 3328 4074 et
3350 4016 3465 4073 ideo
3486 4010 3686 4070 sacerdos
3704 4004 3783 4077 qui:

2318 4114 2454 4170 sacri
2464 4113 2638 4168 licium
2659 4129 2673 4179 ;
2698 4110 2898 4167 faciens
2924 4111 3017 4166 tibi
3045 4125 3143 4167 nos
3173 4109 3240 4166 de
3259 4108 3420 4165 servis
3443 4104 3579 4169 ﬁlios,
3593 4100 3647 4156 de
3666 4107 3705 4152 te
3722 4109 3785 4149 ιιι-

2319 4205 2538 4273 scendo,
2566 4205 2721 4260 nobis
2763 4202 3071 4259 serviendo!
3112 4201 3300 4257 Merito
3327 4198 3447 4255 mihi
3474 4210 3579 4267 Spes
3607 4187 3733 4246 valida
3751 4186 3785 4239 in

2319 4297 2409 4352 illo
2437 4306 2537 4363 est,
2564 4295 2703 4366 quod
2732 4295 2946 4351 sanabis
2966 4308 3155 4348 omnes
3184 4293 3451 4363 languores
3463 4288 3787 4352 meos,pet‘et1m

2319 4390 2408 4461 qui
2436 4388 2586 4444 sedet
2613 4387 2680 4442 ad
2706 4386 2978 4442 dexteram
3006 4393 3151 4439 tuam
3177 4392 3231 4440 et
3264 4392 3315 4437 te
3349 4374 3703 4466 interPeWRm
3719 4379 3787 4466 ’³9⁸

2320 4481 2403 4537 bis
2432 4480 2609 4550 (Rom.
2640 4494 2754 4545 vut,
2781 4476 2905 4549 54);
2933 4476 3165 4546 alioquin
3194 4474 3532 4543 desperarem.
3557 4460 3665 4520 llulti
3684 4460 3788 4512 enim

2321 4583 2376 4631 et
2398 4574 2572 4645 magni
2604 4583 2728 4628 sunt
2756 4572 2915 4627 iidem
2970 4571 3250 4641 languores
3294 4565 3416 4633 mei,
3460 4557 3590 4618 multi
3625 4558 3718 4609 sunt
3750 4554 3788 4600 et

2320 4668 2533 4738 magni;
2565 4664 2660 4722 sed
2680 4665 2906 4735 amplior
2930 4673 3013 4720 est
3041 4662 3300 4719 medicina
3327 4669 3428 4714 tua.
3449 4650 3673 4741 Potuimus
3681 4650 3786 4741 Ριιιξ·

2320 4776 2382 4817 re
2404 4736 2636 4815 Verbum
2666 4768 2813 4813 tuum
2833 4766 3095 4812 remotum
3121 4768 3242 4810 esse
3264 4768 3293 4806 a
3318 4736 3783 4835 conjunctione-lilii?“

2322 4851 2427 4919 nis,
2456 4858 2511 4907 et
2537 4849 2821 4920 desperare
2844 4848 2913 4903 de
2957 4846 3132 4913 nobis,
3171 4844 3270 4901 nisi
3288 4855 3408 4898 caro
3426 4839 3559 4893 ﬁeret
3576 4838 3621 4889 et
3638 4826 3783 4883 habita.

2322 4951 2406 5000 ret
2433 4943 2486 4998 in
2516 4943 2688 4998 nobis.
3836 4982 3837 5000 ,

2395 5033 2483 5089 70.
2511 5032 2842 5089 Conterritus
2866 5031 3095 5103 peccatis
3118 5029 3251 5086 meis
3275 5036 3326 5084 et
3343 5024 3471 5082 mole
3495 5013 3678 5103 miseria
3691 5017 3783 5063 ωοεε
3836 5013 3837 5073 7

2323 5126 2641 5198 agitaveram
2662 5126 2714 5180 in
2731 5124 2894 5180 corde
2913 5123 3295 5193 meditatusque
3310 5118 3494 5175 fueram
3504 5111 3647 5198 fugam
3664 5102 3704 5158 in

2322 5185 2625 5282 liludinem;
2655 5213 2749 5270 sed
2778 5213 3094 5286 prohibuisti
3120 5185 3229 5278 me,
3249 5218 3302 5266 et
3325 5196 3610 5263 conﬁrmasti
3629 5185 3778 5280 ωειδίς
3814 5238 3827 5251 .

2321 5322 2452 5364 cens
2483 5324 2496 5360 :
2544 5304 2670 5360 Ideo
2700 5321 2793 5377 pro
2828 5304 3057 5359 omnibus
3085 5302 3305 5359 Christus
3334 5304 3536 5352 mortuus
3552 5294 3634 5352 est,
3660 5286 3777 5377 Ill?

2322 5400 2510 5465 vivunt,
2519 5398 2634 5470 jam
2663 5376 2761 5451 non
2789 5395 2884 5451 sibi
2916 5395 3102 5462 vivant,
3129 5392 3214 5449 sed
3231 5392 3275 5446 εἰ
3294 5388 3377 5460 ιιιιὶ
3400 5399 3482 5457 Pr"

2322 5502 2394 5548 est
2425 5491 2493 5566 (ll
2516 5466 2633 5547 Cor.
2655 5506 2721 5559 ν,
2750 5488 2863 5563 15).
2897 5489 3054 5557 Ecce,
3082 5486 3313 5551 Domine,
3332 5482 3461 5552 jacto
3498 5473 3544 5528 in
3576 5478 3618 5524 te
3647 5466 3772 5516 ωηω

2373 5613 2626 5685 .tﬁepisn-
2667 5570 3769 5685 adnumeraﬁomommﬂ
3836 5570 3837 5647 ι

2967 5738 3033 5808 ιω
3045 5734 3359 5808 summa?
3370 5714 3681 5808 ΨΜ

2395 5762 2584 5787 ἰωτῧλ
2599 5762 2795 5786 rma
2808 5762 2947 5786 naso.
2967 5762 3033 5784 Iul
3045 5762 3185 5783 cum
3202 5762 3316 5779 usus
3331 5762 3359 5775 ν
3370 5762 3565 5773 υν--ν--τ

2395 5800 2421 5838 ⁸
2431 5805 2535 5851 tum.
2554 5795 2778 5868 plerique
2798 5809 2895 5848 non
2910 5796 3091 5853 habent
3106 5796 3205 5849 haec
3217 5790 3370 5852 verba,
3386 5762 3765 5846 MW'
