3926 6272
601 350 705 410 813

1232 446 1456 506 CAPUT
1492 442 1608 501 XII.

807 548 945 618 Quid
961 546 1100 601 Deus
1120 546 1293 615 fecerit
1322 548 1438 593 ante
1458 532 1633 591 mundi
1656 532 1983 588 creationem.

672 649 758 704 11.
790 645 928 701 Ecce
952 636 1250 710 reSpondco
1268 634 1488 695 dicenti,
1515 627 1654 697 Quid
1676 626 1904 681 faciebat
1924 624 2062 678 Deus
2086 634 2182 674 an-

605 751 815 811 tequam
837 735 1033 789 faceret
1050 730 1247 786 cmlum
1271 735 1327 780 et
1352 735 1580 787 terram;
1610 715 1907 788 respondeo
1924 730 2030 768 non
2051 710 2183 767 illud

601 803 744 905 quod
765 826 981 900 quidam
1003 820 1345 893 respondisse
1374 815 1687 889 perhibetur
1708 808 2035 881 ioculariter,
2065 803 2181 861 elu-

600 897 735 979 dens
784 897 1094 990 quaestionis
1121 911 1427 968 violentiam
1456 927 1469 962 :
1501 906 1642 969 Alta,
1674 903 1866 973 inquit,
1896 897 2182 955 scrutanti—

608 1015 712 1070 bus
731 988 1006 1084 gehennas
1034 1004 1276 1077 parabat.
1308 999 1463 1057 Aliud
1492 1008 1575 1053 est
1597 995 1799 1057 videre,
1815 990 1956 1046 aliud
1977 988 2182 1053 ridere;

604 1106 722 1163 haec
732 1077 849 1159 non
868 1098 1184 1170 respondeo.
1207 1092 1480 1150 Libentius
1500 1088 1643 1145 enim
1664 1080 2050 1155 reSponderim,
2079 1077 2185 1134 Ne-

601 1198 736 1261 scio,
767 1193 909 1265 quod
935 1192 1144 1254 nescio;
1174 1202 1332 1259 quam
1354 1182 1480 1239 illud
1510 1180 1648 1236 unde
1678 1178 1930 1234 irridetur
1965 1174 2054 1245 qui
2079 1173 2186 1228 alta

604 1287 970 1359 interrogavit.
996 1292 1051 1341 et
1079 1282 1324 1339 laudatur
1347 1280 1436 1349 qui
1463 1276 1592 1331 falsa
1612 1271 1901 1343 respondit.
1930 1268 2035 1325 Sed
2065 1268 2187 1323 dico

604 1393 679 1450 te,
707 1357 844 1438 Deus
867 1386 1066 1442 noster,
1091 1374 1263 1429 omnis
1287 1378 1545 1425 creatura:
1569 1372 1884 1420 creatorem.
1909 1361 1975 1416 Et
1993 1359 2037 1415 si
2063 1357 2189 1414 (εαξιί

602 1483 659 1532 et
688 1485 842 1529 terra:
868 1468 1084 1525 nomine
1112 1464 1287 1519 omnis
1328 1468 1571 1517 creatura
1612 1453 1957 1525 intciligitur;
1983 1448 2187 1506 auden-

604 1575 686 1624 ter
712 1565 852 1626 dico,
882 1562 1179 1630 Antequam
1218 1554 1421 1610 faceret
1460 1552 1600 1606 Deus
1642 1546 1836 1602 caelum
1865 1552 1919 1599 et
1965 1551 2185 1605 terram,

606 1673 711 1714 non
739 1654 967 1712 faciebat
986 1648 1183 1721 aliquid
1214 1665 1227 1700 :
1253 1647 1297 1700 si
1326 1642 1467 1699 enim
1501 1640 1750 1704 faciebat,
1767 1636 1893 1708 quid
1922 1634 2023 1689 nisi
2042 1646 2193 1688 erea-

607 1759 779 1806 turam
801 1742 1062 1801 faciebat?
1087 1740 1156 1796 Et
1183 1738 1381 1793 utinam
1409 1735 1486 1790 sic
1506 1732 1694 1797 sciam,
1714 1726 1966 1800 quidquid
1990 1725 2191 1778 utiliter

610 1840 748 1898 scire
766 1836 938 1907 cupio,
957 1828 1399 1905 quemadmodum
1417 1826 1528 1880 scio
1548 1821 1688 1894 quod
1710 1820 1849 1876 nulla
1869 1817 2025 1873 fiebat
2043 1828 2192 1870 crea-

610 1937 729 1986 tura
752 1929 793 1996 ⁸,
814 1934 1094 1996 antequam
1123 1920 1273 1978 fieret
1299 1918 1403 1973 ulla
1430 1922 1694 1971 creatura.

1250 2031 1476 2089 CAPUT
1512 2028 1656 2084 XIII.

616 2131 767 2201 Quod
788 2138 905 2185 ante
928 2138 1150 2200 tempora
1173 2142 1205 2179 a
1235 2124 1342 2178 Deo
1380 2129 1548 2176 creata
1574 2118 1771 2173 nullum
1798 2125 1993 2185 tempus
2023 2112 2189 2185 fuerit.

683 2223 770 2281 I5.
802 2222 874 2277 At
916 2220 960 2275 si
993 2217 1305 2289 cujusquam
1350 2212 1579 2267 volatilis
1626 2224 1820 2265 sensus
1849 2214 2074 2275 vagatur
2099 2218 2197 2272 per

611 2314 871 2386 imagines
898 2319 1046 2368 retro
1071 2319 1394 2377 temporum,
1423 2311 1478 2358 et
1499 2312 1551 2357 te
1570 2302 1737 2356 Deum
1776 2298 2196 2367 omnipotentem

611 2418 667 2465 et
685 2384 1101 2461 omniereantem
1124 2409 1177 2454 et
1202 2396 1640 2456 omnitenentem,
1663 2389 1785 2445 cmli
1815 2396 1869 2444 et
1894 2396 2050 2442 terra:
2066 2384 2197 2439 arti-

614 2498 790 2561 ﬁcem,
818 2495 886 2550 ab
912 2506 1073 2562 opere
1093 2498 1260 2553 tanto,
1283 2497 1563 2556 antequam
1591 2482 1644 2538 id
1672 2482 1896 2546 faceres,
1928 2494 2023 2549 per
2047 2478 2200 2532 inuu-

613 2584 887 2644 merabilia
937 2581 1129 2651 saecula
1178 2592 1419 2634 cessasse
1472 2575 1724 2635 miratur;
1778 2569 1994 2641 evigilet
2040 2580 2201 2637 atque

615 2677 872 2743 attendat,
900 2674 1019 2746 quia
1044 2671 1172 2728 falsa
1199 2671 1441 2726 miratur.
1463 2666 1592 2722 Nam
1618 2664 1757 2721 unde
1785 2670 2026 2734 poterant
2043 2661 2199 2715 innu-

615 2769 889 2828 merabilia
933 2765 1128 2822 sarcula
1160 2760 1456 2834 praeterire,
1503 2774 1620 2828 qua:
1667 2757 1781 2827 ipse
1808 2771 1911 2811 non
1964 2753 2195 2818 feceras,

614 2876 737 2917 cum
776 2859 853 2913 sis
887 2856 1126 2911 omnium
1172 2852 1487 2909 smculorum
1516 2858 1701 2904 auctor
1725 2857 1779 2902 et
1803 2844 2085 2901 conditor?
2111 2851 2203 2899 aut

615 2967 735 3024 qua:
761 2959 995 3019 tempora
1029 2946 1247 3002 fuissent
1273 2958 1391 3015 qua:
1418 2943 1513 2997 abs
1534 2950 1586 2996 te
1613 2940 1825 2995 condita
1850 2955 1951 2994 non
1981 2936 2201 2993 essent?

615 3054 709 3099 aut
734 3040 1000 3114 quomodo
1025 3038 1380 3108 prmterirent,
1415 3035 1462 3090 si
1489 3048 1755 3103 nunquam
1788 3030 2042 3085 fuissent?
2065 3028 2200 3083 Cum

616 3149 744 3205 ergo
771 3134 844 3188 sis
870 3139 1122 3201 operator
1148 3127 1386 3183 omnium
1418 3134 1738 3194 temporum,
1768 3122 1812 3175 si
1858 3120 1952 3174 fuit
1989 3118 2202 3189 aliquod

619 3236 829 3296 tempus
849 3232 1130 3291 antequam
1158 3220 1358 3275 faceres
1399 3216 1590 3271 ccelum
1611 3224 1666 3270 et
1694 3222 1912 3280 terram,
1943 3228 2043 3267 cur
2066 3211 2201 3266 dici-

619 3323 707 3370 tur
734 3312 874 3384 quod
902 3312 972 3365 ab
995 3325 1158 3379 Opere
1184 3306 1470 3363 cessabas?
1493 3305 1723 3375 Idipsum
1750 3303 1892 3359 enim
1917 3311 2123 3373 tempus
2150 3311 2204 3356 tu

621 3405 847 3470 feceras,
874 3417 975 3459 nec
999 3400 1275 3472 prietcrire
1327 3406 1613 3467 potuerunt
1658 3405 1893 3465 tempora
1920 3404 2202 3465 antequam

621 3495 824 3551 faceres
840 3501 1101 3563 tempora.
1128 3491 1183 3546 Si
1209 3498 1383 3545 autem
1410 3496 1533 3543 ante
1558 3487 1752 3542 caelum
1773 3495 1827 3541 et
1858 3494 2051 3541 terram
2081 3486 2203 3540 nul-

622 3586 733 3642 lum
763 3594 877 3641 erat
932 3592 1162 3653 tempus,
1208 3596 1304 3636 cur
1349 3580 1603 3651 qumritur
1631 3578 1755 3649 quid
1788 3586 1911 3633 tunc
1941 3577 2203 3633 faciebas?

622 3678 739 3735 Non
760 3677 901 3731 enim
928 3684 1041 3729 erat
1063 3671 1235 3737 Tunc,
1268 3670 1354 3725 ubi
1384 3686 1487 3725 non
1510 3678 1628 3725 erat
1650 3678 1877 3739 tempus.

694 3768 778 3826 I6.
805 3767 914 3823 Nec
940 3776 994 3821 tu
1021 3775 1257 3835 tempore
1285 3774 1524 3833 tempora
1547 3763 1824 3831 pnecedis,
1846 3761 2076 3832 alioquin
2094 3776 2201 3816 non

621 3854 798 3912 omnia
829 3862 1063 3921 tempora
1089 3848 1435 3919 pnecederes.
1464 3846 1569 3902 Sed
1590 3846 1843 3917 praecedis
1863 3848 2039 3901 omnia
2064 3862 2203 3918 pra:-

622 3949 776 4003 terita
800 3942 1116 4000 celsitudine
1141 3955 1352 4011 semper
1375 3940 1653 4010 przesentis
1667 3939 2006 4004 aeternitatis;
2037 3948 2091 3995 et
2110 3954 2204 3994 su-

620 4051 779 4111 peras
802 4036 980 4092 omnia
1005 4035 1199 4100 futura,
1230 4034 1352 4104 quia
1377 4032 1467 4087 illa
1497 4032 1670 4087 futura
1713 4041 1856 4098 sunt,
1885 4041 1940 4087 et
1966 4047 2086 4087 cum
2109 4046 2203 4088 ve-

622 4131 817 4195 nerint,
848 4126 1117 4199 praeterita
1158 4134 1351 4189 erunt;
1385 4131 1439 4178 tu
1489 4136 1664 4178 autem
1710 4123 1848 4179 idem
1896 4123 2009 4193 ipse
2036 4138 2115 4188 es,
2151 4130 2207 4178 et

622 4221 749 4279 anni
798 4223 873 4275 tui
927 4235 1031 4275 non
1082 4213 1535 4288 deficiunt(Psat.
1560 4214 1784 4284 0,28).
1825 4216 1963 4270 Anni
2004 4216 2076 4271 tui
2108 4229 2206 4272 nec

621 4320 751 4371 eunt
778 4326 877 4366 nec
896 4310 1148 4375 veniunt;
1182 4308 1266 4362 isti
1286 4316 1460 4362 autem
1479 4305 1641 4361 nostri
1670 4314 1725 4362 et
1747 4316 1873 4360 eunt
1892 4316 1945 4362 et
1966 4308 2201 4373 veniunt,

621 4412 681 4459 ut
700 4417 888 4458 omnes
914 4400 1153 4456 veniant.
1184 4397 1325 4454 Anni
1353 4397 1425 4452 tui
1454 4413 1642 4453 omnes
1687 4398 1845 4452 simul
1873 4406 2039 4463 stant,
2068 4412 2204 4469 quo-

624 4496 767 4553 niam
822 4501 1124 4559 stant;nec
1149 4499 1341 4547 euntes
1390 4504 1421 4545 a
1449 4488 1782 4545 venientibus
1830 4489 2202 4557 excluduntur,

623 4588 746 4659 quia
796 4601 902 4640 non
950 4591 1262 4639 transeunt:
1292 4582 1376 4637 isti
1406 4590 1580 4637 autem
1612 4582 1781 4637 nostri
1811 4596 1998 4637 omnes
2025 4590 2203 4651 erunt,

629 4694 753 4736 cum
780 4692 966 4733 omnes
1016 4692 1122 4731 non
1161 4685 1336 4731 erunt.
1367 4675 1505 4730 Anni
1546 4675 1618 4729 tui
1667 4674 1780 4731 dies
1820 4686 2067 4741 unus;et
2090 4675 2207 4733 dies

629 4782 753 4827 tuus
781 4786 886 4825 non
908 4770 1162 4839 quotidie,
1190 4770 1281 4825 sed
1300 4769 1477 4833 hodie,
1506 4769 1625 4840 quia
1649 4768 1938 4824 hodiernus
1965 4779 2084 4825 tuus
2100 4785 2206 4825 non

625 4863 1047 4927 eeditcrastino;
1071 4878 1242 4934 neque
1268 4863 1407 4917 enim
1435 4863 1670 4917 succedit
1691 4862 1959 4918 hesterno.
1985 4862 2207 4917 Hodier-

625 4970 731 5012 nus
760 4964 882 5009 tuus
918 4954 1213 5015 :etcrnitas;
1248 4954 1366 5008 ideo
1390 4963 1709 5009 co:cternum
1736 4955 1983 5025 genuisti,
2010 4956 2094 5009 cui
2121 4954 2204 5010 di-

624 5049 772 5114 xisti,
816 5046 927 5119 Ego
956 5047 1102 5101 hodie
1150 5048 1299 5118 genui
1324 5045 1573 5120 te(Psal.
1606 5063 1662 5113 ιι,
1712 5048 1782 5112 7;
1837 5047 1996 5102 Hebr.
2022 5064 2076 5115 v,
2109 5046 2200 5120 5).

626 5140 819 5199 Omnia
866 5149 1103 5210 tempora
1131 5148 1184 5194 tu
1228 5139 1414 5205 fecisti,
1454 5150 1508 5195 et
1537 5148 1659 5197 ante
1684 5141 1859 5196 omnia
1887 5150 2124 5214 tempora
2148 5151 2205 5198 tu

621 5249 715 5302 es;
744 5248 844 5290 nec
872 5233 1048 5305 aliquo
1074 5241 1312 5304 tempore
1336 5248 1441 5287 non
1464 5243 1577 5289 erat
1607 5245 1829 5303 tempus.

1221 5344 1449 5402 CAPUT
1489 5345 1626 5400 XIV.

1041 5437 1304 5509 Temporis
1342 5436 1642 5505 diﬂ'erentia:
1682 5447 1799 5492 tres.

696 5531 788 5586 17.
816 5529 974 5586 Nullo
998 5544 1125 5601 ergo
1156 5540 1399 5599 tempore
1444 5545 1553 5582 non
1595 5528 1797 5583 feceras
1834 5528 2053 5600 aliquid,
2083 5532 2205 5603 quia

628 5621 1066 5693 ipsum,tempus
1093 5630 1147 5675 tu
1197 5620 1419 5676 feceras.
1448 5618 1517 5674 Et
1543 5619 1688 5675 nulla
1718 5629 1952 5691 tempora
1995 5622 2087 5679 tibi
2115 5639 2205 5680 co-

694 5756 712 5788 ί
732 5754 1057 5817 Beniguianus
1071 5755 1248 5816 codex.
1264 5755 1391 5818 Quod
1408 5754 1589 5809 ηαυαηι
1608 5755 1808 5811 radebat
1831 5775 2118 5820 creaturam.

1726 311 2246 379 CONFESSIONUM
2283 311 2341 371 S.
2382 307 2740 369 AUGUSTINI
3684 320 3760 379 sto

2288 438 2487 485 aeterna
2506 436 2661 496 sunt,
2676 425 2799 497 quia
2829 433 2884 479 tu
2936 435 3215 492 permanes
3243 430 3332 477 :at
3356 422 3436 478 illa
3461 426 3502 481 si
3536 442 3760 498 permane.

2288 530 2427 590 rent,
2472 536 2578 575 non
2615 525 2795 575 essent
2841 524 3098 586 tempora.
3144 513 3276 583 Quid
3314 515 3443 571 enim
3483 528 3554 574 est
3578 528 3762 595 ιειιιμυιι

2286 614 2418 681 Quis
2467 612 2569 667 hoc
2617 610 2772 666 facile
2796 608 3128 678 breviterque
3155 606 3509 677 esplicaverit?
3530 611 3637 678 Quis
3671 615 3759 685 hoc,

2290 706 2357 761 ad
2389 705 2609 760 verbum
2640 702 2707 757 de
2733 701 2822 756 illo
2844 698 3234 771 proferendum,
3254 700 3335 754 vel
3358 700 3632 771 cogitatione
3658 722 3765 765 com.

2290 794 2670 868 prehenderit?
2697 791 2833 860 Quid
2856 802 3032 847 autem
3057 789 3359 844 familiarius
3382 798 3435 845 et
3468 794 3617 849 nntius
3648 795 3691 850 in
3710 796 3765 851 ιο.

2291 888 2502 960 quendo
2524 897 3007 943 commemoramus
3049 897 3207 953 quam
3247 880 3473 951 tempus?
3501 882 3557 937 Et
3580 882 3765 958 intelligi.

2291 998 2411 1038 mus
2433 981 2613 1053 utique
2635 994 2757 1035 cum
2788 977 2839 1033 id
2870 976 3155 1047 loquimur,
3185 973 3507 1045 intelligimus
3528 976 3659 1030 etiam
3681 994 3765 1035 cum

2290 1074 2397 1129 alio
2422 1075 2672 1144 loquente
2711 1071 2763 1126 id
2787 1069 3049 1125 audimus.
3074 1067 3211 1136 Quid
3234 1076 3315 1122 est
3355 1082 3472 1139 ergo
3510 1072 3766 1140 tempus28i
3852 1104 3853 1107 η

2292 1181 2451 1222 nemo
2469 1181 2535 1222 ex
2558 1180 2644 1219 me
2657 1170 2882 1234 quaerat,
2905 1162 3049 1227 scio;
3071 1160 3117 1216 si
3132 1159 3382 1231 quaerenti
3396 1160 3624 1230 explicare
3636 1164 3764 1232 velim,

2293 1260 2473 1317 nescio
2503 1278 2515 1313 :
2548 1258 2778 1313 fidenter
2823 1265 2999 1310 tamen
3024 1254 3145 1308 dico
3192 1253 3328 1308 scire
3354 1267 3453 1318 me,
3484 1252 3603 1324 quod
3624 1254 3661 1310 si
3681 1255 3769 1312 nihil

2295 1350 2609 1423 prmteriret,
2638 1363 2744 1405 non
2768 1357 2913 1403 esset
2953 1346 3273 1417 praeteritum
3299 1355 3522 1416 tempus;
3544 1348 3644 1402 etsi
3677 1348 3767 1403 nihil

2294 1446 2586 1509 adveniret,
2634 1459 2741 1500 non
2770 1450 2912 1499 esset
2940 1439 3174 1495 futurum
3202 1447 3430 1507 tempus;
3457 1447 3505 1493 et
3524 1440 3564 1493 si
3589 1439 3689 1495 nihil
3708 1456 3767 1496 δι
3852 1472 3853 1523 ξ

2294 1548 2397 1607 set,
2439 1553 2546 1593 non
2593 1544 2737 1592 esset
2760 1548 2994 1606 praesens
3022 1542 3249 1602 tempus.
3299 1531 3410 1586 Duo
3455 1546 3566 1603 ergo
3583 1532 3651 1588 illa
3671 1540 3766 1589 tcm-
3852 1532 3853 1607 ξ

2296 1652 2446 1710 pora,
2485 1634 2809 1706 praeteritum
2862 1638 2919 1687 et
2972 1630 3201 1685 futurum
3223 1626 3476 1698 quomodo
3505 1635 3624 1690 sunt,
3647 1643 3764 1699 quan.

2295 1729 2364 1784 do
2383 1738 2436 1782 et
2452 1725 2772 1797 praeteritum
2788 1723 2899 1794 jam
2924 1736 3032 1777 non
3048 1728 3150 1785 est,
3173 1728 3228 1775 et
3250 1718 3466 1775 futurum
3486 1719 3676 1775 nondum
3688 1721 3766 1775 est?

2296 1818 2540 1874 Pra‘sens
2565 1827 2740 1872 autem
2755 1815 2799 1870 si
2826 1829 3038 1885 semper
3066 1822 3208 1867 esset
3244 1826 3481 1882 presens,
3509 1828 3592 1867 nec
3619 1812 3766 1883 inpra-

2298 1910 2511 1967 teritnm
2542 1910 2821 1973 transiret;
2842 1909 2953 1975 jam
2982 1920 3089 1962 non
3115 1916 3258 1961 esset
3281 1915 3491 1975 tempus,
3512 1904 3591 1961 sed
3607 1907 3759 1964 αξιοι-ιιι-
3852 1894 3853 1945 Ῐ

2298 2010 2398 2057 tas.
2441 2000 2498 2056 Si
2545 2015 2673 2072 ergo
2720 2014 2979 2071 prmeens,
3009 2006 3068 2053 ut
3096 2006 3302 2067 tempus
3324 1997 3409 2063 sit,
3434 1997 3539 2052 ideo
3561 1996 3609 2052 fit
3625 2000 3713 2069 quia
3731 1998 3765 2055 in
3852 2030 3853 2063 ι

2300 2092 2624 2165 praeteritum
2678 2090 3198 2162 transit;quomodo
3244 2098 3299 2146 et
3336 2089 3431 2145 hoc
3460 2105 3562 2145 esse
3590 2091 3763 2155 dicimus,

2300 2184 2385 2239 cui
2413 2199 2571 2239 causa
2598 2190 2657 2237 ut
2681 2182 2752 2238 sit
2776 2182 2864 2237 illa
2890 2190 2994 2248 est,
3020 2181 3147 2251 quia
3173 2195 3277 2235 non
3297 2180 3419 2245 erit;
3445 2190 3497 2234 ut
3517 2179 3676 2236 scilicet
3694 2196 3763 2236 non

2300 2292 2426 2333 vere
2439 2275 2680 2332 dicamus
2700 2284 2908 2345 tempus
2931 2288 3074 2337 esse,
3104 2272 3208 2327 nisi
3229 2272 3348 2343 quia
3371 2272 3519 2329 tendit
3539 2288 3623 2329 non
3637 2274 3758 2330 esset

2901 2384 3133 2443 CAPUT
3165 2385 3283 2441 XV.

2728 2480 2971 2536 Mensura
2996 2477 3238 2547 temporis
3263 2478 3315 2531 in
3339 2493 3446 2548 qua.

2342 2578 2465 2657 ,18.
2507 2576 2575 2632 Ει
2614 2584 2788 2631 tamen
2842 2574 3070 2629 dicimus
3115 2573 3330 2643 longum
3375 2568 3761 2639 temptu,ctbms

2307 2675 2547 2737 tempus;
2577 2681 2749 2736 neque
2777 2664 2878 2719 hoc
2900 2664 3000 2718 nisi
3029 2663 3101 2718 de
3126 2662 3391 2735 praeterito
3414 2672 3491 2716 aut
3516 2658 3646 2714 futuro
3661 2656 3759 2712 dici-

2306 2774 2444 2816 mus.
2475 2759 2811 2814 Praeteritum
2842 2766 3051 2828 tempus
3077 2756 3313 2827 longum,
3339 2752 3470 2810 verbi
3488 2750 3630 2823 gratia,
3648 2762 3764 2803 voca-

2306 2869 2426 2909 mus
2467 2862 2589 2908 ante
2638 2861 2851 2907 centum
2884 2865 3084 2915 annos;
3136 2848 3370 2905 futurum
3416 2845 3563 2902 itidem
3595 2843 3759 2913 longum.

2306 2953 2429 3016 post
2462 2955 2673 3000 centum
2721 2958 2919 2999 annos.
2953 2943 3127 2998 Breve
3167 2950 3341 2997 autem
3367 2936 3643 3011 praeteritum.
3671 2935 3761 2988 sicut

2306 3046 2451 3108 puta,
2504 3036 2730 3091 dicimus
2768 3044 2889 3090 ante
2938 3034 3126 3092 decem
3171 3034 3312 3099 dies;
3338 3040 3389 3089 et
3433 3028 3753 3091 brerefulnram,

2307 3137 2428 3199 post
2451 3128 2632 3183 decem
2662 3127 2798 3183 dies.
2820 3127 2926 3183 Sed
2949 3143 3055 3197 quo
3076 3135 3235 3198 pacto
3254 3126 3451 3196 longum
3468 3132 3532 3178 est
3551 3128 3612 3174 aut
3630 3120 3757 3183 breve,

2307 3219 2448 3289 quod
2474 3234 2577 3273 nou
2608 3219 2727 3273 est?
2755 3218 3088 3273 Praeteritum
3117 3218 3257 3273 enim
3280 3218 3381 3288 jam
3410 3231 3500 3271 non
3517 3222 3590 3277 est,
3611 3208 3761 3268 etfntu-

2307 3326 2424 3366 rum
2450 3310 2684 3366 nondum
2715 3320 2817 3366 est.
2845 3310 2960 3365 Non
2987 3311 3170 3383 itaque
3198 3310 3443 3374 dicamus,
3472 3306 3654 3375 Longum
3681 3309 3759 3359 est:

2307 3403 2402 3460 sed
2426 3403 2662 3460 dicamus
2686 3402 2755 3460 de
2789 3405 3077 3474 praeterito,
3107 3403 3341 3475 Longum
3374 3401 3478 3469 fuit,
3502 3408 3545 3456 et
3564 3397 3615 3453 de
3630 3396 3759 3457 futuro,

2310 3495 2550 3568 Longum
2600 3497 2719 3552 erit.
2751 3496 2972 3551 Domine
3017 3510 3193 3563 meus,
3225 3496 3311 3550 lux
3352 3507 3473 3557 mea,
3503 3484 3763 3545 nonneetllic

2308 3589 2504 3643 veritas
2546 3598 2634 3643 tua
2663 3587 2926 3643 deridebit
2978 3585 3289 3642 hominem?
3314 3583 3452 3654 Quod
3488 3581 3600 3638 enim
3622 3579 3761 3645 longum

2308 3678 2407 3735 fuit
2432 3680 2757 3750 praateritum
2787 3688 3017 3749 tempus,
3071 3693 3194 3734 cum
3217 3678 3323 3749 jam
3364 3682 3492 3731 esset
3534 3667 3760 3742 prateritum

2308 3769 2522 3841 longum
2544 3770 2663 3835 fuit,
2694 3786 2761 3825 an
2785 3785 2906 3826 cum
2932 3769 3109 3825 adhuc
3136 3782 3362 3840 prmscns
3377 3757 3759 3822 esseti'l‘nnccnim

2308 3871 2518 3935 poterat
2540 3877 2658 3919 esse
2680 3863 2915 3935 longum,
2944 3862 3160 3933 quando
3178 3871 3293 3918 erat
3314 3859 3443 3931 quod
3464 3866 3581 3914 esset
3598 3854 3759 3921 longum:

2309 3959 2639 4029 praeteritum
2664 3973 2793 4013 vero
2813 3958 2922 4025 jam
2941 3972 3045 4012 non
3061 3966 3173 4013 erat
3199 3974 3215 4023 ;
3246 3955 3377 4011 unde
3399 3968 3487 4009 nec
3506 3951 3669 4018 longum
3686 3956 3761 3998 esse

2309 4058 2537 4121 poterat,
2582 4048 2722 4120 quod
2747 4048 2966 4104 omnino
3014 4065 3123 4104 non
3167 4057 3297 4105 erat.
3322 4045 3428 4101 Non
3447 4058 3554 4114 ergo
3584 4038 3759 4093 dicamus

2311 4140 2552 4213 Longum
2600 4141 2694 4196 fuit
2726 4139 3049 4209 praeteritum
3091 4148 3327 4212 tempus;
3356 4150 3509 4207 neque
3541 4130 3647 4188 enim
3668 4126 3762 4181 inve-

2310 4235 2516 4291 niemus
2539 4234 2663 4306 quid
2686 4231 2843 4290 fuerit
2861 4232 3097 4305 longum,
3118 4231 3324 4304 quando
3345 4245 3404 4286 ex
3423 4243 3515 4299 quo
3533 4218 3760 4294 prateritum

2310 4337 2412 4394 est,
2444 4343 2548 4382 non
2570 4336 2651 4383 est
2681 4345 2697 4382 :
2727 4326 2821 4383 sed
2844 4326 3106 4395 dicamus,
3130 4325 3357 4394 Longum
3378 4322 3467 4378 fuit
3482 4316 3585 4375 illud
3604 4319 3761 4385 praeeris

2312 4430 2560 4491 ιθῐηρυες
2593 4420 2713 4492 quia
2734 4435 2853 4475 cum
2878 4434 3114 4490 praesens
3142 4427 3300 4485 esset,
3331 4417 3520 4486 longum
3541 4416 3641 4465 erat.
3664 4402 3759 4492 Non:

2310 4513 2433 4569 dum
2465 4487 2955 4583 enim—printerierat
2985 4521 3041 4567 ut
3070 4527 3173 4569 non
3203 4505 3355 4576 esset,
3382 4516 3430 4562 et
3451 4504 3550 4560 ideo
3570 4487 3759 4562 θηιίιυοά

2311 4608 2526 4678 longum
2556 4622 2675 4663 esse
2703 4616 2904 4678 posset.
2933 4606 3123 4663 Postea
3158 4619 3283 4661 vero
3318 4616 3461 4674 quam
3482 4589 3691 4669 prazteriit.
3710 4583 3758 4638 δί’

2311 4698 2419 4753 mul
2444 4704 2498 4753 et
2519 4697 2732 4767 longum
2755 4711 2875 4754 esse
2901 4696 3124 4764 destitit,
3147 4695 3285 4768 quod
3310 4707 3421 4750 esse
3433 4685 3613 4746 destitit.

2383 4788 2469 4845 19.
2504 4789 2793 4846 Videamus
2822 4805 2968 4861 ergo,
3001 4804 3035 4844 ο
3064 4788 3232 4845 anima
3260 4786 3488 4847 humana,
3513 4785 3647 4833 utrum
3669 4780 3755 4839 prie;
3782 4796 3783 4803 η

2310 4895 2433 4936 sens
2462 4888 2673 4951 tempus
2700 4880 2868 4951 possit
2887 4895 3005 4936 esse
3029 4879 3273 4952 longum;
3298 4877 3461 4933 datum
3487 4870 3600 4928 enim
3623 4861 3756 4952 tibi-cst

2310 4970 2509 5026 sentire
2533 4944 2720 5026 moras
2733 4979 2891 5042 atque
2918 4944 3280 5039 metiriiQuid
3311 4958 3606 5036 respondebis
3639 4944 3755 5042 mihi?

2310 5064 2389 5120 An
2420 5074 2632 5121 centum
2659 5064 2785 5121 anni
2804 5036 3101 5137 praesentes
3126 5036 3327 5135 longum
3353 5069 3533 5127 temPus
3554 5045 3646 5106 c5”

2308 5157 2456 5229 prius
2502 5167 2677 5212 utrum
2710 5124 2911 5228 possint
2959 5124 3243 5229 praasentcs
3264 5167 3374 5209 esse
3396 5124 3575 5205 centum
3597 5124 3750 5193 anniSi

2309 5250 2447 5305 enim
2474 5250 2679 5320 primus
2695 5264 2880 5305 eorum
2909 5266 3081 5306 annus
3121 5249 3305 5319 agitur,
3334 5245 3435 5314 ipsc
3470 5228 3747 5320 ρηεεοηεςείῧ

2310 5342 2592 5413 nonaginta
2619 5357 2747 5397 vero
2769 5352 2823 5398 et
2848 5357 3035 5398 novem
3066 5312 3221 5396 futuri
3249 5312 3378 5399 sunt.
3405 5340 3453 5388 θί
3470 5328 3567 5383 id“
3588 5312 3747 5413 Mdu“?

2311 5405 2478 5489 sunt':
2509 5434 2555 5489 si
2582 5442 2763 5490 autem
2789 5432 3055 5491 smundus
3077 5444 3240 5488 annus
3266 5427 3450 5499 agitur,
3468 5419 3559 5491 jam
3583 5421 3680 5467 unt!s
3696 5405 3748 5455 ⁸⁵⁸

2372 5579 2390 5611 ι
2409 5575 3184 5634 Lov.,tenditadnonesse.Abest
3198 5539 3749 5635 pawwtaM!_¥§§-"!.?’.€

2372 5597 2390 5611 ⁸
2413 5597 2544 5634 ων..
2558 5597 2707 5627 tenuu
2723 5597 2788 5626 ua
2804 5597 2897 5626 non
2910 5597 3027 5628 esse.
3041 5597 3184 5625 nm
3198 5597 3468 5635 pannum...-
3483 5597 3508 5609 -
3522 5597 3618 5608 -——~.
3639 5597 3649 5608 .

2307 5638 2426 5690 alias
2439 5643 2501 5689 ab
2518 5640 2780 5703 Augustino
2795 5650 2891 5689 non
2906 5638 3157 5688 adhibetur
3172 5640 3272 5698 post
3290 5612 3593 5703 vet-hum}?th
3603 5597 3744 5703 λέξἎῇ

2307 5663 2501 5690 uitabat)
2518 5663 2780 5703 ηυδιιδιωυ
2795 5663 2891 5689 uuu
2906 5663 3147 5688 ωυωυιυι
3172 5663 3272 5698 μω.
3293 5663 3552 5681 numnum“
3608 5663 3614 5668 .

2306 5704 2515 5818 gsglgtls
2543 5710 2735 5771 operis,
2768 5720 2874 5770 cap.
2913 5706 2971 5757 to
3004 5718 3017 5754 :
3045 5710 3191 5764 iugo
3218 5710 3318 5748 cum
3346 5690 3531 5741 α’ἱιωιιπ
3551 5663 3746 5726 “iw
