3880 6400
232 372 300 434 II'I
545 415 559 422 -
808 397 824 410 ά
1334 398 1342 408 ο
1496 373 1698 432 LIBER
1729 375 2130 435 UNDECIMUS.

228 489 505 565 nutritus,
527 491 671 548 alter
700 508 958 564 przesens,
989 494 1166 550 exteri
1195 492 1372 548 futuri.
1402 492 1576 563 Atque
1617 491 1685 546 ita
1725 491 1771 547 si

230 583 484 642 mediorum
509 585 817 655 quemlibet
839 586 1124 641 centenarii
1156 585 1312 655 hujus
1332 585 1538 640 numeri
1575 599 1771 639 annum

232 686 506 749 umentem
539 679 920 748 posuerimus;
946 688 1070 735 ante
1109 679 1258 735 illum
1304 679 1557 750 praeteriti
1594 687 1769 744 erunt,

230 782 328 847 post
373 771 511 827 illum
541 771 708 826 futuri
738 790 752 826 :
784 771 1031 841 quocirca
1077 781 1288 828 centum
1330 773 1452 828 anni
1481 780 1773 842 praesentes

231 881 328 923 esse
351 879 447 921 non
467 872 741 935 poterunt.
757 862 893 920 Vide
910 863 1097 920 saltem
1118 873 1292 919 utrum
1309 863 1401 934 qui
1419 864 1590 933 agitur
1612 877 1770 931 unus,

227 960 324 1030 ipse
343 957 403 1012 sit
427 969 682 1026 praesens.
701 954 772 1010 Et
793 955 911 1026 ejus
947 955 1087 1011 enim
1108 955 1152 1011 si
1184 955 1384 1025 primus
1419 956 1594 1027 agitur
1619 969 1773 1010 men-

229 1055 309 1116 sis,
353 1051 497 1107 futuri
525 1059 655 1105 sunt
693 1049 874 1106 caeteri
899 1064 915 1115 ;
941 1049 987 1105 si
1013 1049 1297 1114 secundus,
1338 1049 1450 1120 jam
1474 1059 1528 1104 et
1573 1048 1772 1120 primus

224 1142 468 1220 praeteriit,
483 1153 538 1200 et
556 1142 750 1214 reliqui
771 1141 1002 1198 nondum
1025 1150 1167 1198 sunt.
1199 1142 1339 1212 Ergo
1365 1155 1466 1198 nec
1492 1155 1664 1198 annus
1684 1139 1773 1208 qui

223 1238 392 1310 agitur,
419 1243 554 1290 totus
572 1243 658 1291 est
677 1249 948 1305 praesens;
973 1245 1028 1292 et
1047 1235 1091 1291 si
1119 1251 1224 1290 non
1251 1245 1392 1290 totus
1415 1242 1499 1291 est
1513 1248 1770 1306 przesens,

224 1344 321 1384 non
338 1336 407 1384 est
422 1341 588 1382 annus
616 1341 872 1397 prasens.
897 1325 1184 1382 Duodecim
1200 1327 1342 1383 enim
1364 1341 1579 1382 menses
1603 1339 1773 1381 annus

224 1431 317 1486 est,
354 1435 560 1491 quorum
590 1420 815 1492 quilibet
843 1433 980 1475 unus
1025 1419 1224 1475 mensis
1274 1419 1364 1491 qui
1418 1419 1611 1490 agitur,
1661 1418 1775 1489 ipse

221 1525 434 1585 presens
451 1519 530 1568 est
551 1511 767 1576 ;c:eteri
792 1519 990 1577 autem,
1015 1509 1265 1580 praeteriti
1283 1519 1372 1564 aut
1399 1508 1577 1564 futuri.
1597 1509 1775 1578 Quan-

224 1619 366 1674 quam
388 1617 547 1674 neque
575 1602 775 1658 mensis
803 1601 894 1672 qui
917 1602 1108 1672 agitur,
1132 1616 1367 1672 presens
1390 1610 1490 1667 est,
1522 1600 1616 1656 sed
1637 1614 1774 1655 unus

223 1694 420 1750 dieszsi
447 1693 668 1766 primus,
708 1693 898 1748 futuris
921 1693 1158 1756 caeteris;
1181 1693 1226 1748 si
1253 1693 1592 1758 novissimus,
1632 1707 1770 1762 prae-

225 1785 381 1841 teritis
396 1784 624 1850 ceteris;
655 1784 701 1840 si
731 1783 1026 1840 mediorum
1045 1783 1288 1856 quilibet,
1313 1783 1452 1842 inter
1476 1785 1773 1856 praeteritos

225 1889 274 1936 et
295 1878 494 1934 futuros.
861 1911 869 1924 -

289 1968 372 2024 20.
398 1967 523 2024 Ecce
551 1983 792 2040 praesens
841 1979 1048 2041 tempus
1076 1968 1218 2040 quod
1264 1967 1435 2025 solum
1465 1967 1774 2024 invenieba-

230 2077 344 2118 mus
365 2062 557 2132 largum
581 2061 975 2132 appellandum,
998 2061 1086 2116 vix
1108 2060 1174 2116 ad
1195 2060 1350 2116 unius
1391 2059 1498 2115 diei
1546 2060 1773 2130 spatium

236 2162 529 2210 contractum
558 2163 663 2209 est.
709 2152 815 2210 Sed
843 2153 1192 2209 discutiamus
1231 2150 1388 2208 etiam
1425 2151 1621 2222 ipsum,
1651 2151 1774 2221 quia

239 2259 342 2301 nec
362 2259 475 2299 unus
506 2244 624 2300 dies
666 2252 808 2298 totus
835 2251 919 2298 est
947 2257 1198 2312 praesens.
1243 2240 1528 2297 Nocturnis
1553 2241 1694 2295 enim
1719 2249 1776 2296 et

235 2335 420 2390 diurnis
442 2335 574 2390 boris
600 2334 851 2390 omnibus
881 2334 1060 2404 viginti
1097 2341 1323 2403 quatuor
1348 2332 1610 2402 expletur,
1641 2346 1775 2402 qua-

238 2440 347 2480 rum
369 2425 512 2494 prima
539 2433 763 2480 caeteras
791 2422 994 2478 futuras
1020 2422 1198 2487 habet,
1232 2422 1518 2476 novissima
1549 2431 1770 2492 praeter-

238 2516 540 2584 itas;aliqua
565 2530 695 2572 vero
739 2515 1137 2584 interjectarum
1187 2522 1311 2568 ante
1353 2526 1412 2566 se
1456 2512 1771 2582 praeteritas,

243 2617 346 2679 post
366 2623 416 2664 se
437 2607 657 2663 futuras.
693 2607 762 2662 Et
801 2607 915 2678 ipsa
943 2622 1046 2662 una
1091 2605 1218 2662 hora
1248 2605 1475 2677 fugitivis
1508 2605 1776 2676 particulis

244 2703 388 2772 agitur
412 2720 427 2758 :
449 2701 697 2773 quidquid
727 2700 843 2770 ejus
866 2699 1113 2764 avolavit,
1131 2699 1456 2770 praateritum
1476 2705 1590 2764 est;
1618 2696 1776 2768 quid-

249 2791 353 2863 quid
377 2796 478 2864 ejus
495 2802 679 2860 restat,
712 2791 971 2847 futurum.
999 2789 1055 2848 Si
1079 2790 1204 2862 quid
1231 2790 1540 2860 intelligitur
1569 2798 1776 2859 tempo-

244 2885 324 2951 ris,
346 2885 468 2956 quod
492 2887 542 2942 in
566 2887 738 2942 nullas
752 2885 863 2957 jam
889 2885 974 2940 vel
1001 2885 1054 2940 in
1071 2882 1452 2939 minutissimas
1477 2890 1776 2938 momento-

247 2991 342 3033 rum
363 2987 524 3051 partes
550 2977 711 3034 dividi
749 2977 934 3048 possit,
961 2976 1014 3031 id
1037 2976 1210 3032 solum
1249 2983 1334 3030 est
1371 2973 1511 3045 quod
1544 2988 1779 3044 praesens

249 3067 431 3126 dicatur.
447 3069 594 3138 Quod
619 3079 793 3125 tamen
821 3069 891 3124 ita
907 3067 1099 3138 raptim
1124 3081 1152 3120 a
1181 3065 1356 3122 futuro
1375 3065 1427 3120 in
1455 3065 1777 3134 praeteritum

254 3163 511 3226 transvolat,
536 3172 592 3218 ut
620 3162 763 3218 nulla
784 3162 988 3217 morula
1019 3159 1354 3216 extendatur.
1378 3157 1509 3214 Nam
1527 3158 1572 3213 si
1587 3168 1779 3214 exten-

259 3250 627 3320 ditur,dividitnr
679 3252 732 3306 in
773 3251 1101 3322 praeteritum
1129 3259 1185 3306 et
1231 3248 1465 3303 futurum
1501 3267 1516 3303 :
1549 3263 1780 3320 prmsens

258 3353 398 3400 autem
428 3346 616 3400 nullum
657 3343 819 3398 habet
867 3343 1118 3412 spatium.
1160 3338 1265 3396 Ubi
1289 3349 1372 3396 est
1415 3353 1546 3410 ergo
1571 3349 1780 3409 tempus

258 3435 372 3506 quod
411 3437 601 3509 longum
640 3433 930 3491 dicamus?
973 3431 1058 3488 An
1113 3430 1388 3487 futurum?
1424 3430 1540 3486 Non
1567 3430 1779 3501 quidem

265 3527 467 3593 dicimus,
486 3530 714 3601 Longum
739 3537 844 3593 est,
865 3526 989 3598 quia
1016 3525 1249 3580 nondnm
1274 3534 1358 3580 est
1402 3523 1543 3596 quod
1567 3525 1780 3594 Iungunt

271 3618 354 3680 sit;
393 3617 472 3675 sed
492 3621 723 3687 dicimus,
752 3620 990 3690 Longum
1031 3619 1152 3675 erit.
1203 3617 1425 3685 Quando
1451 3618 1608 3688 igitur
1632 3616 1782 3672 erit?

266 3707 315 3764 si
335 3711 449 3765 enim
462 3720 506 3767 et
529 3722 649 3768 tunc
673 3727 797 3767 eum
814 3711 987 3766 adhuc
1010 3710 1240 3766 futurum
1261 3709 1382 3774 erit,
1401 3723 1505 3764 non
1526 3709 1630 3764 erit
1657 3708 1778 3763 lon-

258 3815 380 3870 gum;
403 3804 506 3874 quia
531 3804 670 3875 quod
701 3803 773 3858 sit
822 3801 1060 3874 longum,
1097 3801 1331 3858 nondum
1357 3801 1460 3856 erit
1485 3818 1499 3854 :
1531 3801 1576 3856 si
1605 3808 1779 3855 autem

261 3904 359 3950 tunc
388 3897 476 3952 erit
499 3898 709 3968 longum
737 3911 858 3952 cum
903 3911 970 3952 ex
997 3894 1195 3959 futuro,
1231 3893 1373 3965 quod
1402 3893 1636 3949 nondum
1666 3901 1777 3959 est,

259 3998 350 4042 esse
375 3988 472 4058 jam
495 3990 736 4062 emperit,
780 3997 836 4044 et
873 4003 1111 4059 prmsens
1135 3987 1328 4043 factum
1358 3987 1480 4053 erit,
1511 3996 1569 4041 ut
1609 3987 1784 4056 possit

257 4082 488 4152 essequod
515 4083 728 4153 longum
760 4081 868 4147 sit;
897 4080 1006 4150 jam
1041 4077 1404 4150 superioribus
1428 4076 1647 4132 vocibus
1673 4075 1783 4131 ela-

255 4177 338 4225 mat
363 4186 580 4243 praesens
609 4183 821 4242 tempus
838 4211 854 4236 ,
884 4171 1095 4241 longum
1124 4184 1184 4226 se
1212 4183 1332 4226 esse
1356 4183 1462 4224 non
1490 4181 1666 4237 posse.

789 4282 1017 4340 CAPUT
1055 4281 1194 4336 XVI.

428 4358 585 4424 Quale
611 4367 808 4429 tempus
836 4355 999 4409 metiri
1021 4353 1188 4417 liceat,
1206 4360 1253 4406 et
1275 4351 1424 4422 quale
1444 4366 1562 4404 non.

304 4447 377 4504 2|.
424 4449 488 4505 Et
524 4459 724 4514 tamen,
763 4447 1007 4513 Domine,
1053 4445 1314 4502 sentimus
1340 4442 1613 4498 intervalla
1645 4451 1779 4496 tem-

256 4554 433 4611 porum,
453 4552 506 4600 et
528 4555 900 4613 comparamus
925 4539 1152 4604 sibimet,
1197 4546 1251 4592 et
1289 4536 1516 4592 dicimus
1541 4535 1641 4589 alia
1664 4533 1782 4589 lon-

257 4632 394 4703 pora,
436 4645 486 4690 et
524 4635 624 4690 alia
668 4632 934 4688 breviora.
987 4630 1231 4686 Metimur
1278 4629 1438 4684 etiam
1476 4634 1674 4696 quanto
1715 4625 1783 4679 sit

258 4720 424 4781 brevius
439 4737 525 4782 aut
542 4727 749 4797 longius
768 4724 895 4781 illud
913 4733 1117 4794 tempus
1135 4737 1293 4792 quam
1315 4720 1441 4776 illud
1460 4738 1474 4786 ;
1497 4729 1551 4775 et
1570 4733 1785 4788 respon-

260 4813 408 4875 demus
437 4819 649 4891 duplum
678 4834 801 4875 esse
819 4818 920 4874 hoc
945 4818 1026 4874 vel
1057 4817 1291 4886 Iriplum,
1323 4814 1446 4870 illud
1463 4826 1638 4869 autem
1657 4815 1784 4869 sim-

261 4907 394 4979 plum,
415 4922 498 4968 aut
521 4923 726 4969 tantum
754 4911 861 4968 hoc
885 4926 1002 4968 esse
1024 4918 1278 4982 quantum
1317 4908 1462 4964 illud.
1496 4908 1601 4963 Sed
1640 4922 1780 4978 prae-

263 5004 472 5060 tereunti:
506 5008 756 5062 metimur
779 5013 1015 5075 tempora
1043 5019 1164 5059 eum
1191 5001 1465 5058 sentiendo
1492 5001 1738 5058 metimur
1764 5017 1779 5066 ;

265 5097 482 5162 proterit:
497 5114 622 5154 vero
639 5113 760 5169 qua:
783 5098 894 5168 jam
912 5111 1016 5152 non
1041 5105 1186 5160 sunt,
1209 5106 1299 5150 aut
1319 5095 1488 5150 futura
1509 5109 1628 5166 qua:
1653 5110 1785 5150 non-

265 5182 360 5243 da)
379 5201 504 5258 sunt,
541 5193 660 5264 quis
688 5191 862 5247 metiri
889 5199 1098 5261 potest,
1126 5189 1226 5245 nisi
1271 5188 1404 5244 forte
1433 5187 1645 5243 audebit
1666 5188 1785 5258 quis

266 5275 404 5339 dicere
423 5285 588 5341 metiri
609 5299 770 5356 posse
796 5283 936 5355 quod
967 5299 1072 5339 non
1096 5284 1209 5339 est?
1237 5281 1370 5337 Cum
1395 5297 1523 5352 ergo
1554 5281 1787 5351 praeterit

245 5370 451 5465 βψω,
479 5377 658 5432 sentiri
686 5385 742 5431 et
778 5375 954 5431 metiri
984 5381 1197 5445 potest;
1227 5389 1347 5429 eum
1368 5381 1544 5428 autem
1568 5381 1785 5442 przeter-

263 5451 616 5538 IElit.quoniam
631 5484 740 5525 non
763 5476 866 5534 est,
892 5482 998 5522 non
1030 5475 1222 5538 potest.

795 5577 1022 5635 CAPUT
1057 5577 1219 5633 XVII.

512 5648 606 5706 Ubi
627 5658 822 5722 tempta
842 5649 1147 5722 prtem-itum
1175 5658 1220 5703 ει
1239 5654 1486 5721 futurum.

318 5731 598 5809 ἤρατο,
611 5741 788 5807 Pater,
815 5755 923 5795 non
939 5738 1144 5793 affirmo
1168 5758 1182 5794 :
1205 5741 1343 5796 Deus
1363 5753 1534 5805 meus,
1562 5738 1783 5809 praeside

258 5821 368 5882 IIIth
386 5835 436 5885 et
457 5845 575 5910 rege
596 5847 700 5890 me.
723 5830 983 5901 Quisnam
1010 5837 1094 5885 est
1120 5830 1207 5903 qui
1227 5831 1367 5888 dicat
1386 5830 1514 5893 mihi
1540 5843 1646 5887 non
1665 5843 1784 5893 esse

3355 387 3467 447 818

1881 493 1981 547 tria
2009 501 2245 563 tempora
2266 536 2282 560 ,
2331 497 2465 552 sicut
2487 497 2638 568 pueri
2683 498 2966 556 didicimus
2998 543 3013 568 ,
3038 515 3338 575 puerosque
3359 503 3459 562 do-

1879 585 2102 650 cuimus,
2121 587 2466 656 prateritum,
2493 603 2732 659 przesens
2757 599 2814 646 et
2842 589 3108 657 futurum;
3134 592 3230 648 sed
3257 603 3464 652 tantum

1879 690 2140 747 praesens,
2163 680 2410 748 quoniam
2438 680 2527 734 illa
2557 681 2664 736 duo
2684 697 2788 737 non
2816 685 2974 739 sunt?
2997 686 3076 740 An
3104 695 3158 742 et
3186 687 3296 757 ipsa
3319 698 3462 756 sunt,

1879 768 1975 823 sed
2019 784 2084 824 ex
2119 771 2296 840 aliquo
2341 772 2581 842 procedit
2606 775 2854 842 occulto,
2902 790 3023 832 cum
3071 793 3136 833 ex
3183 777 3360 834 futuro
3406 782 3466 837 fit

1881 874 2146 930 praesens;
2197 871 2248 918 et
2292 863 2344 917 in
2389 864 2602 934 aliquod
2653 866 2854 920 recedit
2891 868 3188 935 occultum,
3232 887 3353 926 eum
3397 887 3468 931 ex

1880 957 2129 1022 praesenti
2153 952 2210 1006 lit
2237 954 2600 1022 praeteritum?
2625 954 2758 1010 Nam
2785 956 2874 1010 ubi
2903 973 2965 1013 ea
2994 959 3241 1015 viderunt
3266 963 3353 1032 qui
3375 962 3466 1018 fu-

1879 1050 1998 1098 tura
2027 1045 2356 1111 cecinerunt,
2381 1045 2428 1100 si
2456 1047 2688 1102 nondum
2716 1049 2872 1104 sunt?
2914 1049 3097 1122 Neque
3125 1053 3265 1108 enim
3293 1064 3468 1126 potest

1879 1133 2048 1190 videri
2079 1135 2130 1190 id
2156 1135 2296 1206 quod
2324 1151 2429 1192 non
2459 1147 2559 1193 est.
2592 1138 2660 1193 Et
2685 1141 2776 1211 qui
2801 1152 3021 1197 narrant
3047 1146 3332 1214 praeterita,
3358 1163 3466 1203 non

1880 1227 2064 1296 utique
2094 1242 2215 1282 vera
2245 1239 2556 1296 narrarent,
2584 1229 2632 1285 si
2670 1231 2852 1287 animo
2886 1233 2972 1287 illa
2999 1249 3105 1289 non
3131 1246 3413 1292 cernerent
3441 1255 3459 1296 :

1880 1333 1999 1388 qua:
2023 1319 2068 1372 si
2094 1319 2234 1373 nulla
2261 1329 2461 1387 essent,
2492 1323 2640 1377 cerni
2682 1322 2902 1380 omnino
2930 1339 3036 1380 non
3066 1337 3301 1397 possent.
3332 1328 3470 1387 Sunt

1881 1423 2010 1481 ergo
2037 1419 2092 1466 et
2117 1409 2295 1468 futura
2325 1420 2379 1468 et
2407 1414 2697 1484 przeterita.

2450 1530 2674 1588 CAPUT
2714 1531 2901 1588 XVIII.

1919 1598 2182 1665 Quomodo
2213 1601 2464 1670 pralerita
2491 1610 2537 1656 et
2565 1603 2739 1672 futura
2768 1613 2997 1673 tempora
3020 1604 3122 1658 sint
3150 1607 3434 1676 prmeutt'a.

1887 1737 1889 1744 .
1950 1691 2037 1748 23.
2069 1692 2196 1749 Sine
2219 1709 2325 1759 me,
2354 1695 2596 1762 Domine,
2628 1697 2854 1767 amplius
2874 1713 3152 1768 quaerere;
3181 1715 3304 1770 spes
3323 1716 3465 1768 mea,

1879 1799 1987 1841 non
2016 1787 2363 1844 eonturbetur
2391 1787 2614 1842 intentio
2641 1803 2779 1842 mea.
2815 1789 2873 1844 Si
2897 1791 3040 1844 enim
3064 1801 3186 1846 sunt
3216 1791 3390 1848 futura
3414 1803 3472 1850 et

1880 1877 2169 1947 praeterita,
2204 1878 2324 1931 volo
2347 1879 2484 1933 seire
2513 1878 2603 1933 ubi
2625 1879 2751 1933 sint.
2779 1877 2931 1947 Quod
2958 1881 3004 1936 si
3039 1881 3272 1937 nondum
3297 1884 3468 1949 valeo,

1878 1968 1992 2023 scio
2023 1979 2198 2024 tamen
2240 1970 2556 2040 ubicumque
2585 1977 2729 2036 sunt,
2774 1986 2880 2025 non
2911 1972 2980 2026 ibi
3008 1987 3072 2027 ea
3116 1973 3288 2028 futura
3327 1989 3467 2041 esse,

1878 2069 1970 2115 aut
1998 2061 2300 2130 przelerita,
2328 2061 2421 2116 sed
2463 2063 2765 2131 przesentia.
2807 2061 2938 2118 Nam
2985 2063 3031 2117 si
3079 2072 3132 2118 et
3178 2065 3246 2118 ibi
3293 2065 3471 2123 futura

1880 2159 2023 2213 sunt.
2057 2151 2293 2206 nondum
2323 2151 2393 2206 ibi
2419 2160 2571 2218 sunt;
2602 2151 2644 2206 si
2671 2160 2724 2206 et
2759 2152 2830 2206 ibi
2876 2153 3140 2222 praeterita
3169 2163 3328 2222 sunt,
3351 2155 3464 2226 jam

1881 2257 1986 2298 non
2012 2242 2086 2298 ibi
2107 2251 2252 2298 sunt.
2281 2240 2612 2312 Ubicumque
2634 2257 2762 2313 ergo
2790 2253 2913 2297 sunt
2939 2258 3286 2314 quaecumque
3315 2255 3464 2313 sunt,

1880 2349 1988 2390 non
2033 2342 2159 2389 sunt
2192 2333 2292 2388 nisi
2334 2334 2632 2405 praesentia.
2677 2334 2988 2405 Quanquam
3029 2334 3297 2404 praeterita
3341 2350 3466 2391 cum

1880 2440 2006 2479 vera
2027 2434 2328 2492 narrantur,
2350 2439 2416 2478 ex
2441 2425 2697 2480 memoria
2726 2426 3064 2494 proferuntur
3087 2440 3192 2479 non
3220 2441 3308 2482 res
3334 2427 3466 2496 ipsa:

1881 2529 2001 2587 qua:
2027 2515 2427 2585 praeterierunt,
2454 2515 2548 2570 sed
2575 2515 2735 2570 verba
2765 2525 3021 2585 concepta
3051 2531 3118 2571 ex
3148 2516 3466 2588 imaginibus

1883 2621 2085 2673 earum,
2116 2622 2234 2678 qua:
2264 2605 2316 2660 in
2346 2606 2524 2660 animo
2550 2607 2692 2662 velut
2734 2607 2952 2677 vestigia
2985 2623 3078 2677 per
3120 2623 3308 2664 sensus
3334 2625 3473 2680 prte-

1883 2697 2140 2752 tereundo
2172 2695 2422 2751 ﬁxerunt.
2455 2697 2685 2752 Pueritia
2715 2698 2912 2768 quippe
2938 2713 3055 2752 mea
3085 2714 3204 2769 qua:
3226 2699 3335 2767 jam
3362 2716 3466 2756 non

1883 2798 1986 2854 est,
2021 2790 2074 2843 in
2104 2796 2345 2859 tempore
2376 2789 2646 2860 praeterito
2672 2800 2754 2845 est
2783 2791 2924 2861 quod
2941 2790 3050 2859 jam
3079 2807 3185 2846 non
3215 2802 3315 2858 est;
3340 2793 3471 2848 ima-

1883 2883 2059 2954 ginem
2088 2897 2216 2938 vero
2234 2883 2350 2953 ejus
2370 2898 2492 2937 eum
2513 2897 2631 2938 eam
2655 2884 2834 2938 recolo
2854 2893 2908 2938 et
2933 2899 3112 2950 narro,
3142 2884 3192 2938 in
3219 2886 3471 2954 prmsmtl

1885 2983 2126 3044 tempore
2169 2974 2397 3038 intueor,
2442 2973 2565 3044 quia
2595 2983 2676 3029 est
2717 2973 2890 3030 adhuc
2934 2975 2988 3028 in
3027 2976 3281 3029 memoria
3326 2991 3468 3032 mea.

1884 3067 2072 3124 Utrum
2101 3067 2290 3122 similis
2318 3068 2383 3122 sit
2428 3082 2593 3122 causa
2637 3069 2794 3121 etiam
2825 3067 3280 3137 praedicendorum
3323 3068 3469 3126 futuo

1884 3175 2065 3215 rerum
2087 3202 2102 3225 ,
2129 3169 2186 3213 ut
2213 3175 2390 3214 rerum
2432 3175 2552 3229 quae
2578 3159 2811 3214 nondum
2856 3169 2997 3218 sunt.
3038 3159 3148 3230 jam
3178 3161 3469 3217 existentes

1885 3252 2292 3324 praesentiantur
2346 3252 2605 3323 imagines
2662 3252 2702 3316 ‘;
2759 3251 3049 3315 conﬁteor,
3103 3251 3244 3306 Deus
3288 3265 3462 3318 meus,

1885 3344 2087 3399 nescio.
2119 3342 2251 3399 Illud
2288 3357 2416 3400 sane
2448 3345 2590 3409 scio,
2620 3357 2720 3399 nos
2759 3343 3069 3413 plerumque
3112 3343 3474 3412 prmmeditari

1885 3433 2087 3490 futuras
2129 3435 2367 3492 actiones
2411 3445 2639 3499 nostras,
2691 3449 2915 3505 eamque
2966 3433 3473 3505 prmmeditationem

1885 3541 2006 3582 esse
2033 3537 2372 3596 przesentem,
2409 3526 2674 3581 actionem
2716 3535 2893 3579 autem
2937 3539 3094 3595 quam
3137 3525 3474 3596 prmmedita-

1885 3635 2008 3674 mur
2033 3619 2265 3674 nondum
2290 3633 2440 3683 esse,
2472 3619 2593 3689 quia
2636 3617 2812 3671 futura
2853 3625 2964 3681 est;
3011 3631 3171 3686 quam
3216 3633 3336 3672 cum
3379 3631 3471 3688 ag-

1885 3710 2052 3780 gressi
2081 3708 2355 3774 fuerimus,
2387 3717 2442 3764 et
2467 3708 2609 3778 quod
2649 3707 3150 3778 praemeditabamur
3172 3722 3332 3778 agere
3356 3721 3471 3766 ca-

1887 3801 2158 3871 perimus,
2185 3810 2307 3856 tunc
2333 3800 2436 3856 erit
2483 3799 2569 3853 illa
2601 3801 2758 3864 actio,
2804 3799 2927 3869 quia
2968 3807 3096 3852 tunc
3122 3814 3228 3853 non
3271 3799 3468 3868 futura,

1886 3890 1980 3945 sed
2005 3906 2240 3961 praesens
2267 3900 2348 3946 est
2376 3891 2419 3942 ³.

1956 3980 2046 4036 24.
2078 3981 2302 4052 Quoquo
2322 3980 2482 4035 modo
2510 3994 2569 4034 se
2599 3979 2776 4048 itaque
2796 3979 2990 4034 habeat
3017 3993 3210 4034 arcana
3236 3983 3471 4048 praesen—

1887 4073 1968 4127 sio
2000 4071 2319 4138 futurorum,
2350 4070 2514 4126 videri
2545 4070 2646 4125 nisi
2673 4070 2817 4139 quod
2852 4082 2937 4125 est
2961 4086 3064 4125 non
3098 4079 3288 4140 potest.
3319 4069 3471 4136 Quod

1886 4173 2064 4218 autem
2081 4163 2190 4233 jam
2233 4169 2338 4227 est,
2367 4176 2470 4215 non
2512 4161 2745 4215 futurum
2785 4159 2879 4214 sed
2926 4174 3162 4229 praesens
3204 4167 3305 4214 est.
3336 4155 3471 4214 Cum

1887 4269 2018 4325 ergo
2044 4253 2211 4309 videri
2257 4253 2504 4308 dicuntur
2551 4251 2747 4318 futura,
2795 4265 2899 4304 non
2945 4251 3056 4320 ipsa
3093 4266 3210 4321 qua:
3236 4251 3470 4306 nondum

1885 4357 2031 4414 sunt,
2060 4346 2110 4401 id
2141 4354 2223 4400 est
2249 4361 2367 4416 qua:
2395 4344 2568 4398 futura
2613 4353 2770 4409 sunt,
2803 4342 2896 4398 sed
2925 4357 3109 4396 eorum
3143 4357 3350 4406 causre,
3382 4341 3469 4396 vel

1887 4439 2036 4508 signa
2069 4438 2288 4493 forsitan
2323 4435 2591 4501 videntur,
2622 4450 2740 4504 qua:
2773 4437 2882 4504 jam
2921 4443 3074 4499 sunt;
3111 4433 3229 4488 ideo
3259 4449 3363 4488 nou
3393 4433 3472 4489 fu-

1888 4539 2028 4597 tura,
2059 4529 2153 4584 sed
2195 4527 2472 4598 prmsentia
2499 4535 2621 4581 sunt
2659 4526 2769 4596 jam
2796 4525 3127 4589 videntibus,
3173 4539 3237 4579 ex
3277 4525 3470 4595 quibus

1889 4619 2061 4675 futura
2089 4619 2445 4689 praedicantur
2474 4619 2653 4670 animo
2672 4625 2948 4685 concepta.
2977 4613 3107 4681 Quae
3137 4629 3322 4670 rursus
3347 4630 3475 4671 con-

1885 4711 2160 4781 captiones
2180 4711 2286 4779 jam
2317 4718 2471 4771 sunt,
2503 4717 2556 4762 et
2580 4723 2670 4762 eas
2699 4715 2992 4777 pra-sentes
3016 4706 3154 4776 apud
3183 4721 3242 4762 se
3263 4707 3472 4763 intuen-

1889 4813 1975 4858 tur
1997 4803 2087 4874 qui
2117 4803 2208 4857 illa
2237 4800 2549 4871 prredieunt.
2584 4799 2855 4868 Loquatur
2887 4798 3017 4852 mihi
3046 4798 3257 4868 aliquod
3282 4813 3438 4854 exem

1887 4897 2032 4967 plum
2081 4904 2226 4948 tanta
2274 4908 2454 4949 rerum
2503 4891 2877 4946 numerositas.
2932 4891 3146 4946 lntueor
3199 4907 3470 4960 auroram,

1889 4987 2145 5042 oriturum
2188 4985 2354 5040 solem
2399 4983 2697 5053 praenuntio
2725 5000 2739 5034 :
2771 4982 2911 5052 quod
2954 4983 3178 5046 intueor,
3233 4998 3472 5052 praesens

1889 5088 2002 5145 est;
2029 5077 2173 5150 quod
2203 5077 2530 5147 pnenuntio,
2574 5075 2843 5130 futurum:
2893 5091 2999 5129 non
3028 5076 3106 5129 sol
3151 5075 3358 5132 futurus
3382 5075 3474 5146 qui

1885 5171 1996 5242 jam
2025 5179 2126 5238 est,
2152 5169 2245 5225 sed
2266 5178 2414 5224 ortus
2433 5169 2548 5238 ejus
2573 5167 2660 5238 qui
2697 5166 2930 5222 nondum
2952 5174 3037 5222 est
3063 5185 3075 5220 :
3110 5175 3285 5222 tamen
3313 5168 3473 5222 etiam

1891 5272 2064 5318 ortum
2097 5263 2267 5332 ipsum
2296 5261 2395 5315 nisi
2434 5262 2611 5314 animo
2639 5260 2976 5330 imaginarer,
2999 5261 3136 5314 sicut
3163 5258 3320 5312 modo
3346 5272 3470 5312 eum

1893 5353 1945 5409 id
1973 5355 2179 5424 loquor,
2205 5367 2311 5408 non
2349 5366 2472 5407 eum
2511 5367 2722 5422 possem
2760 5351 3065 5421 praedicere.
3099 5348 3202 5404 Sed
3244 5361 3341 5401 nec
3382 5347 3469 5400 illa
3523 5367 3527 5417 ξ

1892 5459 2082 5499 aurora
2109 5459 2265 5515 quam
2289 5443 2340 5496 in
2369 5442 2507 5497 coelo
2534 5441 2720 5508 video,
2751 5441 2876 5495 solis
2902 5451 3050 5495 ortus
3088 5446 3196 5501 est,
3230 5435 3472 5503 quamvis
3521 5472 3529 5500 ε

1892 5553 2012 5595 eum
2039 5536 2336 5608 praecedat;
2379 5550 2476 5591 nec
2519 5534 2608 5589 illa
2645 5534 2948 5604 imaginatio
2994 5531 3047 5583 in
3091 5527 3266 5580 animo
3294 5537 3466 5577 meo:

1955 5657 1974 5688 ¹
2001 5656 2117 5720 add,
2132 5654 2384 5720 plerique,
2401 5659 2744 5720 prwseutentur
2759 5647 3018 5720 imagines;
3035 5638 3372 5720 {molarios}
3383 5645 3471 5720 ζει

1891 5710 2147 5784 presenti;
2162 5710 2447 5784 futurorum.
2476 5716 2725 5784 “uidimus
2757 5710 3014 5760 lectionem
3045 5713 3148 5752 mss.
3179 5710 3362 5762 quibus
3387 5712 3473 5765 po.

1890 5773 2099 5831 steriore
2119 5773 2222 5829 loco
2237 5778 2525 5840 suffragatur
2549 5773 2790 5840 ardaldus.

1959 5840 1983 5876 ¹
2001 5840 2124 5901 Erit,
2139 5841 2278 5904 juxta
2292 5847 2364 5890 Er.
2383 5835 2498 5889 ien.
2517 5835 2663 5900 Lugd.
2739 5840 2794 5882 ω.
