3880 6386
187 369 258 430 αι
1422 361 1625 419 mean
1661 359 2074 423 unusunus.

181 488 392 548 metimur
414 497 692 560 corporum
723 493 926 554 motus,
965 491 1021 541 et
1058 483 1282 539 dicimus
1307 479 1455 537 illum
1480 489 1703 542 motum,

175 579 296 640 verbi
323 579 478 656 gratia
499 620 514 644 ,
542 589 780 651 tempore
805 576 962 646 duplo
987 589 1107 632 esse
1142 570 1524 629 diuturniorem
1549 586 1708 641 quam

176 681 324 741 istum.
349 671 469 727 Nam
495 682 698 744 quaero,
727 667 971 742 quoniam
996 666 1112 722 dies
1135 663 1346 731 dicitur,
1371 675 1476 717 non
1500 669 1704 716 tantum

176 782 295 828 mora
308 762 422 820 solis
436 777 598 834 super
617 769 828 826 terram,
847 757 1132 815 secundum
1154 755 1294 828 quod
1316 753 1455 810 aliud
1473 761 1554 810 est
1568 751 1703 819 dies,

170 857 286 917 aliud
307 873 417 920 nox,
446 853 540 911 sed
569 854 727 910 etiam
757 853 916 908 totius
945 851 962 883 ¹
990 848 1104 921 ejus
1133 847 1384 905 circuitus
1408 845 1474 903 a1;
1498 846 1706 904 oriente

170 965 305 1024 usque
327 943 387 1002 ad
414 944 696 1007 orientem,
717 940 1005 1000 secundum
1031 940 1170 1014 quod
1201 939 1445 1005 dicimus,
1467 935 1568 996 Tot
1591 955 1706 996 stes

171 1041 478 1102 transierunt;
500 1053 624 1094 cum
644 1037 752 1095 suis
774 1036 912 1092 enim
941 1035 1180 1091 noctibus
1202 1033 1451 1089 dicuntur
1472 1038 1548 1088 tot
1566 1029 1702 1100 dies,

169 1150 250 1191 nec
273 1141 400 1188 extra
437 1135 747 1201 reputantur
785 1128 951 1198 spatia
990 1125 1220 1181 noctium
1251 1121 1544 1195 :quoniam'
1577 1140 1704 1195 ergo

168 1225 259 1284 dies
278 1223 502 1295 expletur
527 1230 674 1276 motu
697 1219 845 1286 solis,
867 1225 1024 1288 atque
1043 1217 1264 1273 circuitu
1290 1217 1356 1269 ab
1381 1215 1583 1270 oriente
1611 1227 1704 1271 us~

169 1332 243 1391 que
273 1312 330 1368 ad
368 1311 656 1369 orientem:
683 1324 863 1382 quer
894 1315 1067 1362 utrum
1105 1315 1279 1361 motus
1319 1306 1431 1377 ipse
1462 1305 1530 1361 sit
1561 1305 1701 1373 dies,

168 1423 220 1463 an
238 1419 364 1465 mora
392 1400 504 1473 ipsa
529 1406 726 1472 quanta
747 1397 1034 1470 peragitur,
1057 1413 1122 1452 an
1149 1407 1453 1466 utrumque.
1480 1395 1534 1453 Si
1559 1397 1702 1452 enim

167 1498 350 1568 primum
377 1490 489 1548 dies
513 1498 687 1554 esset;
715 1485 827 1546 dies
852 1503 978 1559 ergo
1003 1498 1144 1545 esset
1171 1488 1379 1546 etiamsi
1412 1497 1555 1546 tanto
1575 1504 1700 1562 spa-

166 1587 221 1642 tlo
239 1583 466 1655 temporis
488 1582 570 1638 sol
592 1595 805 1640 cursum
834 1577 984 1635 illum
1012 1580 1316 1652 peregisset,
1345 1589 1598 1651 quantum
1620 1590 1704 1636 est

166 1678 279 1734 bene
300 1677 464 1731 unius.
504 1672 566 1730 Si
595 1670 918 1739 secundum;
950 1685 1054 1728 non
1081 1687 1209 1744 ergo
1237 1683 1379 1728 esset
1402 1672 1535 1737 dies,
1565 1673 1610 1728 si
1632 1671 1701 1729 ab

166 1777 257 1826 ortu
277 1765 393 1824 solis
426 1781 599 1840 usque
625 1766 678 1820 in
721 1772 893 1822 ortum
927 1764 1183 1832 alterum,
1207 1771 1313 1821 tam
1353 1763 1525 1820 brevis
1553 1779 1700 1820 mora

165 1871 274 1917 esset
292 1873 435 1930 quam
477 1865 562 1913 est
592 1854 740 1912 bene
762 1856 946 1922 unius;
975 1856 1067 1912 sed
1097 1856 1259 1913 vicies
1288 1863 1342 1911 et
1381 1866 1566 1928 quater
1591 1857 1697 1913 cir-

167 1951 344 2012 cumiret
370 1949 443 2006 sol
487 1959 545 2006 ut
572 1949 815 2022 expleret
851 1948 1012 2006 diem.
1052 1947 1108 2005 Si
1139 1957 1418 2020 utrumque
1443 1966 1457 2010 :
1487 1964 1585 2004 nec
1611 1947 1700 2004 ille

167 2046 465 2117 appellaretur
492 2041 636 2111 dies,
667 2042 711 2098 si
750 2041 896 2096 horto
920 2039 1090 2114 spatio
1115 2038 1194 2096 soi
1225 2049 1390 2097 totum
1422 2057 1573 2095 suum
1605 2058 1701 2113 gy-

167 2151 257 2192 rum
278 2133 602 2201 circumiret;
633 2147 732 2189 nec
759 2131 846 2187 ille
873 2133 894 2165 ²
916 2173 931 2198 ,
962 2131 1007 2186 si
1049 2130 1160 2186 sole
1214 2141 1456 2188 cessante
1497 2140 1698 2187 tantum

173 2227 375 2300 temporis
397 2225 718 2299 prmteriret,
744 2234 939 2298 quanto
966 2239 1217 2295 peragere
1238 2221 1316 2279 soi
1340 2232 1504 2278 totum
1526 2223 1696 2280 ambi-

175 2326 260 2374 tum
281 2316 333 2373 de
351 2332 499 2373 mane
525 2316 580 2370 in
615 2330 770 2370 mane
794 2313 1006 2369 assolet.
1047 2312 1161 2370 Non
1187 2311 1360 2384 itaque
1391 2330 1530 2369 nunc
1549 2331 1697 2386 qus:-

167 2425 253 2464 ram
270 2406 370 2478 quid
386 2407 450 2463 sit
471 2405 605 2462 illud
628 2400 768 2476 quod
785 2414 1000 2461 vocatur
1016 2401 1246 2470 dies,sed
1266 2403 1388 2474 quid
1409 2404 1477 2460 sit
1493 2414 1698 2476 tempus

169 2517 248 2572 quo
265 2503 519 2557 metientes
543 2495 681 2556 solis
705 2497 1001 2566 circuitum,
1019 2495 1314 2554 diceremus
1335 2513 1456 2552 eum
1478 2499 1697 2553 dimidio

166 2595 298 2665 spatio
320 2593 560 2664 temporis
595 2598 872 2664 peractum
900 2590 1075 2646 minus
1099 2604 1259 2658 quam
1287 2590 1443 2658 solet,
1473 2589 1518 2643 si
1549 2597 1695 2645 tanto

167 2685 299 2758 spatio
316 2685 554 2752 temporis
586 2691 834 2757 peractus
857 2689 1018 2747 esset,
1037 2688 1233 2753 quanto
1255 2690 1575 2753 peraguntur
1596 2681 1694 2738 bo-

166 2791 220 2834 re
239 2775 483 2832 duodecim
503 2793 518 2842 ;
543 2784 606 2834 et
630 2783 910 2847 utrumque
930 2781 1135 2848 tempus
1157 2784 1526 2844 comparantes
1544 2775 1694 2832 dice-

171 2882 308 2926 remus
328 2867 441 2926 illud
461 2867 746 2940 simplum,
776 2866 878 2922 hoc
903 2866 1158 2937 duplum,
1181 2867 1387 2922 etiamsi
1415 2868 1696 2936 aliquando

172 2957 241 3016 illo
259 2960 442 3030 simple,
471 2958 762 3030 aliquando
788 2959 889 3014 isto
917 2957 1078 3030 duplo
1103 2958 1184 3014 Sui
1209 2958 1276 3013 ab
1295 2960 1501 3014 oriente
1526 2973 1695 3028 usque

163 3048 220 3106 sd
241 3051 464 3108 orientem
490 3052 822 3108 circumiret.
862 3047 1029 3106 Nemo
1051 3066 1178 3122 ergo
1205 3051 1333 3106 mibi
1361 3051 1502 3106 dicat
1527 3051 1693 3109 cmic-

171 3142 287 3196 ttium
301 3158 562 3215 corporum
587 3151 765 3199 motus
780 3156 898 3205 esse
917 3150 1156 3213 tempora
1176 3159 1189 3196 :
1210 3143 1330 3213 quia
1351 3152 1404 3196 ut
1419 3142 1693 3213 Cujusdum

173 3243 262 3290 toto
276 3249 376 3291 cum
399 3237 472 3290 sol
503 3237 746 3293 stetisset
774 3234 950 3307 (Iosue
970 3251 1030 3302 ι,
1054 3237 1122 3291 15
1146 3234 1199 3306 );
1231 3245 1286 3289 ut
1312 3237 1649 3292 \icloriosum
1671 3237 1694 3270 ⁸

174 3325 355 3397 pretium
381 3335 694 3401 perageret,
721 3327 800 3382 soi
832 3325 1034 3394 stabat,
1066 3325 1157 3381 sed
1189 3334 1398 3396 tempus
1425 3326 1550 3381 ibat.
1591 3327 1694 3382 Per

174 3427 292 3471 suum
323 3419 488 3490 quippe
533 3418 770 3490 Spatium
813 3418 1100 3489 temporis,
1131 3416 1272 3488 quod
1315 3417 1364 3472 ei
1403 3416 1692 3484 sufﬁceret,

179 3502 251 3562 illa
267 3522 399 3579 pugna
417 3520 560 3580 geSta
591 3517 752 3580 atque
783 3509 928 3564 ﬁnita
957 3518 1058 3566 est.
1093 3507 1258 3564 Video
1285 3508 1444 3580 igitur
1484 3517 1692 3578 tempus

191 3598 400 3667 quamdam
414 3615 520 3658 esse
541 3601 945 3658 distentionem.
969 3599 1073 3656 Sed
1090 3599 1260 3662 video,
1279 3614 1348 3654 an
1366 3599 1541 3658 videre
1559 3599 1690 3656 mihi

187 3683 353 3748 Videor!
379 3691 442 3748 Tn
463 3692 881 3762 demonstrabis,
912 3691 1047 3758 Lux,
1079 3690 1307 3748 Veritas.

707 3805 936 3862 CAPUT
974 3806 1163 3861 XXIV.

293 3872 483 3948 Tempus
516 3887 595 3938 ut
631 3895 732 3949 quo
770 3878 1002 3934 metimur
1038 3888 1229 3932 motum
1264 3877 1509 3947 corporis.

225 3963 296 4018 5i.
325 3964 469 4022 iubes
499 3977 562 4023 ut
599 3967 886 4037 approbem
935 3967 978 4020 si
1015 3967 1133 4036 quis
1168 3965 1312 4024 dicat
1342 3975 1550 4036 tempus
1571 3979 1692 4022 esse

173 4064 327 4114 mutum
342 4060 566 4133 corporis
582 4060 606 4114 ἲ
625 4058 740 4115 Non
760 4059 940 4128 jubes.
970 4058 1101 4116 Nam
1122 4073 1313 4128 corpus
1336 4059 1558 4126 nullum,
1581 4055 1689 4115 nisi

175 4142 210 4202 is
229 4153 447 4218 tempore,
469 4150 672 4208 οητὶ
698 4150 887 4209 audio:
918 4159 971 4204 tu
998 4149 1149 4205 dicis.
1177 4149 1353 4219 ipsum
1373 4160 1550 4208 autem
1571 4167 1689 4208 cor-

174 4237 280 4306 WB
309 4250 491 4300 motum
525 4252 732 4312 tempus
769 4257 888 4300 esse
926 4258 1032 4298 non
1061 4241 1255 4298 audio:
1285 4258 1390 4298 non
1439 4251 1495 4299 tu
1531 4243 1682 4302 dicis.

173 4325 270 4384 Cum
291 4330 415 4386 enim
441 4343 681 4390 movetur
707 4345 933 4401 corpus,
965 4339 1202 4403 tempore
1223 4333 1412 4387 metior
1439 4335 1723 4403 quamdiu

172 4429 410 4490 moveatur,
437 4438 499 4482 ex
528 4438 633 4494 quo
659 4423 858 4484 moveri
888 4423 1072 4493 incipit
1096 4422 1268 4480 donec
1289 4423 1515 4482 desinat.
1547 4427 1611 4482 Et
1639 4428 1684 4482 si

171 4521 250 4566 Ion
271 4511 362 4568 vidi
391 4528 452 4568 ex
482 4519 585 4586 q'uo
607 4514 785 4584 erepit,
816 4522 870 4568 et
894 4522 1198 4585 perseverat
1241 4517 1464 4582 moveri,
1492 4525 1552 4572 ut
1577 4532 1682 4575 non

172 4593 333 4655 rideam
359 4616 469 4658 cum
505 4601 726 4669 desinit;
756 4618 860 4660 non
899 4603 1050 4660 valeo
1087 4605 1284 4672 metiri,
1316 4606 1416 4666 nisi
1446 4606 1584 4666 forte
1617 4624 1683 4668 ex

176 4698 256 4758 quo
273 4690 432 4752 videro
457 4693 648 4766 incipio
673 4694 844 4752 donec
867 4694 1128 4753 desinam.
1160 4695 1309 4764 Quod
1333 4697 1378 4754 si
1396 4698 1486 4755 diu
1505 4699 1679 4769 video,

175 4782 480 4842 tantummodo
499 4786 708 4858 longum
731 4797 939 4859 tempus
952 4802 1073 4846 esse
1091 4791 1356 4856 renuntio,
1381 4807 1484 4846 non
1506 4801 1681 4849 autem

173 4880 376 4954 quantum
389 4876 487 4942 sit;
506 4880 624 4954 quia
647 4888 699 4936 et
716 4889 971 4950 quantum
992 4894 1112 4936 cum
1133 4880 1375 4946 dicimus,
1399 4883 1682 4942 collatione

173 4953 384 5031 dicimus;
410 4967 561 5036 velut,
588 4968 818 5024 Tantum
845 4969 945 5025 hoc
964 4979 1217 5040 quantum
1246 4971 1407 5038 illud;
1434 4983 1544 5040 aut,
1577 4975 1682 5030 Du-

175 5045 284 5122 !ittnt
303 5050 391 5114 hoc
405 5055 466 5114 ad
491 5058 633 5128 illud,
655 5069 710 5116 et
729 5059 776 5116 si
793 5059 918 5132 quid
936 5060 1076 5116 aliud
1101 5061 1204 5118 isto
1225 5061 1402 5116 modo.
1429 5063 1484 5119 Si
1504 5075 1678 5121 autem

179 5149 320 5202 solare
341 5151 644 5218 potuerimus
671 5153 906 5210 locorum
932 5153 1121 5223 spatia,
1144 5153 1282 5210 unde
1303 5165 1358 5212 et
1377 5172 1483 5226 quo
1507 5160 1681 5216 veniet

183 5239 329 5305 lupus
351 5239 480 5310 quod
505 5255 762 5311 movetur,
793 5245 872 5298 vel
903 5253 1079 5314 partes
1100 5244 1214 5316 ejus
1232 5281 1247 5312 ,
1273 5248 1318 5302 si
1346 5255 1594 5318 tanquam
1625 5252 1678 5308 in

176 5329 296 5384 toruo
312 5342 542 5404 movetur,
557 5352 836 5408 possumus
855 5335 1031 5399 dicere
1045 5346 1296 5407 quantum
1317 5341 1388 5398 sit
1406 5344 1675 5413 temporis,

175 5428 333 5489 exque
353 5422 414 5478 ab
442 5423 524 5482 illo
546 5430 662 5484 loco
689 5443 854 5500 usque
888 5428 952 5483 ad
983 5429 1126 5484 illum
1158 5430 1326 5485 locum
1354 5441 1528 5488 motus
1557 5450 1676 5490 cor-

175 5551 539 5671 ,L‘MIIO:M
566 5567 641 5616 Er.
671 5571 789 5616 ν.
819 5561 965 5632 Lugd.
989 5571 1162 5620 somni.
1187 5563 1306 5620 Dub.
1327 5569 1379 5619 et
1410 5565 1550 5622 need.
1571 5583 1682 5628 cum

226 5669 574 5754 might.
593 5691 714 5740 Ven.
731 5685 877 5754 Lugd.
938 5693 993 5740 Μ.

184 5733 465 5854 δέκα
480 5733 910 5806 trutinas.
940 5733 1241 5818 Bianor-uias
1274 5757 1376 5808 Mss.
1396 5759 1480 5818 ,ω
1523 5751 1680 5810 Victor

3282 389 3389 447 822

1819 485 1964 554 poris
1991 489 2074 542 vel
2103 491 2266 560 partis
2289 492 2401 563 ejus
2426 492 2640 555 effectus
2665 499 2910 556 est.Cum
2939 503 3115 573 itaque
3143 501 3288 562 aliud
3317 506 3388 570 sit

1817 585 1991 633 motus
2017 583 2272 652 corporis,
2301 583 2440 640 aliud
2469 605 2572 657 quo
2598 591 2845 647 metimur
2868 592 3117 663 quamdiu
3139 594 3242 662 sit;
3267 595 3390 668 quis

1816 681 1923 756 non
1952 672 2144 726 sentiat
2167 673 2291 744 quid
2318 678 2503 733 horum
2531 682 2703 749 potius
2730 693 2935 756 tempus
2968 685 3250 742 dicendum
3285 687 3396 744 sit?

1815 751 1948 812 Nam
1984 759 2084 815 etsi
2110 764 2253 819 varie
2279 781 2471 836 corpus
2499 768 2778 842 aliquando
2803 751 3047 830 movetur
3064 815 3079 840 ,
3107 775 3393 848 aliquando

1815 857 1954 916 stat;
1989 866 2091 906 non
2123 855 2291 910 solum
2332 868 2531 913 motum
2560 860 2693 931 ejus,
2719 861 2812 917 sed
2841 863 2999 919 etiam
3029 876 3220 923 statum
3253 874 3391 923 tem--

1814 949 1944 1010 pore
1973 941 2253 1011 metimur;
2281 958 2334 1002 et
2376 949 2632 1017 dicimus,
2665 951 2891 1009 Tantum
2929 957 3108 1025 stetit,
3133 968 3389 1031 quantum

1812 1041 2016 1087 motum
2037 1044 2116 1090 est
2139 1053 2155 1103 ;
2177 1047 2289 1106 aut,
2312 1039 2478 1111 anlo
2495 1043 2576 1098 vel
2602 1043 2760 1115 triplo
2780 1047 2946 1114 stetit,
2964 1048 3029 1104 ad
3051 1048 3101 1105 id
3121 1049 3260 1122 quod
3283 1066 3390 1109 mo-

1814 1129 1926 1179 tum
1952 1134 2072 1192 est;
2104 1137 2158 1183 et
2195 1129 2240 1185 si
2277 1131 2402 1204 quid
2437 1133 2574 1189 aliud
2601 1147 2778 1192 nostra
2810 1137 3068 1196 dimensio
3095 1141 3205 1198 sive
3237 1158 3390 1201 com-

1811 1214 2153 1284 prehenderit
2178 1222 2290 1276 sive
2319 1223 2716 1294 existimaverit,
2749 1238 2808 1282 ut
2832 1228 2934 1284 dici
2955 1232 3092 1289 solet
3113 1271 3130 1300 .
3148 1229 3264 1303 plus
3284 1233 3390 1294 mi-

1810 1319 1930 1362 nus.
1962 1305 2078 1365 Non
2105 1319 2186 1368 est
2212 1328 2338 1386 ergo
2369 1325 2576 1386 tempus
2601 1320 2842 1390 corporis
2865 1333 3057 1380 motus.

2393 1426 2618 1485 CAPUT
2656 1427 2824 1486 XXV.

2231 1493 2446 1570 Rursus
2467 1495 2631 1552 Deum
2665 1499 2966 1570 interpellat.

1881 1560 1969 1615 52.
2010 1558 2079 1618 Et
2106 1565 2366 1622 cenﬁteor
2393 1567 2506 1636 tibi,
2540 1558 3052 1642 Duminc,'iguordre
3099 1587 3184 1630 me
3217 1572 3390 1632 adhuc

1809 1653 1935 1723 quid
1957 1655 2024 1709 sit
2046 1663 2280 1728 tempus;
2301 1666 2350 1717 et
2372 1675 2553 1714 rursus
2573 1660 2829 1718 confiteor
2849 1663 2962 1727 tibi,
2987 1664 3227 1732 Domine,
3252 1667 3387 1726 scire

1809 1756 1895 1798 me
1920 1744 1971 1799 in
1991 1747 2231 1816 tcinpore
2257 1748 2352 1804 ista
2375 1749 2572 1818 dicere,
2587 1759 2643 1807 et
2664 1751 2751 1806 diu
2775 1769 2860 1809 me
2875 1753 2984 1825 jam
3009 1753 3148 1828 loqui
3171 1755 3235 1813 de
3259 1764 3390 1814 tem-

1808 1849 1958 1905 pore,
1981 1849 2137 1909 atque
2159 1840 2328 1910 ipsum
2350 1841 2436 1896 diu
2457 1857 2562 1898 non
2583 1857 2700 1899 esse
2719 1843 2808 1900 diu
2828 1845 2926 1900 nisi
2945 1861 3093 1904 mora
3112 1850 3386 1921 temporis.

1806 1927 2085 1996 Quomodo
2115 1932 2274 2002 igitur
2302 1933 2401 1990 hoc
2425 1935 2557 2004 scio,
2587 1938 2798 2008 quando
2821 1937 2945 2010 quid
2970 1939 3038 1995 sit
3066 1950 3272 2014 tempus
3294 1960 3390 2000 ne-

1806 2021 1919 2074 scio
1934 2021 1958 2074 ?
1972 2025 2051 2075 An
2075 2021 2209 2079 forte
2233 2026 2412 2081 nescio
2427 2028 2869 2098 quemadmodum
2888 2029 3058 2086 dicam
3077 2033 3217 2104 quod
3237 2033 3388 2090 scio!

1806 2111 1905 2168 Hei
1935 2114 2063 2170 mihi
2094 2118 2180 2187 qui
2209 2119 2388 2175 nescio
2411 2122 2598 2177 saltem
2625 2123 2750 2194 quid
2777 2127 3007 2182 nesciam
3033 2127 3047 2181 i
3071 2127 3230 2196 Ecce,
3248 2128 3385 2186 Deus

1805 2221 1978 2274 meus,
2011 2223 2189 2266 coram
2221 2220 2305 2280 tc,
2333 2213 2454 2284 quia
2482 2231 2587 2270 non
2616 2215 2878 2285 mentior;
2908 2219 3044 2275 sicut
3073 2220 3280 2293 loquor,
3313 2223 3384 2280 ita

1807 2306 1889 2353 est
1903 2315 1996 2354 cor
2009 2317 2204 2358 meum.
2228 2303 2309 2359 Tu
2326 2304 2642 2362 illuminabis
2663 2308 2930 2366 lucernam
2951 2327 3144 2380 meam,
3162 2313 3384 2371 Domine

1806 2389 1947 2450 Deus
1969 2409 2138 2464 meus,
2155 2396 2476 2456 illuminabis
2498 2401 2741 2458 tenebras
2757 2420 2903 2460 meas
2929 2401 3097 2479 (Psai.
3118 2421 3244 2473 xvu,
3262 2405 3382 2480 25).

2399 2489 2625 2548 CAPUT
2663 2490 2853 2550 XXVI.

2218 2578 2478 2646 Quomodo
2517 2591 2711 2654 tetnpus
2748 2587 2996 2640 metimur.

1876 2666 1964 2722 53.
2005 2666 2190 2725 Nonne
2230 2671 2323 2725 tibi
2360 2673 2638 2728 conﬁtetur
2675 2675 2847 2730 anima
2891 2691 3007 2732 mea
3051 2677 3384 2738 confessione

1803 2759 2035 2815 veridica
2080 2761 2254 2817 metiri
2281 2776 2368 2818 me
2400 2765 2674 2833 tempora?
2703 2765 2867 2833 itane,
2901 2769 3037 2824 Deus
3075 2785 3244 2835 meus,
3270 2787 3385 2828 me-

1803 2850 1927 2917 tior,
1958 2860 2008 2907 et
2041 2852 2165 2923 quid
2207 2855 2394 2909 metiar
2421 2857 2644 2912 nescio?
2683 2857 2868 2913 Melior
2899 2868 3101 2915 motum
3141 2861 3380 2934 corporis

1805 2951 2042 3014 tempore
2059 2961 2073 3009 ;
2093 2945 2218 3002 item
2241 2947 2409 3019 ipsum
2431 2959 2635 3020 tempus
2652 2967 2755 3005 non
2778 2953 3000 3007 metior?
3017 2951 3096 3008 An
3120 2969 3248 3012 vero
3262 2970 3382 3012 cor-

1802 3034 1945 3105 poris
1967 3048 2165 3091 motum
2190 3039 2403 3094 metirer
2429 3041 2676 3110 quamdiu
2704 3041 2792 3109 sit,
2821 3050 2878 3098 ct
2896 3041 3142 3114 quamdiu
3173 3045 3296 3104 hinc
3315 3043 3381 3102 il-

1801 3125 1888 3181 luc
1918 3129 2219 3197 perveniat,
2249 3129 2350 3185 nisi
2381 3140 2584 3202 tempus
2614 3134 2665 3188 in
2693 3150 2799 3204 quo
2841 3142 3083 3191 movetur
3119 3135 3380 3195 metirer?

1801 3219 1976 3289 ipsum
1995 3235 2122 3292 ergo
2147 3231 2355 3294 tempus
2376 3222 2513 3279 unde
2536 3223 2759 3281 metior?
2779 3227 2859 3280 An
2881 3237 3118 3298 tempore
3137 3225 3381 3286 breviore

1799 3311 2052 3366 metimur
2073 3312 2298 3384 longius,
2327 3316 2463 3371 sicut
2488 3316 2661 3387 spatio
2686 3317 2845 3373 cubiti
2874 3321 3102 3390 spatium
3124 3319 3382 3377 transtri?

1798 3401 1888 3458 Sic
1907 3405 2048 3460 enim
2070 3404 2312 3461 videmur
2335 3410 2502 3477 spatio
2521 3406 2697 3464 brevis
2718 3411 2937 3482 syllaba:
2957 3413 3130 3468 metiri
3151 3412 3382 3484 spatium

1799 3492 1971 3564 longa:
2001 3495 2236 3567 syllabae,
2263 3507 2419 3572 atque
2454 3499 2504 3554 id
2531 3500 2751 3570 duplum
2777 3501 2972 3560 dicere.
3016 3499 3090 3559 ita
3134 3505 3381 3562 metimur

1800 3587 1967 3655 spatia
1995 3591 2287 3644 carminum
2315 3591 2497 3661 spatiis
2524 3607 2801 3658 versuum,
2835 3602 2888 3650 et
2922 3595 3089 3664 Spatia
3133 3610 3383 3653 versuum

1738 3719 1749 3729 .
1799 3678 1982 3747 spatiis
2009 3679 2224 3747 pedum,
2248 3689 2302 3736 et
2331 3683 2494 3752 spatia
2524 3683 2712 3752 pedum
2743 3686 2927 3755 spatiis
2953 3683 3297 3758 syllabarum,
3325 3693 3381 3745 et

1798 3770 1966 3839 spatia
1997 3768 2272 3842 longarum
2296 3771 2479 3842 spatiis
2503 3771 2738 3830 brevium
2764 3792 2777 3830 :
2803 3790 2906 3831 non
2932 3777 2982 3832 in
3006 3778 3211 3850 paginis
3232 3779 3380 3854 (nam

1798 3875 1865 3915 eo
1903 3861 2062 3918 modo
2093 3861 2204 3917 loca
2241 3864 2517 3930 metimur,
2547 3861 2652 3921 non
2691 3867 2981 3939 tempora),
3013 3868 3106 3925 sed
3135 3884 3254 3925 cum
3283 3885 3377 3926 vo-

1797 3963 1885 4007 ces
1914 3953 2302 4024 pronuntiando
2328 3964 2616 4021 transeunt,
2649 3966 2700 4012 et
2729 3959 2971 4028 dicimus,
2992 3959 3227 4034 Longum
3258 3965 3376 4018 car-

1795 4055 1918 4099 men
1949 4054 2060 4113 est,
2095 4060 2213 4100 nam
2243 4050 2323 4101 tot
2349 4048 2585 4104 versibus
2619 4049 2946 4117 contexitur;
2976 4049 3116 4124 longi
3155 4068 3368 4124 versus,

1795 4152 1915 4191 nam
1952 4145 2027 4192 tot
2063 4137 2281 4208 pedibus
2323 4149 2600 4206 constant;
2629 4141 2769 4210 longi
2792 4140 2974 4212 pedes,
3003 4159 3126 4200 nam
3155 4152 3231 4202 tot
3258 4144 3372 4217 syl-

1794 4227 1926 4284 labis
1953 4227 2277 4297 tenduntur;
2300 4227 2454 4301 longa
2484 4227 2703 4302 syllaba,
2728 4245 2850 4286 nam
2875 4229 3031 4305 dupla
3053 4243 3134 4290 est
3155 4233 3221 4290 ad
3243 4231 3368 4292 bre-

1792 4335 1935 4375 vem.
1975 4319 2081 4376 Sed
2125 4335 2296 4392 neque
2326 4321 2394 4376 ita
2436 4321 2900 4393 comprehenditur
2939 4306 3082 4380 certa
3119 4341 3367 4382 mensura

1793 4411 2064 4480 temporis,
2092 4411 2514 4485 quandoquidem
2557 4415 2668 4470 fieri
2698 4424 2871 4486 potest
2891 4424 2948 4470 ut
2971 4415 3214 4489 ampliori
3246 4433 3367 4489 spa-

1793 4501 1866 4557 tio
1898 4505 2178 4574 temporis,
2212 4515 2461 4576 personet
2499 4518 2683 4561 versus
2727 4507 2934 4562 brevior
2971 4506 3016 4563 si
3062 4507 3367 4582 productius

1789 4593 2176 4664 pronuntietur,
2199 4609 2356 4665 quam
2384 4593 2590 4665 longior
2609 4595 2651 4650 si
2678 4597 2991 4669 correptius.
3022 4597 3097 4655 ita
3122 4615 3362 4672 carmen,

1789 4685 1861 4740 ita
1903 4699 2013 4754 pes,
2043 4685 2112 4740 ita
2152 4683 2370 4760 syllaba.
2414 4683 2537 4741 Inde
2569 4683 2697 4741 milii
2727 4687 2895 4743 visum
2937 4697 3052 4759 est,
3080 4690 3206 4747 nihil
3245 4708 3366 4750 esse

1787 4776 1927 4831 aliud
1955 4785 2160 4846 tempus
2198 4791 2352 4847 quam
2387 4777 2758 4834 distentionem
2793 4798 2806 4833 :
2838 4778 2932 4838 sed
2956 4785 3107 4856 cujus
3133 4783 3241 4855 rei,
3274 4801 3367 4842 ne-

1787 4868 1930 4932 scio;
1959 4876 2012 4923 et
2034 4866 2222 4922 mirum
2246 4867 2288 4921 si
2311 4882 2414 4922 non
2443 4868 2606 4939 ipsius
2625 4869 2807 4925 animi.
2826 4869 2962 4939 Quid
2987 4875 3127 4930 enim
3150 4870 3362 4948 metior,

1786 4959 2038 5024 obsecro,
2066 4957 2206 5014 Deus
2228 4973 2416 5027 meus,
2449 4969 2503 5016 et
2539 4961 2657 5016 dico
2696 4967 2786 5017 aut
2812 4962 3103 5033 indeﬁnite,
3134 4967 3365 5044 Longius

1785 5059 1867 5106 est
1895 5051 1993 5105 hoc
2026 5061 2229 5121 tempus
2270 5066 2426 5122 quam
2467 5050 2627 5120 illud;
2657 5063 2748 5109 aut
2785 5055 2942 5112 etiam
2972 5057 3221 5132 definite,
3255 5059 3364 5118 Du-

1785 5143 1931 5211 plum
1969 5152 2050 5197 est
2093 5141 2192 5197 hoc
2225 5141 2291 5196 ad
2342 5142 2507 5198 illud?
2549 5141 2782 5216 Tempus
2825 5149 3047 5216 metior,
3088 5151 3197 5207 scio
3228 5173 3239 5207 :
3269 5149 3361 5210 sed

1785 5249 1891 5288 non
1920 5231 2108 5290 metior
2146 5230 2410 5301 futurum,
2435 5235 2554 5306 quia
2604 5239 2838 5294 nondum
2876 5251 2991 5306 est;
3027 5257 3130 5297 non
3171 5245 3362 5302 metior

1784 5338 2040 5395 prmscns,
2067 5325 2189 5396 quia
2220 5325 2365 5381 nullo
2396 5327 2566 5397 spatio
2595 5330 2859 5397 tenditur;
2885 5347 2989 5386 non
3013 5334 3198 5408 metior
3222 5347 3357 5403 praen

1785 5419 2018 5483 teritum,
2036 5417 2156 5490 quia
2176 5418 2283 5490 jam
2305 5429 2529 5476 nonest.
2559 5421 2697 5490 Quid
2721 5439 2846 5494 ergo
2867 5421 3096 5477 metior?
3119 5423 3198 5475 An
3220 5437 3357 5494 prm-

1786 5512 2045 5565 tereuntia
2075 5517 2330 5581 tempora,
2362 5525 2466 5568 non
2497 5513 2759 5583 praeterita
2779 5515 2803 5568 ἲ
2827 5513 2905 5568 sic
2928 5513 3065 5568 enim
3095 5506 3354 5570 dixeram.

2349 5627 2578 5683 CAPUT
2618 5623 2827 5682 XXVII.

1882 5719 2142 5784 Quomodo
2178 5721 2408 5774 metimur
2445 5727 2640 5790 tempus
2673 5725 2967 5788 permanens
3001 5711 3054 5766 in
3088 5725 3280 5771 animo.

1859 5808 1943 5866 54.
1990 5809 2192 5877 insiste,
2225 5812 2395 5865 anime
2425 5825 2590 5877 meus,
2621 5817 2672 5864 et
2699 5803 2912 5860 attende
2940 5803 3145 5859 fortiter
3173 5820 3188 5857 :
3218 5807 3355 5862 Deus
