3880 6400
144 359 234 420 85
1055 351 1120 382 4"

142 488 294 535 anites
316 472 547 530 actiona
568 469 834 535 hominis;
871 467 974 524 hoc
995 467 1050 523 in
1077 472 1191 522 toto
1217 461 1414 522 mlo
1439 458 1666 515 ﬁliorum

143 565 376 624 hominum
398 602 416 631 ,
443 561 600 632 cujus
618 570 793 633 partes
819 567 941 615 sunt
963 571 1152 614 omnes
1165 555 1288 612 vitm
1313 551 1608 610 hominum.

187 693 192 696 -
661 649 883 709 CAPUT
915 647 1107 706 XXIX.

209 748 270 806 Se
284 747 330 801 in
348 743 652 815 temporalia
675 743 938 799 distentum
960 741 1097 814 cupit
1115 741 1170 796 in
1193 739 1360 796 Deum
1384 738 1575 811 colligi.

193 839 266 898 59.
288 837 383 894 Sed
405 836 663 908 quoniam
698 835 886 891 melior
908 843 992 890 est
1014 833 1375 889 misericordia
1400 840 1488 888 tua
1509 845 1671 903 super

139 932 245 987 ritas
265 926 420 1002 (Prol.
448 943 597 995 exn,
645 925 722 1000 4).
760 941 887 984 ecce
908 925 1160 982 distentio
1183 935 1265 982 est
1288 927 1394 982 vita
1433 940 1552 981 mea
1575 966 1592 993 ,
1617 933 1674 982 et

140 1039 207 1079 me
221 1020 429 1090 suscepit
452 1018 680 1076 dextera
701 1028 787 1075 tua
808 1019 862 1075 in
883 1019 1107 1075 Domino
1126 1033 1247 1076 meo
1270 1018 1560 1074 mediatore
1587 1017 1674 1072 Fi-

139 1115 196 1169 lio
216 1111 420 1168 hominis
447 1110 595 1166 inter
646 1119 699 1167 te
723 1126 884 1166 unum
931 1120 987 1166 et
1012 1125 1113 1166 nos
1137 1111 1332 1166 multos
1349 1151 1365 1177 ,
1413 1109 1466 1163 in
1493 1109 1674 1165 multis

143 1219 217 1274 per
235 1202 378 1258 multa
400 1242 415 1266 ,
461 1211 523 1256 ut
551 1216 652 1272 per
671 1216 790 1256 eum
833 1201 1226 1272 apprehendam
1266 1201 1321 1256 in
1349 1216 1454 1272 quo
1495 1212 1550 1257 et
1576 1216 1676 1272 ap:

143 1294 385 1366 prehensus
411 1307 553 1356 sum,
583 1300 642 1347 et
659 1307 690 1347 a
711 1293 977 1348 veteribus
1002 1292 1190 1349 diebus
1211 1292 1428 1364 colligar
1446 1306 1674 1363 sequens

145 1401 304 1452 unum,
330 1385 602 1456 praeterita
646 1383 880 1450 oblitus;
922 1399 1029 1440 non
1076 1384 1133 1439 in
1173 1399 1236 1440 ea
1263 1399 1383 1454 qua:
1426 1383 1596 1437 futura
1621 1391 1676 1437 et

145 1479 376 1534 transitura
403 1485 564 1542 sunt,
593 1475 689 1532 sed
719 1477 771 1532 in
793 1491 854 1532 ea
881 1491 1001 1546 qua:
1025 1483 1149 1532 ante
1175 1483 1320 1542 sunt,
1346 1488 1451 1530 non
1471 1473 1674 1530 disten-

146 1581 224 1635 tus,
261 1569 341 1625 sed
363 1575 617 1624 extentus
636 1569 673 1633 ί,
706 1583 810 1623 non
841 1567 1131 1624 secundum
1153 1567 1548 1634 distentionem,
1579 1565 1676 1620 sed

146 1660 386 1716 secundum
435 1659 792 1714 intentionem
838 1673 1034 1730 sequor
1068 1659 1134 1713 ad
1162 1657 1392 1730 palmam
1434 1672 1677 1730 supernae

147 1751 386 1809 vocationis
411 1748 691 1824 (Philipp.
719 1766 797 1817 ιιι,
821 1751 922 1817 15,
954 1748 1084 1823 il);
1112 1750 1200 1806 ubi
1239 1749 1449 1806 audiam
1487 1764 1677 1807 vocem

148 1841 278 1898 hodis
311 1850 434 1906 tum,
462 1849 520 1896 et
543 1840 882 1911 contempler
923 1840 1326 1897 delectationem
1367 1849 1512 1896 tuam
1532 1881 1546 1905 ,
1577 1856 1678 1898 nec

149 1935 422 2000 venientem,
461 1947 565 1988 nec
609 1941 1046 2002 praetereuntem.
1078 1931 1229 1988 Nunc
1253 1947 1381 1988 vero
1417 1933 1541 1988 anni
1570 1933 1677 1989 mei

152 2024 470 2094 ingemitibus.
511 2023 582 2077 Et
620 2032 678 2078 tu
718 2022 963 2078 solatium
991 2038 1202 2088 meum,
1239 2023 1498 2090 Domine,
1531 2033 1679 2094 pater

151 2129 264 2171 metu
295 2123 512 2169 aeternus
551 2127 617 2169 es
646 2129 662 2168 :
691 2122 748 2168 at
771 2128 870 2184 ego
898 2113 953 2168 in
981 2121 1216 2184 tempora
1244 2113 1448 2169 dissilui
1475 2116 1518 2181 ³,
1541 2128 1676 2186 quo-

151 2219 242 2260 rum
260 2203 476 2260 ordinem
504 2204 728 2268 nescio;
758 2213 814 2260 et
840 2205 1178 2261 tumultuosis
1216 2206 1556 2262 varietatibus
1598 2207 1681 2262 di-

153 2295 360 2350 laniatum
394 2295 756 2366 cogitationes
805 2310 971 2362 mete,
1027 2295 1209 2351 intima
1248 2296 1449 2352 viscera
1487 2297 1678 2352 animae

155 2403 272 2454 nee,
292 2388 442 2444 donec
471 2389 527 2444 in
555 2396 616 2446 te
660 2386 922 2443 conﬂuant
952 2398 1202 2460 purgatus
1226 2398 1281 2444 et
1304 2387 1531 2460 liquidus
1558 2388 1679 2460 igne

154 2480 305 2535 amoris
327 2480 414 2534 tui.

677 2549 904 2608 CAPUT
942 2550 1110 2607 XXX.

181 2639 370 2713 (languit
395 2660 600 2700 rursum
633 2643 987 2712 obtrectantes,
1015 2644 1136 2715 quid
1163 2645 1332 2715 fecerit
1372 2644 1507 2699 Deus
1530 2653 1645 2701 ante

618 2735 796 2789 mundi
840 2735 1158 2789 creationem.

208 2825 277 2879 ιο.
297 2824 353 2880 Et
377 2827 523 2883 stabo
561 2836 730 2898 atque
757 2827 1024 2883 solidabor
1053 2829 1102 2882 in
1127 2836 1177 2882 te
1196 2869 1210 2894 ,
1244 2825 1298 2883 in
1328 2827 1495 2884 forma
1521 2843 1638 2885 mea
1661 2871 1678 2898 ,

164 2918 328 2972 veritate
359 2927 473 2983 tua;
523 2934 635 2975 nec
674 2918 846 2989 patiar
888 2919 1207 2988 qumstiones
1252 2919 1560 2987 hominum,
1590 2922 1683 2992 qui

167 3009 310 3076 βρωιὶ
335 3010 509 3066 morbo
533 3011 662 3080 plus
704 3011 888 3066 sitiunt
909 3025 1067 3081 quam
1108 3012 1320 3082 capiunt
1364 3021 1417 3067 et
1454 3012 1679 3083 dicunt,

167 3095 262 3164 Quid
283 3099 484 3156 iaciebat
518 3101 671 3157 Deus
716 3111 996 3172 antequam
1045 3102 1244 3158 faceret
1267 3103 1461 3160 calum
1491 3113 1547 3159 et
1570 3112 1682 3160 ter-

167 3191 280 3244 nm?
302 3195 390 3248 Aut
414 3193 535 3264 quid
570 3193 628 3249 ei
659 3195 804 3248 venit
849 3193 903 3248 in
949 3203 1180 3250 mentem
1202 3237 1218 3262 ,
1246 3201 1303 3249 ut
1324 3193 1519 3265 aliquid
1545 3193 1686 3251 lacc-

170 3292 251 3346 ret,
273 3299 371 3339 cum
393 3294 540 3340 antea
565 3301 841 3356 nunquam
867 3285 1062 3357 aliquid
1084 3286 1307 3342 fecerit?
1336 3287 1408 3341 Da
1428 3288 1550 3356 illis,
1583 3289 1683 3345 Do-

173 3374 447 3440 mine,bene
480 3378 729 3448 cogitare
777 3376 904 3448 quid
946 3377 1154 3443 dicant,
1195 3387 1250 3434 et
1288 3379 1523 3436 invenire
1562 3382 1684 3452 quia

175 3476 256 3516 non
275 3464 450 3533 dicitur,
495 3467 789 3537 Nunquam
808 3509 822 3533 ,
864 3468 953 3523 ubi
985 3483 1089 3523 non
1112 3477 1196 3524 est
1225 3479 1451 3540 tempus.
1493 3471 1645 3538 Quod
1663 3472 1684 3504 ⁸

186 3567 285 3622 ergo
304 3554 465 3627 dicitur,
491 3574 775 3629 nunquam
801 3557 992 3615 fecisse
1009 3600 1022 3624 ,
1059 3559 1185 3630 quid
1211 3560 1354 3616 aliud
1376 3561 1567 3618 dicitur
1585 3563 1686 3619 nisi

232 3687 418 3752 ἔδωκας
435 3699 479 3744 at
505 3691 652 3752 Edd.,
669 3690 889 3743 intentus.

223 3747 335 3820 39$,
551 3747 698 3802 corb.
722 3761 773 3802 et
788 3753 869 3820 alii
886 3767 982 3803 non
997 3755 1296 3820 deteriores,
1315 3754 1529 3809 dissolui.

221 3807 334 3870 ἀί,
351 3807 474 3874 justi
487 3823 568 3865 Er.
595 3822 718 3865 Ven.
738 3815 883 3878 Lugd.
911 3824 1039 3866 Μαι-ι.
1067 3823 1119 3865 et
1139 3807 1603 3871 nondICumsﬂtuss.
1631 3830 1684 3872 Μ.

1291 298 1294 300 ’
1391 339 1595 400 uses
1622 338 2077 400 DUODECIMUS.

1774 455 1922 512 nullo
1950 465 2190 528 tempore
2217 454 2685 515 fecisse‘lVideant
2707 455 2887 527 itaque
2908 451 3115 510 nullum
3140 459 3356 523 tempus

1773 562 1895 602 esse
1921 561 2078 616 posse
2103 547 2220 603 sine
2245 557 2510 614 creatura,
2537 557 2590 603 et
2615 546 2859 602 desinant
2886 545 3043 600 istam
3066 541 3355 598 vanitatem

1777 639 1943 708 loqui.
1977 638 2351 695 Extendantur
2378 641 2539 695 etiam
2565 640 2616 694 in
2641 653 2708 694 ea
2737 653 2857 709 quae
2874 645 2998 692 ante
3017 643 3178 704 sunt,
3197 643 3253 691 et
3276 633 3357 690 in-

1775 730 2014 803 telligant
2059 740 2113 788 te
2139 742 2264 788 ante
2289 733 2466 788 omnia
2502 741 2737 802 tempora
2783 740 3039 787 aeternum
3062 739 3359 785 moratorem

1777 825 2012 879 omnium
2041 834 2335 896 temporum
2356 865 2372 892 ,
2399 839 2569 896 neque
2591 823 2696 879 ulla
2721 831 2960 892 tempora
2983 820 3079 876 tibi
3106 834 3226 876 esse
3258 833 3354 874 co-

1779 924 2000 984 aeterna,
2041 931 2140 972 nec
2161 917 2322 972 ullam
2348 927 2670 984 creaturam,
2703 914 2863 972 etiam
2886 915 2930 969 si
2955 921 3040 969 est
3062 911 3236 984 aliqua
3263 925 3356 967 su-

1780 1023 1874 1080 pra
1896 1017 2153 1080 tempora.

2341 1078 2567 1134 CAPUT
2604 1076 2798 1134 XXXI.

1923 1149 2186 1215 Quomodo
2207 1149 2461 1220 cognoscit
2488 1147 2657 1216 Deus,
2683 1145 2930 1219 quomodo
2966 1154 3216 1200 crattura.

1854 1243 1943 1298 ll.
1974 1243 2196 1298 Domine
2222 1242 2360 1297 Deus
2389 1254 2538 1296 meus
2556 1280 2573 1308 ,
2605 1239 2725 1309 quis
2750 1237 2836 1294 ille
2875 1238 3021 1294 sinus
3046 1245 3131 1294 est
3153 1235 3245 1291 alti
3268 1250 3358 1293 se-

1781 1333 1910 1388 creti
1942 1333 2049 1400 tui,
2080 1341 2134 1387 et
2159 1347 2314 1402 quam
2352 1331 2507 1401 longe
2534 1328 2656 1384 inde
2684 1343 2770 1382 me
2807 1327 3144 1398 proiecerunt
3167 1340 3358 1382 course-

1781 1424 1994 1494 quentia
2036 1422 2346 1478 delictorum
2392 1419 2666 1476 meorum?
2691 1418 2829 1474 Sana
2855 1417 3041 1472 oculos
3067 1431 3215 1472 meos
3237 1459 3254 1484 ,
3302 1425 3359 1473 et

1783 1515 2140 1587 congaudeam
2171 1514 2274 1570 luci
2304 1522 2427 1568 tuae.
2450 1513 2607 1569 Certe
2627 1511 2673 1567 si
2699 1519 2782 1567 est
2802 1519 2906 1565 tam
2931 1508 3115 1581 grandi
3142 1508 3360 1564 scientia

1782 1619 1836 1664 et
1865 1607 2191 1679 pnescientia
2229 1607 2436 1678 pollens
2475 1606 2685 1661 animus
2705 1646 2721 1670 ,
2766 1605 2852 1661 cui
2881 1612 3072 1660 cuncta
3100 1603 3362 1674 pneterita

1784 1709 1839 1754 et
1866 1698 2036 1754 futura
2062 1698 2135 1753 ita
2160 1707 2282 1753 nota
2313 1698 2439 1764 sint,
2464 1697 2604 1752 sicut
2633 1695 2765 1751 mihi
2793 1710 2956 1751 unum
2982 1695 3244 1750 canticum
3267 1708 3363 1749 no-

1785 1792 2076 1858 tissimum;
2127 1792 2348 1847 nimium
2397 1790 2655 1846 mirabilis
2680 1799 2765 1845 est
2802 1789 3016 1844 animus
3044 1788 3176 1852 iste,
3205 1797 3364 1858 atque

1784 1883 1851 1938 ad
1881 1884 2159 1938 horrorem
2189 1880 2482 1954 stupendus
2517 1899 2531 1937 :
2557 1881 2751 1952 quippe
2775 1894 2935 1951 quem
2970 1880 3041 1934 ita
3075 1893 3178 1934 non
3206 1877 3365 1934 lateat

1784 1973 2033 2044 quidquid
2055 1981 2325 2044 peractum
2343 2013 2361 2040 ,
2390 1983 2443 2028 et
2475 1970 2727 2044 quidquid
2756 1972 3022 2042 reliquum
3050 1971 3364 2026 saeculorum

1784 2074 1899 2126 est:
1928 2065 2372 2137 quemadmodum
2387 2079 2473 2120 me
2497 2079 2604 2120 non
2626 2067 2752 2119 latet
2772 2072 3073 2119 cantantem
3100 2061 3227 2117 illud
3246 2076 3365 2117 can.

1784 2158 1943 2214 ticum
1966 2200 1981 2226 ,
2010 2156 2136 2229 quid
2162 2165 2216 2212 et
2234 2165 2486 2227 quantum
2517 2155 2632 2225 ejus
2655 2153 2846 2209 abierit
2868 2154 2936 2208 ab
2954 2151 3172 2208 exordio
3190 2193 3206 2218 ,
3237 2151 3364 2221 quid

1785 2258 1838 2304 et
1865 2257 2114 2320 quantum
2146 2255 2311 2303 restet
2344 2245 2410 2301 ad
2437 2245 2618 2300 ﬁnem.
2645 2243 2753 2300 Sed
2780 2242 2919 2298 absit
2956 2251 3015 2297 ut
3039 2252 3096 2297 tu
3121 2242 3365 2297 conditor

1787 2337 2146 2393 universitatis
2165 2379 2181 2403 ,
2213 2336 2458 2392 conditor
2484 2335 2778 2390 animarum
2816 2342 2872 2390 et
2894 2347 3197 2405 corporum,
3225 2332 3368 2388 absit

1786 2439 1845 2486 ut
1869 2430 1940 2485 ita
1969 2429 2182 2484 noveris
2220 2427 2397 2483 omnia
2447 2426 2623 2482 futura
2650 2433 2705 2482 et
2732 2424 3016 2496 praeterita.
3060 2423 3241 2494 Longe
3266 2431 3321 2477 tu
3344 2462 3361 2489 ,

1785 2521 1940 2594 longe
1965 2520 2276 2586 mirabilius,
2306 2519 2566 2591 longeque
2585 2518 2860 2574 secretius.
2882 2516 3062 2586 Neque
3088 2516 3232 2571 enim
3259 2515 3364 2571 sic-

1787 2623 1844 2669 ut
1885 2623 2010 2669 nota
2034 2613 2298 2668 cantantis
2334 2620 2586 2666 notumve
2613 2611 2878 2666 canticum
2921 2607 3219 2674 audientis,
3259 2621 3360 2664 ex-

1786 2706 2114 2778 spectatione
2137 2720 2328 2760 vocum
2367 2703 2664 2759 futurarum
2706 2712 2760 2758 et
2788 2701 3043 2757 memoria
3072 2699 3366 2770 prmterita-

1788 2814 1904 2855 rum
1934 2798 2168 2853 variatur
2195 2796 2418 2852 allectus
2437 2830 2460 2861 ,-
2477 2809 2772 2866 sensusque
2799 2792 3146 2859 distenditur;
3177 2793 3246 2847 ita
3273 2791 3368 2848 tibi

1788 2888 1982 2960 aliquid
2009 2888 2197 2944 accidit
2217 2885 2717 2943 incommutabiliter
2737 2894 2961 2952 aeterno,
2991 2884 3093 2940 hoc
3110 2891 3214 2950 est,
3240 2898 3369 2940 vere

1788 2992 1989 3038 :eterno
2013 2981 2241 3036 creatori
2272 2980 2548 3036 mentium.
2597 2977 2745 3035 Sicut
2771 2993 2898 3048 ergo
2922 2977 3060 3033 nosti
3085 2978 3138 3033 in
3165 2976 3366 3048 princi-

1792 3076 1878 3144 pio
1904 3073 2097 3129 caelum
2127 3081 2182 3129 et
2215 3081 2410 3128 terram
2430 3072 2565 3126 ’sine
2607 3070 2861 3125 varietate
2891 3069 3090 3125 notitiae
3120 3076 3256 3135 tute,
3295 3068 3370 3125 ita

1795 3165 1965 3220 fecisti
1988 3166 2041 3219 in
2071 3165 2327 3235 principio
2345 3163 2537 3220 celum
2560 3171 2612 3219 et
2639 3172 2831 3218 terram
2861 3165 2977 3217 sine
2999 3160 3320 3218 distentione
3346 3162 3367 3194 ⁸

1791 3256 2012 3311 actionis
2045 3266 2164 3309 tuae.
2197 3254 2297 3322 Qui
2343 3254 2620 3324 intelligit,
2652 3253 2967 3309 conﬁteatur
3009 3251 3145 3317 tibi;
3187 3260 3242 3307 et
3276 3252 3369 3323 qui

1792 3364 1897 3404 non
1929 3347 2201 3417 intelligit,
2227 3345 2542 3400 conﬁteatur
2567 3343 2679 3399 tibi.
2706 3344 2748 3399 Ο
2770 3359 2927 3414 quam
2947 3342 3190 3399 excelsus
3209 3358 3289 3410 es,
3316 3351 3372 3399 et

1794 3439 2019 3494 humiles
2046 3437 2207 3492 corde
2246 3445 2371 3491 sunt
2396 3435 2586 3490 domus
2614 3435 2730 3489 tua!
2757 3433 2838 3490 Tu
2859 3434 3000 3490 enim
3025 3433 3185 3505 erigis
3211 3431 3372 3489 elisos

1794 3528 1964 3604 (Psal.
1988 3526 2311 3599 chv,8),et
2335 3543 2439 3583 non
2468 3526 2662 3583 cadunt
2681 3541 2906 3596 quorum
2926 3524 3185 3581 celsitudo
3210 3531 3266 3579 tu
3288 3538 3368 3580 es.

1857 3643 1874 3673 ι
1896 3647 1944 3708 tu
1967 3637 2173 3708 vulgatis
2189 3644 2246 3708 _et
2267 3636 2450 3708 aliquot
2471 3645 2597 3708 uss,
2618 3635 2721 3708 sine
2740 3633 3068 3708 distinctione;
3097 3642 3147 3686 at
3176 3635 3226 3684 in
3265 3641 3370 3688 Mss.

1795 3700 2015 3766 pluribus
2036 3696 2088 3749 e't
2105 3698 2323 3766 melioris
2330 3696 2477 3766 motae
2498 3696 2724 3766 habetur,
2861 3696 3143 3749 distentione
3161 3709 3185 3766 _:
3206 3709 3375 3766 cutiscf

1793 3757 2032 3830 quentius
2057 3773 2199 3830 porro
2219 3763 2279 3811 ad
2311 3759 2429 3830 illud
2457 3761 2601 3830 quod
2625 3757 2881 3822 praecedit:
2916 3772 3066 3830 neque
3252 3757 3375 3811 sieta

1797 3818 1911 3875 nota
1926 3818 2194 3875 cantantis"
2203 3859 2215 3872 .
2234 3820 2449 3874 variatur
2463 3818 2660 3885 directus
2674 3834 2930 3886 sensimque
2947 3818 3246 3873 distenditur.

180 3951 3357 3987 ____________________________________

923 4040 1406 4147 LIBER
1474 4045 1584 4148 D
1606 4043 2346 4152 UODECIJH
2363 4047 2563 4154 US.

373 4208 476 4274 tum:
496 4203 954 4274 interpretationem
971 4199 1187 4274 _hujusee
1210 4202 1435 4274 versiculi
1448 4239 1463 4264 ,
1491 4213 1544 4254 In
1565 4202 1802 4270 principio
1822 4203 1934 4274 fecit
1959 4213 2084 4274 Deus
2105 4201 2275 4274 oletum
2297 4209 2344 4255 et
2363 4209 2557 4274 terram.
2582 4204 2680 4274 Illic
2708 4207 2903 4255 nomine
2924 4205 3034 4257 ctrti

172 4261 273 4334 Elii
582 4261 664 4313 vel
688 4261 1068 4313 intellectualem
1091 4261 1219 4313 illam
1241 4261 1538 4334 creaturam,
1691 4261 1887 4332 semper
1907 4267 2080 4334 _t‘acie_m
2101 4267 2186 4315 Dei
2204 4263 2571 4334 contemplatur;
2597 4273 2742 4334 terra:
2777 4261 3204 4334 autem__vocab'ulo
3225 4267 3370 4334 infor-

172 4325 273 4392 ΙΞΩῘ
299 4325 558 4392 metet-iatn,
603 4338 667 4392 e_x
691 4337 788 4388 qua
822 4337 989 4392 rerum
1009 4337 1347 4392 corpu-earum
1369 4325 1562 4392 species
1580 4325 1779 4392 luerunt
1798 4325 2003 4392 posthac
2017 4329 2248 4392 formatae.
2275 4325 2448 4377 Ver-uin
2471 4325 2589 4392 alias
2625 4329 2972 4392 interpretandi
2993 4331 3206 4379 rationes
3225 4327 3372 4378 haud.

172 4387 357 4442 Mum
377 4385 866 4448 improbandas'esse;
891 4388 987 4436 imo
1011 4398 1076 4435 ex
1096 4385 1348 4450 Scriptura:

1423 4391 1544 4440 vina:
1567 4389 1887 4452 profunditate
1909 4389 2224 4453 multiplicem
2246 4402 2390 4452 posse
2415 4391 2522 4440 erui
2543 4402 2741 4442 sensum
2757 4389 3030 4442 'coniitetur.

1471 4518 2029 4598 ww

627 4659 852 4716 CAPUT
891 4660 1170 4716 PRIMUM.

559 4790 789 4862 Diﬁcilis
838 4792 1090 4862 inquisitio
1130 4794 1250 4846 veri.

233 4914 274 4969 l.
295 4915 436 4975 llulta
464 4925 653 4994 satagit
671 4938 767 4979 cor
792 4939 991 4991 meum,
1021 4924 1262 4990 Domine,
1314 4926 1366 4981 in
1393 4925 1490 4982 hac
1517 4927 1692 4998 inopia

182 4999 274 5099 γξα
294 5021 408 5099 mea
431 5014 690 5081 pulsatum
719 5015 898 5071 verbis
935 5023 1133 5070 sanctae
1153 5015 1440 5087 Scriptum
1469 5027 1571 5073 tum
1595 5037 1609 5075 :
1639 5029 1693 5073 et

184 5088 273 5148 i‘00
294 5098 576 5175 plerumque
616 5105 670 5160 in
714 5121 962 5161 sermone
987 5107 1203 5176 copiosa
1228 5117 1311 5163 est
1339 5116 1547 5179 egestas
1591 5110 1692 5164 hu-

185 5195 316 5244 mana:
367 5193 747 5269 intelligentiae;
811 5199 932 5269 quia
980 5200 1094 5269 plus
1141 5201 1371 5271 loquitur
1425 5202 1693 5273 inquisitio

185 5285 306 5372 titiam
329 5281 556 5356 inventio,
583 5298 639 5345 et
677 5287 884 5360 longior
922 5299 1005 5346 est
1031 5292 1212 5362 petitio
1251 5309 1407 5363 quam
1439 5294 1690 5364 impetra-

188 5367 319 5431 ιῖονει
337 5380 590 5443 operosior
624 5389 707 5435 est
726 5394 916 5435 manus
926 5381 1141 5452 pulsans
1153 5399 1308 5453 quam
1329 5399 1562 5438 sumens.
1581 5384 1692 5441 Te-

193 5464 644 5545 Wpromissum
660 5486 674 5535 ;
689 5472 808 5542 quis
828 5480 1132 5542 corrumpet
1163 5473 1329 5528 illud?
1359 5473 1415 5529 Si
1437 5475 1577 5529 Deus
1595 5490 1692 5545 pro

189 5541 322 5635 ορδίι.
341 5555 448 5622 quis
465 5569 647 5616 contra
673 5541 968 5635 nos(Rom.
1009 5541 1122 5630 vtu,
1151 5565 1212 5620 3i
1229 5565 1290 5634 )?
1320 5563 1504 5632 Petito,
1536 5576 1582 5620 et
1595 5541 1692 5619 1w.

151 5723 160 5741 ,
381 5653 588 5741 Mite,
607 5664 657 5710 et
694 5632 988 5720 invenietis;
1012 5632 1237 5728 pulsate,
1259 5667 1305 5713 et
1323 5658 1575 5727 aperietur
1599 5675 1688 5714 vo-

193 5721 265 5783 δίε.
302 5730 454 5798 Omnis
473 5745 600 5803 αιίπι
623 5745 713 5815 qui
749 5747 871 5817 petit
895 5721 1074 5819 accipit
1097 5790 1111 5817 ,
1155 5760 1201 5804 et
1213 5721 1454 5820 Iomanen:
1481 5750 1687 5820 inuenit,

1797 4672 1844 4716 et
1872 4661 2098 4732 pulsanti
2139 4661 2430 4734 aperietur(
2449 4663 2634 4719 Hatth.
2663 4680 2757 4733 vn,
2791 4665 2841 4731 7,
2867 4665 2955 4737 8).
2992 4665 3258 4725 Promissa
3281 4677 3374 4727 tua

1796 4762 1953 4821 sunt;
1975 4763 2029 4810 et
2051 4753 2170 4823 quis
2191 4753 2302 4810 falli
2323 4754 2524 4821 timeat,
2546 4771 2666 4811 cum
2685 4757 2944 4828 promittit
2959 4757 3200 4815 Veritas?

2404 4865 2631 4923 CAPUT
2668 4867 2732 4923 ll.

2218 4933 2295 4990 De
2331 4935 2523 5007 duplici
2556 4937 2682 4993 calo
2719 4949 2762 4994 et
2793 4949 2948 4995 terra.

1865 5023 1921 5077 2-
1947 5022 2239 5080 Contitetur
2265 5025 2531 5082 altitudini
2565 5036 2670 5083 tum
2710 5030 2980 5088 humilitas
3003 5031 3194 5106 linguze
3217 5051 3368 5105 mem,

1795 5114 2040 5186 quoniam
2093 5123 2148 5170 tu
2191 5113 2358 5172 fecisti
2410 5118 2604 5174 malum
2650 5127 2707 5175 et
2764 5131 2990 5188 terram;
3039 5122 3143 5181 hoc
3180 5129 3375 5185 omium

1796 5205 1936 5275 quod
1986 5204 2161 5272 video,
2206 5215 2510 5278 terramque
2553 5225 2710 5280 quam
2757 5211 2922 5278 calco,
2952 5213 3096 5270 unde
3140 5225 3221 5271 est
3261 5218 3376 5273 haec

1797 5304 1933 5350 terra
1958 5310 2115 5366 quam
2143 5306 2317 5366 porto,
2347 5305 2404 5352 tu
2430 5298 2618 5355 fecisti.
2647 5301 2751 5357 Sed
2780 5303 2868 5359 ubi
2893 5314 2976 5360 est
3004 5305 3200 5360 coelum
3226 5307 3372 5372 omli,

1798 5386 2040 5454 Domine,
2087 5386 2155 5442 de
2183 5403 2290 5458 quo
2327 5389 2627 5447 audivimus
2667 5393 2720 5448 in
2749 5409 2882 5450 voce
2919 5395 3110 5450 Psalmi
3140 5411 3156 5447 :
3182 5391 3375 5450 οωιωκ

1794 5480 1905 5534 cali
1927 5477 2183 5545 Domino;
2207 5489 2394 5536 terram
2412 5493 2581 5538 autem
2609 5485 2745 5540 dedit
2767 5487 2891 5555 ﬁliis
2909 5485 3164 5539 hominum
3186 5485 3206 5554 (
3225 5483 3370 5542 Psal.

1793 5585 1941 5638 cxnt,
1970 5571 2113 5642 16)?
2138 5570 2241 5630 Ubi
2285 5582 2369 5629 est
2399 5575 2592 5631 omium
2629 5575 2772 5644 quod
2818 5590 2923 5630 non
2960 5573 3247 5642 cernimus,
3287 5579 3375 5632 cui

1795 5672 1932 5718 terra
1957 5671 2041 5719 est
2068 5663 2169 5720 hoc
2186 5679 2346 5722 omne
2390 5666 2532 5737 quod
2555 5665 2856 5724 cernimus?
2881 5663 2996 5720 Hoc
3028 5661 3170 5716 enim
3200 5671 3374 5722 totum

1793 5767 2105 5826 corporeum
2129 5796 2146 5824 ,
2177 5771 2285 5814 non
2331 5757 2526 5828 ubique
2565 5765 2730 5817 totum
2761 5756 2836 5812 ita
2880 5753 3080 5822 accepit
3122 5757 3366 5822 speciem
