3880 6380
531 506 813 577 longinqua
838 502 974 559 facta
1001 508 1101 567 est,
1129 500 1175 555 si
1195 497 1304 571 jam
1332 496 1444 552 sitit
1466 494 1595 561 tibi;
1623 493 1669 548 si
1690 493 1799 563 jam
1822 489 1970 544 factae
1988 493 2112 540 sunt

531 601 580 657 ei
622 601 871 671 lacryma:
908 611 1021 651 sua:
1058 594 1243 666 panis,
1273 591 1399 647 dum
1429 589 1626 645 dicitur
1658 586 1707 641 ei
1755 599 1848 655 per
1875 580 2111 653 singulos

530 690 667 759 dies,
701 687 796 745 Ubi
840 695 921 743 est
956 684 1098 741 Deus
1122 693 1241 738 tuus
1270 680 1439 750 (Psal.
1472 695 1579 742 xu,
1606 678 1661 743 5,
1688 677 1745 743 4,
1780 673 1908 744 II)?
1934 671 1979 727 si
2000 671 2111 740 jam

529 782 713 857 petita
739 790 790 838 te
818 794 975 835 unam
1000 786 1055 834 et
1074 777 1209 831 hanc
1225 773 1464 846 requirit,
1488 781 1545 826 ut
1584 768 1841 825 inhabitet
1878 765 1931 820 in
1952 764 2111 819 domo

530 886 617 930 tua
644 888 740 945 per
760 886 945 928 omnes
968 869 1083 925 dies
1108 868 1229 922 vita:
1254 880 1365 921 sum
1388 861 1558 937 (Psal.
1581 877 1726 928 xxvi,
1749 861 1806 931 4)
1832 877 1844 912 :
1870 858 1971 931 (Et
1993 870 2111 928 quae

534 968 637 1024 vita
667 966 786 1038 ejus
813 964 915 1020 nisi
945 962 1036 1018 tu?
1066 971 1119 1018 et
1143 961 1230 1030 qui
1258 959 1374 1015 dies
1416 957 1489 1013 tui
1534 954 1634 1010 nisi
1676 952 1945 1009 aatcrnitas
1979 959 2067 1005 tua
2090 990 2107 1017 ,

534 1061 667 1118 sicut
707 1057 830 1114 anni
874 1058 950 1114 tui
993 1055 1081 1126 qui
1126 1068 1230 1109 non
1260 1050 1531 1115 deficiunt,
1563 1047 1684 1119 quia
1723 1046 1862 1101 idem
1898 1044 2013 1114 ipse
2051 1057 2111 1099 es

544 1149 702 1226 szal.
724 1164 797 1215 et,
816 1144 974 1221 28])?
996 1146 1119 1201 hinc
1143 1158 1270 1215 ergo
1292 1142 1547 1212 intelligat
1569 1138 1741 1193 anima
1768 1152 1886 1208 quae
1914 1145 2107 1207 potest,

534 1225 691 1313 quam
716 1240 876 1310 longe
890 1252 1051 1308 super
1066 1234 1240 1290 omnia
1264 1241 1502 1303 tempora
1527 1229 1600 1285 sis
1620 1239 1881 1294 aeternus;
1898 1225 2110 1297 quando

533 1342 620 1388 tua
646 1332 838 1387 domus
866 1344 987 1401 qua:
1013 1324 1349 1398 peregrinata
1378 1338 1483 1378 non
1503 1330 1605 1385 est,
1635 1319 1875 1392 quamvis
1906 1332 2010 1372 non
2040 1316 2112 1371 sit

530 1426 627 1485 tibi
655 1433 943 1488 coaeterna,
968 1431 1143 1477 tamen
1174 1417 1535 1474 indesinenter
1553 1420 1611 1469 et
1631 1412 1992 1468 indelicienter
2015 1409 2109 1464 tibi

530 1516 851 1573 cohaerendo
891 1514 1092 1570 nullam
1124 1510 1319 1584 patitur
1346 1506 1761 1565 vicissitudinem
1793 1513 2105 1573 temporum.

532 1609 647 1666 Hoc
670 1609 723 1664 in
753 1615 1043 1678 conspectu
1072 1614 1162 1661 tuo
1187 1605 1352 1660 claret
1376 1600 1529 1667 mihi,
1569 1606 1623 1654 et
1645 1597 1812 1668 magis
1839 1595 2110 1666 magisque

529 1701 805 1767 clarescat,
833 1715 929 1756 oro
971 1708 1043 1764 te,
1073 1707 1232 1767 atque
1261 1695 1317 1750 in
1360 1694 1459 1748 hac
1506 1689 1933 1747 manifestatiune
1983 1701 2107 1757 per-

530 1793 711 1849 sistam
737 1791 944 1848 sobrius
968 1789 1065 1845 sub
1089 1787 1189 1843 alis
1215 1786 1340 1841 tuis.
1392 1786 1401 1789 '

605 1885 693 1942 ﬂ.
726 1885 864 1940 Ecce
890 1881 1070 1938 nescio
1094 1879 1220 1951 quid
1252 1877 1477 1932 informe
1504 1876 1556 1929 in
1583 1873 1698 1928 istis
1727 1868 2110 1927 mutationibus

529 1991 708 2033 rerum
735 1984 1091 2031 extremarum
1127 1980 1285 2041 atque
1308 1967 1657 2022 infirmarum.
1706 1962 1772 2018 Et
1810 1961 1932 2032 quis
1971 1960 2111 2014 dicet

529 2067 682 2135 mihi,
715 2066 813 2121 nisi
843 2063 1081 2135 quisquis
1128 2076 1224 2130 per
1265 2058 1439 2113 inania
1488 2054 1665 2109 cordis
1703 2052 1787 2107 sui
1834 2066 1955 2106 cum
2000 2049 2109 2103 suis

528 2158 982 2233 phantasmatibus
996 2161 1216 2224 vagatur
1229 2159 1283 2207 et
1300 2149 1561 2213 volvitur;
1584 2146 1703 2217 quis
1720 2143 1820 2198 nisi
1838 2142 1957 2197 talis
1972 2140 2111 2196 dicet

528 2230 679 2319 mihi,
704 2248 844 2322 quod
867 2247 1124 2303 diminuta
1145 2252 1304 2312 atque
1328 2244 1643 2307 consumpta
1673 2234 1817 2291 omni
1842 2231 2041 2303 specie,
2063 2230 2110 2285 si

526 2342 639 2399 sola
665 2347 935 2397 remaneat
964 2336 1278 2401 informitas,
1306 2346 1403 2403 per
1422 2343 1582 2400 quam
1605 2326 1671 2382 de
1690 2324 1869 2395 specie
1899 2322 1953 2376 in
1979 2335 2108 2391 spe-

527 2435 663 2491 ciem
705 2447 794 2489 res
841 2429 1147 2485 mutabatur
1192 2433 1248 2480 et
1292 2421 1617 2485 vertebatur,
1660 2416 1826 2486 possit
1855 2413 2109 2469 exhibere

532 2528 675 2584 vices
704 2521 1036 2594 temporum?
1061 2518 1290 2576 Omnino
1318 2514 1459 2571 enim
1485 2528 1591 2567 non
1620 2516 1815 2580 potest,
1846 2507 1967 2577 quia
1996 2505 2110 2560 sine

528 2619 785 2674 varietate
814 2615 1106 2670 motionum
1136 2626 1239 2666 non
1268 2617 1392 2663 sunt
1433 2616 1668 2676 tempora
1701 2619 1713 2655 :
1744 2609 1797 2655 et
1835 2598 1976 2655 nulla
2016 2612 2107 2651 va-

535 2712 716 2776 rietas,
749 2707 836 2764 ubi
865 2706 1005 2763 nulla
1034 2703 1259 2775 species.

1147 2813 1371 2873 CAPUT
1408 2810 1523 2867 XII.

861 2894 1101 2949 (.‘reatura
1127 2887 1319 2959 duplex
1340 2900 1514 2938 carens
1538 2891 1777 2952 tenipore.

605 2988 691 3045 I5.
711 2985 914 3054 Quibus
932 2978 1280 3039 consideratis
1302 2982 1553 3047 quantum
1574 2971 1764 3035 donas,
1781 2968 1919 3023 Deus
1938 2980 2107 3033 meus,

529 3089 785 3153 quantum
836 3092 923 3133 me
965 3075 1031 3130 ad
1088 3068 1403 3143 pulsandum
1459 3066 1698 3131 excitus,
1755 3070 2112 3132 quantumque

532 3170 764 3246 pulsanti
792 3168 1002 3239 aperis;
1028 3165 1136 3220 duo
1153 3160 1362 3232 reperio
1382 3174 1500 3229 qua:
1520 3154 1691 3212 fecisti
1716 3153 1949 3208 carentia
1976 3162 2111 3206 tem-

531 3242 782 3333 poribus,
814 3273 934 3313 cum
979 3255 1072 3310 tibi
1128 3261 1374 3308 neutrum
1418 3258 1739 3304 coaeternnm
1783 3245 1869 3298 sit.
1915 3242 2109 3309 Unum,

531 3354 673 3425 quod
710 3354 781 3407 ita
820 3343 1100 3406 formatum
1128 3353 1231 3408 est,
1272 3352 1330 3397 ut
1364 3342 1479 3396 sine
1504 3339 1611 3395 ullo
1647 3337 1854 3393 defectu
1877 3343 2112 3389 contem-

535 3443 805 3516 plationis,
846 3441 961 3495 siue
1008 3438 1115 3493 ullo
1154 3433 1433 3491 intervallo
1476 3427 1814 3493 mutationis,
1873 3426 2113 3496 quamvis

536 3536 786 3595 mutabile
829 3544 1004 3590 tamen
1052 3546 1157 3587 non
1204 3536 1483 3591 mutatum,
1513 3535 1599 3580 tua
1629 3522 1920 3578 :elernitate
1955 3529 2115 3591 atque

537 3628 1064 3687 incommutabilitate
1093 3623 1398 3696 perfruatur
1427 3638 1439 3673 :
1469 3619 1694 3674 alterum
1737 3614 1877 3687 quod
1920 3614 1989 3668 ita
2035 3614 2115 3668 in-

537 3722 708 3778 formo
735 3728 884 3786 erat,
934 3727 991 3773 ut
1036 3732 1101 3772 ex
1148 3729 1251 3786 qua
1293 3713 1481 3771 forma.
1512 3707 1565 3765 in
1594 3724 1749 3779 quam
1780 3706 2001 3762 formam
2030 3706 2117 3761 vel

539 3812 787 3869 motionis
813 3810 895 3865 vel
922 3807 1166 3864 stationis
1192 3812 1506 3870 mutaretur,
1537 3816 1643 3872 quo
1669 3798 1893 3869 tempori
1922 3796 2117 3852 subde-

540 3912 706 3968 retur,
737 3917 843 3957 non
872 3899 1109 3955 haberet.
1140 3895 1247 3953 Sed
1278 3896 1380 3950 hoc
1403 3901 1462 3948 ut
1488 3890 1716 3947 informe
1744 3897 1883 3945 esset
1907 3903 2012 3943 non
2034 3902 2117 3942 re-

538 3997 759 4069 liquisti,
791 3993 1040 4067 quoniam
1070 3989 1243 4047 fecisti
1271 3996 1394 4043 ante
1417 3999 1631 4040 omnem
1657 3983 1819 4049 diem,
1842 3982 1893 4036 in
1918 3979 2115 4049 princi-

546 4089 634 4162 pio
659 4088 852 4144 caelum
893 4094 948 4141 et
982 4087 1198 4150 terram,
1228 4080 1341 4135 haec
1367 4078 1472 4133 duo
1498 4090 1618 4148 quas
1645 4074 1905 4131 dicebam.
1950 4072 2118 4127 Terra

545 4188 722 4237 autem
745 4176 1019 4234 invisibilis
1044 4182 1159 4231 erat
1176 4183 1230 4228 et
1246 4169 1680 4240 incomposita,et
1701 4165 1933 4222 tenebrae
1961 4178 2119 4233 super

539 4276 809 4347 abyssum.
859 4269 1060 4338 Quibus
1107 4266 1283 4322 verbis
1331 4262 1628 4318 insinuatur
1679 4257 2017 4323 informitas,
2064 4264 2121 4310 ut

541 4367 799 4439 gradatim
840 4363 1187 4435 excipiantur,
1215 4360 1304 4430 qui
1331 4354 1692 4413 omnimodam
1724 4352 1918 4427 speciei
1948 4351 2121 4421 priva-

543 4460 740 4516 tionem
766 4471 865 4512 nec
890 4466 1067 4511 tamen
1092 4451 1161 4507 ad
1187 4449 1316 4506 nihil
1339 4447 1741 4521 perventiouem
1765 4444 1995 4515 cogitare
2016 4455 2120 4495 non

543 4532 781 4621 possunt,
813 4544 953 4601 unde
980 4543 1134 4599 fleret
1156 4541 1382 4595 alterum
1407 4535 1621 4602 emtum,
1655 4543 1706 4590 et
1734 4543 1872 4589 terra
1898 4530 2122 4586 visibilis

542 4652 699 4712 atque
738 4636 1051 4707 composita,
1086 4644 1140 4690 et
1163 4647 1296 4704 aqua
1321 4630 1582 4702 speciosa,
1610 4632 1665 4682 et
1689 4623 1939 4696 quidquid
1970 4622 2121 4678 dein-

545 4749 670 4804 ceps
698 4734 748 4788 in
787 4729 1163 4786 constitutione
1203 4726 1360 4795 hujus
1397 4720 1578 4778 mundi
1630 4734 1734 4775 non
1777 4718 1895 4773 sine
1938 4716 2125 4771 diebus

547 4826 740 4880 factum
763 4829 1233 4885 commemoratur;
1256 4819 1377 4890 quia
1402 4815 1525 4871 talia
1550 4822 1673 4869 sunt
1702 4821 1759 4867 ut
1786 4811 1837 4866 in
1865 4811 1939 4866 eis
1958 4825 2124 4879 agan-

552 4929 637 4974 tur
678 4915 1069 4972 vicissitudines
1095 4923 1415 4983 temporum,
1445 4918 1660 4979 propter
1685 4904 1951 4960 ordinatas
1972 4916 2122 4958 com-

557 5007 877 5065 mutationes
904 5006 1194 5061 motionum
1222 5012 1380 5073 atqne
1409 5000 1716 5055 formarum.

1183 5113 1409 5171 CAPUT
1445 5111 1585 5167 XIII.

532 5178 656 5270 ‘Iur
680 5211 789 5266 sine
816 5209 1008 5263 dierum
1038 5204 1509 5261 commemoratione
1532 5202 1654 5255 dicit
1688 5200 1972 5270 Scriptura,
1994 5198 2130 5269 quod

766 5282 820 5335 in
848 5278 1098 5351 principio
1122 5276 1236 5348 fecit
1263 5275 1397 5329 Deus
1418 5274 1597 5328 corium
1623 5282 1666 5325 et
1690 5281 1890 5325 terram.

625 5375 713 5431 ili.
742 5372 857 5429 Hoc
882 5369 1092 5426 interim
1123 5367 1313 5428 sentio,
1344 5364 1482 5419 Deus
1511 5377 1680 5425 meus,
1707 5375 1826 5415 cum
1857 5359 2013 5412 audio
2048 5358 2130 5412 lo-

553 5476 803 5543 quentem
842 5461 1171 5531 Scripturam
1219 5468 1361 5512 tuam
1387 5495 1403 5521 ,
1434 5452 1499 5509 In
1546 5452 1789 5525 principio
1844 5451 1959 5523 fecit
1994 5447 2133 5503 Deus

553 5542 733 5619 calum
757 5567 804 5613 et
832 5566 1019 5613 terram
1044 5560 1213 5608 :terra
1254 5558 1421 5603 autem
1453 5554 1560 5602 erat
1585 5542 1847 5598 invisibilis
1870 5548 1916 5595 et
1942 5542 2136 5595 incom-

556 5653 739 5725 μείω,
761 5659 807 5706 et
836 5647 1048 5704 tenebrat
1070 5652 1215 5701 erant
1235 5657 1387 5713 super
1412 5639 1649 5711 abyssum
1677 5632 1825 5709 (Gen.
1852 5649 1890 5697 ι,
1924 5631 2002 5706 I),
2034 5648 2133 5687 ne-

558 5760 664 5823 que
701 5748 1205 5805 commemorantem
1248 5744 1409 5809 quoto
1437 5734 1521 5790 die
1558 5729 1748 5788 feceris
1773 5727 1905 5783 haec.
1936 5725 2025 5782 Sic
2050 5726 2136 5781 in-

563 5820 719 5896 terim
762 5835 952 5899 sentio.
1000 5841 1213 5901 prooter
1253 5828 1377 5889 illud
1419 5830 1610 5889 emittm
1656 5826 1795 5894 coeli,
1824 5823 2013 5884 emtum
2055 5818 2139 5880 iu-

1665 366 2180 434 conrsssxouuu
2217 366 2273 425 s.
2316 365 2682 425 AUGUSTINI
3282 373 3289 386 ι
3654 360 3741 423 aa

2220 483 2534 549 tellectuale,
2562 483 2650 537 ubi
2695 490 2777 538 est
2820 481 3115 538 intellectus
3158 494 3315 538 nosse
3352 480 3522 545 simul,
3558 495 3655 538 non
3686 498 3744 543 sx

2218 586 2388 649 parte,
2422 591 2523 631 non
2576 577 2629 631 in
2672 577 2976 647 aenigmate,
3008 590 3114 631 non
3144 590 3239 646 per
3263 574 3561 645 speculum;
3588 576 3668 632 sed
3688 590 3736 641 et

2218 678 2348 734 toto,
2378 668 2430 723 in
2467 668 2886 723 manifestatiune
2907 666 2948 734 ¹,
2974 666 3104 723 facie
3144 665 3209 721 ad
3234 665 3419 721 faciem
3446 663 3627 738 (lCor.
3650 682 3741 736 nu,

2219 760 2307 833 12)
2342 780 2356 817 :
2385 776 2488 815 non
2534 760 2691 816 modo
2733 760 2834 816 hoc
2856 801 2870 827 ,
2918 759 3079 814 modo
3112 758 3275 823 illud;
3307 758 3399 813 sed
3421 758 3557 828 quod
3581 757 3745 817 dictum

2217 864 2316 921 est,
2343 868 2500 909 nosse
2521 852 2675 907 simul
2705 852 2820 907 sine
2848 851 2955 907 ulla
2981 849 3347 906 vicissitudine
3373 858 3651 920 temporum
3675 864 3747 910 :et

2218 956 2436 1019 pr0pter
2473 945 2790 1001 iuvisibilem
2831 953 2991 1013 atque
3020 942 3419 1012 incompositam
3449 952 3629 997 terram
3654 944 3748 1001 sius

2217 1040 2322 1094 ulla
2362 1037 2719 1094 vicissitudine
2749 1045 3067 1106 temporum,
3098 1051 3218 1105 qua:
3244 1034 3379 1089 solet
3401 1033 3593 1090 habere
3617 1036 3748 1093 modo

2216 1132 2319 1187 hoc
2345 1140 2399 1186 et
2426 1130 2587 1185 modo
2614 1128 2775 1195 illud;
2802 1128 2923 1199 quia
2950 1126 3041 1182 ubi
3082 1127 3225 1182 nulla
3267 1125 3497 1194 species,
3524 1142 3747 1197 nusquam

2215 1232 2298 1279 est
2324 1221 2424 1276 hoc
2450 1230 2506 1276 et
2532 1219 2681 1275 illud.
2710 1219 2933 1289 Propter
2958 1218 3063 1272 duo
3092 1217 3208 1272 haec
3239 1215 3476 1287 primitus
3502 1214 3748 1272 fomtatum

2215 1323 2269 1369 et
2312 1313 2523 1384 penitus
2563 1310 2819 1376 informe;
2852 1309 3003 1374 illud,
3029 1308 3248 1365 emtum.
3284 1308 3378 1362 sed
3402 1308 3585 1364 caelum
3618 1308 3748 1375 caeli;

2216 1404 2317 1461 hoc
2336 1420 2481 1467 vero,
2514 1412 2731 1469 terram,
2758 1401 2851 1457 sed
2878 1412 3072 1456 terram
3100 1398 3414 1455 invisibilem
3436 1407 3489 1453 et
3512 1399 3749 1469 incompo.

2215 1498 2367 1553 sitam
2400 1515 2412 1551 :
2443 1504 2657 1567 propter
2681 1495 2789 1550 duo
2817 1494 2931 1549 haec
2957 1493 3164 1548 interim
3201 1492 3374 1546 sentio
3400 1491 3513 1545 sine
3549 1506 3751 1548 comme—

2214 1588 2509 1645 moratione
2537 1588 2740 1643 dierum
2768 1586 2947 1641 dicere
2975 1583 3303 1654 Scripturam
3334 1592 3497 1649 tuam,
3516 1580 3576 1636 In
3594 1584 3751 1653 princi-

2215 1684 2299 1753 pio
2324 1683 2439 1755 fecit
2468 1680 2604 1735 Deus
2636 1681 2816 1734 caelum
2847 1688 2894 1733 et
2922 1688 3125 1732 terram.
3144 1675 3332 1732 Statim
3354 1676 3546 1747 quippe
3561 1676 3751 1746 subjecit

2214 1788 2370 1843 quam
2396 1780 2587 1827 terram
2609 1771 2822 1825 dixerit.
2853 1768 2920 1824 Et
2942 1767 3080 1840 quod
3103 1766 3337 1822 secundo
3358 1766 3445 1821 die
3467 1781 3752 1823 commemo-

2214 1874 2361 1919 ratur
2385 1864 2575 1917 factum
2607 1862 3021 1926 firmamentum,
3049 1868 3104 1915 et
3132 1865 3374 1914 vocatum
3399 1856 3622 1919 emtum;
3649 1856 3754 1912 insi-

2216 1964 2342 2009 nuat
2365 1953 2431 2009 de
2461 1969 2567 2025 quo
2594 1952 2731 2009 ccelo
2756 1952 2897 2022 prius
2922 1950 3036 2005 sine
3055 1948 3242 2004 diebus
3268 1961 3447 2002 sermo
3466 1946 3658 2001 locutus
3680 1945 3750 2001 sit.

2798 2061 3025 2118 CAPUT
3063 2059 3203 2116 XIV.

2673 2153 2953 2223 Scriptum
2989 2148 3327 2222 profunditas.

2288 2248 2373 2302 l7.
2402 2245 2531 2301 Mira
2560 2244 2889 2313 profunditas
2917 2242 3243 2313 eloquinrum
3275 2249 3483 2294 tuorum
3502 2278 3518 2306 ,
3562 2252 3751 2307 quorum

2215 2353 2337 2395 ecce
2389 2347 2510 2392 ante
2561 2352 2679 2401 nos
2707 2334 3012 2406 superficies
3058 2332 3336 2387 blandiens
3381 2330 3642 2399 parvulis:
3674 2328 3749 2385 sed

2214 2428 2348 2483 mira
2392 2427 2762 2498 profunditas,
2813 2426 2955 2481 Deus
3002 2438 3187 2490 meus,
3237 2422 3371 2475 mira
3423 2418 3747 2490 profunditas!

2214 2519 2413 2575 IIorror
2459 2527 2541 2572 est
2582 2516 2859 2573 intendere
2909 2516 2960 2570 in
2999 2530 3150 2580 eam;
3198 2512 3391 2567 horror
3438 2511 3664 2577 honoris,
3706 2519 3752 2565 et

2216 2621 2415 2667 tremor
2457 2610 2674 2665 amoris.
2730 2608 2829 2665 Odi
2870 2608 3048 2662 hostes
3091 2606 3206 2675 ejus
3248 2604 3592 2660 vehementer.
3637 2602 3676 2657 0
3705 2602 3745 2656 si

2215 2704 2425 2760 occidas
2462 2719 2554 2759 eos
2587 2704 2656 2759 de
2691 2702 2864 2774 gladio
2887 2704 2907 2734 ¹
2937 2701 3019 2756 bis
3057 2708 3210 2755 acuto
3234 2740 3250 2765 ,
3296 2708 3352 2754 et
3392 2713 3485 2752 non
3525 2697 3626 2752 sint
3662 2695 3749 2750 ho-

2216 2805 2322 2851 stes
2370 2796 2512 2865 ejus!
2569 2794 2659 2851 Sc
2706 2794 2849 2849 enim
2898 2808 3019 2847 amo
3065 2806 3158 2847 eos
3205 2789 3377 2844 occidi
3421 2788 3551 2855 sibi,
3595 2796 3649 2841 ut
3680 2784 3750 2840 vi-

2215 2896 2339 2941 vant
2366 2888 2477 2942 tibi.
2525 2887 2660 2942 Ecce
2703 2895 2879 2940 autem
2918 2884 3005 2938 alii
3051 2897 3154 2937 non
3204 2880 3635 2952 reprehensoms,
3671 2877 3747 2933 sed

2218 2977 2517 3032 laudatores
2543 2978 2661 3032 libri
2687 2976 2957 3033 Geneseos
2989 2992 3001 3027 :
3035 2974 3172 3039 Non,
3207 2972 3473 3043 inquiunt,
3503 2972 3595 3026 hoc
3615 2969 3749 3024 voluit

2216 3068 2271 3123 in
2316 3068 2398 3123 his
2426 3068 2601 3123 verbis
2642 3068 2866 3137 intelligi
2903 3066 3132 3135 Spiritus
3167 3065 3295 3129 Dei,
3337 3064 3429 3135 qui
3461 3079 3551 3135 per
3569 3062 3744 3133 Moysen

2218 3159 2477 3217 famulum
2502 3161 2619 3230 ejus
2637 3161 2736 3215 ista
2760 3159 3109 3229 conscripsit;
3139 3172 3241 3212 non
3261 3157 3367 3212 hoc
3395 3157 3544 3212 voluit
3563 3152 3749 3223 intelligi

2217 3255 2356 3325 quod
2384 3264 2436 3309 tu
2463 3254 2629 3319 dicis,
2673 3252 2765 3309 sed
2806 3251 2946 3306 aliud
2976 3250 3117 3321 quod
3160 3264 3258 3304 nos
3300 3248 3545 3303 dicimus.
3582 3244 3753 3313 Quibus

2217 3363 2353 3417 ego,
2397 3356 2445 3400 te
2495 3345 2735 3413 arbitro,
2786 3344 2964 3409 Deus,
3014 3341 3248 3397 omnium
3304 3334 3755 3402 nostrorum',its

2214 3438 2530 3512 respondeo.

2810 3504 3036 3560 CAPUT
3073 3502 3189 3557 XV.

2222 3602 2347 3667 Qua:
2380 3602 2442 3655 de
2471 3600 2577 3654 Deo
2617 3599 2773 3667 deque
2811 3596 3015 3667 Angelis
3053 3604 3098 3648 et
3138 3594 3348 3665 informi
3397 3593 3602 3647 materia
3640 3590 3759 3645 scatit

2380 3691 2711 3762 Augustinus,
2742 3705 2841 3742 non
2870 3694 3077 3759 possunt
3101 3684 3415 3739 oblocutores
3439 3700 3632 3756 negare.

2296 3783 2380 3837 l8.
2409 3781 2538 3836 Num
2574 3779 2760 3834 dicetis
2787 3776 2915 3831 falsa
2947 3791 3096 3843 esse,
3133 3789 3251 3845 qua:
3289 3774 3427 3828 mihi
3451 3774 3639 3830 veritas
3660 3781 3763 3824 voco

2222 3874 2341 3928 forti
2388 3873 2441 3925 in
2486 3885 2668 3925 aurem
2722 3867 3028 3922 interiorem
3073 3864 3201 3920 dicit
3240 3863 3310 3919 de
3344 3880 3476 3920 vera
3512 3861 3763 3919 attentitate

2221 3962 2488 4018 Creatoris
2506 4001 2521 4028 ,
2550 3959 2689 4031 quod
2720 3972 3049 4028 nequaquam
3080 3956 3195 4026 ejus
3224 3955 3523 4010 substantia
3550 3970 3636 4026 per
3654 3961 3763 4007 tem-

2222 4070 2348 4125 pora
2366 4054 2614 4117 varietur,
2635 4065 2733 4105 nec
2751 4049 2865 4118 ejus
2884 4048 3124 4103 voluntas
3145 4057 3293 4103 extra
3316 4047 3436 4117 ejus
3454 4042 3765 4103 substantiam

2223 4144 2322 4199 sit?
2337 4142 2489 4200 Unde
2500 4158 2601 4196 non
2620 4156 2741 4196 eum
2757 4140 2914 4194 modo
2929 4139 3062 4194 velle
3077 4138 3196 4203 hoc,
3212 4137 3373 4193 modo
3383 4138 3524 4194 velle
3536 4136 3651 4191 illud
3663 4150 3679 4201 ;
3691 4131 3767 4187 sed

2225 4236 2388 4292 semel
2405 4245 2458 4290 et
2476 4232 2629 4288 simul
2646 4242 2698 4287 et
2716 4246 2929 4300 semper
2943 4229 3079 4285 velle
3093 4228 3268 4283 omnia
3286 4243 3407 4299 qua:
3420 4230 3537 4284 vult
3553 4245 3567 4288 ;
3594 4241 3684 4280 non
3697 4224 3768 4278 ite-

2225 4344 2341 4383 rum
2354 4337 2407 4381 et
2419 4327 2627 4390 iterum,
2646 4339 2814 4394 neque
2824 4336 2964 4377 nunc
2975 4322 3072 4375 ista
3086 4335 3225 4374 nunc
3238 4318 3346 4386 illa,
3362 4335 3460 4374 nec
3473 4320 3603 4375 velle
3618 4324 3769 4386 postea

2228 4418 2367 4490 quod
2393 4416 2628 4481 nolebat,
2655 4422 2746 4467 aut
2772 4413 2911 4467 nolle
2931 4410 3071 4482 quod
3096 4410 3241 4480 prius
3265 4409 3518 4464 volebat:
3536 4407 3643 4479 quia
3667 4403 3769 4459 talis

2228 4511 2471 4564 voluntas
2513 4506 2776 4562 mutabilis
2814 4512 2927 4570 est,
2976 4512 3029 4558 et
3056 4517 3213 4557 onme
3252 4502 3511 4556 mutabile
3547 4508 3770 4554 aeternum

2230 4617 2333 4656 non
2363 4608 2481 4665 est;
2524 4599 2663 4651 Deus
2688 4604 2865 4650 autem
2906 4602 3085 4648 noster
3112 4602 3346 4647 aeternus
3374 4602 3480 4647 est.
3508 4590 3626 4646 Item
3650 4584 3770 4657 quod

2231 4694 2358 4749 mihi
2385 4689 2558 4747 dicit‘
2590 4691 2640 4743 in
2666 4702 2847 4743 aurem
2887 4685 3187 4740 interiorem
3214 4724 3228 4748 ,
3267 4682 3592 4754 exspectatio
3621 4688 3770 4733 rerum
3804 4740 3811 4751 ί

2232 4794 2571 4840 venturarum
2595 4780 2654 4833 ﬁt
2673 4778 2938 4835 contuitus
2963 4791 3081 4830 cum
3111 4772 3391 4840 venerint;
3417 4774 3653 4841 idemque
3673 4780 3772 4822 con-

2233 4879 2396 4934 tuitus
2440 4876 2501 4930 ﬁt
2541 4872 2792 4929 memoria
2831 4885 2948 4924 cum
2998 4867 3395 4939 prmterieriut:
3434 4864 3605 4921 onmis
3641 4871 3772 4933 porro

2235 4968 2456 5024 intentio
2480 4982 2597 5036 qua:
2627 4965 2693 5020 ita
2714 4964 2978 5025 variatur,
3009 4958 3275 5014 mutabilis
3299 4965 3416 5022 est;
3443 4967 3496 5011 ct
3521 4967 3667 5009 omne
3679 4964 3775 5005 mu-

2218 5060 2394 5115 ’tabile
2425 5067 2682 5112 aeternum
2722 5066 2829 5113 μου
2850 5060 2933 5106 est
2961 5068 2973 5103 :
3005 5050 3145 5104 Dens
3168 5058 3343 5102 autem
3372 5056 3552 5102 uester
3576 5051 3773 5098 :eternus

2232 5162 2332 5209 est.
2351 5152 2472 5206 llaec
2483 5149 2670 5218 colligo
2681 5144 3130 5216 atquemnjungo,
3144 5150 3199 5196 et
3209 5141 3419 5195 invenio
3432 5140 3592 5194 Deum
3604 5146 3771 5194 meum.

2235 5246 2401 5301 Deum
2422 5252 2701 5307 :eternum,
2729 5254 2833 5293 non
2854 5238 3026 5307 aliqua
3055 5251 3189 5291 nova
3210 5234 3479 5290 voluntate
3506 5229 3773 5288 condidisse

2235 5347 2550 5398 creaturam,
2570 5348 2667 5388 nec
2679 5329 2949 5387 scientiam
2966 5329 3080 5396 ejus
3095 5325 3451 5381 transitorium
3466 5319 3654 5390 aliquid
3667 5314 3772 5388 pati.

2310 5428 2395 5484 l9.
2426 5425 2561 5495 Quid
2578 5438 2705 5493 ergo
2719 5421 2924 5486 dicetis,
2946 5417 3400 5475 contradictores?
3424 5417 3505 5470 Au
3524 5412 3650 5469 falsa
3673 5415 3773 5464 sunt

2238 5524 2337 5578 ista
2358 5520 2382 5574 l
2407 5518 2545 5584 Non,
2574 5514 2831 5586 inquiunt.
2862 5511 2999 5580 Quid
3026 5508 3192 5565 illud?
3220 5524 3344 5563 num
3372 5505 3555 5562 falsum
3576 5509 3653 5558 est
3674 5504 3778 5555 om‘

2303 5639 2321 5670 ι
2349 5643 2403 5685 ιη
2422 5629 2719 5695 numifestata
2731 5624 2879 5695 facie,
2899 5625 3039 5695 juxta
3061 5629 3167 5695 (ev.
3193 5628 3248 5670 at.

2303 5701 2323 5731 ⁸
2344 5683 2522 5747 summ.
2549 5683 2600 5743 et
2622 5683 2785 5747 Itoni,
2808 5683 3081 5750 eosyladio.
3106 5690 3162 5735 at.

2307 5763 2325 5792 ³
2347 5744 2583 5808 ἐῖὁιιοιιά.
2613 5767 2626 5802 :
2656 5762 2711 5802 Te
2727 5744 2923 5804 arbitro:
2946 5756 3070 5798 Deus
3084 5744 3293 5808 euntium
3312 5747 3535 5808 minus.
3552 5745 3609 5789 ι.

2308 5823 2326 5852 ι
2348 5804 2416 5869 si;
2452 5814 2708 5879 legendum
2728 5819 2862 5876 juxta
2885 5818 2987 5864 Mss.
3014 5808 3147 5874 Angl.
3175 5804 3400 5871 [didlw].
