3880 6398
131 378 223 444 853

130 511 234 555 nem
265 500 490 548 naturam
515 485 802 542 formatam
838 480 1177 538 materiamve
1208 474 1537 532 formabilem
1571 488 1676 528 non

130 606 265 655 esse,
301 584 392 640 llirl
418 582 485 637 ab
508 580 600 636 illo
638 578 730 650 qui
757 591 964 632 summe
991 575 1159 648 bonus
1183 579 1295 638 est,
1323 584 1442 640 quia
1470 581 1678 621 summe

75 675 79 679 ’
126 684 231 741 est?
265 679 434 747 Neque
457 673 562 740 hoc
589 685 882 744 negamus,
920 667 1181 738 inquiunt.
1220 662 1354 730 Quid
1381 659 1581 732 igitur?
1609 673 1674 712 an

128 773 239 833 illud
263 767 474 842 negatis,
496 764 784 821 sublimem
800 759 1080 833 quamdam
1103 771 1220 812 esse
1248 765 1542 811 creaturam
1571 761 1676 805 tam

133 875 262 924 easta
283 875 457 916 amore
481 855 844 912 coha'rentem
873 853 981 906 Deo
1006 863 1131 905 vero
1149 855 1203 902 et
1219 861 1347 901 vere
1373 853 1594 906 mterno,
1621 848 1680 894 ut

131 953 341 1030 qualnvis
375 951 422 1008 ei
457 958 727 1005 comterna
757 959 860 1000 non
887 942 988 1008 sit,
1026 940 1078 995 in
1115 939 1312 994 nullam
1335 946 1509 992 tamen
1539 942 1676 988 tem-

131 1029 294 1123 parum
319 1044 628 1100 varietatem
647 1047 704 1095 et
725 1034 1135 1094 vicissitudinem
1160 1032 1228 1088 ab
1254 1033 1347 1087 illo
1367 1046 1426 1087 se
1448 1029 1679 1123 resolvat

131 1122 184 1200 ae
204 1139 404 1203 delluat,
431 1133 530 1191 sed
560 1133 616 1188 in
649 1130 766 1202 ejus
792 1129 955 1185 solius
981 1125 1318 1184 veracissima
1348 1122 1676 1193 contempla-

135 1236 254 1290 tione
272 1226 603 1300 requiescat‘l
622 1222 882 1292 Quoniam
905 1231 979 1287 tu,
1006 1220 1162 1283 Deus,
1183 1216 1419 1288 diligenti
1443 1227 1493 1272 te
1513 1231 1678 1287 quan-

135 1337 223 1381 tum
245 1320 482 1395 prrccipis
506 1359 522 1385 ,
569 1315 806 1372 ostendis
843 1314 890 1368 ei
921 1323 972 1368 te
1010 1320 1066 1367 et
1103 1308 1305 1366 sufﬁcis
1332 1309 1417 1373 ei;
1460 1315 1516 1363 et
1559 1306 1679 1362 ideo

135 1433 218 1474 non
241 1414 511 1471 declinata
535 1419 588 1466 te
610 1451 627 1475 ,
654 1423 752 1464 nec
777 1406 842 1461 ad
867 1421 945 1461 se.
979 1403 1104 1459 Haec
1129 1411 1212 1458 est
1234 1401 1424 1456 domus
1449 1398 1542 1454 Dei
1572 1413 1679 1452 non

137 1519 334 1572 terrena,
363 1517 541 1574 neque
563 1501 670 1558 ulla
698 1495 905 1554 cmlesti
932 1495 1071 1550 mole
1097 1507 1374 1562 corporea,
1401 1489 1493 1545 sed
1523 1487 1680 1558 spiri-

137 1600 260 1657 tualis
281 1606 334 1653 et
357 1594 625 1667 particeps
649 1589 959 1647 aeternitatis
999 1596 1103 1641 tute
1125 1627 1143 1654 ,
1188 1584 1309 1655 quia
1336 1582 1450 1637 sine
1475 1580 1592 1635 labe
1626 1579 1680 1634 in

135 1703 360 1748 sternam
389 1689 430 1740 ⁸.
476 1682 720 1741 Statuiin
748 1680 888 1736 enim
913 1693 1031 1736 eam
1059 1677 1110 1732 in
1136 1675 1386 1731 smculum
1418 1673 1549 1728 etin
1575 1685 1678 1726 sa:-

137 1783 283 1839 eulum
305 1776 522 1840 seculi;
554 1781 875 1846 praeceptum
914 1768 1134 1840 posuisti
1167 1775 1223 1824 et
1261 1781 1364 1822 non
1392 1762 1682 1836 praeteribit

139 1871 277 1935 (Ptol.
305 1882 503 1928 cxtvtn
521 1907 541 1933 ,
567 1867 642 1937 6).
672 1864 781 1920 Nec
799 1873 973 1918 tamen
995 1860 1086 1916 tibi
1110 1859 1218 1914 Deo
1237 1865 1522 1923 cowtema,
1550 1868 1682 1926 quo—

142 1965 250 2020 niam
277 1977 378 2017 non
398 1960 516 2017 sine
543 1957 696 2012 initio
723 1974 738 2010 :
763 1954 904 2010 facta
928 1962 1010 2010 est
1028 1951 1191 2008 enim.

193 2052 268 2109 ω.
294 2051 424 2108 Nam
466 2049 570 2104 etsi
609 2062 715 2102 non
762 2045 1062 2102 invenimus
1100 2051 1310 2113 tempus
1347 2048 1470 2096 ante
1513 2038 1680 2103 illam,

145 2144 252 2214 prior
270 2143 449 2213 quippe
474 2138 699 2195 omnium
720 2145 886 2192 creata
913 2145 986 2190 est
1016 2133 1262 2205 sapientia
1285 2130 1474 2204 (Eccli.
1499 2146 1514 2183 ι
1537 2169 1553 2196 ,
1583 2129 1682 2198 4);

145 2250 230 2291 nec
245 2234 413 2304 utique
442 2231 529 2286 illa
559 2227 832 2300 Sapientia
859 2225 980 2289 tibi,
1013 2225 1155 2279 Deus
1181 2233 1363 2278 noster
1382 2265 1395 2287 ,
1417 2221 1560 2276 Patri
1587 2234 1685 2274 suo

147 2325 274 2398 plane
299 2331 552 2379 materna
584 2329 642 2376 et
671 2319 892 2390 aequalis
928 2325 983 2372 et
1015 2332 1114 2388 per
1146 2330 1304 2386 quam
1346 2323 1522 2368 creata
1563 2320 1689 2367 sunt

145 2417 290 2473 omnia
310 2457 328 2480 ,
362 2415 490 2472 etin
521 2429 630 2484 quo
664 2409 925 2480 Principio
955 2407 1120 2464 iecisti
1150 2408 1344 2464 ccelum
1371 2415 1425 2460 et
1453 2415 1685 2471 terram;

146 2510 218 2565 sed
245 2508 473 2581 profecto
512 2505 774 2580 sapientia
809 2517 928 2572 qua:
955 2509 1130 2556 creata
1165 2507 1282 2566 est,
1319 2496 1690 2553 intellectualis

149 2612 302 2657 natura
315 2600 530 2663 scilicet,
543 2611 662 2668 quae
682 2592 1126 2663 contemplatione
1148 2589 1359 2645 luminis
1379 2589 1558 2642 lumen
1573 2595 1654 2642 cst
1673 2604 1686 2640 :

151 2692 313 2748 dicitur
333 2691 466 2746 enim
490 2698 543 2743 et
567 2686 681 2757 ipsa
701 2727 716 2750 ,
745 2684 986 2756 quamvis
1012 2691 1220 2744 creata,
1257 2680 1533 2750 sapientia.
1586 2678 1692 2734 Sed

153 2791 365 2852 quantum
385 2784 603 2835 interest
627 2777 765 2832 inter
781 2776 958 2830 lumen
969 2772 1109 2844 quod
1125 2771 1386 2827 illuminat
1399 2778 1454 2826 et
1472 2768 1612 2840 quod
1631 2768 1694 2823 il-

154 2872 418 2936 luuiinatur,
432 2879 634 2925 tantum
661 2868 799 2923 inter
813 2863 1126 2936 sapientiam
1139 2879 1259 2934 qua:
1278 2871 1427 2917 creat
1455 2870 1510 2916 et
1537 2862 1694 2915 istam

159 2971 426 3034 quacum
452 2969 572 3026 est;
607 2960 746 3014 sicut
767 2959 905 3013 inter
924 2957 1182 3034 justitiam
1199 2953 1607 3025 justificantem,
1643 2959 1699 3006 et

156 3055 373 3126 justitiam
392 3070 509 3126 quae
529 3053 911 3125 justilicatione
935 3049 1072 3104 facta
1088 3058 1187 3105 est.
1219 3048 1350 3103 Nam
1380 3056 1435 3103 et
1457 3062 1554 3101 nos
1570 3045 1698 3100 dicti

160 3147 522 3216 motusjustitia
555 3155 663 3201 tua.
695 3145 783 3200 Ait
815 3143 957 3198 enim
990 3141 1202 3212 quidam
1230 3156 1416 3196 servus
1457 3149 1600 3206 tuus,
1645 3146 1700 3194 ut

165 3241 385 3296 nouimus
399 3239 601 3310 justitia
626 3236 722 3291 Dei
742 3237 920 3308 inipso
949 3234 1162 3309 (llCor.
1193 3249 1248 3300 v,
1277 3234 1389 3305 2i).
1421 3234 1559 3304 Ergo
1579 3233 1700 3302 quia

167 3333 284 3402 prior
308 3334 524 3390 omnium
539 3341 720 3388 creata
744 3338 827 3386 est
853 3328 1093 3400 quaedam
1110 3327 1366 3399 sapientia
1388 3344 1504 3398 quae
1524 3336 1702 3383 creata

171 3434 272 3493 est,
296 3441 426 3482 tuens
466 3423 742 3481 rationalis
781 3431 836 3479 et
870 3421 1240 3477 intellectualis
1279 3429 1440 3476 castte
1475 3420 1704 3475 civitatis

175 3523 262 3571 tunc
288 3559 304 3583 ,
331 3519 487 3574 matris
517 3525 716 3573 nostrze
762 3531 878 3587 qua:
927 3529 1136 3570 sursum
1174 3522 1289 3581 est,
1325 3523 1381 3569 et
1424 3514 1585 3568 libera
1624 3522 1708 3568 est

184 3607 342 3676 (Galen
365 3626 432 3678 tv,
459 3611 554 3678 ‘26)
581 3619 638 3667 et
663 3619 864 3665 {eterna
889 3608 940 3662 in
966 3607 1116 3663 caelis
1135 3648 1151 3673 ,
1179 3605 1391 3678 (quibus
1405 3606 1575 3670 caelis,
1605 3605 1706 3660 nisi

179 3702 251 3771 qui
265 3712 309 3757 te
319 3703 508 3759 laudant
522 3703 649 3759 caeli
666 3702 923 3758 ccelorum
941 3700 960 3772 (
969 3698 1108 3754 Paul.
1124 3715 1348 3763 chvm,
1362 3698 1416 3770 4)
1434 3716 1448 3764 ;
1467 3698 1586 3769 quia
1606 3698 1707 3753 hoc

173 3801 239 3846 est
255 3794 618 3851 etcaalumcaili
647 3794 870 3848 Domino
881 3793 952 3862 ?);
972 3791 1074 3847 etsi
1100 3806 1207 3846 non
1235 3789 1532 3846 invenimus
1563 3799 1706 3844 tem-

172 3898 248 3956 pus
265 3897 369 3945 ante
391 3889 553 3954 illam,
583 3887 707 3959 quia
731 3893 788 3941 et
811 3895 1108 3943 creaturam
1135 3885 1388 3955 temporis
1411 3883 1695 3950 antecedit,

172 3991 264 4051 qua:
285 3982 411 4052 prior
433 3981 671 4037 omnium
716 3988 894 4035 creata
929 3985 1042 4045 est;
1087 3985 1209 4033 ante
1243 3977 1384 4032 illam
1414 3985 1592 4032 tamen
1617 3983 1700 4032 est

172 4071 302 4143 ipsius
321 4075 573 4131 creatoris
597 4073 864 4129 aeternitas
883 4113 899 4139 ,
941 4087 974 4126 a
1001 4086 1107 4143 quo
1137 4072 1270 4126 facta
1295 4071 1520 4142 sumpsit
1544 4085 1702 4126 exor-
1728 4113 1745 4132 ,

176 4164 304 4233 dium,
325 4167 558 4239 quamvis
583 4181 690 4222 non
720 4165 971 4237 temporis
993 4164 1118 4235 quia
1155 4163 1388 4220 nondum
1412 4174 1528 4220 erat
1557 4173 1698 4221 tem-

173 4268 262 4324 pus,
287 4257 436 4329 ipsius
463 4269 640 4315 tamen
666 4257 984 4313 conditionis
1002 4271 1132 4311 sum.

170 4359 197 4416 ι
226 4352 300 4408 21.
325 4353 467 4412 Unde
490 4355 563 4410 ita
590 4362 672 4411 est
685 4353 781 4408 abs
798 4361 850 4409 te
868 4353 974 4407 Deo
995 4360 1197 4418 nostro,
1229 4359 1287 4406 ut
1307 4350 1448 4406 aliud
1464 4350 1532 4406 sit
1549 4351 1710 4422 plane

185 4461 312 4518 quam
337 4457 423 4518 tu,
462 4459 516 4506 et
552 4465 660 4505 non
689 4447 940 4518 idipsum.
983 4445 1242 4514 Quoniam
1268 4445 1366 4500 etsi
1394 4461 1499 4501 non
1539 4445 1713 4502 solum

181 4550 278 4596 ante
304 4541 455 4607 illam,
475 4542 570 4598 sed
595 4555 696 4598 nec
723 4541 774 4595 in
796 4540 883 4596 illa
911 4539 1208 4594 invenimus
1238 4548 1464 4609 tempus,
1495 4539 1615 4610 quia
1632 4548 1715 4596 est

189 4627 337 4690 idonea
377 4633 561 4691 faciem
597 4641 740 4688 tuam
780 4645 991 4701 semper
1025 4629 1206 4686 videre
1238 4643 1337 4685 nec
1375 4629 1577 4699 uspiam
1615 4629 1712 4685 de-

185 4718 369 4782 ﬂectitur
388 4725 454 4783 ab
486 4741 549 4783 ea
569 4767 585 4794 ,
626 4741 733 4796 quo
771 4723 827 4779 lit
856 4733 914 4780 ut
947 4723 1087 4779 nulla
1125 4724 1418 4779 mutatione
1447 4722 1708 4790 varietur;

181 4813 291 4876 inest
309 4820 354 4877 ei
377 4830 551 4878 tamen
586 4821 702 4892 ipsa
727 4818 1048 4875 mutabilitas
1073 4818 1211 4875 unde
1241 4818 1632 4875 tenebresceret
1659 4827 1714 4874 et

187 4905 463 4981 frigesceret,
493 4913 596 4970 nisi
622 4927 804 4968 amore
829 4910 1013 4982 grandi
1041 4911 1134 4966 tibi
1165 4910 1442 4967 cohmrens
1464 4921 1712 4981 tanquam

184 5013 351 5074 semper
383 5005 630 5063 meridies
669 5004 873 5060 luceret
895 5011 950 5059 et
987 5001 1216 5060 ferveret
1239 5020 1305 5059 ex
1336 5012 1407 5059 te.
1455 5003 1502 5059 Ο
1523 5003 1712 5058 domus

182 5087 397 5154 luminosa
421 5107 475 5154 et
501 5097 762 5168 speciosa,
791 5094 948 5150 dilexi
972 5094 1217 5151 decorem
1249 5103 1394 5150 tuum
1416 5137 1430 5162 ,
1461 5105 1512 5150 et
1539 5095 1710 5149 locum

187 5177 476 5246 habitationis
511 5189 697 5261 gloria:
738 5187 948 5242 Domini
992 5188 1098 5243 mei
1141 5186 1472 5243 fabricatoris
1507 5197 1560 5242 et
1588 5202 1710 5258 pos-

189 5280 368 5336 tessoris
391 5282 461 5338 tui
492 5281 666 5354 (Ρεαι.
688 5295 824 5348 xxv,
846 5279 937 5353 8)!
965 5279 1082 5336 Tibi
1104 5281 1333 5351 suspiret
1360 5280 1712 5352 peregrinatio

195 5377 282 5424 mea
300 5387 314 5435 ;
335 5382 386 5430 et
410 5374 525 5432 dico
550 5376 599 5432 ei
620 5375 710 5448 qui
738 5373 862 5430 fecit
887 5383 964 5440 te,
999 5384 1056 5431 ut
1084 5375 1348 5446 possideat
1369 5385 1422 5432 et
1445 5393 1531 5432 me
1556 5377 1608 5433 in
1635 5388 1708 5447 te,

195 5457 284 5526 quia
296 5461 409 5521 fecit
431 5477 482 5523 et
508 5485 615 5525 me.
642 5468 830 5524 Erravi
846 5469 1109 5524 sicutovis
1130 5469 1330 5540 perdita
1351 5469 1516 5542 (Psal.
1538 5488 1708 5540 cxvu,

198 5547 320 5624 "0);
341 5558 426 5614 sed
445 5558 494 5616 in
511 5559 745 5616 humeris
760 5561 987 5631 pastoris
1005 5561 1131 5631 mei,
1149 5563 1425 5619 structoris
1441 5564 1536 5634 tui,
1553 5580 1711 5635 spero

201 5652 513 5720 Iereportari
539 5653 628 5710 tibi
652 5652 803 5727 (Luc.
834 5668 932 5723 xv,
960 5651 1039 5726 5).

246 5797 608 5864 “meum
634 5819 844 5880 quatuor
866 5845 883 5874 ,
904 5809 1554 5866 satelabestatinwternam.

1411 354 1613 420 LIBER
1635 348 2084 420 DUODECIMUS.

3261 349 3367 410 εδι

1850 467 2085 535 22.Quid
2097 465 2270 523 dicitis
2281 465 2411 522 mihi
2426 479 2559 538 quos
2574 465 2904 538 alloquebar,
2916 463 3356 531 contradictores,

1782 564 1872 631 qui
1903 570 2076 615 tamen
2103 569 2156 614 et
2173 559 2385 632 Moysen
2411 560 2554 631 pium
2583 559 2835 616 famulum
2851 560 2965 626 Dei,
2987 568 3041 616 et
3061 559 3226 616 libros
3244 559 3360 631 ejus

1784 652 1999 708 oracula
2023 652 2189 706 sancti
2211 650 2440 722 Spiritus
2460 650 2675 707 creditis
2690 650 2717 705 ‘l
2741 651 2906 707 Estne
2919 650 3019 706 ista
3033 649 3224 706 domus
3245 650 3359 716 Del,

1784 759 1889 800 non
1932 743 2145 815 quidem
2191 743 2301 798 Deo
2338 751 2640 810 coreterna,
2695 742 2789 799 sed
2845 750 3020 798 tamen
3067 742 3362 799 secundum

1783 835 2000 891 modum
2037 849 2192 892 suum
2220 843 2417 890 mterna
2449 835 2501 888 in
2529 834 2710 901 cmlis,
2761 833 2849 888 ubi
2879 833 3023 889 vices
3063 843 3361 904 temporum

1783 927 1975 984 frustra
2006 928 2240 999 quaeritis
2261 970 2275 994 ,
2301 929 2422 998 quia
2461 942 2567 982 non
2610 927 2928 982 invenietis?
2969 927 3364 999 supergreditur

1783 1022 1925 1077 enim
1960 1035 2171 1076 omnem
2213 1019 2587 1074 distentionem
2608 1061 2624 1084 ,
2664 1027 2719 1075 et
2742 1033 2901 1074 omne
2933 1017 3160 1088 spatium
3188 1017 3360 1073 mtatis

1783 1115 2041 1181 volubile,
2071 1114 2156 1168 cui
2178 1128 2387 1183 semper
2413 1111 2672 1168 inhmrere
2712 1111 2822 1167 Deo
2851 1113 3046 1167 bonum
3075 1118 3161 1167 est
3187 1108 3358 1177 (Paul.

1785 1224 1916 1275 Lxu,
1935 1207 2049 1279 28).
2073 1207 2186 1268 Est,
2213 1205 2473 1277 inquiunt.
2501 1203 2636 1272 Quid
2657 1203 2813 1274 igitur
2827 1218 2893 1259 ex
2910 1203 3102 1274 iisquae
3117 1203 3363 1258 clamavit

1784 1317 1877 1356 cor
1891 1316 2069 1356 meum
2089 1300 2155 1356 ad
2174 1300 2338 1355 Deum
2364 1313 2562 1363 meum,
2589 1312 2710 1352 cum
2725 1297 2930 1352 audiret
2945 1297 3164 1352 interius
3179 1312 3361 1354 vocem

1784 1392 1952 1447 laudis
1971 1391 2117 1462 ejus,
2139 1391 2264 1462 quid
2294 1392 2505 1446 tandem
2537 1389 2727 1445 falsum
2751 1404 2871 1445 esse
2899 1389 3255 1445 contenditis?
3281 1391 3364 1445 An

1784 1485 1907 1556 quia
1933 1493 2045 1540 erat
2073 1482 2317 1539 informis
2345 1484 2594 1539 materies
2612 1523 2628 1549 ,
2671 1481 2759 1537 ubi
2786 1489 3004 1551 propter
3029 1481 3224 1535 nullam
3253 1479 3364 1536 tor-

1785 1592 1926 1631 mam
1957 1575 2134 1631 nullus
2174 1575 2306 1630 ordo
2332 1573 2490 1630 erat?
2520 1574 2622 1630 Ubi
2653 1580 2830 1628 autem
2857 1572 3034 1627 nullus
3061 1571 3195 1627 ordo
3221 1579 3364 1637 erat,

1785 1668 1928 1723 nulla
1972 1683 2090 1723 esse
2124 1666 2433 1723 vicissitudo
2472 1674 2771 1738 temporum
2818 1672 3026 1735 poterat
3055 1679 3072 1730 ;
3102 1672 3156 1720 et
3190 1671 3368 1722 tamen

1785 1759 1891 1816 hoc
1913 1776 2049 1832 pene
2075 1759 2228 1825 nihil,
2261 1761 2317 1815 in
2336 1767 2590 1830 quantum
2621 1775 2728 1813 non
2746 1757 2964 1814 omnino
2989 1755 3121 1812 nihil
3142 1765 3276 1824 erat,
3303 1755 3372 1811 ab

1786 1850 1878 1907 illo
1897 1851 2078 1923 utique
2095 1858 2260 1906 erata
2283 1866 2389 1922 quo
2415 1860 2499 1906 est
2518 1848 2772 1921 quidquid
2797 1858 2902 1914 est,
2925 1849 3064 1921 quod
3086 1859 3374 1919 utcumque

1787 1941 1983 2012 aliquid
2012 1949 2113 1997 est.
2141 1941 2254 1997 Hoc
2277 1957 2508 2012 quoque,
2537 1941 2706 2007 aiunt,
2733 1957 2841 1996 non
2869 1955 3145 2012 negamus.

2385 2051 2611 2108 CAPUT
2647 2050 2785 2107 XVI.

1790 2147 1917 2202 Rem
1943 2146 2124 2202 habere
2156 2163 2258 2200 non
2286 2147 2389 2201 vult
2416 2162 2529 2200 cum
2553 2145 2614 2198 iis
2633 2186 2649 2209 ,
2689 2146 2774 2213 qui
2802 2145 3152 2200 contradicunt
3176 2145 3372 2201 veritati

2483 2215 2685 2270 divinae.

1861 2307 1950 2363 25.
1979 2307 2114 2362 Cum
2144 2306 2229 2362 his
2270 2306 2412 2362 enim
2442 2306 2563 2361 volo
2599 2319 2778 2361 coram
2807 2313 2859 2360 te
2889 2304 3084 2375 aliquid
3123 2305 3375 2377 colloqui,

1794 2399 1936 2454 Deus
1964 2414 2116 2454 meus
2135 2439 2152 2466 ,
2181 2397 2270 2468 qui
2293 2398 2406 2454 haec
2430 2397 2629 2465 omnia,
2661 2413 2776 2467 qum
2806 2396 2949 2454 intus
2975 2398 3028 2452 in
3055 2406 3233 2453 mente
3258 2413 3378 2454 mea

1794 2507 1900 2547 non
1932 2500 2071 2546 tacet
2093 2489 2290 2546 veritas
2316 2499 2402 2545 tua
2425 2531 2440 2556 ,
2471 2504 2595 2545 vera
2634 2504 2751 2544 esse
2778 2486 3096 2544 wnceduut.
3127 2487 3259 2543 Nam
3289 2488 3381 2558 qui

1796 2581 1911 2636 haec
1928 2589 2141 2652 negant,
2171 2581 2363 2636 latrent
2376 2589 2630 2653 quantum
2653 2580 2834 2634 volunt
2853 2588 2903 2634 et
2923 2578 3236 2649 obstrepant
3249 2578 3380 2644 sibi;

1797 2673 2117 2744 persuadere
2128 2673 2361 2728 conabor
2388 2681 2443 2726 ut
2469 2672 2833 2742 quiescant,et
2855 2671 2992 2725 viam
3025 2670 3293 2742 praebeant
3317 2670 3386 2726 ad

1797 2779 1857 2820 se
1872 2765 2034 2820 verbo
2051 2774 2140 2818 tuo
2160 2780 2172 2816 :
2196 2762 2337 2834 quod
2354 2763 2398 2818 si
2419 2762 2680 2818 noluerint
2709 2770 2763 2818 et
2779 2762 3068 2829 repulerint
3085 2776 3170 2818 me
3187 2777 3202 2826 ;
3226 2761 3374 2816 obse

1800 2869 1910 2920 cro,
1938 2854 2075 2909 Deus
2101 2869 2271 2918 meus,
2293 2867 2360 2908 ne
2386 2861 2439 2906 tu
2466 2853 2626 2908 sileas
2648 2868 2676 2906 a
2699 2868 2784 2908 me
2809 2850 2978 2924 (Psal.
2995 2867 3175 2918 xxvn,
3195 2851 3272 2924 l).
3304 2851 3386 2908 Tu

1801 2947 2019 3017 loquere
2036 2946 2088 3000 in
2104 2945 2263 3001 corde
2278 2960 2399 3000 meo
2415 2945 2673 3000 veraciter
2689 2959 2705 3008 ;
2722 2943 2867 2998 solus
2877 2943 3018 2998 enim
3032 2943 3109 2998 sic
3120 2942 3387 3013 loqueris;

1802 3048 1858 3095 et
1868 3039 2125 3094 dimittam
2139 3053 2230 3094 eos
2245 3037 2371 3093 foris
2383 3036 2652 3093 sufﬂantes
2665 3037 2715 3091 in
2726 3037 3022 3108 pulverem,
3036 3045 3087 3092 ct
3100 3037 3392 3094 excitantes

1803 3138 1999 3186 terram
2025 3129 2076 3184 in
2107 3129 2291 3184 oculos
2314 3143 2470 3195 suos;
2517 3138 2570 3184 ct
2598 3127 2788 3182 intrem
2812 3128 2863 3183 in
2897 3127 3071 3184 cubile
3105 3144 3304 3190 meum.
3337 3136 3391 3185 et

1807 3230 2019 3278 cantem
2051 3222 2140 3276 tibi
2177 3220 2434 3276 amatoria
2454 3261 2469 3286 ,
2496 3234 2717 3291 gemens
2759 3219 3140 3275 inenarrabiles
3169 3219 3396 3292 gemitus

1807 3314 1859 3370 in
1879 3313 2304 3385 peregrinatione
2322 3327 2461 3375 mea,
2475 3319 2530 3367 et
2549 3310 2838 3366 recordans
2850 3310 3167 3374 Jerusalem.
3180 3320 3398 3368 extento

1809 3406 1862 3460 in
1893 3421 2011 3461 eam
2047 3420 2256 3459 sursum
2291 3404 2473 3469 corde,
2499 3403 2792 3459 Jerusalem
2821 3403 3045 3474 patriam
3083 3419 3278 3471 meam,
3306 3401 3399 3462 Je-

1809 3496 2042 3551 rusalem
2067 3505 2292 3552 matrem
2315 3510 2509 3562 meam,
2534 3502 2691 3565 teque
2709 3509 2870 3564 super
2893 3509 3010 3550 eam
3039 3507 3396 3568 regnatorem,

1811 3589 2186 3644 illustratorcm
2215 3631 2227 3654 ,
2255 3599 2458 3660 patrem
2476 3630 2491 3654 ,
2531 3596 2756 3644 tutorem
2783 3630 2797 3654 ,
2831 3590 3078 3644 maritum
3100 3632 3114 3658 ,
3143 3599 3316 3646 castas
3344 3600 3400 3648 et

1812 3680 1974 3734 fortes
2005 3679 2255 3748 delicias,
2306 3689 2360 3736 et
2387 3680 2612 3736 solidum
2643 3680 2927 3752 gaudium,
2977 3690 3031 3738 et
3055 3684 3230 3738 omnia
3261 3683 3398 3740 bona

1815 3768 2102 3825 inell‘abilia
2119 3771 2275 3825 simul
2295 3771 2472 3826 omnia
2495 3788 2510 3836 ;
2541 3771 2663 3842 quia
2687 3788 2846 3827 unum
2868 3788 3134 3829 summum
3148 3783 3201 3830 et
3215 3791 3401 3832 verum

1819 3859 2016 3915 bonum
2052 3879 2066 3916 :
2097 3870 2152 3917 et
2178 3876 2283 3916 non
2313 3870 2554 3929 avertar,
2589 3861 2758 3918 donec
2782 3863 2832 3918 in
2869 3864 2983 3933 ejus
3011 3880 3191 3935 pacem
3221 3866 3402 3923 matris

1821 3953 2178 4020 charissimm,
2197 3953 2284 4010 ubi
2308 3953 2694 4025 suntprimitize
2715 3955 2934 4024 spiritus
2961 3957 3086 4025 mei,
3115 3955 3254 4011 unde
3271 3957 3401 4012 mihi

1816 4044 1916 4100 ista
1946 4054 2091 4102 certa
2121 4055 2274 4110 sunt,
2319 4046 2536 4116 colligas
2563 4054 2729 4101 totum
2767 4047 2908 4117 quod
2941 4063 3058 4102 sum
3078 4088 3094 4114 ,
3131 4063 3162 4102 a
3192 4047 3401 4118 disper-

1819 4137 1971 4194 sione
1996 4146 2050 4192 et
2074 4136 2409 4192 deformitate
2436 4136 2534 4191 hac
2552 4178 2568 4202 ,
2605 4145 2659 4192 et
2687 4137 2988 4193 conformes
3019 4146 3177 4209 atque
3200 4138 3392 4193 contir-

1817 4245 1933 4286 mes
1953 4229 2007 4284 in
2037 4238 2315 4296 aeternum,
2347 4227 2489 4282 Deus
2506 4243 2678 4295 meus,
2700 4226 3062 4284 misericordia
3090 4243 3226 4284 mea.
3265 4227 3401 4286 Cum

1820 4323 1908 4379 lllS
1935 4333 2113 4379 autem
2134 4321 2224 4392 qui
2263 4327 2450 4388 cuncta
2481 4321 2567 4375 illa
2591 4336 2710 4392 quae
2739 4335 2866 4376 vera
2902 4332 3058 4386 sunt,
3107 4319 3238 4376 falsa
3279 4334 3400 4378 esse

1821 4433 1926 4473 non
1970 4415 2185 4482 dicunt,
2244 4412 2567 4469 honorantes
2613 4421 2668 4471 et
2723 4411 2778 4467 in
2827 4411 3057 4468 culmine
3111 4412 3401 4485 sequenda;

1820 4509 2152 4567 auctoritatis
2168 4507 2442 4564 nobiscum
2469 4507 2851 4563 constituentes
2871 4506 3012 4562 illam
3037 4521 3132 4578 per
3156 4514 3400 4565 sanctum

1827 4604 2044 4676 Moysen
2070 4601 2264 4658 editam
2295 4609 2531 4657 sanctam
2566 4599 2895 4670 Scripturam
2923 4606 3087 4665 tuam,
3133 4606 3188 4653 et
3219 4607 3398 4657 tamen

1823 4693 1978 4749 nobis
2001 4690 2198 4762 aliquid
2222 4688 2607 4754 contradicunt,
2636 4689 2706 4743 ita
2735 4687 2960 4758 loquor:
2985 4686 3065 4743 Tu
3089 4697 3227 4756 esto,
3259 4689 3402 4746 Deus

1819 4795 2001 4842 noster
2022 4825 2039 4852 ,
2070 4783 2268 4838 arbiter
2295 4783 2433 4837 inter
2466 4777 2828 4836 confessiones
2863 4793 3010 4835 meas
3042 4789 3096 4836 et
3131 4782 3401 4839 contradi-

1819 4881 2021 4937 ctiones
2043 4892 2246 4935 eorum.

2313 4947 2346 5006 ὃ
2400 4945 2629 5003 CAPUT
2666 4943 2830 5002 XVII.

1822 5045 1892 5102 Ut
1915 5044 2026 5100 coeli
2043 5050 2090 5098 et
2109 5050 2257 5097 terra
2282 5039 2566 5096 nominibus
2583 5039 2727 5094 aliud
2749 5048 2800 5094 et
2819 5039 2966 5096 aliud
2983 5040 3200 5115 intelligi
3220 5052 3398 5114 potest.

1887 5157 1978 5212 24.
2013 5155 2205 5211 Dicunt
2238 5153 2381 5210 enim
2410 5170 2424 5206 :
2457 5150 2706 5222 Quamvis
2733 5167 2856 5209 vera
2885 5153 2994 5209 sint
3019 5153 3166 5224 haec,
3205 5171 3402 5224 nonAea

1822 5259 2002 5305 tamen
2032 5247 2137 5302 duo
2156 5245 2365 5318 Moyses
2390 5243 2697 5300 intuebatur
2717 5286 2732 5309 ,
2758 5259 2880 5300 cum
2913 5245 3102 5317 spiritu
3131 5215 3400 5302 revelallte

1816 5340 2020 5398 diceret
2052 5358 2067 5396 :
2099 5336 2166 5393 In
2195 5336 2442 5409 principio
2468 5335 2587 5409 fecit
2609 5335 2748 5392 Dem
2768 5336 2948 5392 calum
2971 5345 3020 5391 et
3046 5347 3226 5391 terram
3244 5334 3398 5405 (Gen.

1815 5449 1868 5503 ι,
1903 5433 1977 5505 l).
2010 5430 2126 5488 Non
2145 5430 2266 5486 cmli
2288 5429 2503 5485 nomine
2525 5427 2851 5500 spiritualem
2882 5427 2964 5483 vel
2989 5425 3398 5482 intellectualem

1819 5526 1969 5583 illam
1995 5533 2311 5589 creaturam,
2359 5536 2573 5592 semper
2605 5519 2792 5576 faciem
2822 5518 2914 5573 Dei
2950 5516 3397 5584 contemplantem

1818 5617 2162 5690 signiﬁcavit;
2197 5629 2296 5671 nec
2330 5623 2484 5670 terra:
2520 5612 2734 5668 nomine
2775 5609 3050 5665 infamem
3095 5605 3412 5700 materiam”

1819 5709 1958 5778 Quid
1981 5710 2184 5783 igitur?
2211 5710 2361 5779 Quod
2391 5725 2488 5766 nos
2512 5709 2754 5770 dicimus,
2784 5704 3043 5774 inquiunt,
3073 5703 3174 5758 hoc
3199 5702 3290 5758 ille
3313 5705 3412 5763 vir.

1821 5805 2012 5866 δωδιι,
2048 5801 2152 5853 ιιυο
2187 5805 2361 5859 verbis
2402 5804 2511 5858 istis
2537 5801 2771 5854 elocutus
2801 5806 2899 5852 est.
2945 5794 3079 5862 Quid
3120 5801 3202 5848 est
3231 5794 3355 5853 illud
3370 5795 3405 5862 ι,
