3880 6380
540 439 766 498 Nomine
784 477 802 503 ,
825 436 974 493 aiunt
994 474 1010 501 .
1040 433 1164 494 eali
1190 442 1244 493 et
1266 442 1448 499 terrm.
1479 442 1644 494 totum
1672 435 1828 493 istum
1851 433 2109 492 visibilem

540 531 798 590 mundum
840 528 988 598 prius
1037 526 1404 586 univemilter
1445 534 1500 585 et
1536 525 1768 584 breviter
1817 526 2114 594 signiﬁcare

540 622 745 688 voluit,
795 629 852 676 ut
900 628 1081 690 postes
1125 618 1395 689 digereret
1441 617 1649 676 diorum
1692 617 2111 685 enumeratione.

540 716 689 788 quasi
715 713 1054 778 articulatim.
1078 711 1324 770 universa
1345 727 1464 781 qua!
1479 719 1664 769 sancto
1678 710 1896 782 Spiritui
1920 711 2117 781 placuit

541 806 620 862 sic
653 805 944 860 enuntiare.
993 803 1147 860 Tales
1185 803 1379 872 quippe
1408 801 1650 862 homines
1674 810 1826 861 erunt
1850 801 1996 862 rudis
2025 802 2116 862 illo

541 873 698 966 atque
723 895 950 954 oar-italis
976 894 1202 964 populus
1232 892 1320 952 cui
1357 892 1698 962 loquebatur.
1739 901 1799 953 ut
1834 894 1914 953 eis
1954 908 2115 962 opera

543 987 636 1043 Dei
674 1001 780 1044 non
821 985 923 1043 nisi
961 985 1072 1043 sola
1105 984 1330 1043 visibilia
1375 983 1794 1044 commendanda
1833 984 2112 1053 iudicaret.

541 1077 918 1138 Tcmmvero
963 1075 1281 1135 invisibilcm
1306 1083 1362 1132 et
1399 1074 1800 1144 incompositam
1825 1115 1840 1138 .
1875 1074 2118 1134 tenebro-

543 1183 766 1239 samque
799 1167 1082 1240 abyssum.
1122 1166 1264 1228 unde
1291 1174 1678 1236 consequenter
1701 1165 1993 1226 ostenditur
2025 1182 2118 1236 per

541 1259 660 1320 illos
683 1259 799 1317 dies
819 1258 955 1318 facta
974 1267 1131 1328 atque
1150 1255 1405 1326 disposita
1427 1270 1545 1314 esse
1565 1265 1751 1315 cuncta
1775 1257 1872 1316 ista
1895 1255 2115 1316 visibilia

541 1366 658 1421 qua:
683 1359 805 1410 nutu
833 1357 956 1412 sunt
978 1348 1246 1416 omnibus.
1275 1362 1379 1406 non
1410 1347 1814 1417 incongruenter
1837 1347 2114 1408 informem

541 1442 694 1498 istam
716 1441 991 1504 materiam
1019 1437 1411 1509 intelligendam
1437 1453 1555 1498 esse
1579 1440 1936 1499 consentiunt.

609 1533 700 1595 35.
730 1533 866 1601 Quid
895 1533 938 1590 si
965 1533 1107 1592 dicat
1129 1531 1281 1597 alius.
1309 1529 1550 1591 eamdem
1569 1530 1968 1600 iniormitatem,
1987 1544 2115 1587 con-

539 1622 906 1693 fusioneinque
933 1623 1190 1692 materiai.
1221 1621 1343 1682 οωΙὶ
1371 1631 1426 1680 et
1455 1630 1610 1682 terra:
1635 1623 1845 1680 nomine
1867 1622 2015 1696 prius
2035 1622 2115 1678 in-

540 1715 820 1781 sinuatam.
849 1713 990 1782 quod
1013 1728 1076 1772 ex
1101 1729 1163 1774 ea
1191 1711 1417 1774 mundus
1437 1713 1537 1772 iste
1566 1713 1787 1772 visibilis
1805 1728 1924 1770 cum
1945 1713 2116 1772 omni-

538 1803 640 1862 bus
667 1805 867 1864 naturis
895 1820 1012 1874 qua:
1053 1805 1107 1862 in
1135 1820 1200 1862 eo
1230 1803 1662 1864 manifestissime
1705 1813 1982 1877 apparent,
2025 1805 2114 1876 qui

538 1897 658 1950 coeli
705 1905 756 1950 et
796 1905 954 1956 terra:
983 1897 1195 1956 nomine
1223 1912 1364 1967 smpe
1388 1897 1640 1966 appellari
1677 1897 1832 1965 solet,
1872 1897 2116 1958 conditus

538 1995 695 2056 atque
713 1986 980 2057 perfectus
1009 1987 1126 2040 est?
1170 1986 1307 2059 Quid
1335 1986 1380 2040 si
1406 1986 1544 2042 dicat
1571 1997 1624 2041 et
1652 1988 1805 2052 alius,
1835 1987 2026 2041 caelum
2061 1996 2115 2044 et

539 2087 732 2138 terram
763 2078 973 2152 quidem
1000 2077 1314 2136 invisibilem
1341 2078 1700 2154 visiiiiicmque
1733 2090 1975 2154 naturam
2006 2096 2112 2138 non

539 2169 850 2226 indecenter
879 2171 1228 2239 appellatam;
1260 2186 1323 2226 ac
1364 2186 1456 2241 per
1505 2173 1604 2227 hoc
1633 2174 1929 2228 universam
1961 2189 2111 2228 crea-

539 2268 707 2320 turam
751 2275 906 2332 quam
947 2258 1068 2320 fecit
1098 2260 1150 2320 in
1185 2259 1476 2332 Sapientia.
1507 2262 1558 2320 id
1597 2273 1679 2322 εει.
1723 2265 1773 2323 in
1824 2264 2109 2336 Principio,

537 2349 696 2417 Deus.
717 2349 1081 2423 hujuscemodi
1097 2349 1301 2408 duobus
1331 2350 1600 2408 vocabulis
1618 2367 1739 2410 esse
1764 2353 2112 2424 comprehen-

534 2455 647 2502 tam
681 2459 695 2498 :
724 2451 1090 2500 verumtamen
1115 2443 1238 2512 quia
1267 2457 1372 2498 non
1407 2443 1475 2500 de
1511 2445 1622 2515 ipsa
1663 2446 1956 2504 substantia
1992 2448 2107 2518 Dei,

534 2532 628 2596 sed
655 2549 720 2594 ex
746 2533 914 2594 nihilo
934 2542 1122 2592 cuncta
1149 2532 1282 2593 faeta
1299 2542 1440 2598 sunt.
1458 2535 1579 2607 quia
1607 2551 1711 2592 non
1731 2545 1853 2594 sunt
1882 2538 2108 2608 idipsum

534 2621 672 2698 good
711 2623 875 2687 Dous.
926 2631 979 2682 ct
1026 2623 1161 2680 inest
1210 2623 1451 2694 quintium
1500 2626 1818 2686 mutabilitas
1842 2629 2112 2702 omnibus,

534 2714 646 2774 sive
673 2721 940 2779 maneant,
965 2713 1102 2772 sicut
1127 2723 1322 2770 interna
1347 2715 1534 2776 domus
1564 2717 1692 2786 Dei;
1737 2717 1850 2776 sive
1895 2731 2107 2778 muten-

533 2813 656 2876 tur,
702 2806 838 2868 sicut
884 2809 1063 2866 anima.
1111 2805 1338 2864 hominis
1386 2816 1441 2864 et
1497 2825 1716 2880 corpus;
1773 2827 2108 2875 communem

532 2901 769 2962 omnium
807 2917 988 2964 rerum
1023 2901 1361 2962 invisibilium
1401 2903 1788 2976 visibiliumque
1833 2909 2108 2970 materiem

529 2991 704 3056 adhuc
744 2991 1047 3058 informem.
1077 2993 1170 3054 sed
1214 3003 1358 3053 certe
1388 2994 1738 3062 formabilem.
1779 2999 1917 3056 unde
1958 3001 2110 3062 licret

529 3083 722 3140 coelum
751 3091 806 3145 et
835 3092 1000 3152 terra,
1031 3084 1082 3142 id
1126 3092 1210 3142 est
1247 3085 1526 3144 invisibilis
1556 3096 1714 3158 atque
1745 3089 1963 3150 visibilis
1996 3091 2106 3159 jam

531 3159 752 3247 utraque
781 3173 1002 3234 formata
1029 3184 1290 3239 creatura,
1323 3174 1404 3234 liis
1431 3178 1731 3234 nominibus
1758 3182 2102 3251 enuntiatum,

528 3263 721 3336 quibus
744 3263 1098 3337 appellaretur
1121 3262 1163 3322 Τ
1166 3280 1280 3320 arra
1305 3263 1564 3324 invisibilis
1592 3276 1637 3323 ει
1655 3270 2003 3339 incomposita,
2027 3280 2098 3337 et.

531 3352 766 3414 Taurum
789 3371 937 3423 super
965 3356 1197 3426 abyssum
1219 3371 1237 3417 ξ
1261 3371 1324 3416 ea
1350 3357 1708 3429 distinctione.
1739 3371 1794 3418 ut
1819 3371 1952 3418 terra
1979 3364 2108 3420 iuvi-

527 3444 686 3504 sibilis
728 3454 774 3506 et
800 3447 1130 3518 incomposita
1169 3447 1488 3516 intelligatur
1529 3453 1778 3514 materies
1814 3457 2104 3526 corporalis

527 3543 648 3593 ante
683 3534 988 3610 qualitatem
1028 3536 1244 3602 fortine;
1274 3538 1486 3598 teuebrw-
1536 3549 1710 3598 autem
1758 3555 1909 3615 super
1949 3546 2101 3618 ubi”.

526 3640 668 3690 sum,
723 3625 1010 3695 spiritualis
1070 3629 1319 3688 materies
1365 3641 1486 3689 ante
1531 3633 1904 3694 coiiibitionem
1951 3641 2099 3709 quasi

527 3714 740 3774 fluentis
777 3717 1227 3778 immuderationis
1267 3729 1321 3782 et
1370 3730 1492 3780 ante
1539 3724 1975 3790 iiiuminationem
2012 3731 2101 3792 Sa-

530 3806 775 3878 pientiie?

591 3896 681 3954 26.
709 3897 804 3957 Est
837 3897 1010 3956 adimo
1051 3901 1191 3976 quod
1225 3903 1363 3961 dicat
1400 3907 1444 3966 si
1479 3908 1598 3978 quis
1640 3910 1773 3966 alius
1803 3913 1953 3982 velit.
1992 3931 2097 3976 non

521 3989 719 4048 scilicet
743 3991 857 4062 jam
886 3991 1144 4064 perfectas
1167 4004 1323 4071 atque
1357 3999 1604 4061 formatas
1633 4003 1922 4065 invisibiles
1967 4007 2094 4066 visi-

522 4078 761 4154 bilesque
779 4091 1016 4148 naturas.
1043 4085 1162 4145 cmli
1182 4096 1232 4142 et
1255 4096 1406 4143 terra:
1433 4091 1646 4150 nomine
1670 4095 1954 4164 signiﬁcari
1973 4113 2094 4158 cum
2172 4088 2191 4110 ⁸

520 4171 736 4244 legitur.
771 4172 837 4232 In
875 4176 1120 4250 principio
1159 4179 1273 4252 fecit
1301 4179 1432 4236 Deus
1461 4185 1641 4242 caelum
1673 4194 1718 4242 et
1753 4196 1969 4255 terram;
2000 4190 2094 4250 sed

518 4261 685 4338 ipsam
711 4265 881 4323 adhuc
912 4267 1190 4329 informem
1235 4270 1625 4336 inchoationem
1672 4291 1848 4334 rerum
1892 4277 2092 4337 forma.

518 4355 682 4418 bilem
715 4359 1102 4434 creabilemque
1126 4363 1398 4420 materiam
1427 4364 1509 4420 his
1535 4367 1836 4426 nominibus
1861 4372 2094 4442 appella-

516 4457 645 4514 tam.
677 4450 816 4519 quod
863 4451 915 4512 in
961 4467 1023 4512 ea
1060 4452 1170 4524 iam
1201 4463 1381 4514 essent
1429 4455 1527 4514 ista
1575 4458 1812 4532 confusa,
1854 4462 2090 4524 nondum

515 4532 851 4618 qualitatibus
896 4543 1182 4616 fnrmisquc
1221 4545 1489 4616 distincta.
1533 4565 1648 4624 quae
1679 4567 1820 4608 nunc
1854 4555 1964 4622 jam
2009 4555 2089 4616 di-

513 4641 660 4706 gesta
682 4634 792 4692 suis
807 4634 1079 4692 ordinibus
1095 4647 1346 4696 vocantur
1366 4640 1558 4699 Casium
1583 4650 1637 4698 et
1663 4651 1836 4712 terra;
1869 4646 1954 4706 illa
1975 4648 2086 4723 δρία·

512 4723 738 4798 rimatis.
761 4725 875 4788 hinc
898 4729 1186 4802 corporalis
1209 4738 1470 4787 creatura.

1095 4820 1319 4875 CAPUT
1358 4821 1539 4876 XVIII.

823 4906 946 4971 Quis
971 4925 1110 4966 error
1127 4910 1364 4970 innoxius
1391 4913 1443 4970 in
1464 4913 1763 4985 διῆρται-ξε.

580 4992 670 5052 37.
701 4993 903 5063 Quibus
930 4999 1173 5060 omnibus
1215 5003 1407 5066 auditis
1445 5014 1500 5066 ot
1544 4998 1914 5079 «residentis.
1957 5015 2084 5073 nolo

514 5082 695 5138 verbis
716 5086 1069 5162 contendere;
1098 5089 1163 5144 ad
1192 5091 1320 5152 nihil
1337 5095 1475 5154 enim
1501 5097 1623 5154 utile
1640 5108 1720 5155 est
1742 5103 1839 5160 nisi
1870 5104 1933 5160 ad
1956 5107 2080 5162 sub-

511 5161 1166 5266 versionem'audicntium
1209 5183 1229 5250 (
1266 5184 1305 5242 Il
1335 5185 1462 5246 Tim.
1492 5204 1548 5253 ιι,
1582 5192 1691 5266 is).
1733 5195 1812 5254 Ad
1851 5197 2081 5261 mdiiica-

511 5264 709 5324 tionem
740 5275 912 5326 autem
940 5268 1075 5329 bona
1104 5279 1184 5326 est
1210 5273 1314 5340 lex.
1335 5277 1512 5348 siquis
1533 5295 1592 5337 ea
1614 5264 1843 5356 legitime
1871 5297 2076 5358 utatur;

509 5357 632 5432 quia
650 5356 767 5412 linis
786 5359 901 5432 ejus
925 5369 1006 5416 est
1030 5360 1258 5426 charitas
1280 5365 1346 5422 de
1373 5369 1531 5428 corde
1547 5388 1699 5444 puro,
1723 5387 1776 5435 et
1801 5356 2077 5438 conscia";

509 5450 580 5504 tia
620 5449 778 5520 bona,
824 5461 875 5507 et
909 5451 1014 5507 fide
1041 5468 1146 5514 non
1182 5455 1298 5518 [icta
1329 5458 1378 5528 (Ι
1408 5459 1538 5519 Tim.
1576 5464 1620 5528 i,
1650 5466 1704 5528 8,
1733 5467 1804 5538 5).
1841 5470 1905 5529 Et
1931 5476 2075 5536 novit

506 5543 756 5620 magister
801 5554 980 5601 noster
1023 5545 1074 5600 in
1115 5548 1304 5618 quibus
1355 5550 1562 5615 duobus
1603 5562 1880 5632 prgrceptis
1911 5573 2070 5626 tutam

505 5632 698 5706 Legem
737 5635 1128 5730 Prqpbetasque
1161 5645 1492 5716 suspenderit
1532 5649 1749 5720 (Manli.
1778 5672 1912 5725 xxii,
1955 5659 2065 5730 40).

505 5724 632 5792 Qua:
661 5727 787 5782 mihi
815 5728 1061 5788 ardenter
1081 5733 1376 5804 confitenti,
1403 5738 1540 5795 Deus
1557 5759 1725 5818 meus,
1744 5724 1914 5808 lumen
1937 5724 2064 5814 oc...

1671 315 2178 382 CONFESSIONUH
2218 319 2275 382 ὃ.
2315 321 2679 391 AUGUSTINI

2219 431 2388 493 lorum
2415 452 2653 499 meorum
2681 442 2734 500 in
2754 443 2981 510 occulto.
3019 446 3148 516 quid
3181 451 3306 512 mihi
3345 455 3503 523 obest.
3529 475 3638 522 eum
3657 468 3727 527 di-

2218 538 2370 618 versa
2400 528 2454 585 iu
2495 528 2578 590 his
2611 533 2788 592 verbis
2817 535 3035 608 intelligi
3066 541 3281 610 possint.
3309 561 3422 614 qua:
3453 558 3612 613 tamen
3633 573 3734 618 ven

2220 615 2345 684 sint,
2377 620 2778 718 quid,.inqtmm,
2798 627 2952 696 milii.
2978 629 3152 699 obest.
3185 633 3228 694 si
3250 635 3390 698 aliud
3413 655 3505 710 ego
3527 615 3732 718 sensero;

2220 723 2376 803 quam
2403 711 2569 771 sensit
2596 713 2735 774 alius
2757 731 2878 778 eum
2915 721 3148 782 sensisse
3185 726 3271 795 qui
3305 729 3540 800 scripsit?
3564 711 3730 803 limini

2221 799 2550 894 quidemqui
2580 804 2823 877 legimus,
2842 809 3059 871 nitimur
3085 811 3188 872 hoc
3211 799 3606 894 indagareatquo
3621 799 3739 890 ωάί.

2222 891 2572 963 prehendere.
2601 899 2742 967 quod
2781 901 2942 960 voluit
2982 903 3071 963 ille
3095 921 3250 975 quem
3279 908 3511 980 legimus.
3529 891 3540 894 _
3559 915 3618 976 Et
3638 934 3733 982 cuin

2221 999 2343 1045 eum
2370 988 2655 1049 veridicum
2684 993 2968 1064 credimus.
3000 997 3130 1056 nihil
3155 1000 3292 1070 quod
3327 1001 3513 1068 falsum
3534 1022 3638 1070 esse
3671 1015 3736 1074 vel

2222 1079 2466 1140 novimus
2524 1082 2607 1140 vel
2661 1093 2932 1157 putamus.
2986 1089 3242 1153 audemus
3303 1108 3421 1157 eum
3481 1099 3735 1166 existimare

2221 1168 2439 1232 dixisse.
2470 1173 2603 1230 Dum
2631 1190 2758 1246 ergo
2783 1179 3004 1249 quisque
3026 1191 3247 1242 conatur
3275 1184 3328 1240 id
3356 1189 3541 1252 sentire
3559 1193 3605 1252 in
3626 1193 3736 1254 Scri-

2222 1261 2390 1328 pturis
2429 1263 2656 1334 sanctis.
2701 1267 2842 1338 quod
2882 1269 2934 1329 in
2973 1271 3051 1330 eis
3091 1275 3257 1332 sensit
3295 1275 3382 1334 ille
3415 1281 3500 1350 qui
3535 1284 3735 1362 scripsit;

2223 1353 2347 1426 quid
2379 1355 2500 1412 mali
2531 1367 2612 1414 est
2640 1358 2684 1416 si
2702 1358 2802 1420 hoc
2825 1363 3192 1435 sentiat,'quod
3209 1378 3285 1436 tu.
3317 1370 3406 1432 lux
3431 1353 3644 1438 omnium
3659 1353 3735 1438 ve;

2221 1443 2502 1504 ridicarum
2531 1449 2806 1518 mentium.
2833 1454 3068 1516 ostendis
3092 1473 3276 1520 verum
3309 1475 3442 1536 esse,
3467 1466 3736 1532 etiamde

2221 1550 2325 1594 nun
2354 1538 2519 1596 sensit
2564 1541 2650 1598 ille
2678 1558 2836 1618 quem
2883 1546 3038 1616 legit;
3068 1563 3190 1610 cum
3236 1562 3292 1614 et
3331 1552 3420 1614 illo
3459 1571 3735 1628 verumutoc

2223 1636 2397 1688 tamen
2427 1631 2526 1687 hoc
2550 1637 2812 1694 senserit?

2819 1727 3041 1790 CAPUT
3083 1733 3222 1794 XIX.

2748 1843 2873 1907 Qua
2905 1845 3092 1914 liquido
3127 1864 3264 1902 tam.

2290 1949 2378 2004 28.
2415 1950 2604 2006 Verum
2634 1962 2716 2007 est
2743 1955 2904 2020 cnim,
2937 1957 3178 2025 Domine,
3213 1960 3400 2016 fecisse
3423 1969 3471 2017 te
3504 1964 3666 2020 coelum
3691 1977 3731 2023 et

2222 2046 2443 2104 terram;
2491 2050 2544 2095 ει
2588 2056 2768 2096 verum
2811 2053 2892 2098 est
2939 2046 3266 2117 Principium
3309 2065 3422 2106 esse
3461 2052 3728 2123 Sapientiam

2220 2139 2358 2185 tuam
2383 2133 2437 2187 in
2465 2150 2563 2208 qua
2577 2134 2745 2190 fecisti
2771 2139 2946 2193 omnia
2975 2139 3144 2209 (Psal.
3173 2158 3293 2209 Clll,
3322 2143 3431 2214 24).
3451 2146 3564 2202 Item
3584 2163 3728 2204 verum

2219 2230 2317 2282 est,
2354 2223 2493 2290 quod
2519 2225 2746 2281 mundus
2786 2227 2883 2282 iste
2922 2230 3140 2286 visibilis
3171 2231 3340 2289 habet
3363 2250 3558 2306 magnas
3591 2250 3726 2309 partes

2217 2327 2337 2366 suas
2363 2313 2554 2369 coelum
2582 2323 2635 2371 et
2659 2326 2854 2372 terram
2876 2361 2890 2386 ,
2933 2319 3076 2376 brevi
3129 2325 3490 2396 complexione
3527 2329 3725 2386 factarum

2216 2403 2450 2457 omnium
2495 2407 2929 2480 conditarumth
2987 2421 3324 2469 naturarum.
3368 2415 3432 2471 Et
3463 2433 3616 2473 verum
3647 2428 3724 2485 est,

2217 2497 2355 2565 quod
2384 2513 2537 2553 omne
2555 2501 2808 2557 mutabile
2830 2502 3058 2560 insinuat
3083 2508 3297 2563 notitiae
3312 2520 3492 2566 nostra:
3502 2511 3722 2585 quamdam

2217 2586 2614 2654 informitatem,
2644 2607 2742 2661 qua
2775 2595 2995 2650 formam
3023 2599 3185 2668 capit,
3238 2601 3321 2655 vel
3349 2617 3443 2673 qua
3467 2612 3651 2657 mutatur
3670 2611 3715 2658 et

2216 2679 2454 2732 vertitur.
2491 2679 2684 2735 Verum
2715 2693 2816 2750 est,
2851 2688 2992 2741 nulla
3023 2698 3268 2760 tempora
3317 2693 3493 2762 perpeti
3523 2692 3633 2764 quod
3654 2693 3711 2748 ita

2214 2767 2445 2824 colimret
2458 2769 2643 2827 forma:
2656 2774 3086 2841 incommutabiil,
3103 2789 3160 2834 ut
3179 2783 3416 2852 quamvis
3427 2785 3486 2838 sit
3501 2783 3713 2850 mutabile.

2215 2875 2317 2913 non
2346 2871 2594 2917 mutetur.
2628 2864 2821 2920 Verum
2850 2877 2961 2932 est,
2994 2869 3393 2938 informitatem,
3433 2889 3533 2944 qua:
3557 2873 3716 2943 prope'

2214 2950 2341 3005 nihil
2364 2963 2463 3018 est,
2493 2955 2636 3009 vices
2667 2966 2959 3026 tempornm
3009 2959 3214 3019 habere
3245 2980 3344 3018 non
3375 2980 3527 3038 posse.
3564 2963 3714 3019 Verum

2213 3051 2314 3108 est,
2346 3046 2485 3114 quod
2514 3047 2655 3102 unde
2676 3047 2734 3102 fit
2763 3049 2980 3119 aliquid,
3017 3063 3197 3120 potesr
3225 3054 3445 3123 quodam
3468 3069 3622 3126 genere
3646 3054 3708 3108 Io-

2211 3137 2434 3192 cutionis
2465 3139 2773 3208 iiabcrejam
2795 3155 2988 3196 nomen
3008 3142 3120 3212 cjus
3145 3145 3230 3200 rei
3256 3162 3372 3218 (tum
3391 3145 3498 3200 inde
3514 3145 3578 3208 lit;
3602 3143 3706 3199 unde

2211 3231 2379 3296 potuit
2411 3231 2583 3284 vocari
2611 3232 2804 3288 coelum
2829 3242 2882 3288 et
2905 3241 3045 3290 terra
3058 3238 3316 3305 quaelibet
3340 3236 3710 3293 informitasuntie

2211 3319 2402 3376 factum
2432 3332 2513 3376 est
2552 3324 2745 3379 corium
2770 3335 2823 3380 et
2853 3335 3010 3380 terra.
3059 3329 3259 3384 Verum
3291 3339 3388 3395 est,
3419 3333 3616 3386 omnium
3634 3329 3713 3384 ior-

2210 3423 2470 3466 matorum
2496 3415 2628 3469 nihil
2668 3431 2787 3471 esse
2811 3418 3025 3472 informi
3054 3420 3282 3476 vicinius
3325 3438 3471 3493 quam
3497 3431 3654 3478 terram
3674 3428 3712 3476 et

2207 3502 2473 3572 abyssum.
2500 3505 2692 3560 Verum
2722 3518 2823 3575 est,
2847 3510 2985 3578 quod
3017 3527 3121 3564 non
3163 3513 3338 3568 solum
3367 3521 3574 3569 creatum
3596 3522 3715 3582 atque

2206 3591 2508 3660 formatum,
2537 3594 2628 3649 sed
2653 3598 2813 3652 etiam
2838 3600 3088 3669 quidquid
3118 3603 3353 3658 creabiic
3379 3613 3524 3674 atque
3555 3601 3712 3658 fortna-

2207 3687 2312 3742 biie
2341 3697 2444 3753 est,
2475 3698 2529 3744 tu
2578 3690 2749 3746 fecisti
2780 3707 2843 3746 ex
2886 3709 2990 3762 quo
3033 3704 3160 3750 sunt
3209 3700 3402 3752 omnia.
3434 3698 3602 3752 Verum
3633 3702 3708 3758 est,

2204 3793 2360 3833 omne
2387 3780 2526 3850 quod
2556 3795 2621 3836 ex
2666 3782 2876 3838 informi
2909 3785 3184 3854 formatur,
3220 3790 3362 3859 prius
3391 3789 3709 3854 easeini’orme.

2202 3872 2394 3928 deinde
2412 3873 2716 3931 forruatum.

2796 3970 3021 4029 CAPUT
3059 3971 3178 4028 XX.

2352 4081 2405 4136 in
2433 4085 2690 4156 principio
2736 4089 2957 4155 creavit,
2989 4099 3114 4157 etc.,
3149 4092 3287 4147 varie
3310 4092 3599 4151 intellectum.

2269 4193 2358 4247 29.
2403 4196 2479 4250 Ex
2519 4196 2599 4251 his
2621 4201 2868 4258 omnibus
2893 4203 3052 4270 veris.
3079 4204 3146 4260 de
3176 4205 3364 4281 quibus
3389 4221 3484 4264 non
3515 4201 3709 4264 dubilani

2199 4303 2422 4360 quorum
2473 4291 2713 4346 interiori
2766 4294 2920 4352 oculo
2971 4295 3093 4351 talia
3124 4297 3308 4356 videre
3335 4296 3548 4361 donasti,
3574 4302 3616 4347 et
3639 4289 3704 4361 qui

2197 4380 2412 4455 Moysen
2457 4381 2706 4438 fan‘iulum
2740 4392 2885 4438 tuum
2927 4385 2977 4439 in
3029 4386 3228 4457 Spiritu
3273 4387 3495 4444 veritatis
3521 4385 3702 4440 loetttum

2197 4488 2315 4532 esse
2346 4474 2686 4534 immobiliter
2707 4476 2962 4545 credunt;
2995 4495 3057 4533 ex
3088 4480 3167 4536 liis
3198 4497 3325 4552 ergo
3347 4479 3567 4536 omnibus
3590 4469 3700 4528 aliud

2189 4557 2296 4619 sibi
2327 4565 2460 4619 tollit
2483 4566 2569 4636 qui
2595 4566 2721 4621 dicit
2746 4586 2757 4621 :
2785 4567 2853 4622 In
2899 4570 3145 4644 principio
3187 4574 3303 4642 fecit
3347 4571 3476 4627 Deus
3498 4569 3638 4624 caelum
3664 4571 3700 4620 ει

2195 4665 2399 4722 terram,
2443 4657 2494 4711 id
2524 4667 2634 4725 est,
2663 4657 2719 4714 In
2750 4659 2920 4716 Verbo
2937 4678 3032 4717 suo
3066 4662 3162 4720 sibi
3189 4675 3446 4719 coaeterni)
3465 4661 3572 4718 iecit
3592 4659 3702 4717 Deus

2192 4748 2573 4822 intciiigibiiem
2601 4760 2757 4822 atque
2775 4754 3097 4822 sensibiiem,
3116 4755 3195 4809 vel
3217 4754 3522 4826 spirituaient
3546 4761 3698 4818 corpu.

2191 4840 2461 4916 raiemquc
2490 4852 2805 4901 creaturam.
2830 4845 2982 4902 Aliud
3005 4848 3089 4917 qui
3117 4848 3273 4910 dicit:
3311 4845 3374 4902 In
3401 4845 3615 4925 principia
3638 4842 3697 4912 [e-

2189 4932 2253 4984 εῖτ
2283 4931 2420 4990 Deus
2458 4933 2636 4987 cwlum
2681 4944 2726 4994 et
2755 4946 2954 5002 terram,
3003 4937 3056 4996 id
3098 4948 3201 5008 est,
3234 4939 3291 4996 In
3319 4937 3485 4996 Verbo
3507 4952 3589 4991 suo
3617 4931 3694 4988 sibi

2189 5037 2455 5082 comterno
2497 5025 2620 5082 fecit
2669 5029 2808 5083 Deus
2853 5029 3146 5089 universam
3195 5032 3344 5087 istam
3388 5030 3562 5085 molem
3600 5039 3692 5086 cor-

2187 5116 2335 5185 porei
2388 5117 2565 5171 mundi
2624 5117 2822 5189 hujus,
2858 5137 2982 5176 cum
3043 5121 3283 5180 omnibus
3314 5136 3439 5196 quas
3503 5117 3694 5175 continet

2185 5207 2480 5265 manifestis
2530 5210 2770 5284 notisque
2824 5213 3047 5274 naturis.
3106 5213 3263 5269 Aliud
3317 5214 3402 5285 qui
3447 5211 3600 5268 dicit:
3637 5205 3690 5260 lit

2185 5301 2430 5376 principio
2455 5303 2570 5376 fecit
2601 5301 2738 5362 Deus
2763 5304 2952 5357 cadunt
2964 5315 3010 5358 et
3053 5315 3252 5376 terram,
3284 5304 3332 5360 id
3359 5313 3452 5372 est,
3474 5300 3524 5356 In
3549 5297 3688 5354 Verbo

2182 5409 2277 5448 suo
2301 5396 2399 5450 sibi
2421 5407 2682 5453 cou‘tcruo
2700 5397 2822 5452 fecit
2844 5399 2980 5454 Dcus
2997 5398 3266 5455 informem
3294 5395 3543 5454 materiam
3563 5404 3683 5450 crea-

2181 5493 2312 5540 tura:
2359 5487 2644 5557 spiritualis
2679 5497 2733 5544 et
2780 5491 3087 5566 corporalis.
3139 5489 3288 5545 Aliud
3327 5489 3409 5560 qui
3443 5483 3591 5544 dicit:
3629 5476 3681 5536 In

2178 5583 2424 5654 principio
2449 5587 2565 5654 fecit
2600 5586 2732 5642 Dens
2761 5590 2940 5649 calum
2963 5600 3008 5646 et
3036 5602 3230 5658 terram,
3261 5589 3312 5650 id
3339 5596 3432 5654 est,
3463 5588 3512 5647 in
3541 5579 3678 5642 vel“

2243 5770 2254 5797 ¹
2284 5772 2415 5828 i.ov.,
2432 5768 2640 5830 proprie.
