3880 6416
133 582 207 623 suo
243 563 332 620 sibi
376 567 645 616 coaeterno
691 556 812 614 fecit
855 556 997 613 Deus
1046 555 1325 612 informem
1389 555 1664 610 materiam

131 669 348 716 creature
367 650 662 730 corporalis
682 651 771 708 ubi
791 650 1068 707 confusum
1111 649 1285 705 adhuc
1331 657 1449 706 erat
1471 647 1666 703 caelum

136 762 178 811 et
202 764 340 814 terra,
364 763 479 822 quae
526 760 668 810 nunc
711 745 823 818 jam
854 743 1099 800 distincta
1137 751 1294 814 atque
1339 741 1563 798 formata
1614 741 1666 796 in

142 843 257 904 istius
274 839 442 898 mundi
468 837 612 893 mole
634 836 915 893 sentimus.
950 835 1103 892 Aliud
1131 837 1220 906 qui
1243 835 1370 889 dicit
1394 851 1408 889 :
1439 832 1503 888 In
1528 834 1668 905 prin-

150 937 241 1012 cipia
256 933 357 1008 fecit
383 929 516 990 Deus
531 930 710 984 caelum
735 938 780 982 et
805 939 1010 995 terram,
1029 926 1080 981 id
1101 935 1204 993 est,
1229 925 1286 980 In
1316 925 1430 995 ipso
1449 924 1669 980 exordio

148 1023 321 1086 faciendi
343 1033 495 1092 atque
509 1019 762 1094 Operandi
781 1019 905 1074 fecit
930 1019 1070 1073 Deus
1086 1017 1366 1072 informem
1393 1017 1667 1071 materiam

145 1116 316 1184 confuse
352 1113 633 1169 habentem
659 1112 853 1168 caelum
897 1120 952 1167 et
1003 1119 1217 1176 terram,
1267 1109 1405 1166 unde
1447 1109 1669 1164 formata

145 1222 253 1272 nunc
274 1206 496 1266 eminent
537 1211 592 1259 et
625 1210 876 1275 apparent
905 1215 1025 1256 cum
1072 1200 1322 1258 omnibus
1354 1215 1473 1272 quas
1514 1199 1566 1254 in
1592 1199 1670 1255 eis

142 1306 250 1356 sunt.

687 1404 914 1468 CAPUT
950 1403 1091 1470 XXI-

243 1525 393 1580 Tssra
415 1530 530 1580 erat
554 1521 857 1588 invisibilis.
888 1530 1016 1585 εισι.
1043 1519 1180 1582 varia
1199 1519 1529 1582 intellectum.

189 1640 267 1698 90.
289 1639 416 1695 Item
443 1636 586 1707 quod
613 1636 805 1691 attinet
838 1635 905 1690 ad
931 1633 1253 1692 intellectum
1275 1633 1556 1690 verborum
1580 1646 1668 1688 se~

141 1731 396 1805 querulum,
416 1745 482 1785 ex
505 1728 608 1783 iiiis
630 1726 879 1782 omnibus
900 1727 1058 1791 veris,
1087 1725 1230 1780 aliud
1260 1725 1360 1779 sibi
1400 1725 1539 1779 tollit
1582 1723 1673 1795 qui

138 1825 269 1879 dicit:
307 1821 459 1876 Terra
487 1828 653 1874 autem
693 1828 802 1873 erat
837 1815 1100 1872 invisibilis
1140 1825 1188 1870 et
1240 1817 1588 1888 incomposita,
1628 1823 1676 1869 et

141 1917 317 1972 latebra:
335 1924 474 1969 eram
500 1929 652 1984 super
679 1911 936 1983 abyssum,
963 1910 1015 1964 Id
1047 1917 1148 1978 est,
1177 1909 1464 1980 Corporaie
1491 1909 1508 1948 ⁸
1548 1907 1675 1962 illud

141 2005 387 2079 qmdfecit
431 2005 594 2070 Deus,
635 2004 808 2059 adhuc
847 2002 1098 2058 materies
1143 2009 1257 2057 erat
1299 2015 1674 2072 corporearum

137 2113 274 2153 rerum
323 2097 598 2163 infamis,
641 2096 759 2150 sine
795 2095 982 2150 ordine
1011 2138 1026 2161 ,
1075 2095 1191 2150 sine
1223 2095 1358 2149 luce.
1407 2093 1560 2149 Aliud
1586 2096 1677 2164 qui

134 2188 225 2244 dicit
263 2206 280 2244 :
324 2187 482 2243 Terra
523 2196 689 2241 autem
739 2196 847 2242 erat
895 2185 1156 2240 invisibilis
1208 2195 1254 2240 et
1304 2186 1672 2254 incomposita,

133 2289 166 2335 et
199 2283 394 2337 lenem
427 2288 572 2336 erant
613 2295 765 2352 super
801 2279 1068 2351 abyssum,
1109 2277 1161 2333 id
1189 2286 1292 2344 est,
1352 2277 1463 2332 Hoc
1512 2287 1677 2331 totum

134 2372 246 2446 quod
269 2374 459 2431 (mium
498 2382 553 2430 et
577 2381 718 2428 terra
757 2372 1074 2443 appellatum
1095 2380 1198 2436 est,
1235 2370 1408 2424 adhue
1439 2368 1680 2425 informis

131 2466 457 2522 «tenebrosa
497 2464 747 2520 materies
790 2472 936 2528 erat,
987 2462 1288 2518 undefleret
1317 2462 1510 2517 emtum
1561 2476 1681 2516 cor-

132 2572 313 2628 poreum
353 2567 408 2612 et
447 2567 590 2612 terra
641 2571 894 2624 corporea
921 2597 936 2623 ,
989 2569 1109 2610 cum
1152 2554 1398 2609 omnibus
1446 2569 1566 2623 quas
1622 2553 1673 2607 in

134 2651 320 2706 eluunt
368 2648 645 2718 corporeis
689 2647 940 2702 sensibus
974 2653 1120 2701 nota.
1175 2645 1334 2700 Aliud
1385 2646 1474 2714 qui
1505 2644 1676 2700 dicit:

134 2737 248 2796 fere
282 2752 453 2796 autem
498 2747 606 2794 erat
643 2738 904 2793 invisibilis
937 2747 986 2792 et
1017 2737 1368 2806 incomposita,
1399 2745 1444 2789 et
1473 2734 1684 2789 tenebras

138 2841 234 2886 aut
259 2847 409 2904 super
433 2829 690 2900 abyssum,
722 2828 774 2882 id
795 2835 897 2890 est,
931 2826 1042 2881 Hoc
1057 2836 1224 2881 totum
1254 2825 1393 2898 quod
1420 2827 1610 2882 omium
1629 2832 1683 2881 et

141 2931 238 2978 terra
267 2920 595 2992 appellatum
636 2928 747 2983 est,
795 2919 969 2972 adimo
1007 2918 1251 2972 informis
1300 2927 1356 2973 et
1401 2917 1681 2974 tenebrosa

145 3012 349 3068 materies
391 3020 529 3077 erat,
577 3010 716 3065 ttnde
746 3009 898 3064 fieret
943 3010 1135 3066 caelum
1187 3009 1514 3079 intelligibile
1542 3008 1683 3079 quod

147 3105 438 3160 alibidicitnr
461 3105 664 3160 caelum
708 3103 830 3159 ccli
866 3100 1035 3175 (Psal.
1079 3117 1229 3167 cxul,
1265 3100 1389 3174 i6);
1439 3109 1490 3156 et
1519 3109 1680 3166 terra,

151 3195 305 3252 Idiicct
326 3197 495 3251 omnis
525 3203 713 3250 natura
742 3194 1138 3264 corporea,sub
1161 3210 1264 3264 quo
1296 3195 1508 3249 nomine
1531 3194 1688 3248 intel-

153 3285 466 3358 iiptnretiam
491 3289 592 3341 hoc
625 3287 822 3342 etclam
849 3301 1197 3356 corporeum;
1239 3285 1290 3341 id
1320 3294 1403 3340 est
1425 3285 1567 3340 unde
1593 3287 1685 3341 lie—

155 3378 383 3433 tetemnis
423 3375 707 3432 invisibilis
745 3376 1075 3446 visibillsque
1113 3384 1376 3432 creatura.
1415 3377 1570 3431 Aliud
1595 3377 1683 3447 qui

161 3467 294 3524 dicit:
319 3469 460 3525 Tsrra
494 3479 664 3524 autem
691 3478 798 3524 erat
841 3469 1107 3524 invisibilis
1135 3477 1181 3523 et
1226 3469 1555 3540 incomposita
1579 3511 1593 3537 ,
1639 3479 1686 3524 et

169 3560 342 3616 imbre
362 3573 476 3617 Μ
496 3580 652 3633 super
679 3562 917 3633 abyssum
940 3577 961 3627 ;
986 3577 1092 3617 non
1122 3561 1266 3616 illam
1306 3562 1684 3616 iuformitatem

175 3653 350 3709 neruine
379 3656 477 3712 ccli
504 3663 560 3712 et
583 3664 744 3710 terra:
769 3653 1038 3725 Scriptura
1085 3653 1396 3724 appellavit;
1442 3653 1535 3707 sed
1577 3653 1683 3721 jam

171 3742 458 3814 crat,inqttit.
479 3745 593 3814 ipsa
629 3743 929 3798 iuformltas
953 3757 1114 3814 quam
1139 3751 1334 3798 terram
1368 3741 1685 3796 invisibllcm

168 3839 206 3886 et
225 3831 585 3907 'ureompesitam
611 3835 1057 3904 tenebrosamque
1079 3832 1331 3906 abyssum
1374 3833 1682 3897 nominavit,

170 3919 218 3976 llo
244 3938 329 3994 qua
353 3926 534 3982 emittm
578 3934 636 3981 et
678 3933 876 3980 terram
922 3924 1090 3978 Deum
1133 3924 1324 3979 fecisse
1347 3923 1683 3995 praedixerat,

167 4010 435 4081 spirituslem
457 4015 676 4081 scilicet,
704 4015 1146 4086 corporalemque
1183 4021 1502 4070 creaturam.
1531 4013 1685 4066 Aliud

168 4104 232 4172 qui
249 4105 360 4161 dicit
389 4124 403 4159 :
431 4107 584 4162 Terra
610 4117 779 4161 autem
821 4115 928 4161 erat
951 4106 1214 4161 invisibilis
1241 4115 1285 4160 et
1333 4107 1682 4177 incomposita,

167 4201 204 4247 ei
233 4199 415 4253 latebra
451 4209 592 4254 erant
636 4215 786 4269 super
813 4197 1068 4270 abyssum,
1101 4198 1153 4253 id
1203 4205 1317 4265 est,
1386 4197 1688 4252 lui'urmitas

169 4288 360 4358 gantiam
396 4291 498 4360 iam
528 4292 782 4347 materies
826 4299 941 4345 erat
962 4332 977 4357 ,
1024 4290 1162 4345 unde
1192 4291 1384 4346 emlum
1412 4301 1464 4345 et
1492 4297 1687 4344 teri-ant

169 4375 300 4436 Deum
323 4382 497 4441 iecisse
523 4385 794 4455 Scriptura
822 4382 1066 4453 prmdixit
1095 4401 1108 4437 :
1143 4392 1304 4438 totam
1334 4383 1538 4437 scilicet
1572 4398 1689 4437 cor-

169 4479 340 4536 poream
367 4475 536 4530 mundi
558 4475 774 4540 molem,
805 4474 856 4528 In
874 4472 1004 4527 duas
1030 4474 1289 4527 maximas
1316 4481 1513 4542 partes,
1531 4489 1690 4544 supe-

169 4558 485 4637 ducuntque
519 4565 825 4622 inferiorem
868 4565 1198 4619 distributum
1223 4607 1238 4632 ,
1280 4580 1400 4620 eum
1445 4564 1691 4621 omnibus

172 4663 255 4720 ne
273 4655 322 4712 ia
341 4657 414 4714 eis
428 4666 548 4715 sunt
569 4655 777 4714 usitatis
803 4658 1050 4728 notisque
1077 4655 1352 4712 creaturis.

705 4765 934 4822 CAPUT
974 4764 1142 4828 XXII.

247 4855 426 4930 Aliquid
449 4876 556 4916 esse
579 4875 613 4913 a
653 4857 762 4914 Deo
782 4858 1056 4923 conditum,
1090 4859 1151 4913 de
1174 4877 1271 4931 quo
1298 4860 1441 4915 sileat
1462 4862 1585 4916 liber

569 4945 801 5020 Genesis,
828 4937 956 5006 nihil
979 4961 1240 5024 repugnat.

219 5043 292 5098 5i.
326 5044 447 5102 Cum
471 5047 615 5102 enim
643 5046 846 5100 duabus
875 5045 989 5099 istis
1015 5044 1272 5100 extremis
1303 5047 1581 5102 sententiis
1608 5063 1689 5104 res

123 5197 128 5200 _
165 5129 604 5209 “quisquam
629 5137 706 5192 ita
743 5134 1027 5191 lassaverit
1054 5152 1068 5190 :
1104 5135 1163 5192 8i
1190 5152 1295 5191 non
1321 5137 1480 5192 vultis
1507 5139 1528 5171 ³
1554 5137 1694 5193 hanc

165 5217 497 5286 ΒΜ
531 5230 774 5288 materia
801 5229 923 5290 emit
959 5234 1014 5284 et
1035 5237 1193 5284 terrae
1211 5231 1431 5290 nomine
1456 5231 1693 5301 appeila-

165 5318 255 5384 η
273 5321 423 5378 sideri
445 5338 461 5389 ;
486 5331 606 5380 erat
633 5337 763 5393 ergo
790 5320 986 5392 aliquid
1007 5321 1150 5392 quod
1178 5336 1282 5377 non
1299 5323 1496 5379 fecerat
1533 5324 1690 5390 Deus,

163 5409 280 5472 εις
296 5413 480 5474 enim
506 5423 565 5470 et
593 5424 791 5469 ten-am
818 5413 1050 5478 faceret;
1081 5429 1254 5484 neque
1269 5415 1410 5474 enim
1425 5413 1696 5485 Scriptura

164 5501 515 5576 IlI-siquod
537 5506 694 5561 istam
715 5505 991 5560 materiem
1022 5503 1158 5561 Dens
1181 5504 1384 5572 fecerit,
1411 5507 1512 5561 nisi
1540 5507 1697 5564 intel-

223 5633 504 5752 Ilamnas
546 5643 598 5690 et
619 5639 839 5703 potiores
876 5646 982 5688 Mss.
1009 5650 1116 5698 eam
1139 5646 1270 5698 Aru.;
1294 5645 1344 5692 at
1365 5638 1474 5689 Bad.
1500 5647 1598 5690 Am.
1625 5646 1698 5691 l’r.

223 5707 310 5752 ιι.
455 5713 566 5752 eam
585 5701 806 5752 «neque
828 5705 932 5749 ita.
958 5700 1164 5752 habent.
1186 5700 1342 5752 idest.
1373 5701 1698 5752 Incorporale:

455 5713 566 5756 eum
585 5691 806 5767 ᾠδείῳ.
828 5705 932 5749 κω.
958 5691 1164 5762 habent,
1186 5691 1342 5762 idest,
1373 5701 1703 5767 Incorporale;

801 5823 1060 5890 tentaterit,
1081 5823 1124 5876 si
1141 5838 1232 5878 non
1256 5825 1352 5878 vult
1374 5823 1532 5878 istan.
1552 5821 1700 5881 Mart};

1388 439 1590 498 LIBER
1628 436 2056 500 DUODECNUS

3237 449 3344 508 838

1775 555 1997 624 iigamus
2026 556 2042 589 ¹
2069 569 2186 610 eam
2217 558 2336 612 cali
2380 565 2434 614 et
2473 568 2646 626 terrm,
2685 569 2774 620 aut
2802 560 2966 616 solius
2991 569 3148 617 terrm
3187 578 3346 620 voea-

1770 645 1896 701 buio
1917 647 2259 717 significatam
2287 665 2407 705 cum
2419 651 2702 718 diceretur,
2723 653 2786 708 In
2807 655 3053 724 principia
3069 656 3185 726 fecit
3202 654 3344 714 Deus

1771 737 1950 793 calum
1989 749 2035 792 et
2076 749 2296 806 terram;
2339 753 2394 797 ut
2449 744 2499 798 id
2526 745 2666 815 quod
2695 751 2949 816 sequitur,
2980 750 3140 806 Terra
3176 763 3344 809 autent

1771 839 1876 884 erat
1899 831 2166 886 invisibilis
2193 843 2240 886 et
2262 833 2613 901 incomposita,
2659 840 2898 907 quamvis
2926 841 3202 898 informem
3233 858 3348 898 ma-

1771 921 1959 975 teriam
1985 922 2061 977 sic
2083 922 2340 992 placuerit
2357 925 2644 994 appellare,
2673 943 2776 982 non
2801 937 2972 986 tamen
2995 933 3348 1002 intelligamus

1771 1011 1873 1066 nisi
1897 1027 2014 1067 eam
2042 1029 2198 1083 quant
2253 1011 2377 1070 fecit
2408 1016 2545 1071 Deus
2598 1017 2651 1072 in
2681 1033 2746 1073 eo
2785 1021 2925 1090 quod
2977 1024 3342 1093 praescriptum

1771 1110 1873 1169 est,
1905 1104 2023 1175 fecit
2043 1103 2180 1160 Deus
2203 1107 2382 1160 caelum
2402 1115 2447 1160 et
2471 1114 2672 1162 terram.
2697 1109 3352 1180 Respondebuntassartoo

1771 1207 1859 1248 res
1884 1193 2107 1248 duarum
2135 1196 2354 1250 istarum
2381 1198 2761 1253 sententiarum
2801 1216 2933 1270 quas
2962 1213 3227 1260 extremas
3250 1220 3349 1276 pe-

1773 1284 1996 1351 sulmus,
2027 1295 2116 1342 aut
2163 1287 2328 1355 illius,
2363 1298 2456 1343 aut
2501 1289 2664 1357 illius,
2692 1306 2811 1346 cum
2841 1292 2956 1349 inec
2992 1296 3270 1364 audierint,
3300 1308 3355 1354 et

1772 1374 1949 1432 dicent
1975 1395 1987 1430 :
2017 1377 2304 1435 informem
2333 1380 2546 1450 quidem
2587 1381 2746 1438 istam
2793 1385 3065 1440 materiam
3106 1403 3211 1443 non
3258 1404 3359 1446 ne-

1771 1481 1958 1538 gamus
1983 1484 2012 1523 a
2043 1470 2150 1524 Deo
2185 1470 2414 1539 factam,
2445 1472 2556 1528 Deo
2600 1488 2631 1528 a
2684 1488 2790 1543 quo
2832 1486 2958 1531 sunt
2993 1479 3171 1533 omnia
3214 1480 3355 1536 bona

1774 1559 1926 1615 valde
1955 1579 1969 1615 :
2008 1561 2128 1631 quia
2159 1565 2292 1617 sicut
2323 1562 2549 1618 dicimus
2569 1565 2796 1634 amplius
2823 1567 3020 1622 bonum
3055 1583 3176 1625 esse
3213 1570 3355 1640 quod

1774 1659 2011 1706 creatum
2042 1661 2202 1722 atque
2235 1653 2518 1709 formatum
2545 1664 2648 1725 est,
2703 1657 2774 1710 ita
2809 1657 3037 1716 fatemur
3063 1662 3238 1717 minus
3265 1661 3358 1716 bo-

1775 1759 1904 1798 num
1932 1759 2054 1800 esse
2078 1745 2220 1816 quod
2251 1747 2446 1802 factum
2487 1755 2569 1803 est
2619 1750 2851 1805 ereabile
2876 1762 3032 1822 atque
3059 1752 3354 1820 formabile,

1777 1835 1871 1890 sed
1901 1844 2075 1893 tamen
2103 1839 2304 1893 bonum
2332 1858 2345 1892 :
2380 1855 2483 1895 non
2518 1849 2694 1896 autem
2736 1857 3186 1903 commemorasse
3214 1847 3361 1903 Seri-

1775 1936 2008 1998 pturam,
2036 1929 2180 2002 quod
2210 1928 2345 1985 hanc
2379 1931 2756 1988 informitatem
2799 1934 2980 1990 fecerit
3017 1937 3177 2003 Deus,
3223 1939 3362 1994 sicut

1778 2020 1878 2075 alia
1901 2023 2065 2076 multa
2092 2038 2196 2076 non
2223 2025 2676 2088 commemoravit,
2711 2036 2769 2080 ut
2791 2026 3076 2083 Chal-ubiut
3109 2037 3164 2088 et
3198 2028 3361 2086 Sera-

1777 2114 1922 2184 phim
1967 2111 2119 2186 (Isai.
2162 2114 2326 2182 v1.2;
2357 2125 2404 2169 et
2431 2131 2642 2182 xxxvn,
2679 2116 2789 2187 i6),
2821 2127 2874 2173 et
2913 2134 3033 2189 qua
3073 2121 3361 2190 Apostolus

1781 2204 2025 2260 distincte
2046 2205 2138 2272 ait,
2165 2204 2342 2272 Sedes,
2373 2205 2752 2262 Dominationes
2770 2249 2785 2275 ,
2818 2207 3144 2279 Principatum
3162 2251 3176 2275 ,
3207 2211 3362 2266 Pote-

1781 2294 2170 2369 statesiColass.
2205 2311 2243 2365 ι,
2273 2296 2386 2367 iii),
2411 2313 2528 2367 quae
2549 2305 2725 2353 tamen
2757 2299 2934 2353 omnia
2975 2300 3141 2354 Deum
3170 2301 3362 2360 fecisse

1781 2388 2116 2444 manifestum
2163 2397 2264 2444 est.
2310 2387 2414 2443 Aut
2452 2389 2495 2444 si
2525 2389 2581 2444 in
2624 2404 2690 2445 eo
2711 2390 2853 2460 quod
2877 2391 3074 2446 dictum
3109 2402 3210 2460 est,
3241 2395 3362 2466 fecit

1783 2477 1964 2532 cretum
1991 2487 2039 2533 et
2083 2489 2267 2533 terram
2289 2522 2304 2545 ,
2333 2481 2714 2548 comprehensa
2755 2489 2878 2536 sunt
2905 2483 3110 2545 omnia;
3139 2484 3266 2553 quid
3294 2484 3363 2542 de

1783 2572 1936 2642 aquis
1981 2571 2226 2638 dicimus,
2259 2588 2420 2641 super
2446 2588 2577 2643 quas
2601 2571 2868 2628 ferebatur
2891 2575 3117 2644 Spiritus
3145 2575 3236 2632 Dei
3254 2578 3279 2630 γ
3303 2575 3364 2634 Si

1787 2665 1950 2732 enim,
1978 2674 2117 2721 terra
2147 2667 2435 2730 nominata,
2455 2666 2610 2722 simul
2641 2666 3041 2737 intelliguntur;
3097 2669 3365 2738 quomodo

1777 2756 1888 2828 jam
1955 2767 2110 2813 terrm
2171 2757 2388 2812 nomine
2449 2759 2700 2813 materies
2761 2759 3000 2814 informis
3063 2761 3364 2830 accipitur,

1785 2846 1995 2918 quando
2024 2858 2128 2903 tam
2160 2850 2428 2917 speciosas
2451 2864 2614 2918 aquas
2642 2848 2924 2904 videmus?
2955 2851 3059 2904 Aut
3104 2851 3149 2905 si
3184 2852 3253 2906 ita
3279 2866 3370 2908 ae-

1787 2937 2017 3008 clpltur;
2050 2953 2146 2992 cur
2165 2955 2228 2992 ex
2258 2937 2442 2993 eadem
2475 2938 2797 2993 informitate
2842 2941 3095 3010 scriptum
3134 2949 3251 3009 est,
3287 2942 3367 2998 fa-

1785 3037 1928 3084 ctum
1961 3028 2352 3084 firmamentum
2390 3038 2442 3084 et
2467 3037 2709 3083 vocatum
2739 3030 2964 3096 coelum,
3016 3046 3190 3101 neque
3231 3033 3369 3087 scri-

1783 3131 1934 3193 ptum
1956 3130 2036 3176 est
2064 3119 2228 3177 factas
2255 3136 2376 3176 esse
2403 3121 2604 3191 aquas?
2629 3121 2744 3176 Non
2768 3122 2906 3176 enim
2927 3121 3097 3176 adimo
3114 3122 3369 3179 informes

1788 3220 1913 3266 sunt
1940 3219 1992 3266 et
2013 3210 2216 3277 invisre,
2237 3227 2366 3282 quas
2397 3211 2465 3264 ita
2491 3211 2682 3266 decora
2709 3212 2886 3281 specie
2898 3212 3063 3268 liuere
3079 3214 3365 3270 cernimus.

1786 3303 1894 3357 Aut
1919 3301 1962 3356 si
1994 3309 2118 3358 tunc
2146 3311 2465 3372 acceperunt
2493 3303 2645 3357 istam
2663 3305 2892 3372 speciem
2919 3319 3037 3358 cum
3055 3305 3188 3361 dixit
3207 3305 3367 3373 Deus,

1790 3393 2128 3465 Congregetur
2154 3410 2285 3466 aqua
2319 3409 2433 3464 qua:
2457 3401 2529 3448 est
2567 3394 2658 3447 sub
2686 3393 3001 3460 ﬁrmamento
3031 3389 3184 3464 (Gela.
3214 3411 3254 3462 I,
3285 3395 3366 3468 9),

1789 3494 1847 3542 ut
1883 3486 2220 3557 congregatio
2241 3486 2313 3541 sit
2346 3486 2459 3556 ipsa
2491 3485 2769 3552 formatio;
2801 3487 2925 3556 quid
2966 3487 3371 3557 respondebitur

1788 3576 1859 3634 de
1882 3577 2036 3648 aquis
2060 3592 2179 3648 quae
2204 3591 2365 3646 super
2395 3579 2786 3632 firmamentum
2838 3577 3001 3631 sunt?
3020 3577 3140 3649 quia
3193 3593 3368 3649 neque

1791 3668 2046 3724 informes
2065 3678 2170 3723 tam
2185 3668 2546 3723 ltonorabiiem
2569 3669 2750 3724 sedem
2773 3669 3011 3739 accipere
3032 3669 3367 3738 meruissent,

1791 3774 1891 3815 nec
1920 3759 2174 3829 scriptum
2205 3767 2286 3814 est
2305 3775 2408 3824 qua
2436 3773 2568 3813 voce
2599 3758 2837 3813 formatae
2861 3759 2986 3815 sint.
3016 3759 3170 3815 Unde
3196 3761 3240 3814 si
3274 3761 3370 3815 alio

1789 3850 1916 3922 quid
1947 3850 2170 3905 Genesis
2196 3850 2357 3905 tacuit
2384 3849 2547 3905 Deum
2572 3850 2780 3917 fecisse,
2828 3851 2968 3920 quod
3002 3860 3177 3905 tamen
3205 3852 3370 3908 Deum

1791 3941 1978 3998 fecisse
2005 3957 2104 3998 nec
2155 3958 2281 3998 sana
2307 3942 2459 4008 fides,
2476 3958 2573 3998 nee
2595 3951 2774 3998 certus
2790 3943 3006 4012 ambiglt
3033 3943 3366 4008 Intellectus;

1792 4049 1896 4088 nec
1919 4033 2040 4089 ideo
2055 4033 2161 4089 ulla
2183 4032 2358 4088 sobria
2385 4032 2624 4087 doctrina
2646 4032 2822 4087 dicere
2832 4033 3045 4087 audebit
3065 4034 3190 4087 istas
3206 4047 3370 4102 aquas

1790 4131 2084 4185 coaeternas
2105 4124 2235 4188 Deo,
2255 4124 2377 4192 quia
2398 4123 2450 4176 in
2479 4122 2612 4176 libro
2636 4121 2906 4177 Geneseos
2929 4133 3370 4178 commcmoratas

1793 4217 2008 4289 quidem
2029 4215 2323 4270 audivimus
2351 4216 2392 4280 ³,
2440 4215 2525 4270 ubi
2555 4222 2732 4269 autem
2763 4215 2911 4268 factm
2940 4217 3047 4272 sint
3069 4231 3176 4270 non
3219 4217 3370 4272 inve-

1795 4310 1970 4364 nimus
2003 4326 2015 4361 :
2045 4323 2138 4362 cur
2165 4323 2270 4360 non
2300 4304 2578 4361 informem
2617 4322 2824 4377 quoque
2866 4307 3006 4360 illam
3055 4308 3332 4364 materiem
3353 4350 3368 4376 ,

1794 4407 1950 4471 quam
1981 4396 2249 4468 Scriptura
2281 4397 2395 4452 ineo
2439 4405 2634 4453 terram
2675 4397 2988 4452 invisibiiem
3016 4408 3068 4452 et
3093 4398 3373 4470 incompo-

1794 4493 1972 4557 sitam,
2004 4491 2444 4560 tenebrosamque
2463 4490 2711 4560 abyssum
2735 4487 2981 4560 appellat,
2995 4490 3219 4547 docente
3239 4495 3377 4548 veri-

1794 4591 1904 4639 tate
1928 4583 2281 4653 intelligamus
2309 4596 2338 4636 a
2368 4583 2476 4638 Deo
2523 4582 2712 4638 factam
2755 4597 2875 4638 esse
2899 4583 2967 4638 de
2999 4585 3199 4654 nihilo,
3231 4573 3395 4643 ideo»

1797 4691 1901 4747 que
1929 4675 2006 4730 illi
2041 4689 2147 4730 non
2173 4689 2292 4730 esse
2320 4684 2658 4738 coaeternam,
2701 4676 2940 4746 quamvis
2983 4678 3070 4734 ubi
3100 4679 3232 4736 facta
3287 4680 3374 4747 sit,

1731 4833 1733 4836 ,
1795 4766 2038 4822 emiserit
2055 4766 2336 4822 enuntiare
2361 4766 2460 4820 ista
2487 4765 2758 4821 narratio!
2843 4784 2846 4788 ·

2352 4877 2582 4936 CAPUT
2619 4877 2807 4934 XXI".

1796 4950 1916 5006 Due
1955 4951 2317 5005 dissensionum
2353 4963 2535 5021 genere
2573 4950 2626 5005 in
2667 4951 2944 5021 Scriptus-is
2968 4955 3376 5027 interpretandis.

1871 5040 1961 5098 82.
1995 5039 2089 5098 liis
2114 5054 2242 5111 ergo
2269 5040 2463 5096 auditis
2487 5050 2647 5112 atque
2674 5044 2968 5113 perspectis
2988 5060 3085 5116 pro
3112 5060 3268 5118 captu
3300 5050 3380 5104 in—

1798 5134 2066 5190 firmitatis
2087 5147 2252 5201 mens,
2299 5149 2457 5205 quam
2486 5135 2580 5189 tibi
2606 5135 2865 5193 confiteor
2888 5139 3072 5195 scienti
3103 5141 3213 5197 Deo
3237 5159 3378 5210 meo,

1801 5229 1908 5284 duo
1932 5228 2088 5283 video
2124 5227 2515 5284 dissensionum
2567 5245 2759 5300 genera
2798 5231 2995 5288 aboriri
3048 5249 3223 5305 posse,
3263 5250 3383 5290 cum

1801 5318 1998 5390 aliquid
2041 5331 2071 5374 a
2120 5319 2319 5374 nuntiis
2374 5320 2648 5376 veraeibus
2697 5336 2795 5391 per
2830 5323 2978 5394 signa
3036 5327 3378 5380 enuntiatur:

1804 5428 1967 5467 unum
1995 5412 2041 5467 si
2072 5411 2144 5468 de
2169 5414 2392 5468 veritate
2422 5429 2619 5479 rerum,
2669 5415 2892 5470 alterum
2931 5416 2976 5470 si
3009 5415 3074 5471 de
3108 5417 3269 5485 ipsius
3294 5418 3382 5486 qui

1805 5506 2046 5562 enuntiat
2073 5505 2344 5560 voluntate
2357 5504 2618 5561 dissensio
2635 5515 2734 5561 est.
2764 5508 2929 5562 Aliter
2942 5507 3080 5562 enim
3099 5508 3384 5574 qua-rimas

1805 5597 1875 5654 de
1897 5605 2153 5653 creaturae
2197 5597 2502 5654 conditione
2528 5597 2652 5668 quid
2692 5611 2869 5652 verum
2900 5598 2993 5661 sit;
3021 5595 3175 5650 aliter
3208 5607 3384 5654 autem

1844 5710 1862 5742 ι
1890 5715 1940 5772 in
1971 5709 2195 5772 omnibus
2226 5708 2330 5759 fere
2361 5708 2497 5759 libris
2527 5708 2704 5770 legitur
2729 5747 2741 5768 ,
2768 5708 2862 5757 nisi
2893 5715 2946 5772 ut
2971 5705 3310 5772 intelligamus,
3339 5712 3390 5762 ii-

1812 5771 2084 5844 brariortun
2106 5768 2240 5840 lapsu
2254 5805 2268 5830 ,
2293 5774 2381 5844 qui
2406 5773 2533 5844 forte
2551 5768 2893 5844 mutuumaut
2934 5771 2986 5844 in
3006 5776 3075 5844 ut:
3247 5768 3390 5835 pirro

1813 5830 2099 5895 particulam
2121 5830 2414 5895 removimus
2431 5834 2568 5895 juxta
2592 5838 2697 5895 Am;
2726 5837 2774 5879 et
2802 5837 2906 5886 Mais.
2934 5830 3294 5891 Βεωεῑιὶίωωὶι.

1881 5894 1902 5924 ³
1926 5889 2182 5950 audimus,
2205 5893 2343 5954 juxta
2368 5889 2508 5941 Rehd.
2533 5903 2639 5939 cum
2662 5889 2690 5936 ’1
2715 5897 2816 5938 Mss.
2847 5899 2901 5941 Μ.
