3926 6272
594 372 701 432 859

592 484 715 559 quid
744 484 797 539 in
837 480 921 537 bis
946 477 1123 535 verbis
1144 474 1372 547 Moyses,
1409 470 1651 543 egregius
1678 467 2014 559 domesticus
2043 462 2163 559 fidei

589 556 717 643 tum,
736 574 1022 643 intelligere
1038 570 1289 625 lectorem
1307 563 1706 632 auditoremque
1728 558 1971 614 voluerit.
1994 556 2049 610 In
2074 556 2163 609 illo

588 669 760 742 primo
782 679 975 737 genere
1002 658 1277 717 discedant
1298 672 1328 712 a
1344 671 1430 711 me
1449 668 1656 715 omnes,
1676 652 1765 723 qui
1792 666 1854 707 ea
1884 648 2163 742 qum—falsa

587 740 732 825 sunt,
780 771 839 813 se
870 753 1011 812 scire
1051 750 1389 807 arbitrantur.
1441 746 1498 802 In
1528 745 1630 801 hoc
1653 744 1777 799 item
1797 743 1965 797 altero
1990 740 2162 795 disce-

586 850 717 909 dant
740 864 769 903 a
796 862 881 903 me
897 858 1084 900 omnes
1096 842 1186 913 qui
1202 857 1262 896 ea
1286 854 1405 910 quae
1421 836 1551 893 falsa
1572 844 1715 899 sunt,
1738 834 1952 905 Moysen
1970 830 2164 886 dixisse

588 941 929 998 arbitrantur.
957 933 1260 1003 Conjungar
1291 937 1465 984 autem
1496 926 1619 993 illis,
1660 924 1899 989 Domine,
1924 922 1975 975 in
2007 928 2079 984 te,
2110 928 2166 974 et

586 1034 820 1092 delecter
843 1043 964 1085 eum
990 1027 1069 1082 eis
1106 1026 1157 1079 in
1200 1032 1275 1090 te,
1301 1022 1390 1092 qui
1415 1019 1635 1075 veritate
1669 1027 1756 1071 tua
1786 1020 2071 1085 pascuntur
2111 1011 2162 1065 in

586 1122 863 1182 latitudine
888 1116 1191 1181 cbaritatis;
1216 1124 1272 1169 et
1293 1111 1608 1167 accedamus
1632 1107 1788 1163 simul
1804 1105 1870 1160 ad
1897 1104 2052 1158 verba
2079 1100 2165 1155 Li-

587 1218 667 1274 bri
699 1216 795 1281 tul,
826 1222 880 1269 et
898 1223 1197 1283 quaeramus
1217 1206 1269 1261 in
1305 1205 1384 1259 eis
1409 1204 1727 1257 voluntatem
1759 1208 1903 1252 tuam
1940 1210 2033 1266 per
2067 1206 2163 1247 vo-

588 1308 846 1363 luntatem
870 1301 1053 1359 famuli
1080 1300 1175 1363 tui,
1204 1297 1355 1365 cujus
1377 1295 1579 1349 calamo
1603 1287 1915 1360 dispensasti
1939 1301 2022 1342 ea.

1139 1389 1362 1446 CAPUT
1401 1383 1588 1441 XXIV.

591 1488 675 1545 Ea:
697 1486 868 1541 multis
907 1483 1035 1540 veris
1074 1497 1175 1537 non
1212 1477 1351 1533 debet
1389 1476 1599 1546 ﬁdenter
1622 1473 1779 1528 asseri
1805 1473 1898 1525 hoc
1922 1476 2007 1523 aut
2036 1466 2167 1521 illud

1143 1570 1356 1626 sensisse
1384 1567 1614 1637 Moysen.

664 1671 750 1727 53.
764 1667 869 1725 Sed
888 1666 1005 1738 quis
1024 1670 1258 1720 nostrum
1274 1660 1351 1715 sic
1363 1658 1561 1713 invenit
1577 1658 1592 1688 ⁸
1605 1670 1721 1711 eam
1735 1655 1871 1710 inter
1888 1661 1992 1708 tam
2004 1651 2168 1707 multa

592 1778 719 1821 vera
745 1763 789 1827 ³,
813 1774 931 1830 qua:
955 1758 1007 1813 in
1037 1756 1140 1811 illis
1170 1751 1349 1808 verbis
1362 1750 1516 1805 aliter
1540 1757 1696 1817 atque
1718 1745 1873 1800 aliter
1888 1743 2169 1799 intellectis

592 1857 879 1911 occurrunt
903 1844 1289 1920 quaerentibus:
1321 1849 1379 1896 ut
1405 1848 1513 1896 tam
1534 1836 1757 1892 fidenter
1773 1835 1915 1890 dicat
1931 1833 2033 1888 hoc
2049 1848 2170 1889 sen—

599 1948 736 2004 sisse
759 1945 997 2015 Moysen.
1027 1948 1183 2009 atque
1211 1936 1314 1992 hoc
1338 1934 1392 1989 in
1422 1931 1510 1989 illa
1530 1929 1830 1986 narratione
1849 1926 2080 1982 voluisse
2101 1924 2153 1979 in

594 2036 783 2108 telligi,
822 2047 979 2105 quam
1011 2028 1232 2085 fidenter
1252 2024 1382 2081 dicit
1406 2022 1509 2080 hoc
1541 2035 1728 2076 verum
1765 2033 1906 2085 esse,
1942 2018 2055 2073 sive
2082 2015 2173 2071 ille

592 2130 697 2185 boc
722 2123 949 2183 senserit
974 2122 1089 2178 sive
1112 2118 1289 2175 aliud?
1319 2117 1455 2172 Ecce
1494 2111 1662 2181 enim,
1688 2112 1827 2167 Deus
1871 2122 2044 2175 meus,
2073 2120 2173 2176 ego

592 2233 777 2276 servus
796 2226 916 2271 tuus
942 2212 1033 2284 qui
1049 2212 1166 2266 vovi
1188 2209 1279 2264 tibi
1301 2204 1617 2263 sacrificium
1634 2198 1984 2258 confessionis
2011 2196 2065 2251 in
2092 2195 2174 2249 bis

592 2309 803 2374 litteris,
830 2314 885 2362 et
904 2319 999 2361 oro
1017 2311 1079 2359 ut
1097 2318 1165 2359 ex
1192 2296 1553 2356 misericordia
1570 2302 1660 2349 tua
1689 2292 1905 2348 reddam
1933 2288 2027 2342 tibi
2056 2295 2174 2341 vota

594 2415 743 2465 mea;
782 2411 909 2454 ecce
945 2409 1044 2465 ego
1086 2407 1244 2464 quam
1289 2389 1513 2445 fidenter
1548 2385 1669 2441 dico
1694 2384 1747 2438 in
1776 2392 1867 2437 tuo
1892 2380 2067 2435 Verbo
2093 2379 2174 2433 in-

594 2488 953 2547 commutabili
989 2483 1166 2540 omnia
1200 2490 1254 2536 te
1283 2479 1493 2543 fecisse,
1525 2473 1805 2530 invisibilia
1833 2480 1889 2528 et
1929 2469 2173 2535 visibilia,

595 2580 848 2652 numquid
874 2588 981 2633 tam
1010 2575 1235 2631 fidenter
1254 2572 1378 2629 dico
1406 2584 1510 2624 non
1534 2566 1678 2623 aliud
1701 2580 1854 2637 quam
1885 2564 1988 2618 hoc
2006 2571 2176 2617 atteno

604 2676 749 2733 disse
789 2672 1005 2742 Moysen
1032 2682 1155 2725 eum
1193 2665 1451 2721 scriberet
1482 2681 1497 2718 :
1524 2659 1591 2715 In
1618 2659 1864 2732 principio
1902 2657 2017 2728 fecit
2041 2655 2179 2709 Deus

598 2766 778 2823 coelum
810 2772 857 2819 et
881 2773 1063 2817 terram
1084 2760 1110 2814 7
1137 2758 1272 2827 Quia
1302 2771 1407 2812 non
1442 2755 1581 2810 sicut
1602 2752 1655 2807 in
1680 2761 1768 2808 tua
1810 2750 2031 2806 veritate
2076 2748 2179 2803 boc

599 2867 800 2915 certum
828 2853 1003 2915 video.
1028 2850 1098 2905 ita
1115 2850 1169 2904 in
1187 2850 1303 2920 ejus
1327 2855 1503 2903 mente
1518 2844 1672 2901 video
1692 2843 1742 2898 id
1770 2857 1891 2899 eum
1920 2842 2180 2911 cogitasse

598 2963 720 3005 cum
764 2948 878 3001 haec
919 2941 1193 2998 scriberet.
1222 2939 1395 2994 Potuit
1421 2937 1560 2992 enim
1589 2936 1821 3004 cogitare
1864 2933 1916 2988 in
1953 2933 2067 3001 ipso
2096 2929 2177 2997 fa-

600 3040 770 3097 ciendi
805 3034 1046 3100 exordio,
1075 3048 1196 3089 cum
1230 3030 1448 3094 diceret,
1478 3026 1545 3082 In
1588 3026 1831 3101 pﬁndpio
1863 3040 1883 3078 :
1914 3024 2081 3094 potuit
2126 3030 2181 3079 et

601 3130 792 3189 celum
819 3135 874 3182 et
895 3134 1091 3180 terram
1119 3121 1221 3177 hoc
1240 3120 1379 3184 loco,
1400 3116 1597 3173 nullam
1615 3116 1723 3186 jam
1748 3115 2023 3170 formatam
2053 3129 2179 3184 per-

600 3221 897 3289 fectamque
943 3222 1181 3270 naturam
1241 3211 1354 3266 sive
1402 3208 1726 3279 spiritualem
1773 3207 1889 3262 sive
1931 3220 2182 3274 corpora-

601 3315 725 3377 lem,
744 3311 837 3367 sed
854 3319 1131 3379 utramque
1162 3305 1460 3362 inchoatam
1475 3313 1531 3361 et
1546 3302 1720 3359 adhuc
1745 3299 2022 3357 informem
2046 3299 2181 3355 velle

603 3406 843 3477 intelligi.
893 3403 1062 3459 Video
1093 3401 1285 3473 quippe
1318 3415 1443 3457 vere
1488 3396 1724 3468 potuisse
1763 3395 1886 3460 dici,
1927 3393 2179 3465 quidquid

604 3497 792 3553 borum
839 3495 1134 3559 diceretur;
1159 3492 1251 3549 sed
1281 3491 1405 3563 quid
1453 3490 1643 3546 borum
1683 3488 1734 3544 in
1762 3488 1845 3544 his
1871 3487 2047 3543 verbis
2090 3486 2179 3542 ille

602 3586 930 3659 cogitaverit,
962 3600 1065 3641 non
1098 3586 1167 3640 ita
1191 3582 1347 3639 video
1393 3600 1407 3636 :
1452 3580 1693 3653 quamvis
1720 3580 1831 3635 sive
1855 3578 2050 3650 aliquid
2079 3578 2177 3633 ho-

604 3693 746 3743 rum,
769 3678 879 3734 sive
895 3675 1088 3747 aliquid
1104 3673 1245 3729 aliud
1264 3671 1403 3745 quod
1426 3688 1457 3728 a
1477 3688 1562 3728 me
1578 3681 2045 3729 commemoratum
2072 3686 2176 3725 non

604 3779 709 3838 est,
742 3778 917 3825 tantus
942 3768 1023 3823 vir
1048 3767 1137 3824 ille
1156 3776 1332 3822 mente
1356 3764 1711 3835 conspexerit,
1736 3778 1856 3819 cum
1880 3762 1993 3817 haec
2017 3761 2176 3818 verba

602 3869 889 3933 promeret,
919 3874 1104 3916 verum
1146 3873 1268 3915 eum
1294 3856 1490 3913 vidisse
1517 3864 1741 3927 apteque
1783 3854 1836 3910 id
1878 3854 2178 3911 enuntiasse

605 3969 711 4010 non
738 3951 995 4009 dubitem.

1162 4039 1387 4098 CAPUT
1427 4039 1591 4094 XXV.

603 4137 849 4193 Adversus
877 4152 961 4192 eos
986 4135 1071 4207 qui
1097 4134 1311 4189 aliorum
1340 4129 1702 4201 interpretandi
1729 4130 1977 4185 rationem
2000 4137 2179 4183 temere

1257 4222 1508 4293 rejiciunt.

670 4319 759 4374 54.
791 4319 955 4374 Nemo
981 4314 1108 4371 milii
1124 4314 1234 4385 jam
1262 4312 1516 4368 molestus
1545 4312 1614 4368 sit
1637 4311 1861 4368 dicendo
1880 4311 2009 4367 mibi
2028 4331 2042 4367 :
2063 4312 2177 4369 Non

601 4410 702 4467 hoc
727 4409 892 4465 sensit
914 4408 1121 4479 Moyses
1149 4402 1288 4475 quod
1315 4413 1369 4458 tu
1384 4403 1550 4470 dicis;
1580 4404 1674 4460 sed
1703 4405 1801 4460 hoc
1838 4405 2002 4460 sensit
2039 4404 2179 4476 quod

570 4518 701 4572 —ego
720 4502 857 4557 dico.
888 4500 943 4555 Si
971 4499 1113 4555 enim
1140 4496 1267 4553 mibi
1297 4493 1498 4552 diceret
1525 4515 1539 4552 :
1572 4496 1720 4553 Unde
1744 4497 1847 4552 scis
1868 4494 1967 4552 hoc
1983 4497 2181 4552 sensis-

602 4609 664 4650 se
699 4592 912 4664 Moysen
956 4591 1097 4662 quod
1122 4590 1190 4647 de
1217 4590 1302 4646 bis
1327 4590 1502 4647 verbis
1543 4589 1658 4659 ejus
1701 4588 2001 4660 eloqueris‘!
2027 4605 2179 4660 aequo

600 4683 781 4737 animo
823 4680 964 4738 ferre
999 4681 1251 4738 deberem
1295 4690 1351 4737 et
1393 4681 1771 4752 responderem
1812 4679 2035 4737 fortasse
2062 4697 2179 4752 qua:

603 4772 845 4842 superius
900 4771 1176 4842 respondi,
1212 4771 1297 4828 vel
1340 4771 1609 4844 aliquanto
1650 4773 1866 4829 uberius
1888 4814 1904 4841 ,
1955 4773 2000 4828 si
2038 4781 2180 4829 esset
2232 4822 2243 4829 .

604 4862 806 4919 durior.
845 4862 975 4919 Cum
1016 4878 1143 4919 vero
1178 4864 1307 4919 dicit
1338 4882 1353 4919 :
1382 4864 1495 4921 Non
1515 4865 1617 4921 boc
1659 4864 1747 4921 ille
1773 4866 2095 4937 sensitquod
2124 4876 2180 4923 tu

605 4954 757 5017 dicis,
802 4954 895 5010 sed
929 4954 1067 5026 quod
1101 4970 1199 5028 ego
1216 4956 1378 5031 dico;
1408 4973 1580 5029 neque
1607 4967 1781 5015 tamen
1820 4970 1995 5032 negat,
2037 4959 2179 5032 quod

604 5052 827 5116 uterque
852 5055 1088 5103 nostrum
1116 5047 1262 5117 dicit,
1291 5058 1570 5120 utrumque
1608 5067 1791 5107 verum
1826 5068 1981 5110 esse:
2016 5069 2050 5109 o
2073 5054 2178 5109 vita

604 5151 893 5208 pauperum
918 5139 1057 5196 Deus
1085 5155 1255 5209 meus,
1283 5141 1336 5196 in
1360 5141 1513 5212 cujus
1540 5142 1658 5199 sinu
1679 5161 1784 5201 non
1811 5156 1892 5201 est
1910 5146 2177 5202 contradi-

605 5228 729 5294 ctio,
769 5229 889 5300 pluc
916 5230 1047 5286 milii
1076 5231 1430 5302 mitigationes
1458 5233 1513 5288 in
1538 5249 1653 5299 cur,
1681 5245 1737 5290 ut
1764 5238 2022 5307 patienter
2047 5239 2179 5295 tales

604 5319 771 5377 feram
797 5321 886 5392 qui
913 5339 1017 5378 non
1038 5322 1166 5377 milii
1197 5322 1297 5380 boc
1318 5323 1521 5393 dicunt,
1550 5327 1672 5396 quia
1692 5326 1853 5382 divini
1878 5338 2019 5395 sunt,
2046 5339 2099 5384 et
2124 5330 2177 5385 in

605 5413 767 5470 corde
786 5412 964 5469 famuli
987 5415 1058 5469 tui
1084 5414 1327 5472 viderunt
1343 5418 1483 5489 quod
1505 5418 1713 5483 dicunt;
1739 5419 1832 5474 sed
1852 5421 1971 5491 quia
1996 5435 2178 5491 super-

606 5506 660 5562 bi
689 5515 853 5562 sunt:
884 5521 980 5561 nec
1005 5518 1269 5565 noverunt
1294 5508 1460 5583 Moysi
1503 5509 1843 5576 sententiam,
1874 5512 1967 5568 sed
1995 5523 2179 5570 amant

607 5611 788 5660 suam;
825 5611 928 5651 non
951 5598 1075 5669 quia
1098 5614 1223 5655 vera
1247 5610 1351 5668 est,
1376 5599 1471 5657 sed
1510 5601 1634 5673 quia
1664 5615 1757 5657 sua
1791 5610 1890 5657 est.
1929 5603 2175 5676 Alioquin

674 5790 697 5822 '
725 5789 1043 5855 Ve'baduita
1063 5801 1170 5850 ων.
1193 5789 1366 5852 εόωω.
1390 5789 1446 5852 n.

1644 340 2163 412 consussmuu
2202 345 2262 403 s.
2303 339 2669 403 AUGUSTIN]
3672 352 3751 412 ω

2272 470 2327 516 et
2353 460 2507 515 aliam
2532 473 2711 514 veram
2740 456 2940 527 pariter
2973 465 3232 521 amarent,
3265 456 3391 512 sicut
3407 473 3496 530 ego
3518 474 3617 518 amo
3648 470 3753 536 quod

2271 552 2475 619 dicunt,
2511 552 2721 622 quando
2745 565 2925 606 verum
2951 549 3162 612 dicunt;
3194 566 3294 605 non
3324 553 3436 620 quia
3472 552 3664 623 ipsorum
3679 570 3752 623 est,

2270 644 2365 700 sed
2392 644 2514 715 quia
2546 658 2725 699 verum
2745 653 2861 708 est;
2888 650 2942 696 et
2959 641 3077 699 ideo
3094 641 3204 713 jam
3232 657 3327 698 nec
3352 642 3557 713 ipsorum
3574 658 3656 714 est,
3669 652 3757 719 quia

2269 752 2456 792 verum
2501 745 2603 793 est.
2643 734 2701 791 Si
2754 745 2927 791 autem
2962 734 3081 790 ideo
3106 744 3282 790 ament
3321 734 3442 791 illud
3482 737 3585 807 quia
3619 755 3756 799 verum

2271 838 2373 893 est,
2409 826 2519 898 jam
2560 836 2616 882 et
2656 826 2893 896 ipsorum
2938 834 3022 883 est
3065 834 3121 881 et
3159 840 3329 880 meum
3362 836 3471 891 est;
3498 828 3696 897 quoniam
3719 832 3756 887 in

2269 934 2555 977 commune
2573 919 2809 975 omnium
2834 926 2917 974 est
2936 918 3172 974 veritatis
3191 926 3483 973 amatorum.
3508 918 3615 975 Illud
3631 932 3758 980 autem

2270 1010 2411 1082 quod
2436 1008 2763 1065 contendunt
2787 1023 2893 1063 non
2931 1008 3031 1064 boc
3060 1008 3287 1063 sensisse
3324 1007 3517 1078 Moysen
3542 1010 3657 1080 quod
3687 1028 3757 1084 ego

2270 1101 2413 1169 dico,
2444 1101 2537 1157 sed
2562 1099 2703 1172 quod
2732 1100 2830 1171 ipsi
2856 1099 3072 1165 dicunt;
3098 1099 3243 1165 nolo,
3273 1115 3373 1154 non
3399 1114 3506 1156 amo
3534 1118 3546 1153 :
3570 1103 3666 1173 quis
3687 1108 3756 1161 etsi

2271 1194 2344 1249 ita
2384 1202 2484 1259 est,
2536 1203 2711 1249 tamen
2738 1194 2841 1249 ista
2867 1193 3137 1249 temeritas
3163 1208 3265 1247 non
3308 1194 3522 1249 scicntia:
3545 1195 3622 1251 sed
3643 1199 3759 1254 auda-

2270 1283 2365 1339 ciae
2382 1290 2501 1349 est;
2528 1298 2629 1338 nec
2656 1283 2821 1349 visus,
2866 1282 2961 1338 sed
2992 1282 3183 1353 typlius
3207 1297 3322 1337 cam
3352 1283 3548 1353 peperit.
3578 1284 3759 1359 Ideoque,
3796 1274 3802 1287 ’

2272 1376 2517 1441 Domine,
2542 1375 2816 1432 tremenda
2836 1376 2959 1430 sunt
2986 1374 3184 1444 judicia
3229 1384 3343 1440 tua;
3373 1376 3590 1444 quoniam
3622 1380 3760 1435 verius

2272 1472 2363 1520 tua
2387 1480 2487 1521 nec
2521 1478 2637 1521 mea
2663 1474 2766 1531 est,
2792 1479 2892 1520 nec
2916 1463 3057 1518 illius
3083 1472 3174 1518 aut
3193 1463 3348 1529 illius,
3377 1463 3463 1520 sed
3485 1466 3677 1522 omnium
3697 1485 3759 1525 no-

2273 1568 2442 1614 strum
2471 1573 2607 1629 quos
2630 1557 2698 1612 ad
2718 1557 2835 1628 ejus
2861 1556 3285 1613 communionem
3314 1556 3504 1627 publice
3527 1573 3670 1623 vocas.
3687 1570 3760 1616 ter-

2276 1649 2504 1706 ribiliter
2538 1648 2836 1705 admonens
2858 1664 2979 1715 nos,
3006 1657 3067 1703 ut
3085 1647 3310 1703 nolimus
3336 1662 3444 1703 eam
3464 1647 3625 1706 habere
3643 1651 3761 1722 priva-

2275 1748 2406 1806 tam,
2433 1756 2500 1795 ne
2534 1741 2806 1810 privemur
2829 1756 2911 1795 ea.
2942 1739 3076 1794 Nam
3097 1738 3333 1809 quisquis
3357 1739 3406 1793 id
3424 1740 3545 1808 quod
3570 1751 3615 1795 tu
3640 1745 3761 1798 omni-

2275 1829 2375 1885 bus
2415 1830 2482 1885 ad
2522 1830 2802 1885 fruendum
2840 1830 3117 1901 proponis,
3149 1829 3248 1885 sibi
3278 1830 3471 1900 proprie
3510 1830 3703 1895 vindicat.
3727 1843 3762 1890 et

2276 1937 2431 1977 suum
2449 1924 2560 1977 vult
2579 1937 2697 1978 esse
2717 1922 2858 1993 quod
2877 1922 3117 1978 omnium
3135 1930 3250 1986 est;
3270 1936 3298 1974 a
3319 1923 3557 1977 communi
3580 1925 3760 2001 propelli.

2277 2004 2364 2070 'ur
2378 2014 2444 2070 ad
2464 2030 2578 2079 sua,
2601 2017 2700 2070 hoc
2719 2023 2823 2081 est,
2850 2029 2882 2068 a
2902 2016 3123 2070 veritate
3142 2014 3209 2069 ad
3225 2013 3546 2070 mendacium.
3569 2015 3647 2083 Qui
3661 2014 3756 2072 enim

2279 2105 2511 2177 loquitur
2540 2106 2895 2170 mendacium,
2938 2106 3008 2162 de
3035 2122 3137 2162 suo
3157 2107 3383 2177 loquitur
3401 2105 3553 2178 (Joan.
3570 2123 3659 2175 vni,
3680 2109 3756 2179 ll).

2348 2199 2438 2255 ‘55.
2468 2198 2713 2263 Attende,
2734 2198 2898 2269 judex
2926 2199 3151 2267 optime,
3178 2198 3318 2252 Deus
3337 2198 3440 2268 ipsa
3456 2198 3630 2263 veritas.
3648 2209 3757 2255 alter

2278 2288 2348 2345 de
2371 2287 2494 2358 quid
2520 2290 2692 2344 dicam
2724 2288 3109 2345 contradictori
3139 2289 3280 2355 huic,
3310 2289 3531 2354 attende;
3571 2305 3701 2345 coram
3720 2300 3755 2346 te

2279 2382 2420 2437 enim
2453 2380 2592 2447 dico,
2614 2390 2667 2436 et
2694 2395 2873 2435 coram
2895 2379 3152 2435 fratribus
3178 2379 3329 2441 meis,
3352 2378 3434 2448 qui
3454 2379 3637 2450 legitime
3650 2388 3756 2433 utun-

2281 2479 2368 2526 tur
2383 2470 2523 2541 Lege
2551 2485 2716 2542 usque
2739 2470 2805 2526 ad
2825 2470 2982 2526 finem
3003 2470 3279 2525 cliaritatis
3295 2470 3343 2541 (Ι
3363 2469 3483 2525 Tim.
3499 2486 3528 2535 ι,
3546 2472 3616 2539 8);
3636 2481 3756 2527 atten-
3842 2464 3843 2489 ‘

2279 2560 2369 2627 de,
2398 2571 2452 2618 et
2476 2562 2593 2617 vide
2618 2562 2744 2633 quid
2772 2563 2819 2618 ei
2846 2562 3038 2629 dicam,
3093 2562 3140 2618 si
3168 2562 3342 2633 placet
3380 2562 3479 2617 tibi.
3514 2561 3616 2617 lianc
3647 2564 3751 2618 enim
3842 2610 3843 2613 η

2282 2668 2469 2708 vocem
2512 2652 2633 2709 huic
2667 2654 2841 2709 refero
2889 2654 3180 2709 fraternam
3215 2664 3269 2708 et
3294 2639 3750 2724 pacificam:Siambo
3842 2642 3843 2695 ἶ

2283 2742 2524 2798 videmus
2549 2757 2732 2797 verum
2757 2758 2877 2798 esse
2903 2742 3043 2812 quod
3078 2742 3236 2809 dicis,
3259 2753 3313 2798 et
3335 2743 3475 2798 ambo
3494 2741 3672 2798 videmus
3689 2757 3753 2798 ve-

2282 2849 2400 2888 rum
2425 2848 2543 2889 esse
2557 2834 2696 2904 quod
2720 2834 2867 2900 dico;
2897 2834 3007 2901 ubi,
3035 2849 3244 2905 qumso,
3274 2833 3325 2890 id
3343 2834 3576 2890 videmus?
3593 2834 3753 2904 Necego

2282 2925 2465 2995 utique
2494 2928 2545 2979 in
2572 2934 2646 2990 te,
2674 2939 2773 2981 nec
2799 2934 2851 2979 tu
2869 2925 2921 2980 in
2943 2940 3057 2990 me;
3094 2925 3190 2981 sed
3222 2925 3375 2980 ambo
3393 2925 3439 2980 in
3465 2926 3569 2995 ipsa,
3592 2938 3751 2995 quasu-
3842 2940 3843 2943 η

2284 3031 2377 3087 pra
2405 3024 2609 3073 mentes
2636 3027 2846 3073 nostras
2884 3025 2984 3082 est,
3010 3017 3423 3074 incommutabili
3443 3016 3632 3074 Veritate.
3655 3014 3747 3071 Cum

2285 3124 2409 3179 ergo
2429 3109 2494 3165 de
2520 3111 2632 3180 ipsa
2655 3111 2864 3166 Domini
2885 3111 2976 3167 Dei
3002 3112 3179 3168 nostri
3207 3113 3321 3168 luce
3344 3128 3441 3168 non
3459 3108 3746 3173 contendamus;

2283 3214 2379 3255 cur
2400 3201 2467 3256 de
2492 3200 2716 3272 proximi
2744 3202 3061 3273 cogitatione
3094 3203 3469 3267 contendimus,
3492 3218 3605 3274 quam
3624 3202 3682 3256 sic
3698 3199 3754 3253 vi-
3842 3234 3843 3239 η

2283 3290 2411 3347 dere
2437 3307 2540 3345 non
2569 3307 2846 3362 possumus
2874 3300 2932 3348 ut
2954 3292 3171 3349 videtur
3187 3290 3752 3353 incommutabilisl‘erius;

2283 3384 2495 3454 quando
2522 3384 2567 3440 si
2606 3384 2718 3455 ipse
2751 3383 2957 3455 Moyses
2979 3386 3317 3456 apparuisset
3340 3385 3482 3442 nobis
3501 3393 3625 3453 atque
3642 3380 3753 3435 dixis-

2282 3482 2387 3541 set,
2414 3474 2525 3530 lloc
2552 3476 2810 3546 cogitavi;
2842 3491 2942 3533 nec
2967 3476 3045 3532 sic
3071 3492 3195 3533 eam
3221 3477 3513 3542 videremus,
3540 3473 3613 3529 sed
3632 3470 3756 3527 aede-

2282 3565 2497 3619 remus?
2525 3564 2642 3619 Non
2665 3566 2840 3636 itaque
2860 3580 3018 3638 supra
3042 3583 3206 3638 quam
3231 3569 3469 3637 scriptum
3485 3573 3569 3629 est,
3584 3578 3683 3620 unus
3695 3578 3757 3632 pro

2283 3653 2454 3709 altero
2481 3654 2698 3710 infletur
2725 3654 2979 3712 adversus
3015 3657 3247 3714 alterum
3279 3658 3316 3731 (Ι
3335 3657 3441 3714 Cor.
3462 3672 3525 3723 iv,
3547 3657 3607 3726 6).
3627 3653 3756 3723 Dilige

2281 3759 2402 3801 tuus
2430 3745 2710 3802 Dominum
2731 3748 2897 3804 Deum
2927 3758 3174 3805 nostrum
3201 3767 3263 3807 ex
3290 3761 3394 3807 toto
3415 3748 3571 3815 corde,
3585 3756 3627 3803 et
3642 3762 3687 3802 ex
3705 3754 3756 3800 to-

2282 3845 2337 3892 ta
2359 3837 2555 3906 anima,
2599 3848 2653 3895 et
2680 3855 2745 3896 ex
2774 3849 2880 3895 tota
2911 3850 3091 3897 mente
3136 3852 3333 3907 nostra,
3362 3852 3411 3899 et
3436 3842 3673 3912 proximum
3694 3852 3756 3891 no-

2281 3938 2449 3985 strum
2466 3930 2601 3986 sicut
2623 3933 2976 4006 nosmetipsos
2992 3932 3172 4008 (Deut.
3197 3952 3267 4002 vi,
3296 3936 3358 4003 5;
3383 3934 3548 3990 Matth.
3566 3932 3754 3999 unum.

2282 4017 2505 4090 Propter
2529 4036 2647 4092 qua:
2675 4021 2782 4078 duo
2806 4034 3071 4095 praecepta
3090 4026 3358 4081 cliaritatis
3372 4026 3571 4081 sensisse
3584 4023 3752 4092 Nam.

2285 4108 2537 4180 quidquid
2566 4111 2619 4167 in
2649 4111 2751 4167 illis
2770 4112 2944 4169 Libris
2962 4115 3152 4181 sensit,
3172 4117 3268 4171 nisi
3289 4114 3644 4176 crediderimus;
3658 4124 3755 4166 mea—

2212 4270 2219 4275 _
2282 4198 2465 4256 dacem
2482 4202 2729 4258 faciemus
2746 4203 3045 4271 Dominum,
3059 4223 3181 4262 cum
3194 4208 3261 4263 de
3274 4208 3440 4263 animo
3451 4203 3644 4261 conservi
3654 4200 3755 4255 aliter

2282 4305 2438 4360 quam
2470 4291 2558 4347 ille
2578 4291 2758 4348 docuit
2804 4294 3099 4363 Opinamur.
3144 4297 3258 4353 Jam
3289 4298 3401 4353 vide
3435 4312 3568 4368 quam
3603 4292 3753 4348 stultum

2282 4382 2353 4437 sit
2372 4382 2423 4436 in
2448 4390 2593 4438 tanta
2624 4385 2774 4455 c0pia
2804 4387 3196 4444 verissimarum
3224 4390 3582 4452 sententiarum,
3608 4399 3695 4456 qua:
3710 4379 3755 4434 de

2283 4474 2388 4530 illis
2420 4475 2592 4532 verbis
2626 4477 2738 4532 erui
2769 4489 2987 4549 possunt
3028 4490 3232 4538 temere
3258 4482 3517 4545 affirmare,
3542 4491 3663 4549 quam
3695 4487 3753 4527 ca-

2282 4580 2399 4621 rum
2426 4565 2633 4639 Moyses
2659 4568 2988 4638 potissimum
3010 4572 3265 4638 senserit;
3295 4582 3347 4628 et
3368 4569 3631 4643 perniciosis
3664 4578 3751 4619 con-
3842 4574 3843 4579 ‘

2284 4656 2607 4713 tentionibus
2625 4658 2790 4730 ipsam
2810 4660 3081 4719 oﬁ‘endere
3106 4662 3614 4731 cbaritatem,proptet
3645 4665 3749 4724 ⁸1⁸³³³
3842 4652 3843 4731 ἶ

2283 4748 2415 4804 dixit
2432 4749 2629 4819 omnia,
2653 4750 2804 4822 cujus
2830 4751 2969 4808 dicta
2990 4769 3243 4810 conamur
3262 4767 3522 4825 exponere.

2785 4843 2804 4855 '
2869 4864 3096 4923 cspur
3130 4866 3316 4924 xxvr.

2638 4953 2738 5020 Qui
2766 4971 2930 5011 sermo
2955 4956 3126 5013 deceat
3163 4958 3483 5029 διήρτηται.

2353 5062 2443 5119 36.
2481 5063 2549 5119 Et
2572 5072 2746 5121 tamen
2775 5080 2893 5136 ego,
2920 5067 3061 5123 Deus
3085 5084 3232 5125 meus
3253 5067 3493 5126 celsitudo
3514 5056 3746 5121 humilitatis

2282 5168 2439 5222 me”,
2484 5164 2538 5211 ⁸⁸
2564 5156 2774 5227 νεανίας
2796 5156 2993 5213 laboris
3030 5160 3153 5227 mei,
3186 5160 3274 5232 qui
3312 5158 3449 5213 audis
3471 5150 3744 5212 coan

2282 5263 2454 5314 meas,
2476 5256 2531 5304 et
2556 5248 2778 5305 dimittis
2801 5260 3016 5320 peccata
3041 5268 3191 5319 mea;
3217 5250 3448 5324 quoniam
3470 5258 3516 5303 tu
3536 5242 3638 5301 mibi
3653 5252 3745 5311 pr!-

2281 5340 2415 5411 cipis
2435 5348 2493 5396 ut
2514 5339 2726 5411 diligam
2755 5344 3050 5413 proximum
3076 5358 3246 5400 meum
3266 5343 3392 5397 sicut
3419 5336 3648 5406 meipsnm.
3671 5338 3743 5381 που

2284 5446 2499 5504 possum
2538 5432 2714 5488 minus
2749 5412 2970 5492 credere
3002 5434 3069 5491 de
3106 5434 3279 5507 Moyse
3318 5427 3583 5486 ﬁdelissimo
3604 5412 3741 5513 favillis

2285 5533 2396 5589 tuo,
2423 5540 2580 5596 quam
2616 5523 2747 5580 mibi
2774 5537 3011 5597 Optarem
3049 5543 3112 5586 ac
3135 5506 3468 5582 desiderarem
3497 5518 3573 5571 abs
3604 5520 3642 5565 te
3660 5506 3738 5561 dari

2282 5618 2543 5685 muneris,
2580 5616 2626 5672 si
2648 5626 2887 5691 tempore
2906 5620 2998 5677 illo
3024 5630 3174 5677 natus
3197 5632 3360 5674 essem
3384 5627 3476 5685 quo
3499 5609 3587 5671 ille,
3612 5607 3737 5691 οοιιυο

672 5728 697 5818 1'
719 5727 1097 5818 mgium
1118 5742 1251 5796 ων..
1271 5743 1444 5790 εοωω,
1470 5745 1524 5792 οι
1544 5738 1687 5791 mn
1713 5753 1822 5794 om
1840 5741 1873 5795 9
1893 5750 1997 5797 Mss
2023 5752 2078 5796 Μ.
2285 5710 2402 5767 loco
2422 5726 2509 5768 me
2526 5690 2913 5782 constituisses,
2945 5724 3001 5771 ut
3025 5731 3120 5788 per
3141 5711 3424 5769 servitutem
3445 5700 3588 5760 cordis
3602 5690 3736 5818 soli:

2234 5791 2247 5813 ⁵
2283 5818 2401 5876 guo
2442 5819 2592 5873 mea,
2637 5803 2851 5865 Litterae
2907 5812 3008 5870 illac
3043 5813 3460 5883 dispensarentur,
3493 5813 3587 5869 (1η
3625 5791 3729 5844 "nm
