3880 6384
307 399 385 459 sn
1231 408 1265 430 τ
1569 406 1768 467 LIBER
1808 402 2311 476 avonculus.
2730 402 2769 428 *
2876 424 2971 455 -κ
3454 421 3561 484 ω

306 528 413 594 post
434 528 607 576 essent
632 519 895 577 omnibus
922 523 1166 593 gentibus
1198 521 1503 594 profuturae,
1534 534 1590 581 et
1629 540 1721 594 per
1747 522 1865 577 uni-

311 629 503 670 versum
550 615 739 668 urbem
783 626 932 670 tanto
979 622 1304 671 auctoritatis
1347 618 1578 673 culmine
1629 618 1864 673 omnium

312 706 531 764 falsarum
567 710 1029 779 superharnmqttc
1068 720 1423 765 uocat-marum
1451 711 1609 765 verba
1645 726 1864 782 supera-

313 810 441 855 tunc.
470 797 670 854 Vellem
701 801 924 871 quippe,
955 802 999 854 si
1029 814 1152 857 tunc
1178 818 1277 874 ego
1317 818 1489 859 essem
1531 806 1736 876 Moyses
1771 807 1863 873 (ex

311 891 466 947 eadem
496 906 725 961 namque
766 909 939 947 massa
979 910 1167 950 omnes
1202 896 1470 962 Venimus;
1520 906 1573 951 et
1615 898 1740 967 quid
1782 906 1864 953 est

312 983 568 1049 bonto,nisi
592 984 714 1054 quia
735 1000 942 1039 memor
969 1000 1030 1040 es
1058 986 1172 1054 ejus
1191 984 1399 1059 ?[Psal.
1421 1003 1532 1047 vttt.
1548 986 1651 1058 5]),
1673 988 1861 1043 vellem

314 1089 435 1144 ergo,
461 1077 502 1128 si
529 1085 653 1129 tunc
680 1090 783 1144 ego
812 1090 985 1130 essem
1016 1076 1155 1146 quod
1185 1076 1292 1133 ille.
1314 1086 1369 1134 et
1395 1078 1525 1133 mihi
1550 1079 1648 1133 abs
1676 1091 1724 1132 te
1750 1078 1857 1136 Ge-

315 1179 471 1222 lest
496 1163 629 1220 liber
653 1166 974 1221 seribeudus
1002 1166 1381 1238 injttngcrelnr,
1409 1169 1565 1225 talem
1598 1171 1725 1225 mibi
1749 1171 1859 1226 elo-

313 1256 473 1325 queudi
499 1257 803 1315 facultatem
832 1258 969 1323 dari,
992 1269 1047 1314 et
1071 1276 1192 1315 eum
1220 1261 1430 1317 texendi
1458 1264 1719 1317 sermonis
1744 1277 1858 1318 mo-

313 1347 429 1413 dum,
472 1358 525 1402 ιιι
567 1364 742 1419 neque
789 1350 864 1404 illi
908 1351 998 1421 qui
1044 1351 1275 1406 nondum
1322 1362 1522 1422 queunt
1567 1355 1857 1425 intelligere

313 1440 719 1511 quemadmodum
753 1440 890 1496 Deus
911 1450 1077 1505 creat,
1110 1452 1356 1511 tauquam
1381 1446 1684 1500 excedentia
1715 1447 1855 1503 vires

312 1547 409 1589 suas
431 1533 557 1588 dicta
585 1545 935 1600 recusarent;
964 1543 1019 1590 et
1048 1535 1126 1590 illi
1155 1537 1243 1606 qui
1273 1536 1373 1591 hoc
1393 1537 1503 1607 jam
1531 1547 1768 1608 possunt.
1800 1541 1852 1595 in

311 1625 559 1695 quamlibet
577 1641 760 1681 verant
784 1627 1103 1682 sententiam
1124 1628 1406 1699 cogitando
1424 1630 1712 1697 venissent,
1732 1647 1849 1687 eam

309 1719 808 1788 annpra'termissam
839 1720 891 1773 in
919 1720 1101 1789 paucis
1128 1719 1303 1775 verbis
1331 1722 1403 1775 tui
1437 1720 1619 1777 famuli
1644 1724 1849 1793 reperi-

309 1819 427 1876 rent;
464 1822 513 1867 et
547 1812 590 1865 si
630 1812 769 1866 alius
795 1812 954 1867 aliam
982 1812 1204 1869 vidisset
1240 1813 1290 1867 in
1318 1813 1437 1870 luce
1462 1815 1718 1884 veritatis,
1750 1831 1851 1874 nec

311 1904 398 1975 ipsa
420 1904 465 1960 in
493 1905 694 1960 eisdem
719 1904 898 1960 verbis
926 1904 1268 1976 intelligenda
1296 1905 1525 1964 deesset.

298 2008 337 2055 θ
849 2016 1077 2074 CAPUT
1114 2016 1326 2074 XXVII.

334 2084 612 2158 Scriptum
635 2088 779 2144 decet
800 2088 992 2143 humile
1011 2089 1325 2160 simplexque
1349 2089 1610 2147 verborum
1629 2109 1805 2166 genus.

363 2178 434 2233 57.
468 2177 609 2232 Sicut
636 2178 781 2234 enim
810 2178 929 2235 fons
954 2179 1004 2234 in
1028 2194 1190 2250 parvo
1219 2180 1334 2236 loco
1359 2181 1572 2238 uberior
1599 2194 1701 2250 est,
1730 2184 1847 2254 plu-

311 2268 525 2339 ribusque
562 2270 692 2325 rivis
733 2271 787 2325 in
814 2270 1073 2341 ampliora
1115 2275 1285 2344 Spatia
1314 2270 1512 2329 ﬂuxum
1553 2274 1840 2344 ministrat,

306 2375 435 2430 quam
454 2360 658 2430 quilibet
684 2376 873 2417 eorum
896 2362 1149 2429 rivorum,
1174 2364 1263 2435 qui
1295 2380 1389 2435 per
1411 2366 1575 2421 multa
1604 2366 1841 2425 locorum

304 2452 359 2507 ab
379 2453 541 2509 eodem
569 2453 714 2508 fonte
739 2454 1047 2520 deducitur;
1086 2456 1156 2511 ita
1196 2458 1431 2513 narratio
1457 2458 1840 2530 dispensatoris

305 2544 364 2597 tui
388 2545 800 2601 serntocinaturis
826 2547 1065 2617 pluribus
1095 2547 1392 2617 prolutnra,
1435 2563 1596 2618 parto
1627 2566 1835 2607 sermo-

303 2635 369 2689 nis
392 2636 585 2693 modulo
608 2647 775 2693 scatet
796 2636 991 2693 ﬂuenta
1020 2639 1232 2709 liquida:
1262 2640 1537 2696 veritatis:
1567 2642 1707 2698 unde
1734 2643 1835 2700 sibi

302 2726 483 2798 quisque
505 2744 685 2785 verum
708 2729 848 2799 quod
869 2729 937 2785 de
959 2730 1040 2784 bis
1062 2730 1219 2786 rebus
1243 2740 1435 2802 potest,
1459 2731 1546 2789 hic
1572 2733 1718 2798 illttd,
1743 2732 1836 2791 ille

301 2815 420 2881 illud,
445 2834 531 2889 per
556 2820 824 2892 longiores
848 2821 1177 2892 loquelarutn
1202 2824 1474 2880 anfractus
1504 2823 1697 2881 trahat.
1726 2826 1830 2882 Alii

301 2907 413 2963 enim
442 2926 553 2964 cum
604 2912 719 2967 tunc
760 2910 922 2967 verba
966 2912 1147 2985 legunt
1186 2914 1272 2969 vel
1306 2916 1555 2982 audiunt;
1597 2918 1832 2988 cogitant

303 2991 432 3052 Deum
452 3001 594 3069 quasi
625 3002 916 3063 hominem,
952 3013 1041 3057 aut
1063 3005 1212 3075 quasi
1247 3005 1476 3076 aliquam
1510 3007 1703 3063 molem
1731 3008 1829 3063 im-

300 3096 444 3143 mensa
476 3092 748 3163 pneditam
787 3101 1070 3164 potestate,
1112 3110 1251 3151 novo
1287 3096 1513 3165 quodam
1542 3109 1597 3154 et
1632 3114 1827 3169 repen-

297 3179 388 3236 tino
408 3183 605 3253 placito,
638 3195 787 3240 extra
813 3186 1041 3257 seipsatn
1075 3198 1324 3260 tanquam
1354 3189 1482 3245 locis
1510 3191 1830 3249 distantibus

299 3270 451 3331 fecisse
474 3278 662 3333 costum
692 3290 747 3335 et
778 3291 995 3345 terram,
1037 3282 1145 3338 duo
1174 3298 1361 3354 magna
1402 3299 1628 3357 corpora
1667 3301 1828 3358 supra

296 3374 340 3420 et
361 3368 490 3434 infra,
504 3372 690 3441 quibus
712 3375 890 3429 omnia
909 3376 1329 3432 continerentur.
1356 3378 1421 3434 Et
1438 3393 1557 3435 cum
1580 3380 1823 3450 audiunt,

297 3454 417 3511 Dixit
439 3460 571 3525 Deus,
609 3461 731 3519 Fiat
767 3466 915 3531 illttd,
953 3477 1008 3523 et
1042 3466 1236 3525 factum
1274 3480 1357 3527 est
1396 3471 1551 3538 illttd;
1592 3474 1826 3545 cogitant

306 3546 441 3603 verba
476 3564 618 3622 «qua
671 3567 728 3611 et
778 3557 942 3623 linita,
1000 3565 1240 3616 sonantia
1291 3565 1616 3633 temporibus
1662 3576 1825 3639 atque

308 3642 589 3710 transeunda,
620 3655 739 3718 post
766 3664 991 3719 quorum
1019 3654 1298 3709 transitum
1328 3656 1508 3712 statim
1532 3660 1822 3717 existeret‘

294 3731 610 3819 qttodjnssum
653 3750 736 3793 est
777 3751 831 3795 ιιι
858 3742 1109 3800 existeret
1137 3762 1151 3799 :
1179 3755 1236 3801 et
1273 3748 1317 3801 si
1344 3748 1472 3819 quid
1510 3750 1644 3808 forte
1680 3752 1826 3811 aliud

291 3817 374 3876 hac
393 3826 531 3882 modo
552 3844 616 3885 ex
646 3831 1001 3889 lantiltaritatc
1020 3837 1196 3892 carnis
1219 3817 1521 3908 opinantur.
1555 3842 1608 3897 ltt
1632 3844 1826 3911 quibus

288 3910 427 3970 adhuc
448 3920 668 3987 parvulis
708 3924 1045 3991 animalibus,
1089 3926 1214 3982 dum
1261 3928 1362 3983 isto
1399 3910 1699 3990 humillimo
1734 3951 1827 4007 ge-

284 4016 391 4062 nere
409 4011 675 4067 Verborum
701 4024 947 4084 tanquam
976 4029 1214 4074 materno
1234 4020 1350 4076 sinu
1378 4038 1563 4080 eorum
1586 4036 1825 4097 gestator

284 4093 539 4186 ieiunitas,
569 4105 852 4162 salubriter
875 4108 1168 4166 :edilicatur
1197 4112 1347 4181 lldes,
1376 4131 1477 4186 qua
1502 4093 1707 4173 certum
1730 4118 1823 4175 ha-

284 4184 411 4245 beant
437 4204 487 4248 et
514 4204 723 4252 teneant
762 4199 927 4254 licunt
968 4202 1156 4260 fecisse
1193 4184 1654 4273 ontnesfnalt'ras,
1689 4228 1821 4282 quas

284 4294 434 4339 ent-um
454 4302 637 4345 sensus
657 4290 887 4347 mirabili
907 4295 1164 4352 varietate
1184 4298 1562 4371 circumspicit.
1583 4303 1817 4371 Quorum

283 4371 323 4428 si
345 4380 575 4449 qniSpiatn
602 4384 751 4453 quasi
791 4385 1043 4443 vilitatem
1072 4389 1333 4447 dictorum
1364 4407 1698 4465 aspernatus,
1726 4415 1819 4457 ex-

281 4470 346 4521 tra
378 4475 663 4531 nutritorias
697 4493 865 4534 cunas
890 4482 1120 4551 superba
1151 4485 1511 4544 imbecillitate
1550 4506 1609 4547 se
1634 4503 1817 4551 exten-

283 4554 410 4628 drril,
436 4563 561 4622 ben!
589 4568 746 4625 cadet
768 4572 948 4626 miser.
984 4573 1067 4637 Et,
1104 4575 1324 4633 Domine
1356 4578 1513 4645 Dens,
1540 4584 1813 4656 miserere,

282 4658 338 4702 ne
361 4650 641 4724 implumem
674 4660 878 4731 pullutu
901 4665 1215 4722 conculcent
1238 4671 1327 4739 qtti
1351 4682 1625 4729 transeunt
1643 4650 1810 4744 viam;

279 4742 467 4839 et'tnitte
490 4752 733 4821 angelum
768 4763 936 4822 tttunt,
969 4757 1056 4827 qui
1082 4776 1202 4814 eum
1234 4773 1457 4833 reponat
1496 4765 1550 4821 in
1579 4767 1725 4839 nido,
1757 4742 1814 4827 ut

277 4827 388 4887 τίνει
406 4834 562 4895 donec
588 4842 750 4899 volet.

770 4933 855 4990 CA
867 4935 1000 4994 PUT
1036 4937 1269 4998 XXVIII.

433 5017 495 5076 Ut
518 5025 652 5080 varie
678 5026 977 5100 intelligitur
994 5030 1057 5085 ub
1085 5034 1291 5089 eruditis
1315 5035 1600 5109 Scriptura.

324 5106 399 5163 88.
434 5112 531 5169 Alii
555 5129 688 5171 vero
712 5119 907 5188 quibus
932 5119 1045 5177 inec
1067 5125 1224 5179 verba
1254 5142 1360 5182 non
1381 5132 1489 5199 jam
1517 5133 1689 5202 nidus,
1713 5136 1807 5193 sed

262 5208 401 5267 mea
426 5201 608 5262 frenata
637 5218 786 5274 sunt,
822 5211 999 5267 vident
1038 5214 1088 5270 itt
1128 5218 1207 5272 eis
1242 5218 1469 5277 latentes
1497 5223 1719 5297 fruetus,
1753 5239 1808 5286 et

186 5362 205 5379 _
266 5288 449 5351 mlitust
474 5298 731 5367 betautes,
774 5312 829 5357 et
854 5306 1091 5375 garriunt
1120 5320 1437 5379 scrutantes,
1486 5328 1539 5371 et
1581 5288 1806 5390 carpunt

252 5391 353 5436 αι.
376 5384 550 5445 Vident
571 5396 739 5454 enitn,
767 5408 891 5450 cum
922 5396 1034 5453 lta'c
1062 5399 1221 5455 verba
1247 5401 1424 5473 legunt
1450 5408 1531 5462 vel
1556 5384 1797 5479 andi-unt,

262 5474 357 5537 ﬁt;
376 5474 519 5543 Dens,
546 5494 745 5540 a-tertta
774 5495 829 5540 et
850 5487 1023 5542 Staltili
1056 5497 1425 5559 permansione
1445 5509 1635 5555 cuneta
1663 5519 1800 5573 pra:-

266 5562 387 5619 mita
402 5580 451 5622 et
464 5572 632 5628 futura
649 5585 890 5646 tenqiora
911 5586 1144 5648 superari
1167 5603 1180 5643 :
1205 5601 1304 5642 nec
1320 5598 1497 5644 tamen
1517 5562 1798 5664 quidquam

262 5663 668 5733 “salenttroralts
696 5682 980 5738 creatura',
1013 5678 1150 5745 quod
1183 5689 1237 5734 ιιι
1269 5699 1371 5736 uuu
1398 5685 1488 5741 fec.
1511 5691 1619 5744 ris:
1646 5695 1798 5761 cujus

1971 525 2219 582 voluntas
2243 525 2364 596 quia
2387 520 2436 582 id
2461 536 2543 584 est
2566 529 2704 601 quod
2734 538 2786 587 tu
2806 573 2822 599 ,
2847 533 2993 590 nullo
3018 536 3178 594 modo
3201 546 3425 605 mutata.
3447 534 3557 612 vel,

1970 631 2089 685 qua:
2113 627 2266 672 antea
2295 634 2399 673 non
2425 619 2627 686 fuisset,
2650 636 2834 681 emrta
2856 627 3125 685 voluntate
3148 630 3317 688 fecisti
3338 634 3552 691 omnia:

1969 721 2075 761 non
2106 708 2175 764 de
2206 721 2257 764 te
2291 712 2686 768 similitudinem
2715 724 2854 771 tuam
2899 717 3120 775 formam
3149 723 3419 791 omnium;
3460 725 3555 781 sed

1969 800 2038 855 de
2064 801 2234 857 nihilo
2258 803 2742 862 dissitnilittnlinem
2766 810 3066 878 informem,
3088 828 3207 883 qua:
3233 814 3556 872 furmaretur

1968 907 2066 963 per
2108 892 2513 950 similitudinem
2543 907 2709 961 tuam,
2751 914 3033 954 recurrens
3071 902 3124 957 in
3169 912 3222 960 te
3255 922 3416 961 unum
3455 923 3553 978 pro

1965 995 2120 1054 captu
2146 987 2412 1055 ordinato,
2443 1000 2697 1059 quantum
2725 991 2810 1047 cui
2832 1010 2914 1062 pte
2942 1009 3119 1051 rerum
3148 998 3200 1051 in
3228 1014 3326 1054 suo
3349 1015 3551 1071 genere

1963 1078 2145 1134 datum
2171 1092 2251 1136 est
2268 1122 2283 1146 ,
2306 1089 2363 1138 et
2384 1083 2571 1138 liereut
2594 1085 2770 1138 omnia
2797 1086 2931 1140 bona
2960 1088 3134 1150 valde.
3165 1092 3277 1149 sive
3297 1103 3552 1152 maneant

1961 1169 2103 1224 circa
2135 1179 2205 1236 te,
2253 1173 2366 1226 sive
2394 1172 2654 1242 gradatim
2698 1177 2968 1232 remotiori
2992 1178 3241 1235 distantia
3280 1198 3373 1253 per
3407 1194 3549 1240 tem-

1961 1275 2089 1333 pora
2114 1274 2168 1319 et
2196 1265 2340 1319 locus
2363 1266 2610 1336 pulchras
2629 1269 2980 1328 variationes‘
3008 1272 3200 1331 faciant
3224 1288 3311 1332 aut
3336 1280 3543 1350 patian-

1961 1362 2065 1409 tur.
2109 1353 2299 1410 Videut
2341 1356 2476 1422 lucc,
2521 1368 2571 1413 et
2614 1359 2848 1430 gaudent
2888 1363 2941 1417 in
2976 1362 3097 1420 luce
3142 1368 3377 1425 veritatis
3415 1381 3542 1440 tuae,

1957 1446 2269 1516 quantulum
2296 1447 2382 1503 hic
2414 1448 2609 1504 valent.

2028 1535 2119 1592 59.
2161 1536 2228 1592 Et
2255 1538 2392 1595 alius
2416 1554 2602 1595 eorum
2633 1541 2861 1599 intendit
2887 1544 2940 1600 in
2971 1545 3022 1600 id
3049 1547 3189 1618 quod
3215 1547 3412 1607 dictum
3437 1565 3542 1624 est,

1954 1623 2023 1681 In
2059 1629 2307 1701 principio
2332 1631 2450 1702 fecit
2479 1631 2633 1701 Deus,
2664 1644 2718 1689 et
2744 1636 2959 1707 respicit
2983 1635 3310 1709 Sapientiam
3339 1623 3543 1701 Princi;

1955 1717 2118 1788 pium,
2149 1725 2273 1791 quia
2296 1730 2352 1777 et
2376 1722 2609 1795 loquitur
2633 1725 2744 1796 ipsa
2775 1728 2927 1782 nobis
2980 1729 3132 1785 Alius
3161 1731 3343 1789 itidem
3370 1736 3543 1793 inten-

1951 1807 2031 1864 dit
2057 1810 2109 1863 in
2139 1811 2324 1866 eadem
2356 1813 2537 1881 verba,
2565 1825 2620 1871 et
2648 1817 2964 1890 principium
2992 1820 3237 1893 intelligit
3263 1825 3541 1884 exordium

1950 1915 2132 1960 rarum
2167 1906 2537 1975 conditarum;
2583 1918 2639 1964 et
2666 1911 2744 1966 sic
2771 1913 2985 1983 accipit,
3016 1912 3084 1969 lu
3119 1917 3364 1991 principia
3398 1922 3537 1992 fecit,

1949 2008 2014 2049 ac
2041 1995 2085 2049 si
2112 1996 2401 2066 diceretur,
2430 2000 2608 2056 Primo
2634 2000 2781 2059 fecit.
2827 2005 2998 2077 Atque
3031 2008 3085 2063 in
3122 2010 3202 2064 eis
3225 2012 3314 2082 qui
3346 2013 3540 2083 intelli-

1948 2095 2099 2157 gunt,
2127 2085 2195 2142 In
2218 2090 2489 2159 principio,
2521 2093 2660 2163 quod
2690 2095 2742 2148 in
2771 2094 3038 2166 Sapientia
3064 2099 3237 2156 fecisti
3266 2104 3461 2161 caelum
3483 2117 3541 2164 et

1947 2184 2175 2243 terram;
2202 2179 2339 2235 alius
2364 2194 2550 2238 eorum
2582 2184 2752 2253 ipsum
2779 2186 2972 2242 coalqu
2999 2197 3055 2243 et
3080 2197 3295 2258 terram,
3325 2196 3536 2252 creabi-

1947 2267 2053 2324 lem
2085 2273 2361 2327 materiam
2391 2274 2513 2329 cteli
2540 2284 2594 2329 et
2620 2286 2775 2333 teme
2812 2278 2891 2333 sic
2913 2292 3033 2334 esse
3055 2280 3227 2336 credit
3254 2288 3537 2354 cognomi-

1946 2373 2124 2417 natam
2162 2380 2176 2417 :
2214 2364 2352 2420 alius
2385 2365 2495 2435 jam
2536 2365 2790 2423 formatas
2835 2369 3217 2443 distiuetasque
3259 2381 3528 2433 naturas’:

1946 2454 2082 2510 alius
2110 2472 2270 2512 uuam
2310 2457 2609 2529 formatam,
2646 2461 2994 2535 eamdemque
3040 2466 3369 2535 s;.iritualetu
3408 2472 3534 2529 etnli

1943 2550 2193 2617 nomine;
2238 2552 2396 2606 aliam
2444 2554 2723 2609 informem
2757 2556 3050 2625 corporalis
3090 2561 3344 2626 materiae,
3378 2571 3535 2621 terra:

1946 2644 2185 2698 nomine.
2212 2643 2313 2713 Qui
2341 2654 2521 2702 autem
2554 2646 2855 2718 intelligunt
2892 2649 2946 2705 itt
2974 2652 3279 2709 llOIDlllibllS
3319 2656 3444 2711 ραιιί
3478 2666 3538 2715 et

1944 2742 2122 2801 terrm,
2153 2735 2327 2792 adhuc
2352 2737 2630 2795 informem
2661 2742 2959 2810 materiem,
2989 2743 3059 2800 de
3081 2760 3184 2817 qua
3211 2746 3535 2809 formaretur

1941 2826 2136 2881 caelum
2161 2839 2216 2885 et
2245 2839 2404 2896 terra,
2427 2846 2527 2887 nec
2553 2832 2651 2904 ipsi
2681 2849 2787 2890 uno
2811 2837 2971 2891 modo
2992 2837 3044 2892 id
3075 2838 3412 2913 intelligunt:
3434 2845 3533 2903 sed

1939 2919 2077 2978 alius
2104 2922 2243 2978 unde
2278 2936 2742 2984 consummaretur
2771 2931 3121 3003 iutelligibilis
3156 2936 3532 3012 sensibilisque

1940 3024 2220 3084 creatura;
2249 3018 2385 3073 alius
2408 3029 2607 3077 tantum
2636 3022 2778 3080 unde
2797 3025 3067 3085 sensibilis
3093 3030 3262 3088 moles
3284 3034 3383 3090 ista
3409 3050 3531 3092 coro

1939 3120 2122 3177 porca,
2152 3110 2271 3165 sinu
2293 3114 2478 3183 grandi
2508 3116 2786 3171 continens
2815 3120 3121 3190 perspicuas
3152 3136 3531 3201 promptasque

1926 3188 2181 3257 'naturas.
2219 3201 2330 3259 Nec
2361 3204 2435 3261 illi
2465 3222 2570 3261 uno
2600 3208 2761 3264 modo
2799 3188 2888 3278 qui
2914 3188 3025 3281 jam
3052 3188 3339 3289 dispositas
3375 3188 3528 3295 diie-

1941 3298 2160 3364 stasque
2199 3305 2470 3354 creaturas
2506 3299 2701 3354 coelum
2747 3311 2801 3357 et
2848 3312 3040 3359 terram
3070 3311 3247 3365 Vocari
3278 3310 3382 3369 hoc
3408 3313 3529 3371 loco

1936 3388 2197 3455 credunt;
2237 3390 2331 3447 sed
2368 3393 2501 3449 alius
2529 3394 2845 3452 iuvisibilem
2876 3408 3035 3470 atque
3062 3400 3323 3461 visibilem
3353 3424 3367 3462 :
3393 3408 3529 3466 alius

1935 3480 2106 3535 solam
2131 3481 2393 3540 visibilem
2416 3485 2467 3538 in
2494 3501 2593 3555 qua
2623 3487 2938 3545 lutniuosutu
2968 3493 3163 3549 malum
3186 3497 3524 3569 susyicimus,

1932 3577 1988 3626 ct
2010 3585 2202 3629 terram
2228 3575 2596 3647 caliginosam,
2620 3594 2848 3652 qumque
2877 3582 2928 3637 in
2958 3584 3040 3641 eis
3065 3596 3211 3643 sunt.

2474 3691 2558 3748 CA
2568 3690 2701 3753 I‘UT
2739 3694 2933 3753 XXIX.

2252 3803 2391 3872 Quot
2417 3808 2581 3864 modis
2601 3809 2789 3866 dicitur
2816 3814 3013 3888 aliquid
3037 3819 3198 3890 prius.

2001 3918 2090 3975 40.
2119 3919 2304 3977 Atille
2329 3922 2417 3993 qui
2449 3939 2554 3979 non
2589 3925 2745 3983 aliter
2768 3930 2980 4001 accipit,
3010 3931 3076 3989 In
3105 3935 3354 4010 principio
3380 3939 3520 4011 fecit,

1929 4026 2089 4080 quam
2118 4013 2161 4068 si
2188 4013 2477 4083 diceretur,
2515 4017 2693 4073 Primo
2730 4019 2890 4088 fecit;
2936 4039 3041 4079 non
3069 4026 3229 4083 habet
3251 4032 3520 4101 quomodo

1931 4104 2192 4161 veraciter
2227 4106 2485 4177 intelligat
2520 4108 2713 4164 coelum
2762 4122 2817 4167 et
2844 4122 3057 4180 terram,
3091 4118 3193 4175 nisi
3237 4125 3518 4181 materiam

1928 4198 2049 4252 caeli
2077 4207 2133 4252 et
2157 4206 2314 4253 terra:
2341 4200 2487 4256 intell
2509 4211 2617 4272 gat,
2648 4203 2894 4261 videlicet
2925 4208 3210 4275 universzr,
3242 4211 3293 4268 id
3318 4224 3399 4271 est
3428 4215 3515 4273 in-

1932 4286 2221 4359 tellgibilis
2260 4292 2658 4364 corpontlisque
2697 4305 2971 4353 creatum.
3004 4298 3059 4355 Si
3089 4302 3231 4358 enim
3265 4303 3377 4376 jam
3405 4304 3517 4364 foro

1926 4387 2122 4433 malam
2152 4380 2283 4436 velit
2303 4383 2628 4450 universam,
2659 4396 2803 4442 recte
2829 4387 2897 4443 ab
2922 4405 2988 4444 eo
3012 4393 3177 4461 qttzcri
3208 4397 3421 4465 poterit,
3452 4396 3512 4455 St

1926 4468 2029 4527 hoc
2058 4473 2228 4540 primo
2267 4472 2389 4528 fecit
2428 4475 2585 4537 Deus,
2614 4477 2738 4547 quid
2775 4477 2958 4536 fecerit
2994 4482 3247 4557 deinceps
3272 4504 3287 4541 :
3312 4497 3367 4544 et
3393 4500 3512 4560 post

1923 4562 2326 4620 universitatem
2357 4581 2461 4621 non
2504 4567 2763 4634 inveniet;
2810 4585 2874 4627 ac
2904 4588 2997 4643 per
3036 4575 3136 4631 hoc
3163 4580 3343 4635 audiet
3372 4583 3515 4640 iuvi-

1927 4659 2036 4719 tus,
2068 4654 2350 4720 Quomodo
2381 4657 2503 4713 illud
2533 4659 2725 4729 primo,
2754 4661 2797 4715 si
2822 4674 3003 4732 postea
3032 4666 3200 4724 nihil?
3222 4669 3355 4726 Cum
3384 4687 3513 4732 vero

1918 4744 2049 4801 dicit
2076 4746 2248 4815 primo
2279 4748 2579 4813 informem,
2607 4751 2797 4807 deinde
2824 4752 3125 4824 formatam,
3158 4775 3262 4816 non
3303 4773 3386 4819 est
3409 4765 3508 4820 ab-

1918 4836 2145 4901 surdus;
2170 4839 2213 4893 si
2247 4840 2407 4894 modo
2437 4849 2522 4896 est
2549 4841 2770 4899 idoneus
2802 4843 3131 4915 discernere,
3157 4851 3282 4921 quid
3308 4869 3511 4925 praece-

1916 4924 2009 4980 dat
2042 4929 2362 4996 aeternitate,
2413 4930 2538 5000 quid
2584 4940 2839 5004 tempore,
2887 4936 3013 5007 quid
3057 4924 3339 5013 electione,
3379 4948 3508 5018 quid

1914 5018 2141 5088 origine.
2185 5018 2543 5090 Eternitatc,
2594 5024 2733 5081 sicut
2783 5026 2925 5085 Dens
2972 5033 3182 5101 omnia;
3228 5044 3469 5109 tempore
3500 5085 3520 5111 ,

1914 5110 2052 5165 sicut
2083 5111 2182 5167 llos
2222 5112 2485 5180 fructum;
2531 5117 2815 5189 electione,
2862 5121 3001 5179 sicut
3040 5123 3243 5184 fructus
3279 5128 3467 5188 ﬂorem
3498 5151 3516 5197 ;

1913 5203 2138 5275 origine,
2181 5204 2316 5263 sicut
2359 5225 2525 5266 sonus
2562 5224 2798 5270 cantum.
2826 5216 2884 5273 ln
2911 5218 2994 5275 his
3019 5231 3247 5292 quatuor
3267 5227 3499 5297 primum

1911 5304 1967 5350 et
1988 5295 2229 5351 ultimum
2257 5314 2376 5366 qua:
2395 5309 2833 5377 commemoravi,
2863 5310 3175 5371 difficillime
3201 5295 3498 5391 intelligun-

1911 5395 2031 5454 tur;
2058 5389 2165 5446 duu
2202 5393 2375 5448 media
2408 5395 2673 5456 facillime.
2715 5400 2956 5475 Namque
2993 5423 3110 5463 rara
3155 5409 3287 5464 visio
3327 5389 3412 5467 est
3436 5423 3494 5470 et

1910 5479 2069 5535 nimis
2109 5482 2274 5539 ardua
2306 5488 2637 5557 conspicere,
2674 5491 2914 5558 Domine,
2958 5497 3306 5557 a-ientitatem
3343 5509 3488 5557 tuam

1910 5571 2415 5633 ineommutabilitcr
2464 5583 2735 5640 mutabilia
2783 5585 3086 5655 facicntetn,
3132 5602 3198 5645 ac
3247 5605 3344 5662 per
3384 5592 3488 5651 boc

3533 3919 3549 3946 Ἰ

1968 5749 1984 5782 ί
2011 5755 2076 5800 tta
2099 5758 2230 5823 una;
2270 5754 2361 5805 sed
2383 5753 2462 5806 alii
2487 5754 2593 5807 libri
2617 5759 2728 5809 Fdd.
2754 5769 2805 5813 et
2825 5775 2853 5813 s
2879 5761 2985 5823 rirti
3010 5761 3221 5823 habent.
3242 5767 3487 5819 narratio-

1903 5822 2004 5887 nes,
2032 5822 2244 5878 excepti
2263 5823 2371 5867 ιω.
2394 5824 2616 5883 ueniam,
2637 5825 2720 5884 qui
2756 5837 2840 5887 μυ
2880 5822 2940 5872 ea
2966 5838 3086 5876 voce
3119 5828 3366 5880 substituit
3398 5843 3488 5880 ra-

1898 5876 2064 5926 tim

2780 5966 3241 6054 (νεῖται-ειμι.)

310 5764 481 5860 ζ
504 5782 740 5860 regere;
761 5793 936 5859 Somni.
956 5796 1067 5860 μοι’.
1087 5801 1196 5843 Arn.
1220 5797 1342 5848 Dub.
1367 5808 1495 5851 κει-ι.
1509 5815 1618 5852 cum
1641 5804 1670 5854 4
1688 5815 1792 5860 Mss.

264 5832 607 5893 uta-deme
630 5846 662 5894 6
684 5832 852 5905 7..'ss.;'£
859 5832 1019 5902 15);:
1017 5832 1157 5906 [Ilii

454 5922 675 5991 Sutor.
708 5935 992 5996 Accusa.
1032 5937 1084 6005 Ι.
