3880 6378
780 221 880 250 vv

173 344 260 404 ω
1332 330 1536 390 uasa
1573 325 1876 388 DECIMUS
1911 329 2226 392 manus.

171 461 333 523 unum,
351 468 501 526 supra
518 467 710 525 aquam
723 451 1008 520 attollitur;
1035 465 1173 524 aqua
1190 464 1350 522 supra
1365 448 1541 506 oleum
1564 446 1700 513 fusa,

167 549 277 608 inl‘ra
315 547 480 605 oleum
508 545 870 618 demergitur;
912 543 1236 617 ponderibus
1282 539 1398 597 suis
1437 548 1665 611 aguntur
1684 579 1702 606 ,

164 645 260 702 loca
279 658 362 699 sua
387 649 589 713 petunt.
625 639 791 696 Minus
812 638 1076 708 ordinata,
1112 636 1344 709 inquieta
1372 643 1536 698 sunt;
1563 631 1706 689 ordi-

163 745 327 794 nantur
359 743 411 791 et
434 731 734 806 quiescunt.
765 730 981 786 Poudus
1022 743 1202 787 meum
1229 741 1382 784 amor
1422 741 1610 789 meus;
1639 736 1707 779 eo

163 830 281 887 leror
297 840 625 898 quocumque
651 822 808 881 feror.
837 824 989 880 Dono
1013 831 1106 879 tuo
1131 821 1489 885 accendimur,
1513 829 1568 874 et
1589 832 1710 873 sur-

162 937 256 980 sunt
280 918 503 978 terimur.
538 917 925 977 Inardescimus
951 925 1008 976 et
1041 917 1200 973 imus.
1241 914 1598 972 Ascendimus
1620 927 1708 969 as-

163 1013 396 1072 omsiones
423 1011 477 1067 in
520 1010 686 1068 corde
725 1007 912 1079 (Psal.
940 1023 1175 1075 uxxm,
1205 1007 1304 1081 6),
1333 1017 1390 1064 et
1427 1015 1707 1064 cantamus

163 1105 382 1164 cautium
409 1102 689 1174 graduum.
731 1100 855 1174 Igne
884 1110 997 1169 tuo,
1031 1101 1152 1173 igne
1178 1109 1270 1156 tuo
1297 1099 1439 1154 bono
1463 1097 1706 1154 inardes-

161 1199 296 1255 cimus
318 1205 370 1253 et
403 1196 582 1262 imus;
615 1195 862 1267 quoniam
888 1209 1101 1252 sursum
1131 1193 1271 1248 imus
1307 1191 1373 1247 ad
1403 1206 1588 1264 pacem
1618 1189 1708 1247 Je-

161 1290 366 1352 rusalem,
391 1291 645 1360 quoniam
676 1285 992 1359 jucundatus
1013 1302 1127 1341 sum
1153 1285 1206 1339 in
1249 1284 1328 1338 his
1349 1283 1438 1354 qui
1469 1283 1707 1338 dixerunt

161 1383 287 1438 ﬂi'
311 1401 325 1438 :
347 1380 412 1438 In
453 1381 663 1437 domum
691 1379 898 1436 Domini
922 1378 1103 1435 ibimus
1130 1376 1303 1450 (Psal.
1334 1392 1490 1443 cxxt,
1523 1375 1598 1448 1).
1631 1373 1707 1430 Ibi

159 1489 235 1532 nos
266 1474 528 1532 collocavit
553 1473 800 1530 voluntas
839 1473 1001 1540 bona,
1049 1480 1106 1526 ut
1133 1470 1266 1527 nihil
1305 1469 1532 1526 velimus
1560 1466 1706 1523 aliud

160 1582 284 1640 quam
305 1580 616 1638 permanere
642 1564 749 1621 illic
777 1564 829 1620 in
855 1573 1136 1620 teternum.

742 1677 971 1735 CAPUT
1008 1675 1080 1733 X.

617 1747 704 1805 Ea:
727 1750 862 1804 dono
892 1748 984 1804 Dei
1011 1747 1201 1802 omnia.

214 1844 284 1900 11.
310 1843 461 1899 Beata
484 1850 735 1898 creatura
761 1856 880 1912 qua:
910 1855 1016 1895 non
1043 1839 1192 1896 novit
1215 1837 1360 1893 aliud
1380 1878 1395 1902 ,
1422 1852 1542 1894 cum
1565 1846 1710 1894 esset

163 1938 246 2008 ipta
263 1933 411 1999 aliud,
442 1933 544 1989 nisi
566 1933 714 1990 dono
737 1942 827 1988 tuo
846 1931 988 2006 quod
1013 1930 1344 2004 superiertnr
1367 1945 1528 2001 super
1548 1945 1709 1986 omne

163 2027 397 2094 ntabile,
423 2043 549 2083 mox
580 2036 641 2082 ut
669 2025 804 2082 facta
833 2034 950 2092 est,
981 2025 1316 2080 attolleretur
1354 2024 1498 2078 nullo
1541 2021 1706 2077 inter-

163 2119 268 2174 nllo
289 2118 529 2189 temporis
559 2118 618 2174 in
647 2133 711 2174 ea
740 2117 1020 2174 v0catioue
1046 2133 1148 2187 qua
1177 2115 1359 2171 dixisti
1390 2157 1406 2180 ,
1442 2113 1559 2168 Fiat
1595 2112 1704 2180 lux,

161 2211 343 2266 etﬂeret
367 2211 451 2265 lux
472 2211 495 2242 '
529 2208 692 2283 (Gen.
718 2225 768 2276 t,
799 2210 876 2281 3).
920 2207 979 2264 In
1009 2208 1163 2263 nobis
1191 2208 1333 2263 enim
1369 2205 1710 2276 distinguitur

163 2301 522 2374 tempore,quod
551 2301 796 2358 tenebrze
826 2300 1040 2367 fuimus,
1059 2309 1113 2356 et
1141 2300 1232 2355 lux
1256 2299 1520 2355 ellicimur
1544 2297 1704 2369 (Eph.

161 2407 204 2457 ν,
226 2393 271 2464 8)
300 2411 313 2448 :
337 2393 384 2448 in
413 2395 499 2449 illa
526 2409 662 2450 vero
685 2393 883 2450 dictum
909 2403 991 2449 est
1018 2391 1143 2464 quid
1171 2399 1342 2453 esset,
1377 2390 1475 2447 nisi
1514 2389 1708 2445 illumi-

162 2495 365 2551 san-tur;
393 2493 446 2541 et
470 2485 541 2540 ita
569 2484 777 2541 dictum
805 2493 922 2549 est,
952 2484 1104 2556 quasi
1134 2483 1278 2554 prius
1305 2481 1462 2538 fuerit
1491 2481 1628 2536 ﬂuxa
1654 2488 1711 2536 et

163 2575 423 2642 tenebrosa;
455 2586 512 2631 ut
537 2585 830 2648 appareret
847 2591 1006 2632 causa
1027 2592 1128 2648 qua
1148 2574 1344 2630 iactum
1371 2583 1528 2630 estut
1553 2574 1710 2630 aliter

166 2677 286 2733 esset,
301 2666 451 2733 idest,
475 2677 533 2722 ut
553 2669 627 2722 ad
647 2668 823 2723 lumen
844 2667 1155 2724 indeliciens
1174 2682 1428 2723 conversa
1444 2668 1528 2721 lux
1541 2675 1704 2724 esset.

163 2757 236 2824 Qui
261 2768 442 2827 potest,
472 2760 771 2831 intelligat;
803 2769 857 2816 et
880 2760 969 2832 qui
998 2775 1102 2815 nou
1131 2767 1304 2829 potest
1333 2759 1374 2820 ³.
1406 2775 1436 2814 a
1463 2767 1515 2814 te
1542 2767 1704 2827 petat.

165 2845 313 2918 l‘tquid
342 2850 463 2905 mihi
489 2850 754 2907 molestus
778 2859 894 2922 est,
917 2851 1064 2921 quasi
1088 2865 1189 2921 ego
1226 2850 1518 2906 illnmiuem
1545 2851 1706 2904 ullum

165 2935 379 2996 hominem
419 2943 728 2999 venientem
766 2942 818 2998 in
851 2943 992 2997 hunc
1020 2943 1315 2998 mundum?
1338 2941 1514 3015 (Joan.
1543 2958 1592 3008 ι,
1624 2941 1704 3015 9.)

740 3032 970 3089 CAPUT
1008 3031 1100 3088 XI.

471 3103 728 3176 Symbola
756 3103 1023 3159 Trinitatis
1047 3105 1100 3158 in
1129 3104 1346 3160 homine.

217 3191 285 3248 l2.
317 3191 630 3251 Trinitatem
677 3195 1098 3266 omnipotentem
1147 3196 1268 3266 quis
1314 3195 1594 3267 intelligit?
1643 3197 1708 3252 Et

167 3285 255 3354 quis
277 3302 364 3341 non
401 3287 645 3360 loquitur
668 3303 788 3345 eam
809 3331 826 3356 ,
870 3290 915 3344 si
957 3298 1132 3344 tamen
1177 3289 1336 3344 eam?
1367 3289 1501 3344 ltara
1530 3289 1707 3344 anima

168 3389 258 3444 qua:
275 3391 374 3434 tum
395 3378 458 3436 de
485 3380 585 3435 illa
613 3380 868 3452 loquitur,
898 3380 998 3436 scit
1019 3379 1146 3452 quid
1175 3380 1406 3452 loquitur
1427 3380 1468 3435 ⁵.
1499 3382 1563 3436 Et
1581 3397 1710 3436 con-

175 3464 345 3522 lcntlunt
363 3477 408 3525 et
433 3469 734 3534 dimicant,
766 3480 820 3526 et
855 3485 1012 3526 nemo
1046 3471 1162 3526 sine
1201 3487 1329 3542 pace
1369 3470 1510 3526 videt
1553 3472 1706 3527 istam

180 3555 394 3616 visionem.
423 3562 636 3629 Vellem
673 3571 730 3618 ut
768 3563 882 3619 hinc
917 3563 1014 3618 tria
1054 3563 1350 3635 cogitarent
1381 3563 1623 3620 homines
1653 3563 1705 3618 in

178 3650 336 3721 scipsis.
362 3653 527 3726 Longe
558 3654 710 3711 aliud
745 3666 864 3711 sunt
895 3655 992 3711 ista
1025 3656 1122 3711 tria
1144 3672 1301 3726 quam
1331 3655 1415 3710 ilia
1441 3655 1706 3710 Trinitas:

171 3741 243 3798 sed
261 3743 359 3801 dico
379 3747 459 3803 ubi
483 3764 544 3804 se
572 3757 857 3803 exerceant
879 3755 934 3802 et
958 3747 1202 3818 probent,
1225 3757 1278 3802 et
1298 3747 1530 3802 sentiant
1548 3761 1706 3817 quam

171 3829 290 3906 longe
312 3848 420 3894 sunt
437 3839 478 3894 '.
512 3840 653 3895 Dico
675 3847 854 3894 autem
883 3839 997 3894 hmo
1018 3839 1114 3893 tria
1142 3856 1155 3892 :
1181 3853 1322 3906 esse,
1347 3852 1524 3902 nosse,
1549 3837 1704 3893 velle.

169 3923 406 3984 Sumenim
425 3972 439 3995 ,
468 3941 523 3986 et
551 3930 712 3997 novi,
743 3940 798 3986 et
831 3929 952 3984 volo
983 3949 997 3985 :
1024 3944 1143 3985 sunt
1174 3930 1348 3986 sciens
1367 3971 1381 3994 ,
1411 3941 1466 3984 ct
1491 3929 1704 3999 volens;

166 4023 206 4071 et
222 4018 315 4074 scio
335 4035 445 4078 esse
466 4038 558 4078 me
580 4064 595 4087 ,
619 4031 674 4078 et
699 4021 869 4086 velle;
896 4029 952 4078 et
970 4021 1091 4077 volo
1114 4037 1254 4084 esse.
1281 4031 1336 4078 et
1361 4022 1516 4079 scire.
1547 4023 1602 4078 In
1624 4023 1708 4078 his

167 4105 289 4179 igitur
312 4113 466 4169 tribus
501 4128 670 4186 quam
709 4113 779 4170 sit
815 4113 1183 4184 inseparabilis
1205 4114 1340 4179 vita,
1367 4123 1418 4170 et
1450 4130 1554 4169 una
1579 4115 1706 4182 vita,

167 4205 205 4252 et
223 4214 307 4256 una
331 4219 502 4269 utens,
533 4211 594 4260 et
620 4220 722 4260 una
751 4204 980 4260 essentia
999 4245 1015 4271 ,
1047 4219 1206 4276 quam
1241 4205 1470 4276 denique
1497 4205 1708 4277 insepa-

167 4291 310 4350 rabilis
324 4295 608 4361 distinctio,
628 4305 686 4354 et
701 4309 877 4353 tamen
897 4297 1187 4361 distinctio,
1205 4297 1382 4354 videat
1399 4297 1489 4369 qui
1511 4307 1704 4369 potest.

167 4380 290 4444 Certe
309 4403 476 4444 coram
503 4405 570 4446 se
592 4399 711 4453 est;
737 4389 977 4445 attendat
1005 4389 1057 4444 in
1085 4404 1164 4455 se,
1191 4398 1246 4445 et
1266 4389 1460 4456 videat,
1492 4401 1547 4444 et
1569 4390 1709 4446 dicat

167 4475 285 4532 libi.
312 4479 409 4536 Sed
433 4496 558 4538 cum
585 4480 847 4538 invenerit
870 4479 923 4536 in
951 4481 1032 4535 his
1056 4480 1253 4550 aliquid
1279 4489 1335 4536 et
1355 4479 1571 4546 dixerit,
1600 4495 1708 4536 non

165 4561 249 4636 iam
271 4583 324 4625 se
355 4582 497 4642 putet
538 4572 808 4629 invenisse
846 4571 973 4627 illud
1005 4571 1147 4643 quod
1177 4587 1336 4643 supra
1368 4572 1464 4627 ista
1503 4581 1585 4628 est
1623 4573 1708 4628 in-

169 4664 526 4732 commutabile,
557 4664 699 4736 quod
728 4673 812 4721 est
837 4663 1371 4731 ineommutabiliter,
1409 4673 1459 4720 et
1494 4665 1595 4720 scit
1629 4666 1708 4721 in-

171 4757 601 4825 commutabiliter,
632 4766 686 4814 et
712 4757 825 4812 vult
854 4755 1358 4814 ineomniutabiliter
1393 4774 1406 4810 :
1443 4765 1498 4812 et
1532 4767 1708 4813 utrum

173 4851 352 4913 κομα-
381 4848 478 4902 tria
517 4847 634 4905 lucc
665 4859 721 4905 et
754 4847 824 4904 ibi
853 4847 1115 4915 Trinitas;
1145 4863 1212 4902 an
1250 4847 1302 4902 in
1337 4848 1559 4920 singulis
1597 4850 1711 4906 lure

171 4931 280 4999 tria,
310 4945 364 4992 ut
383 4937 404 4969 ⁸
431 4947 579 4996 terna
620 4939 946 5012 singulorum
977 4940 1114 5004 sint;
1145 4955 1210 4993 an
1250 4951 1532 5012 utrumque
1562 4941 1710 4998 miris

223 5047 240 5078 ι
253 5048 433 5158 tutius
447 5052 658 5111 excusis,
682 5063 791 5126 quae
805 5049 1034 5102 dixerunt
1047 5047 1186 5099 mihi.
1203 5051 1293 5101 Sed
1307 5050 1475 5122 alludit
1492 5052 1714 5115 Augustl-

293 5169 307 5178 _
350 5110 462 5178 Psal,
485 5111 590 5172 121,
617 5113 664 5173 1,
689 5127 851 5177 mquo
881 5109 1228 5178 legeresolet,
1266 5125 1348 5178 qut
1373 5113 1713 5176 dixerimuet

449 5149 462 5185 :
490 5146 590 5172 181,
621 5146 664 5173 Ι,
689 5146 851 5177 ΙΠῚιΙυ
881 5146 1228 5178 ινδνινσνινι)
1266 5146 1348 5178 τωο
1373 5146 1637 5176 "MIHI"

173 5165 611 5226 tibheuthicttss.
651 5165 662 5173 ’
771 5165 787 5177 ³
931 5165 962 5178 ⁹
1213 5165 1225 5172 ⁷
1278 5165 1291 5178 ’
1621 5165 1636 5176 ’
1699 5165 1703 5166 ί

349 5241 697 5309 harenatum.
717 5245 772 5309 at
801 5238 908 5309 Bad.
934 5247 1033 5309 Arn.
1060 5243 1134 5288 Er.
1164 5243 1217 5288 et
1245 5242 1354 5286 ιον.
1374 5234 1559 5286 habent
1582 5235 1712 5300 {acta

176 5293 1170 5386 ‘39_P3.'239§b.2:59.‘5r35elme.
1495 5374 1507 5386 .
1529 5293 1619 5386 ,.'_.

259 5359 801 5446 ﬁdgﬁqerb‘i‘s‘et
815 5361 900 5424 qui
912 5359 1005 5413 non
1022 5368 1188 5427 potest,
1207 5362 1278 5412 sic
1293 5362 1479 5414 habent
1495 5374 1508 5412 :
1527 5359 1619 5424 Qui
1628 5373 1715 5431 pr

176 5413 896 5570 εἷ’άᾝᾟῗάῖιὲηῗιριεῗξὶιιω
911 5490 1081 5558 ξοπιω.
1095 5492 1204 5536 ων.
1215 5487 1336 5535 Dub.
1350 5493 1484 5556 nam.
1495 5486 1639 5537 nood.
1651 5495 1710 5538 tt.

256 5541 838 5600 meum..me
855 5544 1130 5600 aliudsimt.
1155 5548 1246 5598 sed
1261 5546 1708 5600 abestabudanss.

179 5556 523 5655 gi)qu
539 5558 686 5658 mn
855 5556 991 5600 aliud
1006 5556 1130 5599 sunt.
1155 5556 1246 5598 Sed
1261 5556 1404 5598 abest
1419 5556 1708 5600 αιωαειβιεε.

203 5655 226 5692 s
259 5667 338 5692 ι...
388 5605 630 5692 ...Ἦ-η
648 5645 660 5657 ⁸
682 5617 778 5692 991'
998 5618 1372 5692 ῗξεέτῗλεηηη
1394 5681 1498 5692 Α...
1518 5677 1605 5692 ..η

203 5667 226 5692 ’
259 5667 466 5726 ωηο-ι
491 5674 645 5722 terna.
682 5671 772 5720 Sed
797 5673 974 5723 clarius
1003 5672 1110 5724 alia:
1133 5673 1376 5722 editiones
1391 5681 1502 5721 cum
1518 5677 1644 5730 vss,
1664 5677 1716 5723 ut

180 5718 304 5775 ill.
317 5733 409 5778 lux
425 5731 550 5780 enin
564 5731 805 5786 sequitur.
823 5747 884 5782 an
908 5740 1183 5786 utrumque:
1199 5748 1296 5786 auo
1311 5731 1604 5786 siunillcatur
1618 5734 1716 5784 duo

180 5744 304 5775 ιπιιι.
319 5744 409 5778 Ius
564 5744 805 5794 sequntur,
823 5747 884 5782 an
908 5744 1183 5800 utrumque;
1199 5748 1296 5797 quo
1311 5744 1604 5802 stgmpcatour
1618 5744 1712 5784 auo

113 5837 140 5870 δ
177 5791 366 5856 μη
379 5793 611 5856 Rapuit:
627 5807 640 5842 :
660 5806 806 5844 unum
822 5830 837 5854 ,
861 5809 923 5846 an
939 5803 1130 5860 propter
1149 5795 1247 5848 tria
1260 5793 1367 5845 haec
1381 5792 1449 5844 ibi
1473 5799 1673 5844 Trinitas
1687 5809 1712 5849 θ

223 5044 240 5078 ι
253 5051 296 5096 tn
309 5048 439 5111 prius
447 5052 658 5111 excusis,

1812 443 1988 500 modis
2007 444 2322 516 simpliciter
2339 457 2394 506 et
2414 449 2782 523 multipliciter
2803 451 3004 509 inlinito
3025 453 3077 508 in
3100 467 3160 512 se
3177 452 3277 509 sibi
3299 455 3408 513 line

1810 553 1920 612 quo
1942 547 2054 605 est,
2085 549 2140 598 et
2165 538 2266 596 sibi
2289 552 2471 599 notum
2497 553 2597 610 est,
2629 555 2684 602 et
2702 544 2806 602 sibi
2830 545 3021 602 suﬂicit
3055 549 3406 604 incommuta-

1811 629 1993 688 biliter
2015 631 2244 703 idipsum
2274 635 2490 705 copiosa
2517 637 2734 693 unitatis
2758 639 3154 709 magnitudine;
3184 640 3304 711 quis
3330 638 3407 694 la-

1813 723 1918 780 cile
1939 724 2286 797 cogitaverit?
2310 725 2430 797 quis
2457 727 2564 783 ullo
2589 728 2750 785 modo
2773 729 3000 786 dixerit?
3021 732 3142 803 quis
3165 731 3411 803 quolibet

1813 814 1976 872 modo
2003 823 2204 872 temere
2237 818 2698 888 pronuntiaverit?

2412 933 2642 992 CAPUT
2680 933 2794 990 XII.

1912 1002 2098 1058 Mundi
2123 1005 2308 1060 creatio
2333 1007 2686 1078 formationem
2713 1006 2954 1063 Ecclesia
2981 1009 3295 1081 prat/igurat.

1889 1095 1976 1150 13.
2016 1095 2254 1152 Procede
2279 1097 2332 1153 in
2353 1097 2709 1163 confessione,
2736 1099 2867 1154 ﬁdes
2887 1115 3039 1166 mea;
3071 1102 3157 1158 dic
3182 1103 3410 1163 Domino

1814 1187 1926 1244 Deo
1949 1197 2039 1244 tuo
2064 1207 2078 1246 :
2100 1189 2315 1258 Sancte,
2339 1191 2554 1253 Sancte,
2581 1191 2797 1256 Sancte,
2828 1193 3046 1250 Domine
3068 1195 3207 1250 Deus
3232 1213 3404 1266 meus,

1814 1281 1867 1338 in
1896 1283 2111 1340 nomine
2140 1295 2229 1340 tuo
2254 1285 2502 1354 baptizati
2530 1301 2714 1340 sumus
2732 1329 2747 1347 ,
2783 1287 2940 1342 Pater
2963 1296 3017 1341 et
3037 1287 3134 1343 Fili
3161 1299 3215 1345 et
3234 1289 3406 1360 Spiri-

1814 1381 1899 1430 tus
1924 1385 2140 1440 sancte;
2175 1376 2226 1431 in
2252 1377 2466 1432 nomine
2489 1387 2578 1432 tuo
2598 1377 2944 1447 baptizamus,
2974 1378 3129 1433 Pater
3153 1388 3204 1434 et
3227 1379 3323 1434 Fili
3350 1388 3407 1436 et

1811 1465 2038 1537 Spiritus
2058 1476 2274 1534 sancte;
2304 1469 2427 1539 quia
2452 1478 2505 1523 et
2527 1468 2667 1539 apud
2695 1485 2791 1524 nos
2815 1471 2865 1524 in
2887 1471 3102 1526 Cbrism
3123 1473 3257 1525 sno‘
3287 1473 3408 1541 fecit

1811 1555 1953 1613 Deus
1977 1558 2158 1613 cwlum
2188 1568 2234 1614 et
2259 1569 2466 1625 terram,
2493 1559 2796 1630 spirituales
2815 1570 2869 1616 et
2887 1563 3132 1619 carnales
3153 1564 3408 1622 Ecclesire

1811 1662 1956 1713 sum;
1985 1659 2039 1706 et
2065 1659 2199 1705 terra
2229 1659 2408 1706 nostra
2435 1661 2720 1722 antequam
2751 1653 3018 1722 acciperet
3047 1656 3268 1710 formam
3303 1656 3406 1711 do-

1811 1742 2016 1809 ctrinm,
2041 1743 2303 1798 invisibilis
2335 1753 2443 1798 erat
2465 1754 2513 1798 et
2539 1746 2891 1818 incomposita,
2916 1756 2970 1802 et
2991 1747 3302 1819 ignorantia:
3326 1759 3406 1806 te-

1811 1834 1990 1889 nebris
2008 1835 2350 1904 tegebamur;
2375 1837 2624 1906 quoniam
2648 1852 2744 1907 pro
2768 1838 3042 1907 iniquitate
3062 1839 3283 1914 erudisti
3307 1839 3407 1895 ho-

1811 1925 2008 1980 minem
2037 1924 2205 1997 (Psal.
2226 1943 2450 1990 xxxvut,
2478 1927 2564 1999 l2)
2585 1969 2600 1993 ,
2627 1929 2891 1998 etjndicia
2916 1939 3001 1984 tua
3023 1932 3163 1987 sicut
3181 1934 3407 2005 abyssus

1811 2018 1974 2072 multa
1994 2017 2167 2089 (Psal.
2192 2035 2365 2085 xxxv,
2383 2021 2460 2089 7).
2479 2020 2582 2076 Sed
2601 2023 2720 2091 quia
2734 2020 2959 2092 Spiritus
2976 2033 3097 2078 tuus
3115 2027 3406 2097 superiore.

1812 2109 1966 2164 batur
1993 2124 2152 2180 super
2176 2125 2364 2180 aquam
2398 2109 2548 2182 (Cen.
2574 2128 2611 2176 ι,
2634 2112 2724 2181 2),
2757 2129 2859 2167 non
2889 2114 3100 2183 reliquit
3137 2117 3407 2174 miseriam

1813 2210 2048 2256 nostram
2076 2202 2440 2258 misericordia
2471 2213 2578 2270 tua,
2607 2213 2660 2259 et
2683 2205 2863 2259 dixisti
2896 2224 2907 2259 :
2939 2204 3061 2260 Fiat
3085 2209 3193 2262 lux.
3230 2208 3406 2265 Potni-

1812 2293 2018 2347 tentiant
2057 2293 2222 2365 agite,
2266 2295 2692 2367 appropinquavit
2737 2297 2868 2349 enim
2915 2313 3124 2367 regnum
3163 2300 3405 2354 calorum

1813 2384 2026 2450 (Matth.
2050 2401 2126 2450 ιιι,
2161 2385 2273 2458 I2).
2316 2385 2671 2442 Ptenitentimn
2701 2389 2852 2459 agite,
2885 2387 3005 2443 Fiat
3032 2390 3141 2445 lux.
3173 2391 3236 2445 Iit
3264 2406 3404 2462 quo-

1813 2479 1955 2533 niam
1983 2479 2294 2534 conturbata
2323 2489 2437 2534 erat
2463 2479 2528 2533 ad
2558 2496 2655 2534 nos
2677 2481 2820 2550 ipsos
2839 2482 3010 2536 anima
3035 2494 3233 2546 nosna,
3257 2498 3405 2538 com-

1812 2572 2089 2625 memorati
2112 2585 2298 2624 sumus
2319 2571 2413 2635 Ini,
2444 2571 2687 2637 Domine,
2716 2571 2783 2626 de
2809 2581 2945 2626 terra
2966 2572 3232 2638 Jordanis,
3262 2583 3315 2628 et
3334 2574 3404 2631 de

1814 2673 1995 2718 monte
2056 2663 2244 2731 mquali
2305 2662 2430 2727 tibi,
2468 2661 2560 2716 sed
2601 2677 2762 2733 parvo
2824 2672 3042 2734 propter
3097 2679 3193 2717 nos
3232 2661 3403 2737 (Psal.

1813 2772 1929 2818 xu,
1968 2753 2058 2828 7);
2095 2766 2152 2811 ct
2187 2756 2570 2826 displit'uerunt
2611 2757 2763 2812 nobis
2804 2759 3038 2812 tenebrae
3077 2769 3307 2824 nasute,
3352 2766 3408 2814 ct

1812 2847 2053 2902 conversi
2084 2863 2268 2902 sumus
2294 2846 2358 2901 ad
2393 2859 2472 2912 te,
2509 2858 2554 2901 et
2593 2849 2731 2920 facta
2769 2858 2841 2902 est
2880 2849 2989 2904 lux.
3033 2852 3097 2904 Et
3137 2865 3261 2905 ecce
3301 2849 3406 2905 iui-

1812 2955 1932 2995 mus
1964 2939 2249 3009 aliquando
2287 2939 2556 3005 tenebrm;
2597 2954 2739 2994 nunc
2766 2949 2945 2996 autem
2976 2941 3064 2995 lux
3093 2941 3150 2997 in
3179 2941 3406 2998 Domino

1811 3026 1972 3102 (Eph.
1999 3045 2032 3084 v
2051 3071 2066 3097 ,
2095 3029 2172 3102 8).

2409 3099 2635 3158 CAPUT
2672 3099 2812 3157 XIII.

1884 3193 2160 3247 lienouatio
2191 3192 2408 3247 hominis
2437 3193 2558 3246 dum
2586 3193 2666 3247 hic
2696 3193 2810 3247 vivit
2839 3193 3060 3248 nondum
3089 3197 3328 3268 perfecta.

1884 3283 1970 3338 M.
2014 3283 2078 3337 Et
2109 3292 2284 3338 tamen
2320 3282 2494 3337 adhuc
2529 3298 2623 3352 per
2659 3282 2850 3347 Iidem,
2883 3284 3116 3340 umidum
3154 3301 3249 3356 per
3284 3303 3408 3358 spe-

1812 3378 1948 3432 ciem
1984 3379 2000 3446 (
2031 3376 2070 3432 ll
2097 3375 2214 3432 Cor.
2245 3393 2305 3441 v,
2334 3378 2408 3448 7).
2441 3376 2550 3448 Spe
2571 3379 2710 3432 enim
2733 3378 2863 3433 salvi
2896 3377 3016 3434 laeti
3042 3394 3245 3435 smnus.
3272 3381 3406 3450 Spes

1811 3478 1987 3523 autem
2005 3486 2122 3538 qua:
2141 3469 2367 3532 videtur,
2392 3487 2494 3524 non
2515 3480 2596 3525 est
2613 3486 2734 3541 spes
2757 3469 2930 3543 (Rom.
2951 3487 3062 3538 \‘lll,
3081 3471 3195 3545 2i).
3219 3474 3408 3532 Adhuc

1812 3559 2037 3630 abyssus
2062 3560 2312 3632 abyssum
2351 3562 2584 3621 invocat,
2614 3561 2706 3617 sed
2739 3561 2790 3616 in
2820 3576 2946 3617 V000
2969 3563 2988 3593 '
3018 3573 3405 3622 cataractarum

1815 3661 2020 3705 tuarum
2049 3650 2218 3722 (Psal.
2249 3669 2371 3718 xu,
2405 3653 2483 3723 8).
2516 3653 2703 3709 Adhuc
2736 3665 2788 3708 ct
2824 3655 2909 3710 ille
2943 3655 3031 3726 qui
3061 3655 3190 3712 dicit
3229 3677 3241 3712 :
3285 3657 3407 3714 Non

1813 3745 1952 3814 potui
1980 3746 2114 3799 vobis
2143 3747 2279 3817 loqui
2303 3747 2448 3816 quasi
2479 3747 2826 3818 spirituulibus
2845 3791 2859 3815 ,
2891 3749 2980 3804 sed
3007 3751 3152 3820 quasi
3179 3752 3405 3807 carnali-

1813 3839 1902 3891 bus
1932 3837 1988 3909 (I
2015 3839 2133 3895 Cor.
2165 3855 2256 3905 ιιι,
2291 3838 2379 3913 1),
2412 3841 2572 3896 etiam
2610 3841 2722 3910 ipse
2753 3841 2987 3896 nomium
3030 3860 3087 3897 se
3121 3845 3408 3901 arbitratur

1811 3930 2317 4000 comprehendisse;
2351 3940 2404 3986 et
2424 3947 2542 4000 qua:
2565 3942 2710 3986 retro
2729 3933 2926 3988 oblitus
2943 3974 2958 3999 ,
2986 3935 3038 3987 in
3059 3950 3122 3988 ea
3144 3952 3260 4003 qua:
3280 3944 3406 3994 ante

1813 4032 1956 4086 sunt,
1973 4022 2273 4076 extenditur
2289 4021 2508 4092 (Philip.
2531 4037 2605 4086 ιιι,
2626 4023 2645 4076 1
2657 4021 2732 4092 3),
2750 4033 2803 4078 et
2821 4023 3114 4093 ingemiscit
3131 4035 3403 4094 gravatus,

1813 4122 1869 4168 et
1905 4113 2016 4166 sitit
2051 4114 2226 4166 anima
2263 4112 2378 4181 ejus
2405 4111 2471 4166 ad
2506 4112 2670 4168 Deum
2702 4114 2912 4177 vivum,
2953 4115 3407 4184 quemadmodum

1813 4221 2002 4260 cervus
2029 4205 2094 4259 ad
2124 4204 2297 4260 futues
2331 4220 2608 4276 aquarum,
2641 4215 2695 4260 et
2721 4205 2882 4260 dicit:
2906 4205 3128 4275 Quando
3158 4208 3406 4265 veniam?

1817 4295 1987 4368 (Psal.
2013 4311 2122 4356 xu.
2139 4295 2195 4362 2,
2216 4297 2273 4366 5)
2301 4295 2656 4351 habitaculum
2687 4311 2842 4352 suum
2867 4296 3010 4368 quod
3054 4297 3120 4352 de
3139 4300 3279 4355 cwlo
3300 4310 3404 4367 est,

1815 4388 2123 4458 super-indui
2144 4389 2364 4458 cupiens
2389 4390 2406 4460 (
2431 4387 2472 4442 Il
2493 4387 2610 4443 Cor.
2624 4387 2773 4459 v,2),
2795 4396 2850 4443 et
2871 4389 3078 4444 invocat
3099 4389 3404 4447 inferiorem

1814 4479 2085 4551 abyssum,
2118 4479 2304 4535 dicens
2335 4497 2347 4532 :
2383 4478 2557 4534 Nolite
2582 4465 3038 4551 conformariahnic
3065 4483 3250 4536 strculo
3269 4523 3285 4550 ,
3317 4484 3408 4538 sed

1814 4571 2160 4641 reformamini
2179 4572 2230 4626 in
2252 4571 2468 4625 novitate
2487 4572 2664 4625 utentis
2684 4581 2856 4626 vestra:
2885 4571 3057 4643 (llam.
3083 4589 3181 4639 xu,
3205 4574 3261 4642 2)
3281 4591 3301 4638 ;
3321 4584 3405 4631 et:

1817 4664 1994 4720 Nolite
2019 4666 2163 4734 pueri
2189 4666 2313 4737 ι’θίσὶ
2342 4665 2588 4721 mentibus
2608 4666 2646 4730 ³,
2673 4666 2763 4721 8ΰά
2787 4667 2978 4720 malitia
3007 4670 3206 4737 parvuli
3230 4680 3402 4735 estote,

1815 4769 1870 4814 ut
1905 4759 2150 4814 mentibus
2197 4759 2401 4829 perfecti
2425 4759 2534 4813 sitis
2563 4758 2581 4830 (
2611 4757 2748 4815 ICor
2790 4775 2899 4825 xlv,
2923 4759 3050 4830 20);
3080 4771 3132 4816 et
3157 4779 3170 4815 :
3201 4760 3245 4818 0
3266 4765 3410 4820 stulti

1817 4848 2044 4916 Galatia,
2070 4851 2182 4922 quis
2210 4865 2294 4905 vos
2323 4851 2626 4922 fttseinavit?
2657 4849 2797 4922 (Cal.
2828 4867 2904 4918 ιιι,
2927 4851 3000 4922 1.)
3031 4850 3134 4909 Sed
3158 4853 3268 4924 jam
3301 4871 3411 4914 non

1817 4940 1870 4996 in
1896 4957 2026 4996 voce
2054 4957 2178 5007 sua;
2215 4942 2268 4995 in
2308 4950 2394 4996 tua
2434 4942 2576 4995 enim
2621 4942 2708 5012 qui
2745 4942 2936 4998 misisti
2973 4943 3228 5012 Spiritum
3262 4956 3408 5003 tuum

1815 5032 1882 5087 de
1901 5033 2128 5088 excelsis
2157 5032 2290 5105 (Act.
2316 5049 2372 5098 ιι,
2396 5031 2487 5104 2),
2517 5049 2613 5104 per
2637 5050 2758 5089 eum
2787 5034 2875 5105 qui
2901 5036 3140 5091 ascendit
3165 5037 3216 5091 in
3244 5038 3408 5094 altum

1817 5127 1986 5197 (Psal.
2011 5142 2170 5192 vau,
2201 5127 2311 5198 l9),
2339 5135 2394 5181 et
2419 5127 2629 5197 aperuit
2657 5137 2952 5183 cataractas
2987 5128 3249 5185 donorum
3281 5146 3412 5186 suo-

1817 5239 2035 5311 alterum
2048 5251 2190 5311 porro
2201 5273 2216 5296 ,
2234 5250 2297 5287 an
2313 5238 2365 5289 in
2381 5235 2584 5311 singulis
2600 5237 2704 5311 hac
2721 5237 2816 5311 tria
2832 5240 2932 5311 ,ιω
2955 5245 3006 5290 ut
3037 5245 3174 5311 terna
3194 5237 3414 5311 pinguio—

1818 5299 2347 5364 rumsintiouaoquatn
2369 5299 2613 5364 multum.
2642 5307 2796 5364 ett-1v.
2821 5302 2891 5351 sic
2918 5311 3025 5364 post
3046 5303 3160 5364 hec
3194 5299 3404 5364 legitur:

1821 5377 1889 5436 An
1907 5358 2369 5436 utrorumtte'rttiris
2387 5358 2540 5436 modis
2556 5361 2839 5436 simpliciter
2872 5358 2930 5413 δι’
2952 5358 3278 5436 multipliciter
3289 5358 3410 5436 (inﬁt

1818 5425 1912 5478 nitu
1931 5423 2194 5488 ittsettsilrili
2209 5423 2311 5474 sine
2328 5437 2420 5488 quo
2436 5432 2521 5475 est.
2560 5432 2626 5475 tta
2651 5423 2854 5488 quoque
2876 5424 3002 5486 apud
3025 5423 3133 5472 Bad.
3165 5423 3252 5470 nisi
3278 5423 3411 5482 quod

1818 5485 2160 5550 babeturrﬁne,
2183 5500 2279 5550 non
2298 5485 2416 5538 sine.

1885 5553 1897 5583 ¹
1927 5559 1974 5599 tn
1997 5545 2181 5612 Cljristo
2203 5547 2318 5597 Filio
2337 5562 2452 5612 suo,
2473 5549 2602 5610 justa
2624 5556 2793 5598 Somm.
2820 5552 2870 5595 et
2902 5545 3042 5612 89nd.

1883 5616 1903 5644 ³
1927 5609 2131 5672 Sedjam
2148 5611 2198 5661 in
2215 5622 2342 5669 voce,
2361 5603 2498 5672 juxta
2522 5621 2644 5658 soni.
2666 5616 2793 5657 Mart.
2822 5605 2964 5654 nond.
3004 5603 3097 5654 sed
3115 5603 3213 5660 iam
3239 5612 3333 5650 non
3357 5614 3412 5652 tn

1821 5673 2200 5738 voce,juxtat:r.
2227 5672 2371 5734 Lugd.
2400 5681 2452 5720 at.
2512 5733 2521 5738 _
2641 5729 2678 5738 _
2717 5728 2726 5738 _
2866 5724 2877 5738 ρ

1885 5737 1905 5767 ³
2056 5734 2238 5798 aliquot
2259 5723 2322 5798 ei
2346 5733 2580 5798 vetustis2
2602 5728 2726 5793 eﬂri
2752 5723 2978 5798 sensibus.
2993 5730 3213 5798 —__Juxta
3228 5727 3406 5772 50mm.

1824 5804 1872 5848 et
1898 5783 2063 5856 Reid,
2086 5783 2413 5857 déinlegitur,
2437 5783 2653 5845 δεηδῶαὲ
2670 5785 2866 5852 perfecti
2877 5783 3006 5871 sitis.
3031 5793 3102 5871 tu.
