3926 6272
538 359 646 417 855

537 473 737 543 quibus
764 468 851 523 ille
879 465 1319 537 prudentissimus
1348 476 1535 518 servus
1564 470 1682 515 tuus
1711 478 1814 514 non
1847 458 2012 529 potuit
2045 457 2121 512 ln-

537 562 626 633 qui
674 561 824 630 quasi
854 558 1243 628 spiritualibus.
1270 554 1364 611 Sed
1395 554 1543 621 quasi
1573 551 1875 607 carnalibus
1906 561 1917 606 ἱ
1954 550 1968 603 l
1998 548 2117 605 Cor.

470 644 484 665 ³
531 670 589 709 ιιι
610 695 626 720 ,
643 652 721 721 1),
743 651 924 719 illeqni
939 650 1248 718 sapientiam
1268 648 1503 717 loquitur
1520 649 1656 701 inter
1684 649 1939 717 perfectos
1961 646 2119 716 (Ibid.

532 761 605 806 ιι,
654 742 731 812 6).
773 741 1031 796 Anima’is
1066 750 1239 794 autem
1290 741 1448 793 homo
1497 749 1743 809 tanquam
1790 740 2035 808 parvulus
2070 738 2123 793 in

484 872 485 875 η
538 833 750 891 Christo
780 833 1036 903 lactisque
1058 841 1283 901 potator,
1304 830 1478 885 donec
1508 830 1786 885 roboretur
1804 832 1869 884 ad
1894 830 2122 886 solidum

538 928 735 991 cibum,
760 938 809 983 et
836 928 1005 983 aciem
1036 929 1209 982 ﬁrmet
1234 928 1298 981 ad
1330 927 1459 982 solis
1483 934 1779 995 aspectum,
1804 941 1907 981 non
1934 925 2125 980 habeat

537 1020 802 1077 desertam
848 1029 1054 1075 noctem
1084 1035 1230 1073 suam
1250 1061 1262 1080 .
1295 1018 1388 1073 sed
1419 1019 1534 1073 luce
1566 1018 1704 1071 luna:
1740 1019 2124 1087 steflarnnupie

536 1123 819 1170 Contentus
844 1114 931 1168 sit.
967 1114 1089 1167 [an
1126 1112 1401 1167 nobiscum
1433 1112 1698 1181 disputas,
1732 1112 2124 1180 sapientis~itne

536 1208 677 1264 Deus
704 1219 903 1270 noster.
938 1208 987 1261 in
1016 1207 1175 1262 Libro
1204 1217 1292 1260 tuo
1316 1206 1650 1261 ﬁrmamento
1680 1214 1801 1260 tuo:
1834 1214 1887 1257 nt
1916 1205 2121 1259 discer-

536 1315 726 1355 namns
762 1299 936 1353 «itania
968 1299 1420 1367 eontemplat’one
1461 1297 1723 1360 mirabili,
1755 1296 1995 1364 quamvis
2023 1294 2123 1349 ad-

534 1391 641 1447 huc
680 1393 731 1447 in
771 1393 962 1463 signis,
1011 1402 1057 1446 et
1102 1393 1154 1445 in
1195 1390 1526 1459 temporibus,
1573 1399 1617 1444 et
1653 1391 1707 1443 in
1751 1387 1941 1454 diebus,
1984 1397 2029 1442 et
2070 1388 2124 1441 in

538 1483 704 1537 annis.

1144 1574 1371 1630 CAPUT
1410 1574 1552 1629 XIX.

614 1665 817 1719 Tractat
838 1667 1064 1720 eumdem
1094 1668 1413 1726 versiculum,
1447 1667 1601 1721 Fiant
1635 1668 1929 1728 luminaria,
1957 1677 2048 1722 etc.

610 1758 694 1812 24.
729 1758 834 1812 Sed
874 1759 1017 1827 prius
1047 1758 1290 1811 lavamini
1312 1800 1325 1821 ,
1361 1759 1539 1811 mundi
1570 1768 1766 1816 estote:
1795 1760 1998 1814 auferte
2026 1775 2124 1814 ne-

538 1850 756 1920 quitiam
798 1850 863 1902 ab
898 1850 1087 1903 animis
1126 1850 1345 1911 vestris.
1375 1861 1532 1919 atque
1558 1867 1585 1903 a
1614 1860 1901 1920 conspectu
1939 1853 2123 1906 oculo—

538 1958 657 1997 rum
688 1959 958 2005 meorum,
992 1952 1048 1996 ut
1086 1952 1329 2013 appareat
1365 1943 1528 1995 (n'itla.
1578 1943 1771 1996 Discite
1806 1944 2000 1998 bonum
2042 1945 2123 2000 fa-

538 2050 693 2099 cere,
716 2035 950 2104 jndicate
987 2036 1217 2103 pupillo.
1251 2044 1303 2088 et
1327 2034 1613 2101 jnSIilit-ate
1647 2034 1888 2097 viduam;
1924 2048 1977 2090 ιιι
2007 2054 2124 2107 ger-

536 2126 692 2180 minet
734 2136 866 2180 terra
906 2127 1107 2180 herbam
1157 2128 1329 2195 pabuli
1375 2137 1421 2179 et
1460 2128 1653 2198 lignum
1696 2129 2044 2198 [meti/erum;
2073 2140 2123 2186 ct

536 2218 733 2281 venite,
764 2216 1115 2288 disputemus,
1147 2218 1272 2273 dicit
1307 2220 1590 2285 Dominus,
1621 2231 1675 2274 ιιι
1702 2223 1825 2287 [iant
1855 2222 2127 2276 luminaria

536 2308 589 2360 in
616 2309 935 2375 [irritamento
962 2309 1075 2361 celi
1091 2350 1103 2370 ,
1133 2320 1179 2362 et
1209 2310 1405 2363 luceant
1432 2328 1581 2380 super
1606 2321 1789 2363 terram
1843 2313 2127 2378 Qua-rebat

537 2400 687 2453 dives
719 2401 804 2454 ille
830 2416 859 2453 a
883 2402 1135 2470 magistro
1159 2402 1318 2465 bono,
1344 2402 1469 2470 quid
1490 2403 1687 2457 faceret
1717 2414 1772 2457 nt
1790 2404 1947 2458 vi'am
1967 2416 2125 2460 :eter-

538 2509 659 2548 nam
700 2503 1155 2562 consequeretur:
1182 2495 1321 2548 dicat
1349 2496 1395 2548 ei
1436 2497 1686 2565 magister
1732 2497 1928 2561 bonus,
1968 2515 2124 2567 quem

538 2587 753 2654 putabat
781 2584 1071 2642 hominem.
1097 2593 1149 2638 et
1181 2586 1305 2639 nihil
1337 2588 1593 2656 amplius;
1619 2589 1789 2643 bonus
1816 2600 1893 2643 est
1922 2600 2122 2658 autem,

539 2675 660 2744 quia
696 2675 834 2728 Dens
870 2684 952 2728 est
976 2693 988 2727 :
1012 2675 1153 2729 dicat
1191 2676 1270 2736 ri,
1305 2688 1359 2731 ιιι
1388 2680 1429 2732 si
1461 2682 1571 2732 vult
1613 2682 1791 2733 venire
1827 2682 1891 2734 ad
1928 2684 2083 2735 vitam
2106 2724 2121 2748 ,

541 2777 719 2821 servet
763 2768 1041 2830 mandata;
1082 2781 1292 2838 Separet
1322 2787 1349 2823 τι
1378 2786 1437 2826 se
1469 2774 1871 2827 amaritudinum
1913 2775 2127 2831 malitia:

538 2866 696 2928 atque
727 2859 999 2927 nequitiae;
1034 2875 1136 2913 non
1163 2862 1368 2915 occidat
1390 2905 1404 2920 .
1436 2880 1539 2916 non
1569 2866 1881 2931 nucehetur,
1913 2884 2013 2921 IIO'I
2041 2867 2124 2923 fu-

540 2959 707 3014 retur,
734 2968 836 3003 non
871 2951 1056 3005 falsum
1087 2954 1444 3010 testimonium
1473 2957 1642 3017 dicat;
1673 2968 1721 3012 ut
1757 2974 1997 3029 appareat
2023 2962 2127 3015 ari-

540 3040 626 3099 da.
644 3050 694 3095 cl
712 3043 951 3111 germinet
966 3043 1223 3101 lrznorem
1249 3049 1407 3115 patrie
1430 3060 1480 3103 et
1497 3052 1696 3113 matris,
1715 3062 1762 3104 et
1786 3051 2125 3108 dilectionem

540 3132 792 3199 proximi.
825 3132 976 3193 Feci,
1009 3134 1207 3201 inquit,
1242 3138 1354 3191 b:rc
1382 3140 1579 3193 omnia.
1623 3141 1773 3196 Unde
1803 3159 1928 3211 ergo
1969 3152 2127 3198 tanta)

542 3222 741 3289 Spinte,
774 3222 818 3275 si
850 3232 986 3276 terra
1021 3224 1289 3281 fructifera
1319 3230 1433 3283 est?
1464 3229 1604 3285 Vade
1624 3273 1638 3297 ,
1668 3234 1902 3302 exstirpa
1934 3234 2125 3288 silvosa

542 3313 754 3368 dumeta
781 3317 1042 3381 avaritim;
1070 3320 1237 3374 tende
1265 3338 1383 3391 qua!
1408 3325 1665 3391 possides.
1697 3336 1749 3379 et
1773 3328 1990 3393 implere
2018 3327 2127 3383 frn—

538 3406 693 3475 gihus
736 3405 913 3460 dando
960 3411 1317 3478 pauperibus,
1372 3422 1424 3469 et
1466 3414 1685 3470 habebis
1723 3416 2024 3473 thesaurum
2072 3421 2123 3477 in

538 3496 718 3559 cadis,
750 3508 803 3552 et
832 3513 1054 3567 sequere
1097 3501 1375 3556 Dominum
1406 3506 1447 3557 si
1476 3507 1555 3559 vis
1584 3523 1703 3561 esse
1731 3510 1989 3577 perfectus
2008 3553 2021 3573 ,
2046 3512 2125 3566 eis

537 3591 770 3644 sociatus
802 3592 940 3646 inter
967 3608 1101 3661 quos
1145 3595 1374 3665 loquitur
1401 3599 1709 3666 Sapientiam
1741 3602 1827 3655 ille
1855 3604 1940 3673 qui
1980 3607 2125 3661 novit

537 3682 661 3751 quid
699 3683 980 3738 distribuat
1019 3686 1121 3741 diei
1162 3698 1215 3741 et
1255 3691 1425 3753 nocti,
1456 3700 1511 3741 nt
1543 3692 1686 3747 noris
1712 3702 1761 3746 et
1795 3705 1876 3752 tu.
1912 3705 1965 3748 ιιι
1996 3695 2125 3751 fiant

538 3786 588 3828 et
624 3775 714 3827 tibi
748 3775 1023 3831 luminaria
1055 3778 1105 3830 in
1139 3778 1470 3836 firmamento
1503 3783 1654 3843 cmli;
1693 3785 1831 3853 quod
1869 3803 1971 3839 non
2004 3786 2119 3852 fiet,

534 3865 635 3917 nisi
678 3864 836 3919 fuerit
874 3866 979 3921 illic
1019 3883 1116 3921 cor
1160 3879 1336 3931 ttnun;
1372 3872 1512 3940 quod
1558 3873 1681 3927 item
1726 3892 1829 3928 non
1870 3876 1987 3940 fiet,
2021 3879 2121 3934 nisi

532 3956 690 4010 fuerit
740 3958 843 4011 illic
889 3958 1167 4013 thesaurus
1215 3972 1364 4026 tuus,
1410 3962 1547 4017 sicut
1585 3966 1774 4021 audisti
1806 3984 1835 4022 a
1868 3971 2120 4040 magistro

530 4047 673 4102 bono
693 4048 902 4117 (.llattli.
924 4068 1007 4115 vt,
1038 4052 1153 4123 2:).
1193 4054 1295 4109 Sed
1314 4059 1619 4112 contristata
1639 4070 1719 4115 est
1738 4071 1871 4115 terra
1899 4066 2115 4133 sterilis,

531 4149 585 4193 et
611 4141 780 4207 spinze
807 4141 1168 4199 oll‘ocavcrnnt
1198 4148 1414 4201 verbum
1439 4148 1547 4220 (ltl.
1574 4167 1684 4211 XIX,
1717 4153 1926 4225 16—22).

601 4234 690 4287 25.
718 4234 823 4287 Vos
847 4246 1024 4291 autem
1054 4254 1222 4309 genus
1249 4241 1495 4305 electum,
1528 4243 1733 4298 infirma
1766 4248 1945 4301 mundi
1966 4291 1979 4310 ,
2023 4252 2114 4320 qui

528 4325 804 4381 dimisistis
831 4330 1006 4382 omnia
1041 4340 1095 4383 ιιι
1135 4334 1494 4399 sequeremini
1542 4336 1855 4403 Dominum;
1892 4341 1962 4393 ite
1998 4352 2118 4409 post

527 4430 671 4481 eum,
701 4428 754 4472 et
780 4420 1088 4476 confundite
1118 4421 1267 4477 fortia
1305 4442 1317 4477 :
1347 4425 1417 4478 ite
1448 4437 1565 4494 post
1590 4443 1731 4494 eum,
1761 4432 1940 4498 speeio
1972 4433 1986 4487 i
2024 4449 2116 4502 pe-

527 4507 643 4571 des,
687 4520 739 4565 et
781 4512 950 4567 lucete
977 4514 1027 4567 in
1056 4513 1390 4571 firmamento
1434 4518 1477 4591 (ἰ
1506 4519 1645 4574 Pctr.
1675 4538 1738 4586 ιι,
1772 4522 1864 4592 9);
1908 4535 1961 4579 ιιι
1990 4527 2112 4583 εωΙί

526 4612 779 4655 enarrent
802 4603 1022 4670 gloriam
1051 4606 1167 4674 ejus
1190 4651 1201 4667 .
1233 4608 1527 4666 dividentes
1555 4611 1692 4667 inter
1734 4615 1900 4670 lucem
1940 4620 2111 4685 perfe-

524 4697 733 4744 ctorum
759 4693 850 4746 sed
874 4695 1105 4749 nondum
1125 4697 1260 4754 sicut
1282 4700 1620 4769 Angelurnm.
1644 4713 1700 4758 et
1722 4707 1967 4762 tenebras
1990 4724 2109 4777 par-

528 4781 769 4836 vulorum
793 4785 884 4839 sed
910 4802 1012 4841 non
1034 4789 1403 4859 despectorum
1433 4796 1447 4827 ί
1476 4814 1488 4848 :
1520 4796 1691 4852 lucete
1717 4814 1875 4867 super
1895 4816 2109 4859 onmem

522 4880 723 4926 terram
746 4890 759 4936 ;
786 4884 839 4926 et
862 4875 978 4930 dies
1003 4878 1114 4932 sole
1143 4882 1373 4936 candens
1401 4894 1600 4940 eruetet
1641 4887 1743 4943 dici
1772 4890 1990 4946 verbum
2018 4908 2107 4949 sa-

523 4961 774 5032 pientim,
812 4976 865 5019 et
895 4981 997 5021 nox
1028 4967 1147 5024 luna
1190 4971 1365 5027 lucem
1393 4978 1669 5033 annuntict
1707 4983 1844 5035 nocti
1884 4983 2105 5039 verbum

520 5054 759 5110 scientia:
795 5056 963 5128 (Psal.
992 5075 1153 5127 xvnl,
1186 5064 1263 5133 9.).
1288 5065 1430 5121 Luna
1453 5080 1507 5124 et
1529 5072 1696 5126 stellze
1724 5075 1862 5129 nocti
1893 5076 2101 5142 lucent;

518 5150 613 5205 sed
647 5164 749 5205 nox
781 5166 884 5206 non
916 5155 1163 5209 obscurat
1198 5174 1320 5223 eas,
1354 5164 1598 5230 quoniam
1638 5166 1764 5236 ipsa:
1803 5168 2104 5227 illuminant

517 5257 635 5297 eam
677 5259 771 5313 pro
799 5244 1013 5299 modqu
1058 5246 1193 5316 ejus.
1221 5250 1357 5306 Ecce
1392 5254 1531 5307 enim
1570 5266 1818 5325 tanquam
1869 5260 1977 5313 Deo
2016 5260 2099 5315 di-

514 5343 671 5389 cente
690 5376 703 5398 ,
740 5333 894 5390 Fiant
920 5336 1193 5393 luminaria
1221 5341 1272 5395 in
1300 5344 1616 5410 firmamento
1646 5350 1757 5401 ειειὶ
1776 5392 1789 5415 ,
1820 5348 1990 5406 factus
2019 5363 2100 5408 est

513 5427 692 5483 subito
712 5428 777 5484 de
803 5431 941 5488 cado
966 5448 1149 5498 sonus,
1182 5436 1330 5503 quasi
1361 5436 1583 5492 ferretur
1610 5439 1764 5495 ﬂatus
1788 5444 2094 5513 vehemens,

512 5526 566 5571 et
591 5519 715 5572 visa:
744 5531 867 5575 sunt
899 5522 1086 5593 lingua:
1114 5525 1299 5580 divisa:
1327 5528 1475 5593 quasi
1507 5529 1659 5598 ignis,
1693 5532 1779 5601 qui
1822 5542 1874 5586 et
1905 5535 2097 5592 insedit

510 5623 671 5681 super
701 5629 1129 5686 unumquemque
1173 5618 1381 5671 illorum
1414 5620 1547 5688 (Act.
1580 5637 1635 5687 ιι,
1666 5622 1720 5688 2,
1754 5624 1839 5694 3);
1879 5637 1930 5681 et
1958 5626 2089 5684 facta

571 5744 599 5780 ⁸
626 5754 727 5795 Am.
753 5754 825 5796 Er.
848 5758 898 5798 et
932 5764 1107 5803 novem
1127 5761 1251 5815 ἣξει,
1270 5754 1647 5815 desperatorttm.

1672 320 2193 401 coaresswauu
2230 341 2288 398 s.
2334 339 2696 397 auersus!

3690 353 3775 412 856

2230 464 2352 511 sunt
2380 457 2657 512 luminaria
2682 459 2731 513 in
2759 460 3087 517 firmamento
3110 463 3229 519 celi
3253 461 3467 535 (Matth.
3484 480 3538 531 τ,
3558 466 3659 537 14),
3681 485 3775 527 ver.

2231 549 2353 603 bum
2398 550 2517 603 vita:
2556 549 2822 631 habentia.
2868 552 3073 624 Ubique
3119 557 3423 618 discurrite,
3456 557 3597 627 ignes
3619 564 3772 631 sancti,

2232 639 2381 709 ignes
2410 629 2611 697 decori.
2645 643 2750 698 Vos
2777 647 2916 700 enim
2946 648 3075 702 estis
3103 648 3280 703 lumen
3309 650 3491 703 nmndi
3512 689 3528 715 ,
3564 667 3654 705 nec
3676 658 3775 711 eui:

2232 732 2333 785 sub
2363 733 2562 787 ntodin.
2596 734 2869 791 Exaltatus
2897 746 2977 792 est
3006 739 3089 792 cui
3119 739 3453 801 adhazsistis.
3484 753 3537 796 et
3567 744 3772 802 t-xaltavit

2234 837 2349 878 vos.
2378 823 2690 893 Diseurrite,
2710 836 2764 882 et
2794 828 3108 886 innoteseite
3137 832 3390 888 omnibus
3415 834 3666 905 gentibus.

2867 946 3092 1004 CAPUT
3132 948 3249 1005 XX.

2234 1036 2537 1092 Produeant
2566 1052 2716 1108 aqua:
2732 1080 2747 1104 ,
2773 1049 2894 1107 etc.,
2925 1040 3099 1167 Gleq.’
3116 1086 3128 1104 ,
3151 1041 3243 1099 2t).
3290 1044 3420 1111 Quae
3442 1050 3634 1120 reptilia
3654 1094 3668 1118 ,
3691 1070 3775 1123 qua

2900 1129 2957 1165 ro
2980 1131 3011 1165 a
3033 1131 3048 1167 ι
3072 1131 3143 1167 ια.

2900 1129 3030 1167 τοιαι
3033 1131 3048 1167 ι
3054 1129 3122 1168 ιια
3127 1152 3143 1169 ο

2301 1199 2389 1254 26.
2420 1199 2691 1277 concipiat
2732 1210 2784 1256 et
2818 1218 2998 1267 mare,
3037 1215 3092 1260 et
3123 1207 3291 1274 pariat
3324 1223 3487 1277 opera
3526 1222 3717 1277 vestra,
3738 1228 3777 1274 et

2232 1274 2511 1361 producant
2547 1309 2693 1361 aqua:
2718 1293 2920 1362 reptilia
2961 1296 3246 1351 animarum
3276 1300 3521 1355 vivarum.
3551 1302 3777 1373 Separan-

2230 1393 2312 1439 tcs
2339 1385 2480 1438 enim
2510 1386 2797 1455 pretiosum
2826 1403 2855 1441 a
2887 1388 2995 1455 vili,
3026 1389 3147 1444 facti
3172 1391 3305 1447 estis
3329 1408 3393 1446 os
3419 1394 3541 1460 Dei,
3569 1412 3653 1464 per
3675 1407 3777 1467 quos

2230 1476 2431 1531 diceret
2463 1494 2476 1529 :
2512 1475 2807 1531 Producant
2834 1496 3008 1548 aqua,
3041 1497 3144 1535 non
3185 1485 3421 1540 animam
3456 1488 3616 1543 vivam
3646 1507 3775 1561 quam

2236 1575 2375 1622 terra
2406 1569 2678 1635 producit,
2708 1569 2802 1625 sed
2829 1573 3029 1641 reptilia
3054 1574 3339 1629 auinmrum
3375 1579 3622 1645 vivarum,
3649 1595 3694 1635 et
3716 1600 3778 1637 ιο-

2232 1657 2395 1712 latilia
2429 1660 2649 1713 volantia
2684 1678 2836 1731 super
2863 1673 3069 1717 terram.
3118 1665 3418 1735 liepserunt
3452 1670 3589 1725 enim
3621 1673 3777 1729 Sacra-

2234 1761 2408 1804 menta
2442 1760 2526 1805 tna
2548 1793 2563 1817 ,
2596 1752 2755 1810 Deus.
2796 1769 2891 1823 per
2913 1771 3073 1823 opera
3102 1767 3407 1814 Sanctorum
3443 1768 3637 1816 tuorum
3666 1764 3778 1821 inter

2233 1842 2439 1895 medios
2496 1842 2687 1897 fluctus
2736 1847 3084 1902 tentationnm
3130 1850 3349 1915 smculi,
3396 1851 3461 1904 ad
3508 1852 3776 1911 imbuenda:

2230 1943 2417 2004 gentes
2445 1935 2658 1989 nomine
2685 1946 2809 2001 tuo,
2854 1937 2905 1991 in
2952 1937 3214 2009 baptismo
3256 1951 3363 1995 tuo.
3418 1942 3478 1996 Et
3523 1944 3647 2000 inter
3687 1948 3777 2004 bare

2233 2025 2366 2079 faeta
2396 2036 2522 2080 sunt
2551 2028 2809 2097 magnalia
2849 2029 3105 2085 mirabilia
3148 2042 3397 2103 tanquam
3426 2036 3526 2091 ceti
3548 2040 3773 2108 grandes,

2233 2127 2285 2173 et
2312 2135 2470 2173 voces
2500 2122 2805 2176 nuntiorum
2856 2132 3065 2178 tuorum
3110 2126 3394 2183 volitantes
3433 2145 3584 2200 super
3612 2145 3772 2191 terram

2228 2210 2379 2279 juxta
2411 2210 2802 2268 ﬁrmamentum
2851 2216 2992 2271 Libri
3030 2218 3133 2285 tni,
3173 2235 3264 2289 pra
3286 2222 3459 2291 posito
3494 2225 3577 2278 illo
3603 2226 3689 2279 sibi
3721 2228 3770 2282 ad

2232 2304 2634 2369 auctoritatem,
2680 2306 2781 2360 sub
2815 2324 2921 2375 quo
2959 2309 3239 2367 volitarent
3288 2329 3610 2387 quocumque
3639 2320 3767 2378 irent.

2231 2392 2414 2464 Neque
2443 2396 2584 2450 enim
2628 2407 2753 2452 sunt
2788 2398 3011 2470 loquela:
3050 2418 3222 2473 neque
3249 2420 3524 2463 sermones
3545 2452 3557 2469 ,
3582 2427 3766 2481 quorum

2232 2501 2338 2540 non
2363 2487 2647 2543 audiantur
2686 2505 2846 2547 voces
2869 2508 3053 2548 eorum
3080 2535 3093 2557 ,
3133 2497 3347 2563 quando
3392 2498 3444 2553 in
3474 2516 3658 2556 nionem
3683 2513 3765 2558 ter-

2232 2595 2343 2634 ram
2373 2580 2502 2635 exiit
2525 2597 2693 2636 sonus
2717 2600 2902 2640 eorum
2922 2628 2938 2650 ,
2970 2596 3022 2641 et
3048 2588 3101 2643 in
3131 2590 3263 2645 lines
3297 2592 3442 2646 orbis
3478 2603 3613 2649 teme
3633 2596 3757 2653 verba

2233 2688 2415 2728 eorum
2446 2673 2615 2745 (Psal.
2648 2692 2817 2743 xvm,
2845 2680 2895 2741 4,
2927 2678 3023 2751 5);
3053 2682 3302 2751 quoniam
3335 2693 3410 2752 tu,
3452 2687 3659 2754 Domine,
3683 2690 3760 2747 be:

2232 2770 2527 2825 nedicendo
2556 2773 2912 2843 multiplieasti
2940 2774 3071 2831 lucc.

2304 2861 2393 2917 27.
2424 2864 2686 2935 Numquid
2721 2871 2964 2933 mentior,
2994 2878 3087 2924 aut
3116 2872 3372 2928 mixtione
3398 2876 3597 2945 misceo,
3622 2895 3759 2951 neque

2233 2954 2502 3027 distinguo
2543 2958 2743 3014 lucidas
2770 2963 3098 3031 Cognitiones
3138 2964 3325 3022 harum
3355 2985 3521 3024 rerum
3546 2973 3588 3026 in
3616 2975 3754 3028 ﬁrma-

2234 3059 2413 3102 mento
2440 3051 2562 3105 ιωιὶ
2587 3091 2603 3116 ,
2636 3060 2689 3105 et
2716 3066 2876 3122 Opera
2914 3056 3205 3123 corporalia
3234 3058 3284 3112 in
3318 3061 3513 3114 undoso
3543 3065 3673 3127 mari.
3706 3073 3750 3121 et

2233 3145 2331 3198 sub
2371 3145 2704 3203 firmamento
2740 3150 2906 3206 creti?
2937 3152 3169 3219 Quarum
3213 3156 3357 3210 enim
3403 3172 3555 3213 rerum
3588 3157 3751 3212 notitias

2233 3246 2358 3292 sunt
2392 3240 2610 3306 solium,
2655 3250 2711 3296 et
2751 3244 3043 3299 terminata.-
3082 3248 3199 3303 sine
3230 3248 3552 3304 incrementis
3569 3263 3755 3320 gent-rh

2235 3331 2476 3397 tionnm,
2529 3344 2776 3404 tanquam
2831 3337 3031 3393 lumina
3089 3339 3365 3409 sapientia:
3425 3352 3475 3395 et
3532 3341 3752 3404 scientia,

2231 3406 2538 3477 earnnulem
2570 3418 2746 3479 ret-oin
2795 3436 2920 3481 sunt
2963 3430 3300 3497 operationes
3340 3431 3620 3500 corporales
3653 3430 3755 3485 mul-

2232 3519 2301 3564 tu:
2331 3528 2394 3567 ac
2420 3514 2614 3578 vat-im;
2642 3524 2696 3570 et
2718 3517 2857 3572 aliud
2888 3534 2951 3573 ex
2990 3521 3095 3576 alio
3118 3524 3409 3578 crescendo
3437 3523 3755 3593 multiplicatur

2234 3600 2284 3654 in
2313 3604 2682 3662 benedictione
2720 3619 2826 3673 tua,
2861 3610 3020 3676 Deus,
3044 3614 3131 3679 qui
3168 3616 3472 3671 consulatus
3505 3630 3560 3670 es
3590 3616 3755 3670 fastidia

2233 3707 2485 3748 sensuum
2518 3700 2819 3754 tnortalium
2845 3742 2859 3763 ,
2892 3712 2946 3755 ut
2979 3702 3029 3756 in
3060 3706 3365 3775 cognitione
3390 3707 3542 3761 animi
3575 3722 3648 3761 res
3676 3721 3752 3760 una

2232 3787 2412 3842 nmltis
2452 3790 2624 3844 modis
2648 3807 2740 3861 per
2781 3796 3021 3863 corporis
3065 3798 3328 3854 motiones
3368 3802 3604 3870 ﬁguretur
3632 3811 3751 3868 atque

2230 3877 2453 3932 dicatur.
2484 3883 2649 3951 Aqua:
2693 3885 3053 3952 produxerunt
3098 3886 3241 3952 ba-e;
3284 3891 3376 3945 sed
3410 3891 3458 3945 in
3495 3892 3637 3945 verbo
3667 3900 3750 3943 tuo.

2229 3970 2582 4029 Necessitates
2615 3975 2963 4032 alienaturum
3000 3979 3069 4034 ab
3112 3983 3406 4037 aeternitate
3431 3984 3645 4039 veritatis
3676 3992 3751 4036 tua

2230 4066 2542 4132 populorum
2573 4066 2933 4135 produxerunt
2966 4070 3116 4133 lnec;
3145 4072 3240 4128 sed
3279 4074 3331 4127 in
3377 4075 3635 4145 Evangelio
3656 4084 3747 4137 tuo,

2228 4165 2477 4232 quoniam
2511 4164 2637 4228 ipsa:
2677 4181 2827 4235 aqua:
2867 4166 2961 4219 ista
2989 4168 3293 4234 ejcecrunt;
3342 4186 3552 4239 quarunt
3584 4182 3750 4222 amarus

2230 4252 2453 4322 languor
2483 4254 2580 4308 fuit
2604 4270 2793 4319 causa,
2837 4266 2895 4312 ut
2932 4257 2983 4311 in
3014 4269 3104 4313 tuo
3129 4260 3290 4315 verbo
3318 4262 3413 4315 ista
3440 4260 3745 4333 procederent.

2296 4344 2386 4399 28.
2419 4344 2483 4398 Et
2504 4346 2719 4415 pulchra
2767 4357 2890 4401 sunt
2926 4350 3104 4404 omnia
3141 4352 3363 4407 faciente
3401 4362 3478 4417 te,
3516 4363 3564 4409 et
3586 4365 3688 4406 ecce
3707 4359 3746 4403 tn

2230 4435 2657 4492 inenarrabiliter
2683 4439 2954 4508 pulchrior
2991 4443 3079 4512 qui
3111 4444 3277 4499 fecisti
3316 4446 3488 4499 omnia
3518 4462 3531 4497 :
3557 4459 3583 4497 ιι
3605 4456 3689 4513 quo
3712 4439 3746 4493 si

2229 4547 2332 4586 noo
2364 4542 2507 4588 esset
2536 4534 2713 4603 lapsus
2744 4534 2947 4601 Adam,
2991 4554 3095 4591 non
3135 4538 3511 4595 dill'nnderetur
3541 4554 3598 4592 ex
3629 4545 3744 4589 utero

2223 4625 2340 4692 ejus
2365 4625 2576 4690 salsugo
2610 4628 2802 4692 maris,
2820 4643 2989 4699 genus
3026 4630 3311 4685 lnnnamun
3339 4630 3579 4702 profunde
3607 4628 3741 4683 turio-

2220 4732 2360 4783 snm,
2390 4726 2444 4773 et
2488 4720 2782 4788 procellose
2822 4722 3099 4784 tumidum,
3128 4732 3183 4777 et
3212 4725 3516 4779 instabiliter
3538 4722 3737 4783 ﬂuidum;

2220 4793 2378 4879 atque
2406 4810 2475 4865 ita
2507 4827 2610 4865 non
2648 4827 2782 4882 opus
2822 4824 2966 4869 esset
2993 4825 3050 4869 ut
3078 4817 3129 4869 in
3161 4817 3310 4887 aquis
3336 4817 3509 4872 muttis
3536 4828 3734 4883 mrpora-

2218 4905 2337 4959 liter
2361 4914 2414 4959 et
2451 4906 2771 4963 sensibilitcr
2792 4920 3140 4978 operarentur
3166 4911 3547 4980 dispensatores
3565 4910 3624 4963 tui
3650 4922 3733 4976 my-

2216 4996 2343 5049 stica
2377 4995 2513 5050 facta
2552 5008 2603 5051 et
2628 4997 2788 5052 dicta.
2818 4999 2908 5054 Sic
2945 5002 3086 5054 enim
3127 5017 3269 5057 nunc
3298 5004 3422 5057 mihi
3448 5002 3733 5059 occurrerat!

2215 5088 2419 5157 reptilia
2451 5097 2506 5143 et
2536 5089 2789 5157 volatilia,
2821 5093 3011 5161 quibus
3040 5094 3221 5148 imbuti
3251 5106 3304 5149 et
3333 5096 3509 5151 initiati
3538 5094 3732 5148 bonnncs

2211 5180 2575 5250 corporalibus
2600 5185 2948 5240 sacramentis
2985 5185 3214 5252 subditi,
3259 5204 3360 5244 non
3400 5188 3528 5243 ultra
3554 5186 3729 5258 prolice-

2209 5282 2350 5336 rent,
2389 5273 2490 5328 nisi
2529 5275 2873 5343 spiritualiter
2901 5276 3195 5335 vivesceret
3234 5283 3404 5335 anima
3435 5281 3582 5353 gradu
3620 5279 3725 5337 alio.

2210 5372 2263 5417 et
2290 5374 2408 5433 post
2433 5364 2567 5422 initii
2605 5368 2822 5422 verbum
2859 5370 2911 5423 in
2946 5375 3443 5429 consummationem
3472 5374 3727 5443 respiceret-

2800 5482 3027 5540 CAPUT
3065 5484 3205 5540 XXI.

2307 5572 2569 5628 Prodncat
2601 5583 2737 5629 terra
2766 5577 2994 5631 animam
3028 5579 3220 5643 vivam,
3249 5590 3365 5644 εις..
3388 5579 3501 5634 (im.
3524 5580 3564 5633 Ι.
3588 5575 3658 5628 ει.

2270 5666 2358 5720 ‘29.
2404 5669 2481 5720 Ac
2512 5682 2603 5735 per
2629 5664 2729 5723 hoc
2755 5667 2805 5721 in
2836 5668 2995 5722 verbo
3033 5680 3122 5723 tuo
3159 5686 3263 5724 non
3313 5672 3457 5724 maris
3484 5662 3713 5739 profundi-

2202 5768 2299 5823 tas,
2332 5759 2427 5815 sed
2454 5761 2524 5817 ab
2562 5778 2814 5832 aquarum
2844 5765 3193 5822 amaritudine
3224 5775 3357 5821 terra
3385 5763 3581 5819 discreta
3614 5757 3711 5846 et".
