3880 6384
171 379 253 438 851

163 496 280 560 cjt‘,
323 504 422 545 non
468 486 684 556 reptilia
722 485 1016 540 animarum
1060 482 1295 537 vivarum
1348 491 1402 536 ct
1447 480 1717 547 volatilia,

163 588 239 646 sed
265 586 484 639 animam
514 581 710 634 vivam.
753 577 932 647 Neque
957 578 1098 632 enim
1121 576 1229 646 jam
1259 589 1394 645 Opus
1428 575 1586 630 habet
1621 575 1720 630 Ba-

161 681 326 753 ptismo
363 689 467 742 quo
507 672 765 742 gentibus
803 684 938 740 cpns
975 679 1060 724 est
1083 710 1097 730 .
1138 670 1273 723 sicut
1315 683 1450 738 Opus
1492 667 1718 723 habebat

161 787 258 828 cum
294 767 436 837 aquis
467 772 775 836 tegeretur;
810 778 914 817 non
949 761 1089 817 enim
1119 761 1342 815 intratur
1370 759 1525 814 aliter
1553 760 1604 813 in
1634 775 1716 815 re-

161 877 294 934 gnum
318 857 580 913 etnlorum
611 870 677 910 ex
707 855 795 908 illo
823 868 931 923 quo
961 851 1229 907 instituisti
1259 861 1314 906 ιιι
1338 852 1415 907 sic
1445 852 1666 906 intretur
1697 868 1710 905 :

162 969 238 1010 nec
265 947 510 1021 magnalia
540 947 738 1016 quaerit
758 944 1076 999 mirabilium
1102 943 1294 1014 quibus
1317 943 1406 996 liat
1428 942 1591 1007 fides;
1623 956 1716 997 ne-

158 1062 239 1118 que
274 1044 403 1099 enim
445 1041 547 1096 nisi
596 1040 746 1110 signa
787 1045 840 1094 et
878 1037 1111 1108 prodigia
1149 1037 1360 1100 viderit.
1399 1053 1502 1091 non
1545 1036 1715 1092 credit

163 1137 304 1209 (lacn.
337 1151 407 1196 tv.
436 1133 528 1204 48)
553 1174 570 1198 ,
605 1148 726 1188 cum
748 1131 858 1201 jam
887 1131 1132 1185 distincta
1173 1131 1242 1184 sit
1273 1138 1407 1184 terra
1450 1128 1618 1184 ﬁdelis
1645 1128 1714 1184 ab

158 1230 278 1299 squis
300 1225 454 1280 maris
493 1222 812 1278 inﬁdelitate
848 1221 1078 1282 amaris;
1109 1229 1164 1275 et
1205 1219 1396 1288 lingua:
1427 1221 1478 1273 in
1518 1220 1711 1291 signo'

159 1331 255 1378 sunt
286 1336 381 1374 non
410 1317 696 1374 ﬁdelibus.
741 1315 835 1371 sed
878 1313 1176 1370 inﬁdelibus
1219 1313 1260 1383 (Ι
1287 1309 1405 1368 Cor.
1433 1328 1522 1368 xtv
1543 1354 1557 1373 .
1593 1310 1707 1384 22).

156 1415 242 1471 Nec
274 1414 366 1467 isto
408 1411 570 1483 igitur
608 1425 805 1481 genere
840 1409 1070 1473 volatili,
1107 1407 1248 1478 quod
1279 1406 1440 1462 verbo
1468 1415 1557 1460 tuo
1585 1422 1709 1476 pro-

158 1507 380 1563 duxerunt
409 1520 587 1574 aqum,
620 1518 758 1573 opus
785 1501 943 1557 habet
971 1510 1109 1556 terra
1151 1516 1310 1572 quam
1350 1499 1578 1555 fundasti
1615 1515 1708 1555 su-

157 1614 231 1668 per
252 1611 421 1666 aquas.
454 1593 694 1650 Immitto
724 1595 778 1649 in
803 1609 920 1648 eam
949 1591 1168 1648 verbum
1197 1600 1343 1646 tuum
1375 1608 1470 1662 per
1498 1593 1710 1648 ItllllllOS

156 1700 266 1747 tuos.
283 1689 446 1760 Opera
469 1688 622 1744 enim
646 1702 830 1742 eorum
854 1701 1152 1745 narramus.
1181 1683 1272 1739 sed
1302 1695 1356 1739 tu
1381 1701 1441 1740 es
1469 1685 1557 1755 qui
1581 1700 1709 1756 ope-

157 1785 265 1840 raria
290 1784 335 1838 in
360 1783 436 1838 eis
456 1823 472 1848 ,
502 1791 563 1836 ut
593 1790 884 1850 operentur
909 1780 1140 1834 animam
1170 1780 1366 1834 vivam.
1396 1779 1556 1833 Terra
1587 1793 1707 1848 pro-

157 1878 271 1936 ducit
293 1893 401 1932 eam
422 1919 436 1940 ,
461 1877 588 1944 quia
625 1886 767 1932 terra
797 1889 956 1930 causa
991 1883 1074 1929 est
1104 1881 1161 1927 ut
1189 1873 1302 1928 ha-c
1329 1881 1488 1942 agant
1517 1873 1566 1926 in
1605 1887 1702 1938 ea;

158 1973 260 2026 sicut
299 1984 436 2024 mare
475 1968 579 2022 fuit
617 1982 778 2022 causa
821 1975 880 2021 ut
905 1975 1126 2038 agerent
1159 1965 1369 2037 reptilia
1409 1965 1703 2019 animarum

159 2068 377 2132 vivarum,
404 2075 460 2120 et
502 2065 744 2119 volatilia
792 2063 890 2118 sub
935 2063 1268 2116 ﬁrmamento
1319 2060 1470 2125 caeli,
1513 2058 1706 2129 quibus

157 2162 238 2229 jam
279 2167 402 2213 terra
448 2173 556 2212 non
614 2156 848 2226 indiget;
897 2154 1138 2225 quamvis
1179 2153 1376 2222 piscem
1422 2151 1706 2206 manducet

162 2248 274 2321 (ιιι.
292 2263 432 2310 xstv,
458 2246 551 2317 43)
574 2249 812 2302 levatum
828 2246 894 2300 de
911 2243 1172 2316 profundo
1189 2245 1238 2298 in
1265 2259 1325 2297 ca
1348 2258 1529 2298 mensa
1545 2257 1703 2312 quam

160 2343 311 2412 parain
350 2341 399 2396 in
424 2348 723 2410 conspectu
750 2337 1078 2394 credentium
1104 2335 1272 2402 (Psal.
1299 2350 1432 2400 χχιι,
1457 2333 1512 2407 5)
1539 2351 1553 2400 ;
1585 2334 1703 2390 ideo

159 2431 267 2488 enim
289 2431 348 2487 de
375 2430 642 2502 profimdo
672 2429 877 2484 levatus
898 2437 979 2483 est
1001 2437 1055 2482 ut
1077 2427 1182 2482 alat
1205 2427 1428 2482 aridam.
1463 2427 1528 2480 Et
1551 2441 1697 2490 aves,

161 2526 317 2580 maritis
349 2525 630 2596 progenies
653 2566 670 2590 ,
703 2523 798 2578 scd
830 2533 1004 2578 tamen
1034 2536 1194 2591 super
1226 2531 1420 2576 terram
1449 2521 1702 2591 multiplio

159 2625 318 2670 cantur.
347 2615 645 2670 Primarutn
682 2614 824 2668 enim
846 2628 1034 2666 vocum
1079 2611 1550 2680 evangelizmuinm
1582 2609 1702 2665 inﬁ-

162 2705 306 2760 delitas
330 2705 596 2760 hominum
632 2719 793 2760 causa
820 2703 1054 2766 exstitit;
1085 2701 1178 2758 sed
1215 2711 1269 2757 et
1294 2701 1478 2757 ﬁdeles
1504 2701 1699 2758 exhor-

161 2804 323 2861 tantur,
353 2805 404 2852 et
432 2797 825 2853 benedicuntur
864 2795 933 2850 ab
974 2793 1052 2850 eis
1073 2793 1094 2825 ³
1120 2793 1484 2864 multipliciter
1521 2794 1588 2850 de
1611 2794 1700 2850 die

163 2890 200 2943 ia
219 2888 353 2944 diem.
381 2891 441 2944 At
471 2904 604 2944 vero
631 2888 812 2943 anima
840 2887 955 2941 viva
985 2885 1052 2941 de
1081 2895 1218 2940 terra
1245 2886 1517 2958 sumpsit"
1542 2901 1699 2942 exor-

162 2980 286 3049 dium,
309 2983 421 3052 quia
451 2997 556 3036 non
590 2981 812 3052 prodest
829 2980 938 3050 jam
961 2981 1060 3035 nisi
1085 2978 1327 3035 ﬁdelibus
1344 2980 1617 3035 continere
1637 2995 1697 3034 se

164 3071 214 3126 ab
233 3089 385 3129 amore
421 3073 575 3144 hujus
602 3072 826 3136 8.1300“,
859 3081 915 3126 ut
939 3073 1114 3127 anima
1154 3087 1338 3126 eorum
1384 3071 1482 3126 tibi
1517 3072 1690 3137 vivat,

162 3179 250 3234 quae
270 3174 451 3222 mortua
476 3175 596 3222 erat
629 3167 684 3220 in
709 3164 914 3220 deliciis
941 3164 1127 3220 vivens
1151 3205 1166 3231 ,
1194 3164 1418 3228 deliciis,
1448 3164 1690 3230 Domine,

165 3257 449 3332 mrtileris(|
475 3258 616 3313 Tim.
652 3273 686 3310 v
709 3299 724 3326 ,
750 3256 839 3326 6);
873 3273 993 3312 nam
1036 3265 1090 3311 tu
1131 3257 1246 3327 puri
1297 3257 1472 3312 cordis
1507 3257 1693 3312 vitales

165 3347 335 3404 delicia.

218 3440 284 3496 '50.
307 3440 582 3514 Operentur
613 3457 749 3514 ergo
769 3443 877 3512 jam
910 3443 960 3498 in
1004 3451 1143 3499 terra
1185 3443 1413 3498 ministri
1444 3443 1518 3498 tui
1538 3484 1550 3505 ,
1584 3458 1690 3499 non

175 3531 275 3586 sicut
299 3535 341 3588 in
367 3537 506 3606 aquis
551 3536 891 3591 infidelitatis
937 3535 1298 3590 annuntiando
1336 3545 1392 3590 ct
1428 3535 1690 3605 loquendo

175 3639 246 3692 per
274 3625 478 3683 miracula
518 3637 574 3684 et
620 3635 953 3682 sacramenta
993 3635 1045 3680 et
1087 3641 1246 3682 voces
1279 3627 1528 3698 mysticas
1551 3668 1566 3692 ,
1599 3626 1689 3682 ubi

167 3713 313 3771 intenta
339 3720 398 3775 sit
439 3720 742 3791 ignorantia
783 3727 954 3774 mater
993 3717 1360 3773 admirationis
1399 3719 1448 3772 in
1497 3720 1688 3774 timore

57 3801 64 3814 ’
163 3808 420 3866 occultorum
450 3814 764 3884 signorum;
813 3811 930 3866 talis
958 3811 1099 3868 enim
1129 3820 1210 3866 est
1251 3813 1496 3867 introitus
1526 3811 1592 3866 ad
1622 3813 1684 3866 li-

163 3901 248 3956 tlctn
270 3905 370 3961 ﬁliis
392 3909 551 3962 Adam
581 3908 770 3963 oblitis
793 3907 886 3974 tui,
915 3907 1038 3960 dum
1065 3906 1397 3961 abscondunt
1421 3921 1480 3961 se
1499 3922 1527 3960 a
1552 3907 1685 3964 facie

161 3994 356 4064 lua(Cen.
374 4015 445 4062 ιιι,
467 3999 519 4072 8)
549 4010 607 4056 et
641 4000 766 4054 lium
799 4000 1022 4071 abyssus
1047 4017 1060 4053 :
1089 3998 1184 4054 sed
1214 4008 1504 4068 cperentur
1522 4001 1681 4054 etiam

159 4085 257 4138 sicut
287 4089 330 4143 in
367 4091 500 4146 arida
545 4091 783 4146 discreta
821 4106 852 4145 a
893 4091 1186 4160 gurgitibus
1224 4090 1437 4162 abySSi;
1483 4100 1540 4147 et
1576 4091 1683 4146 sint

163 4175 287 4232 lorum
309 4181 530 4238 ﬁdelibus
569 4183 800 4238 vivendo
835 4198 1013 4237 coram
1053 4182 1165 4248 eis,
1206 4191 1259 4237 et
1296 4182 1575 4238 excitando
1613 4183 1679 4238 ad

165 4265 470 4328 mitationem.
500 4276 591 4330 Sic
636 4274 776 4328 enim
809 4289 914 4328 non
962 4280 1165 4328 tantum
1212 4273 1280 4328 ad
1317 4275 1635 4329 audiendum
1660 4317 1675 4342 ,

159 4357 230 4413 ted
251 4363 383 4418 etiam
409 4365 472 4420 ad
495 4365 798 4422 faciendutn
825 4365 1046 4421 audiunt
1071 4384 1084 4419 :
1119 4365 1340 4432 Qua'rite
1371 4366 1640 4421 Dominum
1658 4409 1675 4434 ,

157 4453 461 4513 etsisetauima
483 4470 648 4516 vestra
667 4458 838 4531 (Psal.
864 4475 1040 4524 vant,
1065 4460 1181 4530 33),
1206 4469 1261 4514 ut
1275 4459 1519 4529 producat
1542 4470 1678 4515 terra

160 4544 330 4602 ωιὶιιισιιι
346 4550 590 4606 sitientem.
622 4551 795 4607 Nolite
813 4551 1123 4621 conformari
1147 4553 1262 4607 huic
1284 4552 1469 4608 steculo
1495 4553 1671 4624 (Rom.

162 4637 330 4708 “1.2),
357 4644 612 4700 continete
639 4659 734 4699 vos
759 4644 826 4700 ab
860 4659 946 4699 eo.
1001 4645 1257 4700 Evitando
1295 4646 1421 4700 vivit
1465 4647 1668 4710 anima,

157 4737 243 4791 φιω
260 4735 526 4800 appetendo
553 4737 796 4790 moritur.
823 4735 1107 4792 Continete
1129 4751 1222 4791 vos
1249 4737 1317 4793 ab
1341 4739 1556 4792 immani
1587 4738 1669 4794 fe-

158 4814 276 4874 ritate
294 4825 556 4893 superbiae,
583 4827 652 4882 ab
680 4827 836 4882 inerti
863 4827 1134 4897 voluptate
1164 4827 1402 4894 luxuria2,
1433 4839 1487 4884 et
1512 4845 1542 4882 a
1568 4831 1667 4885 fal-

157 4901 230 4960 laci
256 4914 441 4970 nomine
477 4917 742 4984 scientiae;
786 4927 842 4972 ut
879 4918 987 4972 sint
1035 4919 1218 4974 bestia:
1261 4931 1578 4986 mansuettc,
1617 4931 1672 4978 et

156 5006 304 5064 pecora
336 5003 585 5072 edomita,
628 5019 683 5064 et
721 5009 920 5064 innoxii
965 5019 1258 5080 serpentes.
1313 5012 1484 5068 Motus
1527 5014 1668 5069 enim

161 5087 304 5147 Initum
325 5107 436 5151 sunt
458 5098 540 5154 isti
579 5101 630 5155 in
659 5100 908 5171 allegoria
939 5119 952 5154 :
991 5100 1085 5156 sed
1117 5101 1278 5157 tastus
1307 5104 1554 5160 elationis
1572 5148 1588 5172 ,
1615 5113 1671 5162 et

166 5177 645 5248 delectatiolibidinis
670 5235 686 5260 ,
720 5202 777 5251 et
814 5210 1077 5251 venenum
1123 5197 1444 5254 curiositatis
1492 5211 1667 5256 motus

165 5282 258 5328 sunt
286 5279 450 5338 anima:
483 5295 732 5351 mortuae;
764 5286 885 5358 quia
913 5302 1016 5342 non
1059 5287 1130 5342 ita
1160 5290 1409 5358 moritur,
1439 5301 1496 5346 ut
1523 5296 1664 5350 omni

207 5425 506 5512 ;l'uxta
713 5445 912 5512 Marcet
933 5443 1074 5512 nond.
1143 5451 1196 5512 at.

209 5495 225 5575 ἰ
247 5495 590 5575 ἔξξίίτζιρξέῑιξιω
806 5509 859 5552 ει
873 5505 1016 5575 βρηάο
1036 5518 1145 5575 cum
1160 5507 1192 5555 δ
1215 5515 1316 5558 Mss-
1377 5517 1446 5575 ,κιο

247 5552 633 5629 ιρξζρςιιέάξειηιι
660 5562 770 5629 eis;
801 5564 886 5614 sed
910 5552 1185 5629 legendum
1203 5552 1315 5618 at};
1329 5552 1446 5620 Edd:
1475 5575 1582 5625 aliis
1613 5584 1666 5628 et

345 5604 353 5610 -
401 5604 632 5614 ~~-—v-—.--
661 5604 731 5612 --υ
754 5604 767 5620 ι
801 5604 886 5614 ιη.-
922 5604 1183 5629 woman...
1203 5604 1440 5620 ...ωημω
1475 5604 1582 5625 ειη,
1613 5604 1664 5628 ε,

165 5604 564 5692 ξιΨΜιπ
581 5624 646 5692 ah
663 5623 735 5674 eis
754 5637 766 5671 :
783 5638 892 5686 qua:
907 5627 1049 5679 lectio
1073 5644 1161 5692 per
1195 5644 1328 5680 cram
1350 5645 1564 5686 correcta
1586 5647 1664 5690 es;

165 5671 314 5781 mter
332 5671 509 5732 verbum
540 5671 889 5750 εέὶιοὶιὶιιιιῖἇῖ
907 5671 1046 5754 quod
1072 5671 1661 5754 iLiiar‘iiBi"a“cu""€-E“JJEI

212 5785 229 5818 ⁸
249 5795 382 5861 ⁵⁸1⁸,
398 5802 522 5864 iuxta
542 5819 654 5861 Arn.
683 5817 738 5860 et
759 5818 882 5864 Hart.
906 5828 1012 5866 cum
1035 5818 1066 5867 6
1088 5827 1189 5869 Mss.
1242 5826 1292 5868 st.

1329 364 1394 424 LI
1401 366 1532 422 BER
1572 362 1774 422 DECISI
1784 362 1867 423 US
1903 366 2212 426 TERTIUS.

3313 376 3421 438 858

1831 491 1977 536 motu
2001 492 2202 546 careat,
2234 486 2484 556 quoniam
2515 485 2842 544 discedendo
2879 503 2909 543 a
2937 488 3085 547 fonte
3111 491 3268 557 vitas,
3301 508 3420 550 mo-

1827 572 1982 639 ritur,
2023 585 2183 646 atque
2229 577 2299 632 ita
2323 578 2613 651 suscipitur
2648 595 2678 634 a
2709 590 3064 652 praetereunte
3098 584 3331 652 swculo,
3361 593 3418 643 et

1825 665 2191 722 conformatur
2216 669 2287 723 ei.

1895 759 1983 814 5|.
2013 757 2245 815 Verbum
2270 770 2448 818 autem
2484 771 2654 830 tuum,
2696 764 2858 831 Deus,
2885 765 3005 824 fons
3031 767 3156 824 vitas
3197 777 3414 827 arternte

1823 859 1924 913 est,
1955 859 2010 906 et
2039 869 2143 906 non
2175 855 2410 922 praeterit
2439 873 2453 908 :
2487 855 2713 927 ideoque
2738 857 2790 912 in
2827 859 2989 914 verbo
3013 869 3104 914 tuo
3132 860 3412 920 cohibetur

1822 941 1911 998 ille
1935 941 2233 1010 discessus,
2282 945 2408 1000 dum
2448 946 2641 1002 dicitur
2667 948 2819 1004 nobis
2839 991 2857 1016 ,
2902 949 3077 1005 Nolite
3103 953 3412 1024 conformari

1821 1034 1936 1088 huic
1973 1036 2191 1102 stendo;
2221 1046 2278 1091 ut
2306 1039 2550 1107 producat
2577 1049 2710 1095 terra
2749 1041 2799 1095 in
2846 1041 2990 1099 fonte
3031 1045 3150 1101 vita:
3187 1047 3410 1101 animam

1821 1125 2078 1193 viventem,
2108 1129 2160 1183 in
2189 1129 2354 1184 verbo
2391 1140 2480 1184 tuo
2508 1147 2603 1201 per
2635 1133 2992 1203 Evangelistas
3031 1145 3148 1192 tuos
3176 1139 3408 1196 animam

1819 1218 2222 1286 continentem,
2273 1221 2528 1276 imitando
2566 1222 2861 1281 imitatores
2905 1224 3099 1283 Christi
3146 1231 3245 1286 tui.
3298 1233 3408 1288 lloc

1819 1319 1901 1365 est
1926 1310 2067 1366 enim
2096 1314 2370 1366 secundum
2396 1329 2586 1385 genus,
2629 1316 2878 1386 quoniam
2917 1320 3184 1376 armulatio
3210 1322 3307 1377 viri
3337 1323 3408 1379 ab

1817 1402 1988 1457 amico
2013 1412 2096 1458 est
2126 1421 2138 1457 :
2172 1403 2376 1472 Estote,
2411 1407 2612 1475 inquit,
2644 1408 2774 1462 sicut
2798 1425 2925 1480 ego;
2949 1411 3064 1480 quia
3093 1423 3138 1465 et
3163 1430 3252 1482 ego
3279 1415 3408 1469 sicut

1816 1508 1902 1548 vos
1941 1493 2140 1566 (Colat.
2170 1511 2246 1560 tv,
2281 1497 2394 1568 l2).
2426 1495 2499 1552 Ita
2527 1507 2683 1553 erunt
2722 1499 2773 1554 in
2821 1499 2997 1554 anima
3040 1503 3156 1556 viva
3181 1504 3196 1535 ¹
3225 1503 3408 1562 bestia:

1815 1584 1969 1640 bona:
1999 1587 2052 1641 in
2090 1587 2496 1645 mansuetudine
2525 1590 2771 1646 actionis.
2809 1591 3064 1648 Mandasti
3092 1594 3234 1648 enim
3263 1636 3277 1659 ,
3322 1596 3405 1651 di-

1813 1691 1942 1732 cens
1976 1696 1988 1731 :
2023 1676 2086 1732 In
2125 1681 2509 1736 mansuetudine
2547 1697 2701 1752 opera
2736 1696 2822 1736 tua
2849 1684 3063 1752 perﬁce,
3101 1685 3234 1739 etab
3271 1687 3408 1740 omni

1813 1770 2014 1826 homine
2035 1771 2260 1842 diligatis
2281 1771 2470 1844 (Eccli.
2501 1790 2579 1838 nt,
2612 1775 2724 1846 I9).
2754 1776 2818 1830 Et
2845 1791 3036 1847 pecora
3067 1778 3204 1834 bona
3235 1795 3406 1852 neque

1813 1865 1856 1919 si
1885 1866 2344 1933 manducaverint,
2376 1869 2737 1935 abundantia;
2766 1887 2940 1942 neque
2967 1873 3009 1928 si
3041 1890 3145 1928 non
3177 1875 3404 1932 mandu-

1810 1959 2077 2023 caverint,
2119 1961 2326 2030 egentia
2363 1980 2375 2016 :
2404 1970 2458 2016 et
2483 1972 2758 2032 serpentes
2789 1963 2911 2018 boni
2934 2005 2948 2027 ,
2980 1981 3086 2020 non
3119 1968 3404 2036 perniciosi

1810 2048 1876 2103 ad
1906 2051 2232 2119 nocendmn,
2276 2052 2374 2108 sed
2415 2054 2573 2108 astuti
2611 2053 2678 2108 ad
2725 2055 3061 2123 cavendum;
3104 2067 3158 2114 et
3197 2067 3400 2118 tantum

1809 2140 2148 2210 esplorantes
2180 2143 2526 2212 temporalem
2566 2154 2807 2200 naturam
2833 2187 2848 2211 ,
2889 2158 3143 2217 quantum
3173 2150 3397 2221 sufﬁcit,

1811 2240 1867 2286 ut
1885 2249 1976 2302 per
1997 2248 2058 2288 ea
2084 2250 2204 2304 quae
2231 2232 2366 2289 facta
2389 2243 2533 2302 sunt,
2562 2237 2831 2294 intellecta
2850 2241 3211 2311 conspiciatur
3238 2254 3398 2302 mter-

1809 2325 1946 2380 nitas
1973 2324 2148 2387 (Rom.
2175 2343 2226 2394 ι,
2256 2325 2372 2402 20).
2400 2327 2646 2386 Serviunt
2670 2333 2812 2387 enim
2842 2333 3032 2389 rationi
3058 2333 3172 2391 hzrc
3194 2337 3399 2393 anima-

1807 2415 1908 2483 lia,
1952 2432 2074 2473 cum
2113 2434 2145 2474 a
2190 2435 2474 2492 progressu
2510 2414 2786 2480 mortifL-ro
2831 2425 3063 2484 cohibita
3106 2429 3290 2485 vivunt
3341 2439 3400 2487 et

1809 2507 1946 2564 bona
1974 2519 2115 2566 sunt.

2399 2607 2624 2666 CAPUT
2662 2607 2827 2666 XXII.

1843 2693 2121 2750 Faciamus
2146 2695 2416 2754 hominem
2438 2699 2504 2754 ad
2533 2701 2847 2771 imaginem,
2870 2712 2990 2770 etc.,
3025 2701 3152 2760 Gen.
3180 2705 3234 2774 I,
3261 2703 3353 2762 ‘26.

2351 2789 2629 2847 Renovatio
2657 2795 2853 2850 mentis.

1877 2878 1967 2935 52.
1999 2881 2134 2936 Ecce
2149 2882 2313 2948 enim,
2336 2882 2558 2940 Domine
2580 2884 2718 2940 Deus
2735 2895 2938 2954 noster,
2958 2898 3167 2945 creator
3187 2900 3386 2961 noster,

1802 2987 1922 3028 cum
1960 2974 2208 3029 cohibita:
2247 2974 2443 3032 fuerint
2483 2977 2791 3036 all‘ectiones
2829 2981 2899 3036 ab
2936 2997 3121 3040 amore
3161 2985 3343 3040 sarcull
3368 3028 3384 3054 ,

1801 3065 1993 3135 quibus
2021 3065 2378 3122 moriehamur
2423 3061 2564 3124 male
2606 3069 2870 3137 vivendo,
2911 3080 2965 3127 et
3005 3075 3229 3144 coeperit
3265 3091 3387 3132 esse

1799 3156 1976 3212 anima
2025 3157 2212 3213 vivens
2255 3160 2392 3216 bene
2436 3160 2702 3227 vivendo,
2750 3163 3180 3234 completumque
3223 3166 3385 3224 fuerit

1799 3247 2018 3302 verbum
2045 3256 2214 3314 tuum,
2231 3249 2372 3319 quod
2392 3265 2486 3320 per
2501 3251 2811 3321 Apostolum
2833 3262 2977 3308 tuum
2993 3253 3194 3323 dIXIsII,
3211 3255 3385 3315 Nolite

1799 3340 2108 3410 conformari
2126 3341 2241 3394 huic
2257 3342 2467 3407 stecnlo;
2479 3343 2820 3414 consequitur
2836 3354 2890 3400 et
2906 3345 3033 3402 illud
3053 3349 3193 3418 quod
3205 3351 3385 3421 adjun~

1798 3431 1920 3486 sisti
1941 3433 2120 3486 statim
2139 3441 2194 3487 et
2213 3434 2413 3500 dixisti,
2440 3435 2546 3491 Sed
2562 3437 2908 3508 reformamiui
2931 3440 2982 3494 in
3007 3442 3224 3498 novitate
3241 3461 3381 3500 men-

1797 3525 1861 3578 tis
1889 3533 2064 3580 vestra:
2086 3525 2263 3597 (Rom.
2292 3544 2390 3595 xu,
2411 3527 2499 3603 2);
2522 3547 2627 3586 non
2643 3533 2754 3602 jam
2772 3535 3047 3590 secundum
3063 3553 3242 3608 genus,
3261 3548 3382 3596 tan-

1795 3631 1951 3685 quam
1981 3617 2249 3674 imitantes
2273 3621 2660 3690 praecedentem
2693 3626 2991 3695 prosimum
3015 3669 3030 3694 ,
3061 3644 3162 3686 nec
3185 3647 3251 3687 cx
3277 3631 3379 3690 ho-

1794 3709 1954 3764 minis
1967 3711 2202 3767 melioris
2217 3714 2532 3771 anctoritate
2548 3715 2804 3774 viventes.
2824 3717 3006 3792 Neque
3021 3722 3163 3778 enim
3177 3725 3375 3794 dixisti,

1792 3799 1912 3857 Fiat
1935 3801 2098 3859 homo
2121 3805 2417 3860 secundum
2440 3823 2648 3878 genus;
2679 3810 2794 3875 sed,
2826 3810 3100 3869 Faciamus
3123 3816 3378 3874 hominem

1789 3893 1860 3948 ad
1886 3894 2156 3965 imaginem
2191 3906 2238 3950 et
2277 3898 2659 3955 similitudinem
2704 3913 2926 3958 nostram
2961 3905 3124 3976 (Gen.
3159 3923 3208 3974 ι,
3236 3908 3371 3980 26);

1789 3995 1847 4042 υι
1875 4003 1973 4043 nos
2004 3988 2288 4057 probemus
2322 4007 2438 4062 qua:
2470 3993 2538 4047 sit
2565 3993 2808 4048 voluntas
2838 4005 2948 4053 tua.
2990 3998 3070 4053 Ad
3103 3999 3202 4054 hoc
3231 4003 3371 4057 enim

1787 4080 2124 4150 dispensator
2149 4081 2236 4136 ille
2265 4092 2386 4139 tuus
2427 4099 2693 4153 generatis
2733 4103 2830 4158 per
2861 4090 3202 4162 Evangelium
3235 4093 3370 4151 ﬁlios

1791 4170 1852 4244 (l
1878 4171 1994 4227 Cor.
2037 4189 2121 4238 tv,
2166 4174 2303 4246 lii),
2351 4190 2420 4231 ne
2449 4191 2663 4248 semper
2703 4180 2954 4248 parvulos
2983 4182 3204 4240 haberet
3237 4201 3370 4258 quos

1785 4263 1918 4319 lacte
1934 4265 2182 4333 nutriret,
2200 4274 2254 4322 et
2270 4275 2515 4338 tanquam
2533 4269 2706 4324 nutrix
2725 4268 2927 4328 foveret
2943 4271 2962 4340 (
2982 4273 2999 4329 Ι
3017 4272 3194 4330 Thess.
3211 4293 3268 4346 ιι,
3285 4277 3363 4351 7):

1786 4354 2172 4423 Reformamini.
2206 4357 2396 4428 inquit,
2423 4359 2476 4414 in
2501 4360 2720 4416 novitate
2739 4366 2918 4419 utentis
2943 4376 3134 4429 vestrte,
3157 4369 3226 4422 ad
3248 4385 3367 4440 prae

1785 4444 2006 4499 bandum
2045 4462 2130 4502 vos
2157 4449 2177 4479 '
2207 4464 2321 4519 qua:
2363 4450 2428 4503 sit
2469 4451 2698 4507 voluntas
2740 4452 2836 4508 Dei
2857 4496 2872 4519 ,
2916 4457 3053 4525 quod
3092 4458 3276 4516 bonum
3315 4473 3364 4518 et

1783 4535 2148 4606 beneplacitum
2176 4549 2222 4594 et
2248 4541 2521 4610 perfectum
2551 4541 2735 4616 (Rom.
2765 4561 2862 4608 xu,
2888 4545 2978 4618 2).
3007 4547 3235 4622 Ideoque
3258 4569 3362 4611 non

1780 4627 1934 4695 dicis,
1959 4629 2074 4684 Fiat
2098 4629 2292 4698 homo;
2323 4633 2439 4699 sed,
2468 4633 2743 4691 Faciamus
2771 4638 3042 4696 hominem.
3067 4643 3177 4701 Nec
3205 4647 3354 4714 dicis,

1780 4718 2084 4776 Secundum
2111 4737 2282 4794 genus
2304 4742 2318 4789 ;
2347 4725 2440 4781 sed
2460 4766 2478 4794 ,
2509 4727 2587 4781 Ad
2612 4728 2883 4800 imaginem
2910 4742 2958 4787 et
2984 4734 3362 4798 similitudinem

1777 4821 2018 4867 nostram.
2043 4812 2216 4869 Mente
2235 4816 2434 4888 quippe
2455 4827 2761 4887 renovatus,
2783 4830 2840 4878 et
2856 4827 3191 4897 conspiciens
3207 4831 3363 4890 intel-

1778 4906 1969 4962 lectam
2003 4907 2280 4962 veritatem
2321 4916 2464 4964 tuatn
2485 4951 2501 4976 ,
2533 4909 2748 4969 homine
2788 4913 3215 4977 demonstratore
3254 4939 3358 4981 non

1776 4997 2016 5068 indiget,
2050 5007 2107 5053 ut
2130 5013 2285 5054 suum
2315 5015 2484 5072 genus
2528 5002 2794 5071 imitetur;
2834 5007 2930 5063 sed
2957 5008 3360 5071 dcmonstrante

1775 5088 1830 5137 te
1859 5081 2047 5151 probat
2077 5082 2191 5156 ipse
2218 5099 2336 5154 qua:
2377 5085 2447 5141 sit
2471 5086 2715 5144 vo'runtas
2741 5098 2830 5145 tua
2850 5132 2866 5158 ,
2911 5094 3054 5164 quod
3085 5095 3279 5154 bonum
3306 5109 3360 5155 et

1774 5170 2158 5242 beneplacitum
2189 5185 2244 5230 et
2273 5174 2566 5245 perfectum
2599 5195 2613 5232 :
2647 5187 2703 5235 et
2727 5179 2892 5238 doces
2927 5199 3049 5240 cum
3078 5186 3099 5219 ⁸
3120 5187 3228 5257 jam
3265 5204 3355 5244 ca-

1773 5278 1962 5334 pacem
1991 5264 2176 5322 vidcre
2201 5265 2516 5324 Trinitatem
2546 5271 2782 5338 unitatis,
2814 5282 2870 5329 ct
2895 5276 3147 5332 unitatem
3179 5278 3354 5334 Trini-

1771 5359 1914 5414 tatis.
1951 5358 2182 5430 Ideoque
2221 5361 2495 5431 pluraliter
2535 5363 2715 5432 dicto,
2757 5364 3031 5422 Faciamus
3058 5368 3311 5423 hominem
3333 5411 3351 5436 ,

1775 5449 2114 5521 singulariter
2138 5458 2316 5506 tamen
2355 5452 2580 5509 infertur
2601 5497 2616 5520 ,
2647 5455 2714 5510 Et
2750 5457 2867 5528 fecit
2901 5455 3038 5510 Deus
3061 5457 3350 5523 hominem;

1833 5587 1849 5618 ι
1885 5584 2052 5635 Plures
2064 5593 2190 5645 uss...
2205 5585 2255 5638 in
2271 5587 2481 5638 animm
2496 5589 2664 5640 vietam.

1831 5649 1850 5680 ’
1885 5653 1933 5696 tu
1959 5648 2104 5713 alitis
2122 5647 2281 5713 deest,
2299 5661 2380 5700 ros
2399 5663 2417 5710 ;
2436 5663 2578 5713 quam
2601 5663 2768 5713 vocem
2797 5647 3062 5713 restituere
3082 5647 3260 5711 placuit
3284 5665 3349 5704 ex

1767 5715 1896 5772 Mss"
1919 5711 2030 5772 quia
2055 5709 2211 5759 locum
2235 5710 2368 5760 illum
2391 5709 2466 5762 διό
2481 5724 2669 5761 reterre
2691 5711 2819 5760 solet
2839 5709 3141 5772 augustinus.

1831 5771 1851 5801 ³
1885 5770 1992 5820 Ball.
2019 5782 2116 5820 Am.
2146 5779 2217 5822 tr.
2246 5780 2298 5824 et
2321 5783 2450 5830 arm.
2471 5771 2705 5833 facisjam
2721 5781 2959 5834 capacem
2985 5770 3059 5821 sic
3081 5772 3226 5821 etiam
3247 5773 3352 5826 duo

1767 5844 1798 5880 ο
1831 5837 1930 5880 MSS.
