3880 6424
468 570 709 644 sequitur
730 566 1029 623 audiamus.
1064 558 1444 618 Verumtamen,
1471 544 1663 618 inquit,
1690 543 1814 644 bene
1837 534 2045 644 fecistis,

468 627 892 721 communicantes
934 648 1249 711 tribulationi
1288 660 1433 701 mete.
1480 640 1614 697 Ilinc
1654 632 1887 707 gaudet,
1934 627 2058 683 hinc

471 756 723 829 pascitur,
754 750 876 823 quia
903 748 979 804 illi
1004 741 1421 829 benet‘ecerunt,
1451 750 1559 791 non
1597 733 1718 802 quia
1735 727 1862 829 ‘ejus
1887 736 2057 829 angu-

470 819 568 907 stin
602 819 834 905 relaxa-ta
864 850 968 909 est,
999 826 1089 911 qui
1115 836 1243 892 dicit
1269 832 1360 889 tibi
1384 873 1403 899 ,
1431 829 1497 885 In
1525 823 1844 882 tribulatione
1869 819 2059 911 dilata-

470 942 533 995 sti
563 938 684 993 mihi
715 934 885 1008 (Paul.
914 948 997 999 tv,
1020 910 1114 999 ἧς
1142 926 1267 998 quia
1294 934 1349 980 et
1375 919 1648 976 abundare
1686 924 1741 970 et
1781 910 2060 1008 penuriam

474 1034 577 1105 pati
606 1002 755 1089 novit
782 1031 837 1085 in
864 1038 917 1084 te
940 1024 1029 1097 qui
1055 1020 1324 1079 conlortas
1343 1031 1487 1073 eum.
1518 1012 1672 1069 Scitis
1692 1008 1845 1072 enim,
1868 1002 2056 1104 inquit,

473 1093 520 1182 et
549 1141 667 1188 vos,
701 1093 1058 1191 Philippenscs
1078 1157 1093 1183 ,
1132 1111 1372 1184 quonth
1407 1108 1461 1162 in
1491 1101 1740 1176 principio
1775 1093 2059 1191 Evangelii,

474 1236 589 1275 cum
632 1233 695 1273 at
737 1189 1036 1271 Macedonia
1064 1224 1175 1265 sum
1201 1204 1474 1277 profectus,
1506 1198 1651 1253 nulla
1678 1193 1801 1249 mihi
1833 1189 2063 1259 Ecclesia

476 1307 860 1368 communicauit
888 1305 941 1359 in
971 1302 1167 1357 ratione
1190 1297 1298 1353 dati
1326 1305 1373 1350 et
1411 1290 1603 1360 accepti
1623 1330 1638 1351 ,
1682 1285 1780 1340 nisi
1816 1299 1900 1337 vos
1928 1280 2064 1343 soli;

382 1449 389 1455 .
476 1405 597 1476 quia
614 1411 661 1458 et
681 1396 1118 1458 Thessalonicam.
1146 1400 1193 1445 et
1222 1386 1375 1444 semel
1401 1396 1450 1441 et
1483 1384 1700 1445 iterum,
1741 1376 1913 1433 usibus
1941 1373 2066 1429 meis

478 1496 684 1553 misistis
710 1492 964 1567 (Philipp.
998 1503 1080 1552 tv,
1112 1482 1320 1552 14-16).
1354 1478 1434 1536 Ad
1465 1478 1578 1532 lucc
1605 1476 1746 1531 bona
1784 1485 1945 1541 opera
1972 1481 2067 1522 eos

481 1590 705 1647 rediisse
731 1599 872 1641 nunc
894 1580 1109 1653 gaudet,
1136 1586 1193 1633 et
1218 1571 1568 1644 repullulasse
1589 1568 1799 1623 ltetatnr
1817 1572 2068 1632 tanquam

482 1681 844 1739 revirescente
872 1672 1138 1730 fertilitate
1164 1666 1299 1738 agri.

553 1772 642 1829 41.
682 1765 943 1838 Numquid
970 1772 1185 1835 prepter
1211 1772 1339 1814 usus
1359 1769 1508 1820 suos,
1533 1751 1655 1824 quia
1675 1748 1849 1838 dixit,
1884 1743 2071 1802 Usibus

483 1864 608 1919 meis
636 1837 878 1916 misistis?
904 1852 1157 1923 numquid
1199 1858 1479 1921 propterea
1519 1841 1750 1915 gaudet?
1790 1837 1903 1894 Non
1944 1850 2071 1906 pro-

484 1964 687 2028 pterea.
718 1952 785 2008 Et
808 1949 908 2005 hoc
936 1945 1077 2003 unde
1105 1940 1340 1999 scimus?
1366 1937 1630 2006 Quoniam
1676 1933 1791 2002 ipse
1829 1928 2075 1999 sequitur

486 2020 704 2104 dicens:
738 2041 857 2097 Non
883 2039 1003 2111 quia
1025 2051 1196 2109 qurere
1222 2033 1426 2093 datum,
1456 2028 1545 2083 sed
1579 2025 1779 2097 requiro
1802 2021 2025 2093 fructum
2054 2020 2071 2050 ¹

489 2136 676 2210 (lbid.,
700 2135 808 2206 i7).
839 2130 1003 2187 Didici
1029 2144 1059 2183 a
1091 2136 1162 2193 te,
1181 2126 1320 2182 Deus
1336 2136 1507 2188 meus,
1527 2120 1663 2175 inter
1682 2117 1863 2173 datum
1889 2123 1944 2170 et
1963 2114 2075 2169 fru-

487 2203 632 2288 ctum
660 2203 982 2285 discernere.
1031 2220 1220 2276 Datum
1266 2224 1349 2272 est
1384 2229 1474 2269 res
1517 2212 1630 2281 ip~a
1659 2224 1816 2280 quam
1845 2206 1954 2263 dat.
1984 2203 2079 2275 qui

490 2321 787 2396 impertitnr
811 2317 926 2373 haec
950 2310 1286 2374 necessaria;
1316 2304 1479 2361 veluti
1504 2310 1588 2359 est
1616 2313 1882 2360 nummus,
1905 2296 2077 2359 cibus,

489 2390 665 2487 peius,
697 2410 1094 2468 vestimentum,
1124 2410 1345 2465 tectum,
1366 2394 1711 2466 adjutorium.
1739 2390 1964 2444 Fructus
1986 2403 2081 2442 au-

493 2480 625 2576 tom,
652 2506 791 2562 bona
818 2511 871 2559 et
901 2508 1045 2557 recta
1071 2495 1315 2550 voluntas
1337 2487 1541 2544 dutoris
1564 2495 1664 2541 cst.
1694 2483 1811 2540 Non
1836 2482 1978 2537 enim
2009 2480 2085 2533 ait

494 2599 741 2671 Magister
768 2595 943 2650 bonus
974 2630 991 2656 ,
1026 2587 1124 2654 Qui
1159 2580 1432 2651 susceperit
1467 2578 1798 2648 prophetam,
1844 2581 2080 2637 tantum;
2139 2601 2141 2605 ι

496 2667 603 2747 sed
616 2684 853 2742 addidit:
881 2682 933 2736 in
959 2679 1160 2734 nomine
1199 2673 1492 2745 prophetae;
1533 2683 1705 2740 neque
1733 2667 1807 2721 ait
1838 2674 2039 2720 tantum
2063 2703 2081 2727 ,

378 2787 395 2793 ’
500 2778 603 2849 Qui
627 2773 901 2847 susceperit
919 2772 1155 2844 justum;
1174 2764 1269 2823 sed
1291 2761 1532 2827 addidit,
1553 2760 1604 2815 in
1628 2758 1829 2814 nomine
1839 2756 1987 2827 justi.
2012 2753 2088 2809 Ita

500 2871 697 2945 quippe
725 2868 814 2924 ille
843 2862 1143 2921 mercedem
1169 2857 1465 2932 prophetat,
1504 2856 1604 2910 iste
1634 2850 1936 2908 mercedem
1957 2849 2088 2920 justi

500 2942 742 3035 accipiet.
772 2960 882 3017 Nec
906 2958 1078 3013 solum
1104 2955 1209 3010 ait:
1244 2951 1348 3018 Qui
1376 2949 1583 3005 calicem
1607 2960 1755 3015 aqua:
1775 2942 1975 3017 frigida:
1999 2959 2091 3014 po-

505 3069 612 3113 tum
639 3054 831 3111 dederit
863 3052 955 3106 uni
988 3065 1052 3104 ea:
1078 3046 1299 3102 minimis
1328 3042 1483 3102 meis;
1509 3038 1602 3095 sed
1627 3036 1867 3092 addidit:
1897 3043 2094 3088 tantum

506 3151 559 3205 in
586 3146 783 3204 nomine
810 3141 1063 3213 discipuli.
1096 3139 1163 3194 Et
1190 3137 1268 3192 sic
1294 3131 1537 3202 adiunxit
1560 3148 1575 3186 :
1607 3130 1767 3183 Amen
1795 3126 1908 3180 dico
1933 3123 2091 3190 vobis,

507 3257 607 3296 non
635 3236 807 3311 perdet
833 3232 1108 3288 mercedem
1133 3244 1275 3283 suam
1304 3223 1516 3298 (Matth.
1542 3238 1599 3286 χ,
1631 3220 1729 3284 41..
1759 3216 1870 3287 42).
1906 3216 2094 3271 Datum

508 3341 609 3394 est,
635 3307 908 3397 suscipere
930 3321 1267 3395 pr0phetam,
1291 3317 1560 3385 suscipere
1574 3312 1798 3383 justum,
1824 3307 2097 3380 porrigere

509 3420 727 3478 calicem
754 3431 905 3488 aqua:
935 3412 1137 3483 frigida:
1161 3408 1459 3479 discipulo;
1489 3405 1689 3460 fructus
1707 3409 1908 3466 autem,
1933 3400 1983 3454 in
2005 3413 2103 3453 no-

515 3513 660 3569 mine
685 3507 955 3581 propheta:
976 3547 990 3569 ,
1024 3505 1076 3560 in
1107 3501 1322 3557 nomine
1346 3498 1494 3569 justi,
1528 3495 1581 3551 in
1613 3494 1828 3549 nomine
1853 3488 2099 3560 discipuli

515 3605 618 3660 hoc
637 3602 830 3657 facere.
855 3599 1051 3655 Fructu
1073 3595 1307 3666 pascitur
1334 3591 1478 3647 Elias
1505 3605 1535 3644 a
1560 3588 1716 3643 vidua
1741 3587 1941 3641 sciente
1956 3582 2100 3655 quod

516 3695 787 3752 hominem
816 3691 912 3748 Dei
938 3699 1216 3763 pasceret,
1248 3695 1303 3742 et
1328 3692 1542 3757 propter
1568 3682 1672 3736 hoc
1698 3693 1939 3752 pasceret
1963 3696 1976 3732 :
2007 3692 2104 3748 per

518 3802 735 3845 corvum
761 3793 938 3843 autem
966 3782 1092 3838 dato
1122 3777 1444 3851 pascebatur
1467 3774 1556 3847 (III
1586 3774 1713 3845 Reg.
1731 3789 1861 3837 xvn,
1895 3770 1973 3841 6).
1993 3769 2104 3826 Nec

519 3879 742 3937 interior
777 3878 919 3932 Elias
945 3915 958 3937 .
1003 3872 1097 3929 sed
1136 3871 1370 3927 exterior
1404 3868 1754 3940 pascebatur,
1797 3862 1889 3936 qui
1923 3868 2106 3933 posset

518 3970 680 4027 etiam
703 3967 824 4024 talis
847 3966 951 4022 cibi
975 3972 1213 4035 egestate
1236 3957 1527 4030 corrumpi.

1081 4074 1309 4133 CAPUT
1347 4071 1561 4130 XXVII.

805 4195 939 4265 Quid
963 4210 1052 4266 per
1076 4194 1236 4263 pisces
1260 4198 1305 4244 et
1330 4197 1462 4244 cetos
1494 4186 1822 4259 significetur.

592 4335 682 4392 42.
722 4332 952 4401 Ideoque
984 4328 1157 4384 dicam
1184 4323 1325 4396 quod
1353 4336 1538 4377 verum
1568 4326 1651 4375 est
1677 4332 1856 4373 coram
1888 4323 1970 4380 te,
2004 4313 2110 4369 Do-

521 4428 707 4493 mine,
734 4440 855 4482 cum
887 4420 1130 4476 homines
1173 4416 1350 4473 idiota:
1391 4423 1549 4484 atque
1592 4409 1869 4473 inﬁdeles,
1917 4405 2111 4477 quibus

526 4518 801 4579 initiandis
827 4525 987 4585 atque
1009 4509 1278 4568 lucrandis
1305 4505 1605 4563 necessaria
1628 4511 1752 4558 sunt
1775 4507 2111 4556 sacramenta

527 4613 823 4675 initiorum,
848 4615 905 4663 et
932 4603 1193 4677 magnalia
1220 4598 1622 4661 miraculorum,
1653 4608 1771 4665 qua:
1797 4592 2011 4648 nomine
2029 4590 2112 4661 pi-

527 4705 695 4761 scium
722 4710 777 4756 et
800 4709 1040 4757 ceterum
1065 4691 1349 4767 signiﬁcari
1370 4689 1659 4755 credimus,
1677 4685 1974 4758 suscipiunt
1996 4698 2115 4741 cor-

531 4791 784 4866 poraliter
809 4789 1146 4855 reﬁciendos,
1174 4796 1267 4842 aut
1289 4786 1343 4841 iu
1372 4783 1552 4855 aliquo
1577 4780 1856 4853 przesentis
1876 4778 1997 4834 vita:
2017 4793 2116 4833 usu

530 4883 858 4956 adjuvandus
880 4897 1077 4953 pueros
1097 4891 1247 4944 tuos,
1277 4892 1400 4934 cum
1427 4876 1479 4931 id
1506 4889 1673 4946 quare
1699 4871 1996 4927 faciendum
2024 4870 2111 4935 sit,

532 4988 589 5036 et
612 4992 719 5051 quo
747 4976 1011 5046 pertineat
1042 4975 1319 5045 ignorent,
1360 4986 1461 5026 nec
1489 4968 1562 5024 illi
1591 4970 1722 5024 istos
1746 4974 1986 5037 pascunt,
2020 4978 2120 5020 nec

533 5078 618 5134 isti
644 5074 712 5129 ab
737 5073 840 5130 illis
866 5080 1153 5141 pascuntur
1177 5086 1189 5121 :
1218 5069 1340 5139 quia
1367 5082 1465 5122 nec
1494 5065 1568 5119 illi
1594 5064 1709 5119 haec
1738 5072 1918 5118 sancta
1945 5068 2000 5114 et
2026 5075 2115 5116 re.

534 5177 619 5227 cta
663 5166 936 5221 voluntate
973 5169 1295 5233 operantur;
1343 5173 1444 5213 nec
1485 5157 1571 5212 isti
1602 5171 1788 5212 eorum
1814 5154 1983 5219 datis,
2029 5152 2119 5208 ubi

534 5263 763 5319 fructum
794 5254 1029 5312 nondum
1054 5251 1259 5315 vident,
1292 5250 1557 5305 lattantur.
1606 5246 1733 5302 Inde
1769 5246 1965 5317 quippe
2007 5245 2122 5299 ani-

534 5370 655 5413 mus
679 5349 935 5426 pascitur,
964 5344 1105 5401 unde
1125 5344 1349 5399 L'etatur.
1382 5341 1449 5395 Et
1469 5339 1589 5395 ideo
1613 5340 1788 5409 pisces
1810 5348 1866 5393 et
1891 5337 1994 5393 ceti
2014 5352 2120 5392 non

538 5453 826 5504 vescuntur
854 5438 1014 5503 escis,
1043 5449 1176 5508 quas
1205 5448 1310 5489 non
1337 5431 1601 5504 germinat
1626 5429 1725 5484 nisi
1751 5428 1860 5497 jam
1886 5436 2024 5482 terra
2056 5428 2123 5484 ab

538 5532 895 5593 amaritudine
919 5528 1248 5587 marinorum
1261 5523 1525 5580 ﬂuctuum
1550 5519 1797 5576 distincta
1839 5527 1997 5590 atque
2036 5520 2119 5575 di~

538 5639 729 5688 “item.

603 5814 2126 5879 ‘Bad.Am.Er.etu)v.adduntabmdanletn;sedhacvoce

539 5897 711 5942 carent
726 5898 827 5941 ΜΒ.
844 5894 897 5938 et
912 5896 1020 5937 Am.

1607 407 2127 483 CONFESSIONUII
2161 407 2224 465 ὃ.
2262 401 2631 491 Αυῦυετωι

2731 521 2960 582 CAPUT
2995 518 3229 579 XXVIII.

2162 616 2233 674 Et
2250 616 2382 673 vidit
2404 616 2547 673 Deus
2565 616 2744 671 omnia
2764 630 2883 742 qam.
2905 614 3124 741 ῐεῗίιέῗι
3139 626 3264 669 ecce
3281 611 3408 667 bona
3421 610 3693 681 valde,etc.,

2846 704 2929 742 en.
2989 727 3003 742 .
3100 724 3111 738 .

2846 704 3111 750 en.1,o|.

2234 782 2324 839 45.
2348 780 2417 837 Et
2442 779 2650 844 vidisti,
2678 780 2841 845 Deus,
2863 780 3041 834 omnia
3065 792 3184 849 qua:
3208 776 3395 840 fecisti,
3418 784 3461 830 et
3476 791 3576 830 ecce
3593 776 3704 831 bona

2162 874 2339 939 ualde;
2376 874 2498 945 quia
2528 880 2583 929 et
2625 886 2722 926 nos
2757 870 2987 926 vidimus
3017 870 3033 900 ⁸
3059 883 3145 930 ea.
3174 876 3229 923 et
3255 881 3377 922 ecce
3400 866 3562 921 omnia
3584 866 3701 923 bona

2164 967 2335 1023 valde.
2381 964 2440 1021 In
2483 964 2705 1035 singulis
2753 963 3040 1036 generibus
3082 976 3302 1031 operum
3346 968 3569 1023 tuorum,
3605 974 3707 1016 cum

2165 1059 2393 1115 dixisses
2421 1064 2478 1112 ut
2507 1057 2694 1113 tierent
2718 1064 2773 1111 et
2799 1055 2934 1110 facta
2975 1062 3189 1117 essent,
3233 1050 3359 1106 illud
3386 1059 3533 1119 atque
3558 1050 3707 1105 illud'

2166 1149 2344 1205 vidisti
2390 1147 2514 1219 quia
2556 1148 2753 1201 bonum
2799 1154 2900 1201 est.
2950 1142 3160 1214 Septies
3195 1141 3465 1197 numeravi
3490 1142 3709 1211 scriptum

2167 1258 2287 1300 esse
2316 1252 2366 1297 te
2396 1240 2594 1296 vidisse
2619 1239 2740 1310 quia
2781 1240 2978 1294 bonum
3019 1246 3102 1292 est
3134 1234 3275 1307 quod
3315 1233 3475 1290 fecisti
3513 1252 3524 1287 :
3558 1234 3713 1289 ethoc

2173 1346 2420 1391 oetavum
2447 1341 2563 1395 est,
2608 1331 2731 1403 quia
2771 1330 2946 1385 vidisti
2974 1328 3152 1384 omnia
3177 1343 3296 1397 qua:
3335 1325 3529 1390 fecisti;
3557 1335 3599 1379 ct
3626 1342 3713 1381 ecce

2170 1443 2277 1482 non
2306 1425 2479 1481 solum
2511 1424 2670 1491 bona,
2700 1421 2794 1477 sed
2824 1422 2983 1476 etiam
3003 1419 3149 1474 valde
3171 1418 3299 1472 bona
3324 1426 3557 1484 tanquam
3580 1416 3709 1471 simul

2171 1519 2369 1577 omnia.
2403 1515 2533 1572 Nam
2560 1513 2764 1585 singula
2794 1521 2996 1567 tantum
3027 1511 3168 1565 bona
3187 1518 3372 1573 erant;
3398 1507 3713 1564 simulantem

2172 1612 2350 1668 omnia
2375 1618 2431 1665 et
2455 1608 2617 1671 bona.
2652 1614 2708 1662 et
2742 1604 2915 1659 valde.
2948 1603 3061 1658 lloc
3097 1602 3279 1657 dicunt
3304 1601 3325 1632 ³
3353 1600 3504 1655 etiam
3530 1615 3716 1670 qumque

2174 1703 2395 1777 pulchra
2420 1714 2685 1771 corpora;
2716 1698 2836 1769 quia
2863 1697 3019 1765 longe
3044 1693 3213 1748 multo
3241 1691 3507 1763 pulchrius
3530 1702 3716 1747 estcor-

2175 1811 2279 1869 pus
2305 1792 2446 1866 quod
2476 1808 2539 1847 ex
2559 1789 2816 1847 membris
2839 1786 3072 1859 pulchris
3093 1784 3343 1840 omnibus
3360 1791 3575 1841 constat.
3590 1798 3719 1853 quam

2177 1887 2290 1958 ipsa
2323 1884 2561 1941 membra
2589 1882 2795 1953 singula
2826 1895 3053 1951 quorum
3081 1875 3475 1932 ordinatissime
3498 1884 3718 1928 conventu

2178 1978 2474 2048 completur
2496 1974 2797 2029 universum
2815 1989 2829 2037 ;
2852 1970 3094 2043 quamvis
3114 1979 3171 2026 et
3190 1969 3279 2024 illa
3292 1969 3448 2023 etiam
3464 1967 3722 2038 singillatim

2180 2070 2402 2141 pulchra
2427 2068 2553 2123 sint.

2752 2134 2981 2192 CAPUT
3021 2132 3213 2189 XXIX.

2187 2232 2451 2300 Quomodo
2477 2230 2859 2301 intelligendum
2882 2227 3017 2299 quod
3037 2225 3179 2281 Deus
3204 2226 3359 2281 octies
3377 2224 3495 2280 uidit
3519 2224 3633 2279 bona
3648 2242 3725 2279 esse

2830 2335 2985 2389 opera
3008 2335 3119 2373 sua.

2258 2417 2347 2471 44.
2371 2416 2435 2470 Et
2451 2412 2651 2469 attendi
2669 2421 2727 2468 ut
2752 2412 3067 2475 invenirem,
3090 2418 3267 2466 utrum
3294 2412 3490 2482 septies
3508 2410 3581 2465 vel
3597 2412 3727 2467 octies

2185 2506 2385 2562 videris
2408 2506 2529 2576 quia
2560 2505 2695 2559 bona
2717 2512 2840 2559 sunt
2857 2518 3017 2573 opera
3042 2511 3149 2567 tua,
3174 2518 3296 2558 cum
3322 2502 3416 2556 tibi
3441 2503 3727 2571 placuerunt;

2189 2608 2244 2655 et
2272 2598 2324 2652 in
2353 2606 2440 2652 tua
2473 2596 2675 2650 visione
2702 2612 2805 2649 non
2830 2595 3011 2648 inveni
3045 2602 3306 2663 tempora,
3332 2609 3428 2663 per
3451 2610 3560 2663 qua:
3581 2592 3731 2648 intelli-

2190 2705 2370 2761 gerent
2400 2687 2541 2759 quod
2573 2688 2730 2741 toties
2751 2685 2950 2740 videris
2979 2702 3097 2757 qua:
3125 2684 3319 2749 fecisti,
3353 2694 3406 2739 et
3432 2683 3539 2740 divi
3562 2702 3573 2738 :
3598 2683 3733 2740 Ollo-

2192 2782 2337 2837 mine
2356 2821 2371 2845 ,
2402 2795 2577 2834 nonne
2608 2779 2707 2834 ista
2734 2778 3007 2847 Scriptura
3038 2786 3124 2831 tua
3154 2792 3282 2831 vera
3309 2785 3421 2841 est,
3451 2777 3666 2848 quoniam
3690 2785 3735 2830 tu

2194 2889 2357 2929 verax
2386 2882 2440 2927 et
2476 2871 2675 2927 vetitas
2704 2870 2917 2926 edidisti
2944 2869 3098 2923 cani?
3128 2868 3235 2923 Cur
3261 2883 3390 2938 ergo
3413 2878 3464 2923 tu
3493 2868 3605 2923 mihi
3630 2867 3737 2923 dicis

2197 2981 2303 3021 non
2334 2979 2453 3020 esse
2480 2964 2531 3018 in
2569 2972 2655 3018 tua
2682 2963 2886 3017 visione
2914 2971 3180 3030 tempora;
3209 2968 3265 3015 et
3288 2960 3389 3014 ista
3412 2960 3650 3030 Scriptum
3667 2971 3738 3013 tua

2199 3058 2329 3113 mihi
2359 3056 2509 3121 dicit,
2545 3070 2639 3127 per
2667 3053 2906 3125 singulos
2933 3051 3051 3107 dies
3080 3067 3141 3107 ea
3166 3067 3288 3122 qua:
3314 3051 3485 3106 fecisti
3512 3060 3555 3106 te
3580 3050 3737 3104 vidisse

2200 3152 2319 3224 quia
2344 3152 2480 3206 bona
2501 3158 2654 3213 sunt;
2672 3156 2725 3203 ct
2743 3163 2864 3203 cum
2884 3162 2946 3202 ea
2965 3161 3330 3208 numerarem,
3357 3145 3518 3201 iuveni
3534 3140 3734 3213 quoties!

2202 3243 2283 3299 Ad
2313 3241 2427 3297 haec
2458 3250 2512 3295 tu
2542 3239 2677 3295 dicis
2707 3238 2867 3300 mihi.
2898 3238 3147 3308 quoniam
3178 3246 3232 3291 tu
3266 3252 3328 3291 es
3358 3236 3489 3291 Deus
3511 3250 3665 3296 meus,
3691 3239 3744 3287 et

2203 3336 2336 3391 dicis
2367 3349 2498 3389 voce
2529 3333 2649 3387 forti
2680 3333 2735 3387 in
2764 3347 2894 3387 aure
2925 3331 3181 3385 interiore
3206 3343 3367 3385 servo
3390 3337 3507 3393 tuo,
3535 3340 3747 3398 perrum-

2202 3443 2337 3500 pens
2365 3442 2537 3482 meum
2564 3424 2901 3485 surditatem,
2925 3433 2981 3477 et
3005 3422 3242 3477 clamans
3267 3439 3280 3474 :
3310 3420 3356 3476 Ο
3387 3421 3558 3485 homo,
3592 3432 3753 3487 nempe

2204 3518 2347 3591 quod
2394 3517 2665 3588 Scriptura
2709 3530 2826 3570 mea
2874 3513 3031 3580 dicit,
3082 3528 3183 3583 ego
3224 3512 3366 3567 dico.
3399 3513 3466 3568 Et
3494 3521 3650 3567 tamen
3681 3508 3753 3591 illa

2209 3588 2577 3681 Iclltporaliter
2597 3608 2756 3671 dicit,
2788 3606 2965 3661 Verbo
2994 3614 3169 3660 autem
3199 3620 3320 3659 meo
3348 3612 3551 3675 tempus
3572 3618 3662 3658 ιωη
3681 3588 3769 3655 ae:
3806 3608 3809 3611 -

2207 3704 2363 3769 cidit,
2404 3703 2526 3775 quia
2554 3701 2744 3773 aequali
2773 3715 2980 3755 meeum
3008 3700 3304 3754 atternitatc
3324 3700 3578 3754 consistit.
3610 3694 3686 3753 Sic
3706 3710 3757 3750 ea

2208 3813 2329 3870 qua:
2352 3811 2447 3851 vos
2471 3810 2567 3865 per
2591 3794 2846 3863 Spiritum
2870 3808 3048 3847 meum
3080 3790 3292 3856 videtis,
3320 3805 3424 3861 ego
3453 3790 3625 3855 video;
3648 3788 3762 3843 sicut

2208 3904 2271 3944 ea
2303 3903 2421 3958 qua:
2453 3902 2547 3940 vos
2579 3901 2674 3955 per
2699 3885 2953 3955 Spiritum
2984 3899 3161 3939 meum
3190 3883 3390 3946 dicitis,
3418 3898 3517 3954 ego
3541 3884 3663 3938 dico.
3687 3883 3763 3936 At.

2210 3995 2315 4051 que
2344 3982 2412 4034 ita
2434 4019 2448 4042 ,
2481 3994 2602 4033 cum
2631 3993 2725 4033 vos
2753 3976 3117 4047 temporaliter
3152 3990 3217 4030 ea
3257 3974 3518 4041 videatis,
3558 3989 3650 4030 non
3683 3987 3763 4043 ego

2211 4070 2578 4143 temporaliter
2603 4068 2792 4132 video;
2823 4067 3294 4140 quemadmodum,
3326 4082 3451 4123 cum
3478 4084 3569 4123 vos
3591 4076 3764 4136 ιθιιιροο

2212 4165 2397 4220 raliter
2421 4178 2483 4218 ea
2511 4161 2721 4228 dicatis,
2756 4176 2860 4216 non
2890 4175 2991 4230 ego
3019 4159 3388 4229 temporaliter
3415 4158 3555 4215 dico.

2785 4270 3013 4328 CAPUT
3052 4268 3223 4325 XXX.

2703 4363 3106 4418 Manichtvorum
3134 4362 3334 4417 deliria.

2287 4461 2375 4517 45.
2412 4460 2475 4515 Ει
2494 4457 2693 4521 audivi,
2722 4457 2946 4511 Domine
2977 4456 3116 4511 Deus
3139 4470 3311 4517 meus.
3340 4465 3397 4511 et
3423 4456 3582 4512 elinxi
3605 4455 3768 4510 stillam

2218 4553 2519 4611 dulcedinis
2544 4568 2609 4610 ex
2641 4563 2727 4607 tua
2754 4552 2978 4607 veritate
2997 4592 3013 4618 ,
3046 4560 3101 4607 et
3130 4552 3367 4608 intellexi
3410 4554 3645 4625 quoniam
3671 4556 3773 4607 sunt

2220 4648 2434 4721 quidam
2461 4646 2655 4717 quibus
2689 4645 2974 4717 displicent
3001 4660 3165 4715 opera
3198 4654 3322 4711 tua;
3350 4656 3405 4701 et
3435 4646 3590 4702 multa
3614 4658 3771 4702 eorum

2220 4741 2403 4796 dicunt
2429 4747 2482 4794 te
2504 4736 2693 4794 fecisse
2710 4738 3029 4793 necessitate
3050 4737 3409 4806 compulsum,
3432 4738 3565 4795 sicut
3582 4737 3773 4793 fabricas

2220 4831 2478 4888 ctelorum
2525 4836 2581 4886 et
2626 4827 3044 4899 compositiones
3072 4827 3308 4883 siderum
3343 4846 3356 4882 :
3388 4838 3445 4885 et
3468 4828 3578 4885 hac
3602 4844 3695 4884 non
3719 4825 3772 4881 de

2225 4936 2336 4993 tuo,
2368 4924 2461 4981 sed
2487 4924 2595 4994 jam
2626 4921 2788 4978 fuisse
2814 4922 2941 4977 alibi
2980 4929 3159 4978 creata
3195 4930 3251 4977 et
3294 4922 3508 4978 aliunde
3530 4965 3543 4990 ,
3581 4939 3688 4995 qua:
3728 4928 3771 4972 tu

2223 5017 2565 5075 contraheres
2590 5026 2644 5072 et
2669 5014 3075 5086 compaginares
3114 5022 3273 5083 atque
3311 5024 3649 5079 eorttexeres,
3678 5024 3769 5068 cum

2225 5112 2293 5167 de
2334 5109 2575 5166 hostibus
2616 5107 2769 5163 victis
2809 5106 3074 5162 mundana
3119 5107 3314 5162 mtenia
3348 5108 3625 5173 molireris,
3656 5114 3767 5162 utea

2225 5202 2621 5259 constructione
2645 5197 2949 5263 devincti‘,
2982 5196 3239 5253 adversus
3265 5208 3317 5253 te
3341 5199 3533 5254 iterum
3558 5196 3770 5253 rebellare

2228 5312 2332 5352 non
2370 5302 2603 5367 possent.
2651 5292 2767 5348 Alia
2812 5306 2941 5349 vero
2990 5305 3089 5347 nec
3125 5289 3322 5347 iecisse
3368 5301 3440 5357 te,
3475 5307 3573 5348 nec
3595 5288 3769 5346 omnino

2228 5386 2579 5459 compegisse,
2608 5384 2745 5441 sicut
2773 5398 2961 5440 omnes
2988 5397 3175 5438 carnes
3200 5392 3254 5438 et
3284 5382 3632 5440 minutissima
3654 5392 3767 5452 qur-

2294 5504 2311 5535 ι
2346 5510 2396 5573 _lu
2420 5510 2545 5561 Mss,
2562 5497 2800 5573 ridemus.
2824 5526 2887 5536 —
2907 5499 3088 5573 Quibus
3107 5500 3443 5550 assentiuntur
3464 5506 3592 5550 Mart.
3611 5497 3711 5548 Flor.
3732 5494 3770 5538 ει

2231 5565 2375 5615 ιιοιιά.
2401 5577 2509 5613 cum
2533 5562 2716 5615 aliquot
2737 5570 2827 5611 Mss
2906 5569 2961 5610 Μ.

2264 5629 2317 5685 ς’
2351 5634 2482 5685 I.ov.,
2505 5620 2629 5687 illud
2651 5630 2792 5687 atque
2808 5620 2945 5673 aliud
2965 5620 3143 5674 vidisti.

2298 5690 2318 5720 ³
2353 5695 2417 5737 Ita
2435 5683 2543 5757 :ttss.
2568 5683 2795 5757 plerique
2813 5698 2922 5735 cum
2946 5694 3086 5747 Aru.;
3123 5691 3172 5735 at
3190 5690 3300 5735 bov.
3327 5684 3536 5752 aliaque
3558 5683 3767 5737 editio“.

2235 5749 2324 5800 hoc
2334 5749 2476 5800 modo
2492 5749 2720 5798 dicuntur
2731 5749 2890 5798 etiam.
3455 5749 3470 5752 ‘
3712 5766 3716 5781 ι

2298 5813 2320 5843 ⁵
2353 5813 2439 5879 sic
2460 5810 2721 5879 legendum
2736 5812 2876 5879 juxta
2900 5806 3327 5879 tfss._Anglicanos.
3352 5835 3416 5846 -—
3438 5805 3645 5872 [occidi]
3664 5801 3761 5853 tul-

2237 5881 2291 5924 et
2312 5873 2458 5924 ﬂend.
2484 5870 2594 5923 cum
2613 5873 2647 5923 ὃ
2669 5870 2795 5934 Mss,
2820 5870 3042 5923 detincti.
3106 5870 3163 5919 ιιι.
