3926 6272
172 406 257 473 863

166 548 250 604 que
278 525 585 591 animantia.
612 530 665 581 et
688 518 941 596 quidquid
978 517 1245 577 radicibus
1286 526 1483 572 terram
1522 524 1709 571 tenet:

166 624 240 680 sed
267 619 495 675 boatilem
524 626 755 672 mentem
784 623 1132 683 naturamque
1171 609 1332 665 aliam
1354 649 1368 674 ,
1401 624 1505 663 non
1531 606 1627 661 abs
1662 614 1713 661 te

170 715 398 773 conditam
418 753 434 778 ,
463 710 662 780 tibique
698 706 1052 771 contrariam,
1085 705 1137 758 in
1164 700 1505 758 inferioribus
1529 698 1713 755 mundi

167 809 275 864 locis
304 808 394 861 ista
422 804 636 875 gignere
672 811 833 871 atque
871 802 1121 854 formare.
1161 795 1337 851 Insani
1376 794 1560 849 dicunt
1597 792 1713 847 lucc

166 898 377 970 quoniam
402 910 509 949 non
537 909 630 964 per
644 891 900 963 Spiritum
928 899 1074 945 tuum
1093 887 1274 944 vident
1294 901 1458 957 opera
1479 894 1590 953 tua,
1612 898 1713 939 nec

162 1001 200 1044 te
220 995 520 1059 cognoscunt
546 987 600 1038 in
624 984 725 1038 eis.

680 1072 908 1131 CAPUT
944 1070 1139 1129 XXXI.

379 1172 492 1225 Piis
516 1170 651 1223 idem
679 1167 924 1239 probatur
949 1166 1085 1237 quod
1111 1164 1219 1219 Deo
1240 1165 1451 1237 placuit.

214 1269 288 1325 ιθ.
322 1264 416 1334 Qui
440 1274 625 1320 autem
658 1277 755 1332 per
782 1261 1037 1332 Spiritum
1066 1268 1213 1314 tuum
1238 1257 1422 1313 vident
1448 1271 1532 1323 ea,
1559 1264 1615 1311 tu
1634 1256 1711 1310 vi.

161 1362 234 1415 des
252 1360 296 1413 in
324 1356 415 1411 eis.
449 1355 593 1425 Ergo
621 1369 744 1408 cum
775 1353 959 1408 vident
988 1350 1111 1423 quia
1142 1352 1279 1406 bona
1309 1358 1455 1416 sunt,
1482 1357 1536 1403 tu
1563 1347 1710 1403 vides

159 1450 252 1522 quia
272 1449 391 1502 bona
418 1454 544 1499 sunt
572 1463 584 1497 :
617 1453 672 1499 et
696 1457 1044 1514 qntecumque
1066 1448 1283 1512 propter
1308 1452 1359 1495 te
1383 1442 1614 1512 placent,
1653 1448 1709 1493 tu

158 1542 481 1613 ineisplaces
508 1541 560 1606 ¹;
605 1548 663 1593 ει
705 1552 823 1607 qua:
864 1552 959 1605 per
1001 1536 1258 1606 Spiritum
1301 1544 1448 1588 tuum
1497 1532 1711 1605 placent

158 1636 311 1701 nobis,
342 1635 427 1688 tibi
458 1633 670 1704 placent
700 1634 753 1687 in
781 1631 955 1686 nobis.
990 1629 1117 1696 Quis
1154 1627 1286 1682 enim
1328 1627 1420 1681 scit
1448 1625 1710 1679 hominum

157 1744 246 1800 qius
266 1737 368 1782 sunt
392 1725 635 1785 ltontinis,
664 1726 762 1779 nisi
792 1724 1001 1794 spiritus
1029 1720 1247 1775 hominis
1271 1718 1357 1787 qui
1381 1718 1433 1772 in
1466 1720 1576 1786 ipso
1602 1716 1711 1771 est?

159 1824 213 1873 sic
242 1828 282 1873 et
313 1834 418 1889 qut:
448 1816 545 1871 Dei
585 1827 708 1872 sunt
746 1832 890 1871 nemo
917 1815 1031 1875 scit,
1057 1813 1154 1867 nisi
1182 1812 1408 1881 Spiritus
1437 1808 1549 1863 Dei.
1598 1808 1710 1864 Nos

160 1922 308 1974 nam,
325 1910 505 1979 inquit,
529 1925 637 1963 non
659 1909 892 1979 spiritum
919 1906 1075 1975 hujus
1101 1904 1274 1957 mundi
1294 1904 1597 1974 accepimus,
1620 1902 1709 1957 sed

161 2002 364 2069 Spiritum
388 1999 473 2071 qui
499 2016 567 2054 ex
600 2000 707 2054 Deo
728 2009 821 2064 est,
860 2006 913 2051 ut
943 1998 1158 2051 sciamus
1182 2011 1299 2067 qua:
1322 2013 1353 2048 a
1382 1993 1491 2048 Deo
1520 1994 1710 2048 donata

162 2103 246 2145 mu
265 2092 390 2145 nobis
415 2088 615 2160 (lCor.
647 2106 705 2156 ιι,
730 2091 787 2145 ll
809 2131 824 2154 ,
854 2087 966 2160 12).
998 2088 1061 2143 Et
1091 2087 1383 2142 admoneor
1410 2094 1466 2141 ut
1492 2085 1664 2140 dicam
1691 2103 1704 2140 :

160 2184 280 2239 Certe
298 2199 442 2239 nemo
467 2183 572 2237 scit
592 2198 717 2253 qua:
741 2182 833 2237 Dei
855 2189 1001 2244 sunt,
1034 2179 1135 2234 nisi
1163 2178 1393 2249 Spiritus
1425 2178 1535 2232 Dei.
1561 2177 1708 2245 Quo-

162 2277 287 2331 modo
309 2291 427 2346 ergo
455 2275 666 2330 scimus
696 2283 749 2329 et
773 2288 871 2328 nos
900 2288 1020 2343 qua:
1049 2287 1079 2326 a
1112 2271 1221 2326 Deo
1247 2270 1439 2325 donata
1468 2278 1592 2325 sunt
1616 2284 1711 2323 no-

160 2367 253 2421 bis?
275 2364 640 2436 Respondetur
666 2364 798 2419 mihi
829 2364 1078 2435 quoniam
1114 2378 1233 2433 qua:
1275 2378 1369 2432 per
1392 2361 1510 2430 ejus
1538 2360 1710 2431 Spiri-

163 2469 246 2512 tum
281 2459 482 2521 scimus,
526 2458 699 2513 etiam
735 2457 813 2511 sic
852 2472 999 2510 nemo
1038 2456 1161 2521 scit,
1195 2455 1293 2508 nisi
1329 2453 1556 2522 Spiritus
1590 2452 1707 2507 Dei.

162 2549 272 2603 Sicut
284 2550 412 2603 enim
432 2559 581 2603 recte
604 2547 808 2603 dictum
829 2556 912 2602 est
934 2588 949 2613 ,
982 2544 1103 2601 Non
1120 2546 1256 2600 enim
1280 2562 1366 2600 vos
1386 2546 1504 2600 estis
1524 2546 1610 2613 qui
1635 2547 1713 2600 lo-

164 2638 330 2708 quimini
359 2637 574 2709 (Matth.
608 2654 667 2701 ι,
697 2637 816 2709 20),
849 2638 928 2692 eis
964 2638 1055 2707 qui
1090 2637 1141 2691 in
1171 2636 1371 2707 Spiritu
1404 2636 1493 2691 Dei
1525 2636 1714 2705 loque-

167 2741 337 2798 rentur;
366 2733 437 2787 sic
464 2741 623 2787 recte
649 2731 844 2785 dicitur
868 2772 881 2794 ,
912 2729 1026 2784 Non
1055 2744 1149 2784 vos
1170 2730 1302 2784 estis
1322 2730 1413 2798 qui
1439 2731 1610 2796 scitis,
1633 2729 1715 2784 eis

170 2823 234 2891 qui
258 2824 301 2878 in
326 2824 411 2878 Dei
441 2823 653 2894 Spiritu
677 2822 872 2876 sciunt.
903 2821 1262 2877 Nihilominus
1288 2822 1447 2892 igitur
1472 2831 1615 2877 recte
1635 2822 1715 2876 di-

167 2916 269 2969 citur
288 2956 300 2979 ,
331 2914 438 2969 Non
466 2930 565 2970 vos
593 2916 728 2969 estis
753 2914 842 2985 qui
869 2914 1078 2978 videtis,
1110 2914 1189 2967 eis
1212 2914 1300 2984 qui
1328 2912 1381 2967 in
1402 2911 1598 2982 Spiritu
1622 2911 1715 2968 Dei

169 3006 339 3063 vident:
360 3008 425 3063 ita
447 3007 711 3078 quidquid
736 3007 788 3061 in
813 3006 1011 3076 Spiritu
1038 3007 1128 3061 Dei
1156 3006 1333 3061 vident
1359 3008 1481 3077 quia
1516 3006 1714 3061 bonum

171 3109 262 3162 est;
289 3114 381 3155 non
408 3101 525 3171 ipsi,
562 3098 668 3155 sed
701 3100 839 3155 Deus
867 3100 1012 3155 videt
1048 3100 1170 3170 quia
1202 3098 1397 3154 bonum
1424 3108 1525 3155 est.
1558 3098 1716 3155 Aliud

170 3206 267 3263 ergo
284 3202 373 3258 est,
420 3202 475 3249 ut
515 3203 676 3264 putet
715 3194 941 3264 quisque
979 3193 1176 3248 malum
1202 3206 1323 3249 esse
1346 3192 1488 3263 quod
1518 3193 1718 3247 bonum

172 3293 259 3346 est,
294 3286 458 3354 quales
503 3284 804 3355 supradicti
844 3291 967 3339 sunt
998 3302 1012 3337 :
1056 3283 1235 3352 aliud,
1267 3294 1325 3339 ut
1351 3284 1490 3354 quod
1520 3287 1717 3338 bonum

176 3383 262 3436 est.
296 3377 450 3433 videat
492 3376 669 3432 homo
703 3378 824 3448 quia
867 3376 1066 3431 bonum
1110 3387 1229 3442 est;
1267 3377 1403 3431 sicut
1424 3376 1603 3431 multis
1632 3385 1718 3431 tua

181 3476 370 3523 creatura
407 3472 585 3540 placet
628 3472 751 3541 quia
800 3470 935 3526 bona
962 3479 1078 3537 est,
1106 3469 1301 3542 quibus
1328 3480 1502 3526 tamen
1531 3486 1635 3527 non
1664 3479 1721 3527 tu

185 3558 385 3628 placesiu
406 3578 483 3629 ea,
515 3562 673 3619 unde
698 3562 799 3617 frui
840 3564 1009 3633 magis
1044 3562 1157 3634 ipsa
1203 3578 1361 3633 quam
1400 3572 1450 3618 ιε
1494 3565 1716 3618 volunt:

180 3650 294 3705 aliud
316 3664 490 3720 autem,
521 3664 592 3709 ut
615 3669 739 3711 cum
776 3653 973 3725 aliquid
1013 3654 1159 3709 videt
1184 3654 1344 3709 homo
1372 3655 1495 3725 quia
1524 3656 1720 3710 bonum

177 3749 256 3807 est,
278 3742 393 3799 Deus
416 3745 467 3801 in
491 3747 592 3801 illo
614 3746 794 3801 videat
814 3746 938 3816 quia
962 3744 1159 3800 bonum
1182 3754 1265 3800 est
1289 3762 1304 3809 ;
1335 3754 1392 3799 ut
1411 3745 1614 3800 scilicet
1634 3746 1721 3801 ille

176 3844 341 3890 ametur
377 3838 425 3891 in
466 3853 532 3893 eo
581 3837 725 3909 quod
768 3836 915 3903 fecit,
944 3836 1034 3907 qui
1065 3851 1171 3892 non
1198 3848 1467 3893 amaretur
1496 3836 1595 3891 nisi
1629 3851 1723 3907 per

175 3922 382 3992 Spiritum
407 3939 656 3986 sanetum
680 3942 841 3998 quem
866 3927 1047 3993 dedit;
1074 3928 1327 3999 quoniam
1365 3927 1598 3983 charitas
1626 3927 1720 3983 Dei

174 4012 323 4070 ὤπυιε
350 4028 424 4073 est
460 4020 514 4075 in
540 4018 805 4075 cordibus
832 4019 1027 4074 nostris
1058 4034 1153 4089 per
1189 4019 1444 4089 Spiritum
1478 4029 1722 4075 sanetum

173 4108 241 4177 qui
270 4109 408 4167 datus
443 4124 524 4169 est
570 4112 725 4167 nobis
753 4111 930 4183 (liam.
972 4128 1033 4175 ν,
1064 4112 1123 4183 5)
1143 4154 1157 4175 ,
1186 4128 1280 4182 per
1298 4128 1458 4184 quem
1484 4112 1724 4169 videmus

173 4202 267 4270 quia
291 4204 472 4261 bonum
501 4215 590 4261 est
627 4205 885 4276 quidquid
928 4204 1108 4276 aliquo
1144 4203 1304 4259 modo
1353 4214 1435 4259 est
1468 4222 1481 4257 :
1526 4206 1593 4259 ab
1630 4204 1723 4260 illo

172 4292 285 4348 enim
302 4306 393 4365 est,
414 4298 503 4368 qui
525 4315 637 4353 non
660 4296 840 4366 aliquo
860 4295 1019 4351 modo
1038 4304 1141 4362 est,
1166 4295 1262 4350 sed
1286 4294 1427 4367 quod
1448 4307 1549 4362 est,
1574 4304 1657 4351 est
1676 4297 1717 4348 '.

701 4408 930 4466 CAPUT
968 4408 1186 4465 XXXII.

488 4481 804 4554 Compendio
832 4492 1034 4536 enarrat
1059 4498 1213 4553 Opera
1240 4480 1353 4535 Dei.

228 4574 301 4629 Π.
335 4574 535 4633 Gratias
566 4576 693 4641 tibi,
738 4573 979 4629 Domine.
1010 4572 1264 4629 Videmus
1290 4574 1483 4630 ctelum
1521 4585 1575 4631 et
1611 4584 1721 4632 ter—

177 4677 282 4731 tam,
305 4666 407 4722 sive
424 4666 763 4739 corporalem
796 4675 999 4736 partem
1028 4666 1357 4736 superiorem
1388 4676 1547 4737 atque
1584 4666 1721 4722 inle-

176 4754 337 4812 rioretn
357 4800 372 4825 ,
414 4759 525 4815 sive
555 4758 887 4829 spiritualetn
922 4759 1360 4828 eorporalemque
1385 4769 1716 4825 creaturam;

177 4856 304 4917 atque
329 4850 378 4906 in
411 4865 599 4908 ornatu
629 4852 650 4884 ³
678 4852 864 4906 harum
912 4850 1139 4922 partium
1169 4852 1361 4922 quibus
1386 4862 1597 4909 constat
1638 4854 1723 4909 vel

178 4938 383 4996 universa
409 4943 589 4998 mundi
616 4942 808 5010 moles,
837 4942 917 4997 vel
949 4943 1193 4998 universa
1218 4942 1440 4997 omnino
1454 4952 1719 5012 creatura,

178 5029 381 5088 videmus
404 5034 572 5091 lucem
600 5034 796 5090 lacum
818 5076 832 5099 ,
868 5033 1197 5103 divisamque
1222 5048 1252 5087 a
1276 5035 1528 5090 tenebris.
1560 5033 1720 5090 Vide-

181 5136 277 5179 mus
313 5127 692 5185 ﬁrmamentum
720 5128 841 5186 caeli
869 5146 881 5182 :
914 5128 1026 5182 sive
1056 5128 1193 5183 inter
1218 5127 1520 5197 Spirilualcs
1558 5142 1721 5198 aquas

182 5220 441 5285 superiores
477 5232 533 5278 et
572 5222 879 5291 corporales
922 5218 1201 5275 inferiores
1242 5218 1376 5292 (Lib.
1398 5219 1434 5274 2
1458 5219 1679 5275 Ilelract.
1701 5261 1716 5285 ,

182 5321 274 5376 rep.
300 5326 364 5377 \‘l,
392 5329 442 5368 ιι.
466 5312 543 5383 Ξ),
568 5313 875 5385 primarium
895 5327 1087 5384 corpus
1106 5311 1323 5377 mundi;
1345 5313 1457 5367 sive
1481 5310 1581 5367 hoc
1600 5326 1719 5383 spa—

187 5396 291 5455 tium
314 5405 461 5473 aeris,
487 5408 606 5478 quia
630 5417 686 5464 et
723 5408 825 5463 hoc
850 5419 1069 5463 vocatur
1092 5407 1308 5469 ctelum,
1345 5422 1439 5477 per
1459 5405 1598 5477 quod
1625 5422 1719 5460 va-

186 5502 344 5559 cantur
362 5498 584 5556 volatilia
624 5501 749 5558 celi
791 5501 929 5556 inter
962 5515 1126 5572 aquas
1149 5517 1267 5571 qum
1295 5499 1616 5571 vaporaliter
1643 5502 1721 5558 eis

188 5590 562 5661 tutariet-untur,
581 5604 634 5651 et
651 5593 856 5651 serenis
876 5591 1035 5649 etiam
1053 5594 1293 5649 noctibus
1322 5602 1524 5661 rorant,
1552 5600 1606 5650 et
1624 5592 1721 5651 has

244 5749 261 5819 ξ
406 5762 501 5804 ω·
522 5759 594 5819 ΕΓ·
614 5763 747 5819 Ῐιοῗοι
770 5750 1050 5819 mm“;-

243 5812 264 5881 ξ
288 5788 701 5881 acroma;
712 5788 1172 5881 iﬁfiﬁ‘ﬁum.
1230 5824 1285 5867 ιι.

247 5872 265 5913 ³
294 5881 341 5930 In
356 5872 575 5946 manu;
592 5884 731 5950 juxta
750 5880 783 5933 5
800 5889 903 5933 Mss.
925 5872 1054 5947 apud
1077 5887 1205 5936 διατι.
1270 5887 1325 5931 at.

1362 390 1568 452 LIBER
1606 392 1899 453 DECIMUS
1938 388 2252 454 TERTIUS.

2600 338 2607 347 ι
2664 335 2683 367 ἔ
2717 334 2727 346 ο
2745 335 2753 343 ⁸
2826 338 2837 355 ι

1826 532 1944 587 qua!
1978 516 2030 570 in
2060 516 2214 572 terris
2240 530 2427 586 graves
2447 518 2673 578 ﬂuitant.
2696 517 2953 579 Videmus
2970 536 3414 599 congregatarum

1822 625 2077 681 aquarum
2123 612 2354 680 speciem
2387 630 2483 683 per
2508 629 2725 687 campos
2765 620 2961 685 maris;
2991 630 3044 675 et
3070 620 3272 677 aridam
3302 632 3415 679 ter-

1821 717 1966 765 ram,
1992 701 2081 757 vel
2114 702 2395 769 nudatam.
2430 707 2513 761 ve!
2540 705 2822 764 formatam
2859 719 2917 764 ut
2941 722 3084 768 esset
3110 710 3333 771 visibiiis
3360 726 3416 773 ct

1822 796 2117 865 compositu
2144 838 2159 863 ,
2208 796 2600 870 herbarumque
2640 811 2795 872 atque
2833 803 3083 860 arborum
3111 809 3413 866 materiem.

1823 890 2079 947 Videmus
2110 891 2388 946 luminaria
2436 892 2637 963 fulgere
2676 895 2939 967 desuper;
2970 900 3138 954 solem
3164 899 3415 959 sufﬁcere

1820 986 1927 1042 diei
1950 1027 1966 1051 ,
1998 985 2179 1041 lunam
2209 995 2263 1040 et
2292 988 2472 1041 stellas
2520 988 2786 1043 consolari
2834 1002 3043 1047 noctem
3066 1032 3081 1055 ,
3126 1002 3285 1064 atque
3329 993 3414 1050 his

1820 1080 2070 1135 omnibus
2099 1080 2273 1134 notari
2303 1088 2357 1133 et
2384 1078 2668 1150 significari
2701 1090 2959 1151 tempora.
3012 1084 3266 1142 Videmus
3308 1084 3413 1142 hu-

1819 1169 2017 1225 midam
2060 1185 2441 1241 usquequaque
2484 1180 2726 1225 naturam
2746 1212 2763 1239 ,
2802 1172 3035 1241 piscibus
3059 1183 3117 1229 et
3143 1175 3331 1233 belluis
3359 1187 3415 1232 et

1818 1262 2030 1316 alitibus
2057 1262 2412 1326 iecundatam,
2439 1261 2580 1331 quod
2604 1262 2745 1316 aeris
2768 1264 3097 1333 corpulentia
3118 1307 3134 1333 ,
3165 1283 3284 1337 qua:
3311 1283 3409 1323 vo.

1819 1352 1957 1407 latus
1984 1353 2159 1407 avium
2191 1361 2404 1423 portat,
2436 1367 2694 1422 aquarum
2723 1354 3060 1409 exhalatione
3091 1358 3407 1414 concrescit.

1819 1441 2074 1499 Videmus
2102 1444 2334 1500 terrenis
2358 1443 2679 1500 animalibus
2717 1443 2904 1499 faciem
2945 1455 3103 1502 teme
3129 1448 3407 1518 decorari;

1818 1537 2199 1609 hominemque.
2258 1538 2325 1593 ad
2386 1539 2669 1609 imaginem
2717 1548 2773 1593 et
2820 1537 3216 1595 similitudinem
3265 1552 3409 1599 tuam

1816 1633 2024 1688 cunctis
2050 1630 2503 1685 irrationabilibus
2530 1629 2894 1685 animantibus
2924 1632 3035 1702 ipsa
3065 1642 3151 1687 tua
3182 1634 3410 1706 imagine

1816 1740 1881 1780 ac
1908 1722 2259 1779 similitudine
2278 1768 2291 1787 .
2335 1723 2435 1778 hoc
2463 1733 2544 1779 est
2576 1723 2797 1777 rationis
2826 1733 2879 1778 et
2907 1724 3271 1796 intelligentim
3301 1728 3409 1783 vir-

1816 1824 1949 1878 tute.
1979 1817 2234 1887 praeponi.
2266 1815 2331 1870 Et
2354 1816 2801 1887 quemadmodum
2844 1817 2896 1871 in
2923 1818 3038 1887 ejus
3063 1819 3239 1873 anima
3264 1821 3411 1878 aliud

1815 1918 1898 1964 est
1938 1909 2080 1978 quod
2121 1907 2452 1962 consulendo
2477 1907 2803 1975 dominatur,
2836 1908 2977 1963 aliud
3001 1910 3142 1979 quod
3167 1910 3412 1968 subditur

1816 2008 1875 2055 ut
1895 1999 2225 2069 obtemperet
2250 2018 2261 2052 :
2292 1998 2369 2053 sic
2391 2000 2504 2053 viro
2525 1997 2715 2054 laetam
2737 2014 2857 2055 esse
2878 2001 3039 2055 etiam
3064 2002 3412 2071 corporaliter

1816 2094 2088 2159 fetttimm,
2120 2110 2240 2164 qum
2265 2092 2485 2148 haberet
2514 2092 2730 2162 quidem
2758 2092 2810 2147 in
2837 2102 3018 2151 mente
3037 2095 3310 2151 rationalis
3328 2096 3413 2151 in-

1816 2187 2123 2258 telligentia:
2164 2200 2346 2256 parem
2390 2194 2664 2250 naturam;
2712 2199 2840 2241 sexu
2870 2195 3043 2241 tamen
3070 2187 3311 2257 corporis
3336 2187 3410 2244 ita

1816 2278 2117 2334 masculino
2146 2278 2294 2332 sexui
2322 2276 2693 2345 suhjiceretnr,
2722 2275 3167 2346 quemadmodum
3196 2278 3414 2347 subjici-

1818 2382 1905 2429 tttr
1946 2372 2218 2442 appetitus
2256 2370 2481 2425 actionis
2527 2369 2594 2424 ad
2644 2369 3047 2439 concipiendam
3091 2370 3160 2427 de
3206 2372 3411 2428 ratione

1794 2465 2016 2520 mentis
2040 2472 2186 2518 recte
2215 2463 2412 2533 agendi
2434 2462 2725 2517 solertiam.
2762 2462 3013 2519 Videmus
3050 2462 3164 2519 haec
3202 2472 3257 2519 et
3298 2464 3412 2521 sin-

1817 2558 1940 2629 gula
1971 2558 2130 2622 bona,
2160 2565 2213 2611 et
2238 2556 2419 2610 omnia
2450 2553 2586 2608 bona
2613 2552 2788 2609 valde.

2382 2665 2610 2722 CAPUT
2652 2663 2887 2720 XXXIII.

2003 2738 2189 2794 Omnia
2216 2738 2279 2792 de
2303 2739 2461 2792 nihilo
2488 2741 2591 2792 sive
2619 2736 2681 2791 de
2707 2746 2971 2791 concreata
3004 2738 3233 2791 materia.

1892 2833 1982 2888 48.
2023 2831 2266 2886 Laudent
2294 2840 2345 2885 te
2368 2844 2529 2900 opera
2554 2838 2663 2893 tua,
2696 2838 2748 2883 ut
2778 2844 3019 2884 amemus
3050 2841 3137 2895 te;
3170 2839 3224 2887 et
3263 2845 3413 2888 mne-

1823 2939 1943 2980 mus
1963 2935 2014 2979 te
2043 2927 2059 2957 ¹
2080 2964 2097 2992 ,
2131 2933 2189 2978 ιιι
2217 2921 2428 2976 laudent
2458 2931 2507 2976 te
2528 2936 2689 2991 opera
2712 2931 2820 2983 tua,
2844 2936 2963 2991 quae
2981 2919 3179 2977 habent
3207 2923 3415 2979 initium

1822 3029 1877 3074 et
1908 3019 2065 3072 liuent
2096 3034 2156 3073 ev
2190 3026 2427 3085 tempore
2446 3056 2461 3081 ,
2490 3022 2664 3067 ortum
2708 3022 2764 3068 et
2804 3028 3052 3068 occasum
3077 3056 3092 3080 ,
3120 3013 3414 3083 proiectum

1823 3121 1877 3167 et
1920 3110 2223 3172 delectum,
2271 3107 2503 3179 speciem
2544 3114 2597 3159 et
2642 3104 3013 3175 privationem.
3058 3104 3262 3161 llahent
3287 3119 3417 3177 ergo

1824 3202 2203 3272 consequentia
2225 3216 2381 3255 mane
2405 3206 2460 3254 et
2485 3211 2783 3267 vesperam,
2816 3197 3007 3267 partim
3028 3195 3271 3263 latenter,
3297 3213 3416 3268 par-

1827 3296 1919 3350 tim
1962 3294 2255 3349 evidenter.
2302 3293 2374 3347 De
2413 3289 2579 3345 nihilo
2625 3289 2768 3343 enint
2799 3303 2829 3342 a
2858 3299 2939 3355 te,
2970 3302 3075 3343 non
3101 3288 3169 3344 de
3200 3299 3251 3343 te
3280 3288 3417 3345 facta

1824 3396 1969 3453 sunt,
1998 3401 2105 3441 non
2140 3386 2210 3442 de
2247 3384 2423 3455 aliqua
2464 3399 2568 3439 non
2601 3393 2689 3438 tua
2720 3384 2763 3449 ²,
2793 3380 2875 3437 vel
2904 3396 3023 3451 qua:
3049 3390 3203 3437 antea
3236 3380 3415 3448 fuerit,

1826 3478 1919 3533 sed
1945 3478 2014 3533 de
2039 3486 2341 3541 concreata,
2374 3474 2425 3531 id
2455 3485 2535 3531 est
2562 3475 2719 3530 simul
2763 3490 2791 3527 a
2846 3482 2897 3529 te
2942 3482 3119 3528 creata
3164 3473 3416 3539 materia;

1828 3570 1950 3639 quia
1999 3570 2116 3639 ejus
2160 3568 2467 3623 inl'ormitat.
2490 3582 2540 3621 m
2570 3567 2687 3622 sine
2715 3565 2817 3620 ulla
2850 3564 3108 3634 temporis
3136 3564 3419 3635 interposi-

1828 3660 1973 3715 tione
1999 3658 2257 3714 formasti.
2298 3657 2431 3713 Nam
2460 3673 2581 3712 cum
2612 3656 2753 3711 aliud
2782 3657 2851 3711 sit
2877 3656 2998 3712 caeli
3029 3666 3082 3711 et
3116 3665 3269 3710 terra:
3300 3670 3417 3711 ma-

1830 3751 2013 3815 teries,
2048 3749 2189 3804 aliud
2213 3750 2337 3805 cteli
2361 3758 2415 3804 et
2443 3759 2598 3804 terra:
2623 3749 2829 3818 species
2854 3764 2868 3813 ;
2897 3747 3174 3802 materiem
3201 3746 3417 3816 quidem

1829 3841 1897 3898 de
1924 3842 2143 3896 omnino
2172 3840 2368 3902 nihilo.
2396 3840 2577 3895 mundi
2609 3849 2786 3894 autem
2832 3839 3065 3908 speciem
3096 3838 3164 3892 de
3206 3836 3417 3893 informi

1831 3933 2053 3987 materia
2078 3973 2092 3997 ,
2130 3931 2286 3987 simul
2320 3940 2495 3985 tamen
2523 3937 2806 3999 utrumque
2836 3927 3029 3993 fecisti,
3060 3935 3116 3981 ut
3141 3927 3417 3983 materiam

1830 4023 2022 4088 forma,
2054 4022 2197 4077 nulla
2220 4036 2384 4076 mora:
2414 4020 2826 4089 intercapedine,
2860 4026 3190 4089 sequeretur.

2379 4133 2605 4190 CAPUT
2648 4131 2886 4188 XXXIV.

1996 4208 2171 4264 Totius
2199 4207 2466 4261 rreotiouis
2491 4206 2667 4259 mundi
2688 4203 2962 4275 allegorica
2981 4202 3247 4274 expositio.

1904 4302 1995 4359 d9.
2030 4300 2363 4371 lnspvximus
2382 4299 2541 4354 etiam
2565 4306 2780 4368 propter
2798 4310 3024 4366 quorum
3046 4293 3415 4363 figurationem

1832 4396 1933 4450 ista
1962 4395 2044 4449 vel
2070 4393 2159 4448 tali
2188 4392 2375 4448 ordine
2405 4390 2541 4454 ﬁeri,
2566 4390 2648 4445 vel
2669 4388 2762 4445 tali
2781 4388 2970 4443 ordine
2996 4386 3153 4443 scribi
3178 4386 3413 4452 voluisti,

1833 4495 1889 4542 et
1925 4486 2154 4541 vidimus
2194 4488 2315 4554 quia
2362 4483 2496 4538 bona
2545 4489 2669 4535 sunt
2710 4479 2946 4550 singula,
2992 4487 3047 4533 et
3074 4476 3253 4533 omnia
3278 4476 3416 4533 bona

1832 4580 2005 4646 valde,
2042 4580 2093 4634 in
2121 4579 2297 4633 Verbo
2325 4588 2433 4643 tuo,
2465 4579 2516 4632 in
2546 4575 2714 4632 Unico
2743 4584 2869 4642 tuo;
2901 4575 3095 4630 uelum
3121 4583 3176 4631 et
3198 4583 3415 4644 terram,

1831 4682 1990 4744 caput
2027 4682 2081 4728 et
2120 4686 2315 4740 corpus
2362 4670 2611 4725 Ecclesia:
2634 4710 2650 4735 ,
2698 4668 2749 4723 in
2798 4666 3261 4738 prardestinatione
3295 4676 3419 4723 ante

1831 4763 2008 4819 omnia
2034 4773 2294 4832 tempora,
2325 4762 2440 4816 sine
2461 4775 2616 4815 mane
2642 4768 2697 4815 ει
2727 4773 2963 4828 vespera.
2991 4757 3085 4815 Ubi
3106 4768 3285 4815 autem
3304 4772 3418 4816 eu:-

1831 4857 1955 4928 pisti
2000 4855 2376 4926 pra-destinata
2416 4852 2783 4922 temporaliter
2820 4852 3071 4921 exsequi,
3114 4859 3173 4904 ut
3214 4849 3420 4907 occulta

1832 4947 2233 5010 mauilestares,
2287 4955 2342 5001 et
2393 4942 2745 5013 incomposita
2794 4950 2977 4997 nostra
3032 4955 3417 5012 componens;

1772 2718 1821 2731 Ἴ

1830 5039 2081 5110 quoniam
2113 5052 2274 5108 super
2304 5051 2403 5091 nos
2432 5044 2587 5092 erant
2628 5043 2844 5105 peccata
2884 5041 3063 5088 nostra
3083 5074 3099 5101 ,
3132 5043 3186 5089 et
3214 5034 3265 5088 in
3294 5048 3420 5103 pro-

1829 5131 2049 5188 fundum
2080 5132 2423 5187 tenebrosum
2446 5129 2747 5185 abieramus
2766 5128 2861 5183 abs
2886 5137 2958 5191 te,
2980 5136 3037 5182 ct
3052 5125 3282 5197 Spiritus
3300 5134 3421 5181 tuus

1829 5224 2003 5280 bonus
2028 5223 2464 5295 superlerebatur
2492 5222 2558 5277 ad
2588 5220 3007 5277 subveniendum
3025 5218 3182 5295 nobis
3206 5218 3257 5271 in
3288 5228 3421 5271 tem-

1829 5331 1960 5386 pore
1990 5328 2292 5387 Opportune
2324 5333 2337 5369 :
2370 5325 2424 5369 et
2447 5312 2745 5384 justitieasti
2778 5312 2999 5382 impios,
3039 5318 3093 5363 et
3132 5306 3419 5362 distinxisti

1830 5423 1923 5465 eos
1948 5410 2017 5464 ab
2044 5408 2268 5479 iniquis;
2300 5415 2355 5462 et
2381 5406 2620 5461 solitlasti
2663 5405 3029 5460 auctoritatem
3058 5396 3200 5451 Lihri
3232 5395 3307 5449 tui
3333 5395 3415 5449 in~

1830 5510 1913 5555 ter
1942 5501 2247 5571 superiores
2282 5501 2371 5570 qui
2406 5498 2498 5554 tibi
2528 5497 2784 5554 docibiles
2810 5500 3020 5557 essent,
3052 5498 3106 5543 et
3135 5487 3415 5542 inferiores

1835 5594 1926 5664 qui
1956 5594 2035 5649 eis
2054 5592 2440 5657 subderentur;
2467 5600 2521 5647 et
2540 5586 2870 5661 eongregasti
2895 5581 3203 5639 societatem
3228 5577 3418 5635 inlide—

1896 5755 1913 5788 ι
1948 5753 2086 5817 Angl.
2114 5761 2241 5810 Mss,
2264 5757 2309 5802 et
2333 5762 2556 5817 rotamur
2567 5761 2598 5797 a
2616 5752 2678 5797 te.

1892 5818 1913 5849 ’
1948 5795 2793 5870 ιιῗῖὲέζ”ἑι’τιίῖηξξ’ὲι’⁷εὶιδξ⁷ιιιιι.ιε’.
2816 5811 2923 5854 ιον.
2944 5799 3147 5861 habent,
3180 5795 3417 5855 uendere

1837 5872 2413 5947 aﬁquanmdeMocl,
2439 5882 2529 5926 etc.
