3880 6384
581 420 680 490 871

582 559 871 606 mtuamur.
905 541 1046 598 Deus
1082 549 1179 610 per
1204 548 1359 608 quem
1399 524 1653 587 discimus
1682 528 1853 583 aliena
1897 538 2015 579 esse
2043 534 2164 591 qua:

580 638 866 711 aliquando
915 642 1135 696 nostra,
1195 640 1249 684 et
1300 637 1483 682 nostra
1539 637 1658 678 esse
1710 636 1828 691 quae
1880 612 2164 686 aliquando

580 708 749 788 aliena
790 729 1120 799 putabamus.
1181 723 1318 777 Deus
1366 734 1461 790 per
1498 731 1658 788 quem
1711 714 1969 768 malorum
2023 708 2163 764 escis

579 835 736 895 atque
776 820 1037 877 illecebris
1068 831 1172 873 non
1216 815 1499 870 lueremus.
1536 810 1675 864 Deus
1714 822 1809 876 per
1857 819 2015 875 quem
2064 815 2162 855 nos

578 935 665 974 res
708 918 925 971 minuta:
972 927 1075 967 non
1121 910 1380 965 minttunt.
1428 906 1567 960 Deus
1616 916 1707 973 per
1758 913 1917 968 quem
1971 894 2161 950 melius

578 1018 819 1067 nostrum
844 1004 1093 1060 deteriori
1123 1001 1421 1068 subjectum
1446 1012 1549 1051 non
1582 1005 1682 1049 est.
1713 992 1854 1046 Dens
1882 1005 1975 1059 per
1999 1003 2157 1058 quem

578 1116 725 1158 mors
768 1100 1083 1154 absorbetur
1108 1097 1159 1151 iu
1205 1092 1479 1148 victoriam
1508 1087 1557 1160 (1
1581 1084 1699 1143 Cor.
1730 1101 1822 1148 xv,
1852 1083 1979 1146 54).
2021 1082 2161 1137 Deus

575 1198 664 1266 qui
688 1210 785 1250 nos
804 1191 1088 1249 convertis.
1111 1190 1249 1243 Deus
1274 1184 1361 1255 qui
1386 1200 1482 1237 nos
1502 1196 1567 1237 eo
1582 1178 1722 1251 quod
1752 1192 1854 1231 non
1878 1184 1960 1230 est
1985 1173 2156 1239 cxuis,

576 1265 630 1343 et
658 1304 722 1343 eo
750 1284 889 1357 qttod
916 1292 999 1337 est
1026 1280 1216 1335 imluis.
1251 1279 1387 1332 Deus
1407 1274 1495 1345 qui
1525 1286 1621 1327 nos
1646 1268 1972 1325 exaudihiles
2003 1265 2155 1319 facis.

577 1380 719 1436 Deus
744 1356 832 1449 qui
865 1390 960 1430 nos
1000 1372 1175 1427 munis
1202 1372 1241 1423 ι.
1276 1368 1413 1423 Deus
1454 1364 1544 1436 qui
1574 1377 1672 1418 nos
1702 1362 1753 1415 in
1781 1374 1994 1415 omnem
2022 1356 2160 1411 veri-

578 1481 741 1526 tatem
765 1447 998 1522 inducis.
1034 1463 1173 1517 Deus
1210 1460 1299 1531 qui
1341 1458 1494 1513 nobis
1519 1454 1695 1510 omnia
1725 1453 1860 1508 bona
1902 1447 2152 1519 loqueris,

575 1576 676 1617 nec
719 1560 934 1614 insanos
978 1553 1143 1614 facis,
1173 1565 1272 1606 nec
1307 1565 1337 1604 a
1379 1562 1644 1619 quoquam
1676 1543 1786 1599 fieri
1837 1541 1987 1595 sinis.
2020 1540 2159 1594 Deus

574 1656 663 1727 qui
710 1668 808 1708 nos
847 1664 1066 1707 revocas
1107 1648 1159 1702 in
1208 1646 1367 1700 viam.
1402 1643 1540 1697 Deus
1564 1638 1653 1711 qui
1686 1652 1785 1692 nos
1826 1632 2045 1689 deducis
2088 1631 2158 1687 ad

571 1751 807 1822 jannatn.
877 1746 1016 1800 Deus
1062 1741 1150 1813 qui
1204 1739 1333 1794 facis
1394 1745 1453 1790 ut
1505 1730 1835 1803 pulsantibus
1892 1728 2159 1795 aperiatur

576 1819 798 1913 (Matth.
824 1854 913 1901 vn,
943 1836 1032 1905 8).
1065 1835 1203 1888 Deus
1228 1830 1315 1901 qui
1340 1829 1492 1884 nobis
1512 1826 1607 1881 das
1633 1838 1823 1896 panem
1851 1821 1990 1875 vitm.
2019 1819 2159 1873 Deus

574 1949 671 2007 per
697 1948 853 2003 quem
882 1930 1089 1984 sitimus
1119 1936 1320 1995 potmn,
1352 1938 1456 1990 quo
1483 1920 1673 1974 hausto
1705 1930 1970 1986 nunquam
2004 1913 2155 1967 sitia-

573 2004 691 2083 mus
721 2023 914 2096 (Joau.
946 2037 1020 2089 vt,
1051 2018 1170 2088 55).
1195 2016 1331 2071 Deus
1347 2014 1433 2085 qui
1462 2010 1640 2082 arguis
1660 2008 1912 2063 sat-culum
1934 2004 1999 2060 de
2027 2018 2155 2074 pec-

573 2127 712 2179 cato,
741 2116 807 2170 de
829 2113 1052 2183 justitia.
1084 2121 1134 2165 et
1163 2109 1230 2163 de
1253 2106 1456 2177 jmlicio
1478 2102 1600 2176 (Id.
1638 2116 1749 2160 xvi,
1777 2100 1809 2154 8
1828 2100 1860 2167 ).
1898 2098 2035 2151 Deus
2063 2110 2157 2165 per

573 2225 730 2281 quem
758 2221 853 2262 nos
871 2221 972 2260 non
1004 2210 1221 2259 movent
1249 2199 1335 2269 qui
1366 2198 1583 2251 minime
1611 2193 1854 2249 credunt.
1887 2192 2028 2245 Deus
2057 2203 2153 2258 per

571 2317 729 2372 quem
776 2298 1135 2369 improbatnus
1187 2307 1370 2348 eorum
1417 2302 1678 2346 errorem.
1727 2286 1814 2355 qtti
1859 2281 2157 2337 animarum

573 2394 763 2448 tnerita
797 2390 939 2444 nulla
968 2403 1086 2441 esse
1109 2384 1245 2454 apud
1276 2392 1328 2437 te
1358 2388 1562 2450 putant.
1591 2378 1727 2430 Deus
1747 2391 1842 2445 per
1864 2388 2022 2443 quetn
2051 2385 2158 2425 non

572 2485 835 2541 servimus
878 2480 1101 2535 inlirtnis
1131 2488 1183 2531 et
1217 2473 1402 2545 egenis
1428 2468 1706 2526 elementis
1735 2464 1940 2539 (Colat.
1966 2479 2040 2525 tv.
2064 2462 2155 2535 9).

574 2578 715 2633 Deus
746 2575 835 2645 qui
875 2554 981 2629 nos:
1000 2584 1216 2642 purgas,
1244 2576 1300 2623 et
1329 2565 1393 2621 ad
1423 2564 1600 2619 divina
1627 2574 1896 2634 pra-paras
1916 2557 2156 2630 prtemia,

574 2670 761 2727 adveni
790 2666 916 2724 mihi
950 2665 1206 2734 propitius
1229 2670 1303 2716 tu.

642 2763 694 2819 4.
716 2757 977 2829 Quidquid
1003 2775 1030 2809 a
1051 2773 1135 2811 me
1159 2754 1357 2809 dictum
1379 2760 1462 2806 est
1485 2791 1500 2817 ,
1523 2762 1660 2804 unus
1685 2747 1824 2802 Deus
1850 2754 1926 2810 tu,
1959 2752 2014 2799 tu
2039 2742 2159 2798 veni

574 2854 704 2910 mihi
737 2853 787 2906 in
818 2849 1101 2909 auxilium;
1153 2861 1254 2900 una
1303 2853 1501 2898 a'terna
1546 2856 1668 2894 vera
1714 2836 2025 2899 subsmntia,
2072 2834 2160 2889 ubi

577 2947 719 3001 nulla
765 2940 1146 3013 discrepantia,
1197 2936 1337 2991 nulla
1381 2932 1644 2997 confusio,
1693 2930 1835 2985 nulla
1893 2927 2155 2992 transitio,

575 3041 719 3097 nulla
748 3036 1055 3107 indigentia,
1092 3032 1230 3086 nulla
1260 3044 1424 3084 mors.
1476 3026 1571 3082 Ubi
1620 3038 1825 3079 summa
1852 3019 2157 3085 Concordia,

576 3145 782 3188 summa
829 3126 1115 3184 evidentia.
1146 3136 1350 3177 summa
1400 3115 1716 3176 constantia,
1762 3128 1967 3167 summa
1996 3111 2157 3180 pleni-

578 3223 725 3281 tudo.
758 3233 963 3273 summa
1007 3217 1133 3270 vita.
1173 3212 1272 3269 Ubi
1304 3210 1438 3264 nihil
1480 3208 1651 3269 deest,
1702 3204 1834 3260 nThil
1880 3202 2158 3258 redundat.

582 3314 683 3371 Ubi
712 3312 800 3382 qni
822 3309 1006 3381 gignit,
1038 3314 1093 3361 et
1117 3320 1273 3374 quem
1299 3301 1465 3373 gignit
1492 3314 1654 3352 nnttm
1680 3306 1761 3351 est
1788 3297 1884 3367 (a).
1916 3294 2055 3349 Deus
2076 3293 2163 3347 cui

578 3404 816 3459 serviunt
853 3398 1049 3460 omnia,
1083 3411 1200 3465 qua:
1222 3392 1496 3452 serviunt;
1526 3390 1608 3444 cui
1635 3387 1965 3456 obtemperat
1989 3385 2163 3439 omnis

580 3498 719 3551 bona
747 3493 941 3549 anima.
966 3490 1130 3557 Cujus
1159 3487 1362 3558 legibus
1385 3493 1627 3540 rotantur
1658 3481 1782 3551 poli,
1824 3495 2015 3535 cursus
2036 3494 2162 3534 suos

581 3588 757 3643 sidera
788 3592 1067 3656 peragunt,
1096 3579 1175 3635 sol
1201 3569 1415 3634 éxercct
1434 3576 1598 3641 diem,
1630 3575 1750 3628 luna
1779 3582 2037 3637 temperat
2066 3587 2164 3624 tto-

580 3689 718 3735 ctem
750 3718 763 3732 .
791 3675 1068 3745 omnisque
1090 3671 1317 3727 mundus
1340 3685 1434 3739 per
1452 3668 1589 3732 dies,
1622 3663 1988 3720 vicissitudine
2034 3662 2165 3717 lucis

580 3777 630 3824 et
660 3768 862 3830 noctis;
896 3781 990 3836 per
1029 3777 1262 3825 menses,
1310 3757 1655 3814 incrementis
1698 3754 2164 3822 decretnuntisque

580 3860 887 3923 lunaribus;
920 3873 1015 3927 per
1044 3870 1234 3918 annos,
1265 3852 1425 3917 veris,
1456 3850 1671 3913 :estalis,
1697 3846 1938 3902 autumni
1967 3856 2020 3901 et
2048 3845 2164 3899 ltie-

581 3955 683 4011 mis
711 3950 1171 4009 suceessionihus;
1197 3961 1289 4016 per
1315 3945 1505 4008 lustra,
1527 3940 1849 4011 perfectione
1868 3953 2056 3993 cursus
2081 3951 2168 3990 so-

583 4047 743 4110 laris;
778 4062 870 4115 per
899 4057 1119 4113 magnos
1147 4038 1325 4102 orbes,
1371 4049 1591 4090 recursu
1617 4033 1669 4087 in
1692 4042 1841 4086 ortus
1869 4045 1995 4083 suos
2022 4028 2165 4084 side-

584 4155 724 4205 rum,
754 4150 995 4207 magnam
1018 4147 1195 4188 rerum
1218 4127 1594 4189 constantiam,
1621 4132 1877 4196 quantum
1901 4120 2169 4178 sensibilis

583 4232 803 4289 materia
833 4228 1046 4300 patitur,
1078 4237 1374 4295 temporum
1398 4220 1675 4277 ordinibus
1704 4215 2166 4289 replieationibus-

585 4340 690 4396 que
731 4320 980 4378 custodit.
1031 4318 1170 4372 Deus
1210 4315 1362 4385 cujus
1403 4313 1608 4377 legibus
1635 4313 1686 4364 in
1715 4325 1828 4363 a-vo
1875 4317 1926 4361 st
1962 4306 2166 4373 ntibus,

585 4425 762 4472 mutus
808 4410 1069 4467 instabilis
1097 4424 1275 4462 rerum
1307 4404 1637 4459 mutabilium
1684 4399 2021 4471 perturbatus
2050 4412 2172 4453 esse

587 4526 693 4565 non
713 4504 1206 4573 sinitur,frenisque
1231 4497 1671 4556 cirmttnenntium
1690 4493 2008 4549 saeculorum
2032 4506 2171 4546 sem-

587 4617 684 4672 per
706 4599 772 4654 ad
802 4596 1202 4653 similitudinem
1232 4589 1533 4646 stabilitatis
1563 4595 1842 4644 revocatur
1873 4603 1886 4639 :
1914 4582 2064 4654 cujus
2092 4582 2171 4639 le-

589 4691 743 4761 gibus
769 4689 1045 4743 arbitrium
1065 4687 1257 4739 anima:
1281 4683 1504 4738 liberum
1531 4689 1633 4746 est,
1666 4679 1923 4748 bonisque
1954 4675 2172 4747 pra-mia

592 4790 649 4836 et
678 4780 828 4834 matis
854 4794 1055 4849 paena»,
1079 4778 1196 4831 lixis
1228 4792 1320 4843 per
1361 4774 1538 4829 omnia
1571 4770 1970 4827 necessitatibus
1996 4768 2175 4823 distri-

592 4872 731 4927 buta:
773 4880 914 4923 sunt.
948 4869 1085 4923 Deus
1111 4884 1141 4921 a
1168 4883 1274 4939 quo
1303 4875 1518 4921 manant
1546 4880 1712 4936 neque
1750 4863 1816 4918 ad
1863 4878 1959 4917 nos
1998 4860 2173 4915 omnia

591 4961 750 5023 bona,
782 4975 812 5014 a
837 4976 943 5030 quo
971 4972 1283 5015 coercentur
1305 4974 1334 5012 a
1363 4958 1516 5013 nobis
1534 4955 1709 5010 omnia
1739 4955 1894 5009 mala.
1925 4952 2063 5007 Deus
2082 4966 2176 5006 su-

600 5071 693 5127 pra
718 5071 874 5124 quem
914 5053 1076 5118 nihil,
1104 5063 1250 5107 evtra
1278 5068 1434 5122 quem
1466 5051 1618 5116 nihil,
1648 5050 1763 5104 sine
1788 5065 1893 5119 quo
1920 5047 2047 5102 nihil
2072 5055 2175 5101 est.

616 5152 740 5205 )cus
754 5148 853 5202 sub
876 5163 981 5217 quo
1001 5155 1167 5200 totttm
1186 5155 1286 5211 est,
1311 5147 1361 5199 in
1388 5161 1495 5215 qtto
1519 5154 1683 5197 totttm
1707 5157 1806 5205 ρει,
1829 5156 1947 5196 catt
1965 5155 2070 5211 quo
2098 5148 2184 5194 to-

596 5255 708 5300 tutn
738 5252 840 5299 est.
869 5241 969 5307 Qui
1015 5238 1182 5294 fecisti
1217 5238 1483 5293 hominem
1512 5236 1576 5291 ad
1608 5237 1886 5307 imaginem
1913 5246 1963 5289 et
1989 5234 2179 5289 simili-

600 5335 837 5390 tudinem
893 5342 1056 5389 tuam.
1109 5329 1247 5400 Quod
1301 5329 1388 5396 qui
1445 5343 1503 5382 se
1551 5328 1663 5396 ipse
1716 5327 1867 5380 novit
1920 5324 2178 5393 agnoscit.

600 5427 825 5487 Exaudi.
848 5424 1058 5487 exaudi,
1074 5422 1263 5479 exaudi
1287 5436 1392 5485 me,
1417 5422 1555 5474 Dens
1578 5432 1747 5483 meus,
1772 5415 1991 5470 Dotnine
2012 5431 2179 5486 mens,

599 5537 692 5577 rex
723 5537 891 5584 meus,
920 5529 1068 5587 pater
1095 5530 1263 5575 1110118.
1294 5528 1452 5568 (‘ﬂllSﬂ
1472 5527 1609 5577 mea,
1636 5526 1759 5581 spes
1787 5525 1924 5573 llll'ﬂ,
1945 5522 2181 5576 resmca,

604 5614 775 5670 honor
808 5627 977 5671 tut-us.
1008 5609 1198 5664 dotmzs
1224 5622 1365 5663 mea.
1392 5605 1555 5675 patria
1588 5620 1724 5667 mea,
1758 5604 1900 5657 salus
1926 5616 2062 5660 mea.
2097 5602 2183 5656 lux

607 5721 748 5767 mea,
780 5704 883 5757 vita
912 5718 1048 5758 mea.
1084 5698 1305 5762 Exaudi,
1329 5696 1539 5760 exaudi,
1573 5696 1762 5751 esaLdi
1793 5710 1877 5750 me
1900 5709 2048 5749 more
2074 5692 2165 5748 illo

670 5820 684 5850 ⁸
707 5826 901 5877 Septem
967 5828 1054 5871 ες..
1077 5814 1201 5864 tntis.

662 5886 737 5953 (α)
761 5888 874 5939 \ide
898 5887 916 5937 1
944 5894 1168 5948 Retract,,
1192 5899 1296 5947 cap.
1323 5884 1371 5947 4,
1397 5899 1445 5934 ιι.
1471 5882 1516 5933 5.

1764 396 2315 475 SOLILOQUIORUM
2351 401 2409 458 S.
2450 397 2814 462 AUGUSTI!“
3224 348 3228 351 Δ
3302 439 3309 451 .
3664 412 3743 476 οη

2274 524 2364 571 tuo
2391 518 2570 586 paucis
2598 518 2893 573 notissimo.

2340 612 2395 665 5.
2419 610 2534 665 Jam
2569 621 2619 666 te
2654 612 2823 665 solum
2860 623 3001 673 amo.
3044 617 3095 664 te
3129 609 3294 665 solum
3327 626 3516 683 sequor,
3548 624 3591 672 te
3617 619 3748 677 solum

2268 719 2471 774 quinm,
2502 703 2594 758 tibi
2633 703 2732 758 soli
2760 704 2959 758 servire
2999 714 3211 773 paratus
3245 718 3376 771 sum,
3417 710 3525 777 quia
3565 719 3612 765 tu
3642 714 3750 771 solus

2260 795 2407 866 jusle
2432 796 2761 862 dominaris;
2793 797 2864 851 ιιιί
2900 796 3036 866 juris
3067 811 3182 852 esse
3221 799 3387 869 capio.
3433 799 3571 869 lube,
3594 821 3749 873 quzeso,

2266 897 2425 958 atque
2465 888 2663 958 impera
2711 887 2965 957 quidquid
2996 888 3094 951 vis,
3122 888 3213 942 sed
3240 903 3361 943 sana
3404 899 3452 944 et
3484 894 3606 959 aperi
3636 911 3753 952 aures

2267 994 2435 1045 meas,
2467 981 2657 1050 quibus
2686 995 2843 1035 voces
2873 988 2988 1033 tuas
3012 980 3241 1033 audiam.
3263 979 3390 1035 Sana
3408 993 3457 1037 et
3472 986 3599 1054 aperi
3617 990 3754 1042 oculos

2264 1084 2437 1135 meos,
2468 1071 2662 1141 quibus
2691 1080 2851 1124 nutus
2878 1081 2995 1123 tuos
3022 1069 3248 1124 vidmm.
3279 1072 3481 1141 Expelle
3504 1090 3529 1125 a
3556 1090 3627 1129 tne
3650 1076 3754 1131 iusa-

2264 1164 2429 1228 niam,
2464 1173 2520 1217 ut
2546 1177 2924 1234 recognoscam
2955 1172 3025 1217 te.
3056 1163 3148 1217 Dic
3174 1163 3299 1217 mihi
3328 1181 3421 1233 qua
3450 1168 3694 1234 attendam,
3716 1182 3756 1225 ut

2264 1255 2517 1325 aSpiciam
2550 1265 2637 1322 te,
2669 1266 2721 1311 et
2773 1254 2950 1311 omnia
2992 1269 3079 1310 me
3119 1270 3271 1326 spero
3315 1270 3426 1324 qua:
3461 1257 3652 1326 jusseris
3669 1274 3757 1316 esse
3842 1234 3843 1241 γ

2264 1350 2547 1403 facturum.
2579 1347 2797 1417 Recipe,
2826 1363 2942 1411 oro,
2968 1346 3239 1417 fugitivum
3266 1354 3425 1410 tuum.
3451 1347 3657 1415 Domine,
3678 1353 3758 1408 cle-
3842 1366 3843 1373 ‘

2264 1440 2593 1495 mentissitne
2619 1448 2767 1509 pater
2798 1456 2812 1493 :
2840 1437 3054 1508 jamjam
3075 1438 3202 1491 satis
3223 1451 3399 1506 pinnas
3424 1437 3646 1505 dederim,
3664 1442 3761 1498 satis

2264 1530 2491 1586 inimicis
2524 1531 2644 1595 tuis,
2678 1545 2812 1600 quos
2837 1528 2938 1583 sub
2979 1528 3203 1597 pedibus
3228 1527 3404 1593 habes,
3424 1530 3678 1597 servierim,
3698 1546 3761 1587 sa-

2266 1623 2333 1678 tis
2361 1622 2547 1677 fuerim
2589 1620 2913 1676 fallaciarum
2936 1620 3245 1676 ludibrium.
3287 1620 3469 1688 Accipe
3492 1635 3568 1675 me
3604 1621 3763 1677 abistis

2264 1712 2549 1785 fugientem
2580 1713 2835 1769 famulum
2864 1722 3033 1779 tttttm,
3061 1713 3181 1784 quia
3209 1721 3262 1767 et
3283 1712 3363 1766 isti
3390 1727 3470 1768 me
3491 1713 3706 1784 quando:
3725 1725 3762 1772 te

2264 1807 2525 1878 fugiebam
2550 1816 2877 1877 acceperunt
2903 1806 3158 1860 alienum.
3183 1805 3261 1859 Ad
3290 1814 3341 1861 te
3360 1804 3481 1859 mihi
3505 1805 3763 1861 redeundum

2264 1914 2383 1955 esse
2406 1900 2580 1954 sentio
2610 1921 2621 1955 :
2652 1908 2831 1970 pateat
2859 1897 2985 1953 mihi
3018 1897 3243 1968 pulsanti
3266 1896 3422 1966 janua
3438 1906 3540 1963 tua;
3560 1898 3765 1968 quntme

2264 1992 2329 2046 ad
2359 2001 2409 2046 te
2437 1990 2775 2061 perveniatur
2812 1990 2945 2045 doce
2982 2004 3086 2044 me.
3128 1986 3268 2043 Nihil
3302 1987 3435 2042 aliud
3474 1988 3620 2042 habeo
3649 2004 3764 2059 quam
3842 2004 3843 2055 ξ

2264 2084 2624 2147 voluntatem;
2658 2082 2784 2137 nihil
2816 2080 2955 2136 aliud
2986 2081 3098 2137 scio
3119 2080 3219 2135 nisi
3248 2078 3378 2133 ﬂuxa
3408 2089 3457 2133 et
3475 2079 3640 2135 caduca
3662 2094 3764 2149 spet-
3842 2068 3843 2123 ἶ

2264 2174 2437 2230 nenda
2477 2190 2629 2240 esse;
2674 2182 2818 2228 certa
2850 2181 2903 2228 ct
2930 2181 3132 2227 aeterna
3176 2168 3499 2239 requirenda.
3535 2169 3629 2224 Hoc
3649 2168 3761 2233 facio,
3842 2172 3843 2185 ‘

2266 2266 2442 2327 Pater.
2471 2267 2592 2337 quia
2616 2266 2717 2321 hoc
2741 2267 2911 2321 solum
2941 2264 3095 2328 novi;
3126 2263 3219 2318 sed
3251 2262 3390 2318 unde
3409 2262 3469 2317 ad
3490 2272 3533 2317 te
3558 2262 3762 2333 pervrnia-

2264 2367 2352 2413 tur
2380 2360 2587 2429 ignoro.
2617 2355 2697 2412 Tu
2721 2356 2847 2411 mihi
2883 2371 3131 2427 suggere,
3163 2363 3216 2409 tu
3247 2354 3475 2420 ostende,
3511 2363 3557 2407 tu
3581 2353 3759 2407 viaticum

2266 2449 2465 2521 pratbe.
2497 2447 2552 2504 Si
2582 2448 2682 2503 litle
2711 2458 2760 2502 te
2791 2448 3064 2502 inveniunt
3092 2447 3185 2516 qui
3215 2446 3279 2500 ad
3306 2456 3355 2501 te
3377 2442 3623 2515 refugiunt,
3649 2442 3759 2497 Iidem
3841 2462 3843 2481 ι

2265 2541 2365 2605 da;
2388 2541 2431 2594 si
2453 2539 2667 2605 virtute,
2690 2540 2972 2601 virtutem;
3012 2538 3056 2591 si
3093 2537 3337 2601 scicntia,
3370 2537 3625 2591 scientiam.
3656 2535 3759 2602 Auge

2266 2630 2321 2685 in
2348 2645 2432 2685 me
2461 2629 2640 2694 fidem,
2673 2644 2807 2699 auge
2833 2644 3003 2699 spem,
3045 2643 3185 2697 auge
3226 2626 3540 2682 cbztritatem.
3578 2624 3615 2681 0
3636 2622 3757 2679 admi-

2266 2723 2431 2779 randa
2460 2732 2512 2779 et
2538 2722 2819 2794 singularis
2847 2710 3053 2776 bonitas
3074 2702 3210 2775 ‘t'tia!

2339 2814 2392 2871 6.
2436 2815 2514 2870 Ad
2540 2823 2591 2871 te
2619 2815 2815 2877 ambio,
2848 2823 2902 2868 et
2925 2813 3123 2883 quibus
3148 2812 3308 2867 rebus
3331 2811 3394 2866 ad
3421 2820 3468 2866 te
3501 2810 3757 2871 ambiatnr,a

2269 2915 2325 2961 te
2351 2922 2561 2961 rursum
2593 2917 2735 2976 peto.
2765 2905 2842 2959 Tu
2869 2904 3010 2959 enim
3037 2905 3081 2958 si
3112 2903 3340 2967 deseris,
3365 2903 3545 2973 peritur
3566 2919 3579 2956 :
3600 2900 3671 2956 sed
3688 2914 3760 2953 non

2270 2998 2495 3063 deseris,
2519 2998 2638 3067 quia
2662 3006 2716 3050 tu
2747 3011 2805 3051 es
2834 3011 3098 3050 summum
3131 2995 3351 3059 bonum,
3380 2992 3504 3064 quod
3523 2998 3757 3048 nemorccte

2269 3090 2530 3161 quzesivit,
2554 3097 2608 3144 et
2635 3089 2853 3144 minime
2877 3088 3095 3142 invenit.
3128 3086 3316 3143 Omnis
3342 3101 3501 3142 autem
3525 3094 3635 3141 recte
3651 3097 3756 3153 que-

2268 3181 2410 3245 sivit,
2440 3195 2597 3251 quem
2637 3188 2692 3233 tu
2720 3188 2862 3235 recte
2890 3193 3139 3248 quan-ere
3168 3177 3357 3233 fecisti.
3393 3176 3485 3231 Fac
3512 3191 3597 3239 mc,
3617 3173 3754 3235 Pater,

2270 3289 2509 3345 qumrerc
2535 3280 2605 3336 te,
2638 3271 2843 3326 vindica
2866 3286 2952 3325 tne
2981 3270 3049 3325 ab
3075 3284 3299 3335 errore;
3331 3267 3559 3340 quzrrenti
3595 3277 3636 3320 te
3666 3261 3763 3316 mihi

2270 3363 2399 3418 nihil
2445 3362 2584 3416 aliud
2634 3376 2731 3431 pro
2759 3370 2809 3415 te
2858 3369 3124 3415 occurtat.
3177 3360 3236 3416 Si
3278 3359 3405 3414 nihil
3434 3356 3556 3413 aliud
3584 3352 3768 3409 desidero
3842 3378 3843 3383 η

2271 3470 2429 3525 quam
2456 3462 2525 3515 te,
2551 3453 2813 3507 invi-niam
2846 3462 2898 3506 te
2922 3453 3052 3521 jam,
3072 3467 3284 3523 quaeso,
3306 3453 3469 3507 Pater.
3492 3448 3539 3505 Si
3557 3456 3695 3503 autem
3714 3453 3771 3498 est

2272 3547 2325 3601 in
2348 3562 2432 3601 me
2458 3545 2712 3616 superﬂui
2744 3545 2970 3615 alicujus
2997 3536 3279 3615 appetitio,
3311 3554 3363 3599 tu
3394 3546 3495 3613 ipse
3514 3558 3586 3596 tne
3609 3536 3770 3599 munda,

2270 3648 2326 3695 et
2356 3639 2436 3695 fac
2465 3639 2710 3694 idoneum
2753 3638 2820 3693 ad
2870 3637 3155 3693 videndum
3188 3649 3260 3693 te.
3288 3639 3531 3693 Czetcrum
3565 3633 3619 3689 de
3652 3630 3775 3685 salute

2273 3729 2429 3801 hujus
2450 3730 2687 3783 mortalis
2707 3729 2949 3799 corporis
2967 3728 3088 3792 mei,
3107 3726 3363 3799 quamdiu
3381 3727 3544 3781 nescio
3565 3720 3665 3793 quid
3679 3718 3769 3773 mihi

2272 3836 2338 3877 ex
2367 3836 2434 3877 eo
2472 3820 2599 3876 utile
2641 3820 2731 3886 sit,
2770 3820 2853 3875 vel
2883 3820 2961 3875 eis
2988 3835 3123 3890 quos
3172 3820 3355 3891 diligo,
3402 3818 3490 3873 tibi
3528 3813 3633 3871 illud
3668 3824 3776 3866 eom-

2273 3915 2447 3979 mitto,
2482 3911 2642 3968 Pater
2680 3912 3069 3983 sapientissime
3103 3922 3269 3982 atque
3310 3912 3517 3980 optime,
3552 3916 3599 3963 ct
3630 3917 3705 3975 pro
3733 3915 3780 3956 eo

2272 4004 2415 4077 quod
2442 4004 2507 4059 ad
2535 4014 2743 4075 tempus
2769 4003 3107 4059 admonueris
3132 4003 3458 4075 deprecabor
3482 4018 3495 4054 :
3524 4007 3692 4054 tantum
3711 4007 3781 4047 oro

2275 4095 2769 4151 excellentissimam
2796 4094 3130 4149 clementiam
3166 4103 3335 4157 tuam,
3370 4104 3423 4147 ut
3448 4108 3525 4145 me
3552 4081 3779 4159 penitusad

2278 4196 2329 4241 te
2358 4195 2657 4250 convertas,
2690 4185 2929 4255 nihilque
2952 4184 3078 4239 mihi
3110 4198 3407 4255 repugnare
3436 4180 3582 4235 lacius
3605 4171 3777 4231 tendenti

2277 4277 2342 4332 ad
2372 4286 2444 4343 te,
2472 4276 2765 4347 jubeasque
2786 4292 2871 4331 tne
2898 4276 3023 4333 dum
3050 4276 3151 4330 hoc
3176 4276 3348 4346 ipsum
3369 4286 3548 4341 eorpus
3567 4283 3650 4339 ago
3673 4275 3784 4332 atque

2277 4380 2449 4443 porto,
2482 4386 2693 4441 purum,
2736 4371 3151 4439 magnanimum,
3200 4369 3418 4440 justum,
3444 4364 3785 4437 prudeutcmque

2278 4480 2420 4531 esse,
2476 4462 2877 4533 perfectumque
2931 4473 3224 4518 amatorem
3272 4466 3693 4531 perceptoremque
3729 4463 3787 4502 sa-

2276 4557 2490 4628 pientia:
2512 4566 2637 4620 line,
2660 4565 2712 4610 et
2727 4555 2942 4625 dignum
2964 4553 3310 4620 habitatione,
3332 4564 3485 4622 atque
3505 4545 3787 4603 habitatorem

2276 4647 2573 4705 beatissimi
2598 4648 2746 4720 regni
2772 4649 2864 4701 tui.
2896 4648 3088 4709 Amen,
3119 4661 3300 4700 amen.

2622 4762 2849 4819 CAPUT
2890 4761 2951 4817 ll.
2975 4791 3045 4801 —-
3074 4760 3211 4826 Quid
3236 4758 3520 4813 amandum.

2350 4858 2403 4911 7.
2462 4854 2526 4910 Α.
2588 4856 2726 4910 Ecce
2786 4853 2935 4908 oravi
2993 4853 3176 4908 Deum.
3236 4850 3303 4904 Β.
3358 4848 3487 4915 Quid
3537 4856 3646 4913 ergo
3689 4835 3790 4890 scire

2280 4949 2397 5005 vis?
2441 4949 2504 5003 A.
2555 4948 2677 5003 llaec
2729 4948 2840 5016 ipsa
2887 4945 3065 4999 omnia
3127 4959 3246 5015 qua:
3288 4941 3450 4997 oravi.
3500 4936 3557 4991 Β.
3607 4927 3790 4988 Breviter

2282 5058 2344 5098 ea
2390 5043 2595 5112 collige.
2644 5040 2706 5094 Α.
2771 5041 2937 5094 Demn
2988 5047 3043 5093 et
3096 5037 3325 5091 animam
3374 5033 3504 5087 scire
3549 5027 3695 5095 cupio.
3741 5016 3787 5071 Β.

2282 5133 2495 5189 Nihilne
2525 5111 2700 5203 plus?
2753 5132 2813 5184 Α.
2897 5129 3035 5185 Nihil
3092 5128 3328 5184 omnino.
3378 5124 3443 5179 ll.
3497 5121 3620 5189 Ergo
3663 5111 3791 5203 incipe

2284 5244 2541 5299 qurercre.
2607 5225 2712 5281 Sed
2772 5224 2917 5294 prius
2964 5223 3170 5295 explica
3223 5217 3479 5291 qttomodo
3524 5212 3606 5269 tibi
3642 5206 3680 5261 si
3720 5202 3789 5256 de-

2286 5330 2607 5379 monstretur
2635 5320 2795 5381 Dens,
2843 5316 3014 5388 possis
3056 5317 3250 5380 dicere,
3298 5312 3387 5368 Sat
3421 5316 3511 5364 est.
3549 5304 3603 5359 Α.
3645 5292 3790 5354 Nescio

2286 5414 2554 5486 quomodo
2580 5411 2704 5466 mihi
2735 5408 3087 5466 demonstrari
3106 5407 3311 5467 debeat,
3342 5416 3394 5457 ιιι
3412 5401 3587 5463 dicam,
3608 5395 3683 5449 Sat
3702 5394 3785 5442 est:

2288 5522 2391 5561 nou
2422 5504 2563 5561 enim
2592 5501 2752 5558 credo
2796 5516 2881 5555 me
2910 5500 3047 5553 scire
3087 5494 3276 5565 aliquid
3308 5495 3402 5556 sic,
3432 5483 3665 5560 qttotttodn
3686 5476 3787 5533 scire

2290 5599 2457 5653 Deum
2484 5593 2754 5651 desidero.
2787 5590 2853 5646 R.
2886 5590 3021 5659 Quid
3043 5604 3169 5658 ergo
3193 5584 3424 5657 agimus?
3447 5580 3607 5636 Nonne
3642 5576 3784 5625 censes

2290 5690 2438 5760 pritts
2462 5686 2555 5741 tibi
2588 5700 2705 5741 esse
2725 5682 3019 5738 sciendum.
3048 5677 3308 5751 quomodo
3329 5673 3413 5729 tibi
3437 5672 3579 5725 Deum
3596 5660 3713 5760 stite

2291 5780 2360 5834 tis
2387 5781 2473 5841 sit,
2504 5794 2608 5849 quo
2633 5792 2751 5830 cum
2804 5772 3109 5845 perveneris
3148 5783 3248 5823 non
3284 5763 3491 5832 amilum
3514 5742 3777 5849 quam's.3°4'

2298 5834 2507 5930 Censeo
2522 5834 2747 5947 .quidem
2780 5834 2915 5937 {sed
2937 5879 3039 5938 quo
3056 5869 3204 5936 pacto
3223 5856 3329 5914 ileri
3354 5849 3521 5933 possit,
3537 5857 3625 5900 non
3645 5834 3776 5890 video.
