3880 6386
60 3874 63 3949 γ

60 3952 63 4045 l

60 4210 75 4661 ξ

182 308 265 370 873

181 428 289 497 Quid
335 426 471 482 enim
519 425 634 484 Deo
672 424 842 482 simile
884 436 1116 494 unquam
1143 421 1400 487 intellexi,
1429 429 1490 476 ut
1517 420 1714 491 possim

176 522 339 584 dimre,
372 510 664 587 'QuOtnodo
700 518 800 574 hoc
846 517 1105 589 intelligo,
1146 517 1225 573 sic
1249 516 1374 573 volo
1424 514 1720 585 intelligere

175 613 351 671 Deum?
375 610 443 668 Β.
466 611 569 681 Qui
600 610 831 669 nondum
860 611 1028 669 Deum
1053 611 1215 678 nosti,
1248 608 1391 665 unde
1416 609 1555 664 nosti
1585 606 1720 663 nihil

174 718 217 765 te
235 721 373 762 nosse
400 706 509 762 Deo
536 705 746 762 simile?
793 705 857 760 Α.
905 704 1038 773 Quia
1074 703 1120 760 si
1157 702 1356 776 aliquid
1389 703 1501 759 Deo
1545 702 1720 757 simile

173 800 349 861 scirem.
368 798 482 853 sine
505 796 669 853 dubio
693 794 745 852 id
766 812 1035 862 amarem;
1060 812 1200 852 nunc
1220 805 1394 851 autem
1416 793 1545 849 nihil
1575 792 1718 848 aliud

172 906 271 946 amo
289 905 435 963 quam
471 889 644 946 Deum
681 899 731 945 et
756 891 1008 950 animam.
1057 903 1282 960 quorum
1310 895 1555 943 neutrum
1580 885 1714 942 scio.

171 986 227 1041 Ii.
252 984 353 1039 Non
399 983 559 1054 igitur
601 997 747 1038 amas
783 982 987 1038 amicos
1010 982 1167 1037 tuos?
1195 982 1257 1035 Α.
1285 981 1403 1049 Quo
1444 988 1598 1051 pacto
1622 992 1717 1034 eos

170 1088 370 1146 possm,
399 1086 591 1128 amans
613 1071 863 1137 animam,
891 1087 999 1128 non
1041 1071 1254 1127 amare?
1296 1070 1364 1126 Β.
1399 1071 1510 1127 Iloc
1558 1068 1718 1125 modo

170 1180 273 1235 ergo
291 1172 337 1219 ct
358 1161 558 1235 puliees
574 1172 631 1220 et
643 1163 859 1219 cimices
872 1163 1055 1219 amas?
1078 1163 1142 1217 Α.
1162 1163 1406 1218 Animam
1430 1178 1517 1220 me
1537 1177 1719 1218 amare

169 1254 273 1319 dixi,
306 1268 403 1309 non
438 1253 712 1310 animalia.
740 1252 807 1308 R.
833 1254 943 1308 Aut
991 1253 1235 1309 homines
1261 1268 1368 1308 non
1397 1263 1520 1309 sunt
1560 1252 1718 1308 amici

170 1347 245 1411 tui,
266 1354 349 1401 aut
369 1359 463 1402 eos
490 1360 603 1400 non
632 1360 819 1401 amas:
846 1345 1021 1401 omnis
1038 1346 1182 1400 enim
1205 1344 1369 1401 homo
1391 1355 1474 1401 est
1498 1344 1716 1412 animal,

169 1445 212 1491 et
233 1435 458 1491 animalia
489 1444 546 1492 te
574 1449 681 1491 non
706 1450 888 1491 amare
913 1435 1191 1490 dixisti.A.
1209 1435 1276 1491 Et
1299 1435 1544 1491 homines
1568 1445 1715 1503 sunt,

169 1538 308 1585 cteos
332 1542 468 1594 amo,
508 1542 622 1583 non
661 1542 728 1584 eo
765 1526 907 1598 quod
933 1527 1201 1592 animalia,
1232 1526 1328 1583 sed
1349 1542 1418 1584 eo
1446 1527 1586 1599 quod
1617 1528 1715 1582 ho-

169 1619 308 1675 mines
327 1628 476 1685 suut;
506 1618 562 1673 id
589 1627 694 1685 est,
726 1634 791 1674 ex
815 1632 883 1675 eo
910 1618 1051 1690 quod
1076 1618 1366 1674 rationales
1387 1619 1593 1674 animas
1621 1618 1717 1673 ha-

168 1714 284 1777 bent.
305 1726 432 1784 quas
451 1727 578 1767 atno
606 1712 768 1768 etiam
795 1712 848 1767 in
882 1711 1197 1768 latronibus.
1236 1711 1389 1769 Licet
1415 1713 1556 1767 enim
1584 1710 1716 1768 mihi

169 1805 208 1859 in
228 1805 390 1876 quovis
407 1818 593 1859 amare
621 1804 905 1871 rationem,
928 1818 1050 1859 cum
1079 1804 1227 1858 illum
1253 1804 1374 1875 jure
1400 1804 1604 1860 oderim
1626 1804 1715 1876 qui

168 1896 279 1951 male
319 1895 475 1950 utitur
514 1910 586 1951 eo
613 1896 754 1967 quod
801 1909 943 1950 amo.
991 1896 1174 1966 Itaque
1222 1904 1371 1951 tanto
1397 1897 1566 1967 magis
1593 1911 1716 1951 amo

170 1988 332 2042 amicos
372 2001 542 2050 meos,
571 1995 776 2057 quanto
811 1987 981 2058 magis
1009 1987 1148 2043 bene
1172 1996 1390 2043 utuntur
1416 1988 1591 2043 anima
1634 2004 1719 2044 ra-

170 2077 331 2146 tionali,
356 2078 434 2134 vel
457 2087 610 2134 certe
635 2086 895 2149 quantum
923 2079 1232 2136 desiderant
1256 2095 1319 2135 ea
1349 2081 1486 2145 bene
1512 2081 1605 2136 uti.

500 2171 736 2230 CAPUT
761 2171 848 2229 Ill.
875 2203 947 2215 —
974 2173 1205 2246 (Σοῃηὶϋο
1230 2173 1344 2229 Dei.

222 2262 263 2319 8.
296 2261 357 2317 Β.
382 2263 603 2333 Accipio
641 2263 781 2320 istud
812 2282 826 2318 :
868 2265 964 2321 sed
1011 2274 1189 2321 tamen
1233 2266 1277 2320 si
1335 2266 1453 2336 quis
1501 2266 1593 2322 tibi
1630 2266 1715 2321 di-

171 2364 313 2422 ceret,
352 2354 567 2411 Faciam
607 2364 662 2412 te
695 2357 775 2412 sic
823 2357 991 2412 Deum
1031 2371 1209 2424 nosse,
1260 2357 1530 2428 quomodo
1576 2359 1713 2413 nosti

169 2445 403 2518 Alypium;
458 2461 643 2503 nonne
687 2448 887 2518 gratias
930 2463 1140 2520 ageres,
1196 2456 1251 2503 et
1294 2447 1524 2516 diceres,
1575 2449 1716 2504 Satis

176 2538 264 2592 est!
284 2539 342 2593 Δ.
368 2539 596 2610 Agerem
628 2539 842 2611 quidem
888 2539 1107 2611 gratias,
1156 2538 1249 2596 sed
1279 2540 1407 2596 satis
1441 2555 1561 2597 esse
1607 2556 1711 2597 non

171 2628 375 2685 discreta.
398 2627 466 2686 R.
493 2631 628 2696 Cur,
652 2631 873 2701 quaeso?
906 2630 972 2686 Α.
1002 2630 1137 2698 Quia
1169 2631 1337 2688 Deum
1380 2647 1449 2689 ne
1494 2633 1573 2688 sic
1600 2633 1716 2704 qui-

172 2718 263 2776 dem
285 2720 395 2776 novi
420 2721 699 2794 quomodo
730 2716 997 2795 Alypiuli't,
1032 2733 1086 2780 et
1124 2733 1302 2781 tamen
1336 2724 1586 2797 Alypium
1607 2742 1714 2783 non

172 2813 269 2869 satis
295 2815 424 2871 novi.
477 2814 546 2869 Β.
604 2813 745 2872 Vide
780 2830 913 2887 ergo
956 2831 1026 2873 ne
1068 2816 1401 2888 impudenter
1443 2818 1576 2875 velis
1623 2833 1713 2874 sa-

175 2901 382 2959 tisDeum
404 2919 586 2972 nosse,
617 2907 713 2976 qui
742 2905 992 2978 Alypium
1029 2921 1138 2963 non
1161 2907 1289 2963 satis
1314 2908 1475 2966 nosti.
1503 2908 1567 2963 Α.
1595 2908 1713 2964 Non

175 2995 382 3064 sequitur.
402 2994 534 3053 Nam
558 2997 619 3052 in
648 2999 1049 3069 comparatione
1069 2998 1327 3067 siderum,
1347 3000 1474 3072 quid
1495 3010 1576 3057 est
1594 3016 1713 3058 mea

175 3099 290 3142 tona
311 3087 487 3144 vilius?
510 3098 570 3144 et
591 3098 775 3145 tamen
799 3104 922 3146 cras
946 3089 1074 3161 quid
1101 3089 1200 3146 sim
1229 3099 1534 3148 emnaturus
1563 3093 1713 3163 igno-

171 3191 245 3245 re;
262 3172 356 3252 quo
374 3190 548 3239 autem
584 3182 745 3254 signo
771 3183 896 3239 luna
922 3183 1098 3239 futura
1125 3184 1214 3251 sit,
1242 3200 1348 3241 non
1378 3186 1714 3255 impudenter

172 3283 238 3326 ne
255 3271 373 3328 scire
397 3274 685 3345 proﬁteor.
716 3274 786 3330 Β.
839 3276 978 3346 Ergo
1014 3276 1100 3331 vel
1144 3277 1212 3333 ita
1239 3278 1407 3334 Deum
1434 3292 1594 3335 nosse
1621 3280 1712 3335 tibi

170 3362 272 3419 satis
287 3373 374 3431 est,
416 3376 475 3423 ut
512 3366 672 3423 nosti
700 3382 808 3438 quo
833 3382 955 3423 cras
978 3369 1132 3441 signo
1176 3369 1300 3424 luna
1339 3385 1558 3426 cursura
1602 3370 1712 3425 sit?

178 3452 336 3512 ιιι»
357 3466 433 3513 est
454 3458 607 3513 satis
640 3475 655 3512 :
690 3473 812 3513 nam
839 3458 941 3514 hoc
971 3458 1218 3516 sensibus
1243 3460 1499 3530 approbo.
1522 3460 1713 3532 Ignoro

183 3553 319 3599 autem
335 3557 495 3604 utrum
524 3548 627 3604 vel
654 3548 792 3604 Deus
809 3549 896 3604 vel
912 3549 1087 3620 aliqua
1108 3558 1311 3606 naturae
1335 3551 1539 3607 occulta
1553 3567 1714 3609 causa

180 3634 449 3697 subiiciam
470 3638 732 3696 ordinem
759 3654 1082 3711 cursumque
1103 3650 1396 3697 commutet
1442 3660 1456 3697 :
1496 3642 1640 3713 quod
1666 3644 1711 3703 si

176 3728 391 3799 acciderit.
435 3742 619 3790 totum
659 3733 791 3789 illud
834 3734 976 3806 quod
1008 3749 1476 3807 pmsumpseram,
1518 3738 1708 3796 falsum

178 3820 271 3879 ait.
291 3822 349 3879 Β.
375 3826 438 3883 Et
459 3826 649 3884 credis
672 3825 778 3883 hoc
805 3826 919 3883 ﬁeri
948 3827 1140 3897 posse?
1165 3829 1229 3883 Α.
1259 3829 1374 3885 Non
1403 3829 1583 3886 credo.
1605 3830 1713 3886 Sed

179 3916 373 3986 egoquid
390 3918 551 3974 sciam
571 3932 784 3991 quaero,
809 3932 919 3973 non
943 3918 1073 3990 quid
1088 3919 1323 3976 credam.
1346 3918 1517 3977 Omne
1535 3931 1712 3977 autem

177 4005 286 4076 quod
320 4009 527 4080 scimus,
556 4018 713 4067 recte
753 4009 981 4066 fortasse
1002 4010 1165 4067 etiam
1201 4011 1422 4069 credere
1457 4013 1711 4081 dicimur;

176 4106 216 4151 at
237 4113 325 4156 non
344 4117 497 4159 omne
514 4102 667 4175 quod
686 4101 977 4171 credimus,
1005 4106 1170 4159 etiam
1195 4105 1354 4161 scire.
1383 4104 1451 4160 Β.
1489 4107 1716 4177 Respuis

175 4189 302 4261 igitur
324 4194 371 4250 in
413 4195 511 4252 hac
552 4211 719 4252 causa
754 4210 916 4251 omne
942 4196 1301 4252 testimonium
1335 4199 1622 4254 sensuum?
1646 4200 1711 4253 A.

160 4278 583 4359 Murespuo.
614 4286 684 4341 Β.
702 4286 875 4354 Quid?
893 4286 1042 4343 illum
1061 4287 1369 4343 familiarem
1393 4298 1538 4346 tuum
1555 4307 1714 4361 quem

174 4374 384 4434 testibus
417 4377 670 4450 ignorare
694 4377 896 4445 dixisti,
932 4392 1092 4435 sensu
1131 4378 1215 4435 vis
1240 4394 1420 4446 nosse,
1459 4394 1526 4436 an
1555 4382 1717 4437 intel-

150 4461 600 4527 -dectu?A.Sensu
634 4469 851 4541 quidem
875 4468 1017 4541 quod
1055 4470 1109 4525 in
1158 4485 1227 4526 eo
1263 4471 1406 4537 novi,
1451 4474 1495 4526 si
1541 4484 1716 4530 tamen

148 4564 305 4614 ’ω
323 4560 511 4634 aliquid
546 4563 811 4630 noscitur,
831 4571 888 4617 et
914 4561 1019 4619 vile
1043 4570 1147 4631 est,
1181 4571 1237 4619 et
1272 4564 1402 4619 satis
1420 4573 1502 4619 est
1530 4581 1544 4619 :
1571 4564 1718 4620 illam

179 4658 280 4706 vero
302 4663 492 4724 partem
518 4670 627 4727 qua
663 4649 794 4710 mibi
822 4654 1025 4710 amicus
1054 4663 1158 4721 est,
1202 4653 1255 4710 id
1283 4665 1366 4711 est
1390 4656 1562 4726 ipsum
1599 4658 1720 4712 ani-

174 4748 314 4810 tum,
352 4745 622 4804 intellectu
665 4746 877 4817 assequi
920 4745 1100 4817 cupio.
1149 4744 1219 4802 R.
1267 4746 1518 4804 Potestne
1567 4748 1721 4804 aliter

170 4834 333 4889 iunci?
356 4837 418 4891 Α.
448 4837 608 4894 Nullo
628 4837 810 4893 modo.
833 4835 904 4893 Β.
931 4836 1176 4893 Amicum
1204 4837 1364 4908 igitur
1391 4847 1537 4894 tuum
1560 4847 1616 4895 et
1639 4854 1721 4895 ve-

154 4918 419 4984 ‘iua'eater
440 4929 780 4995 familiarem,
803 4928 972 4985 audes
997 4929 1092 4985 tibi
1112 4928 1291 4985 dicere
1306 4944 1427 4986 esse
1448 4930 1719 5002 ignotum?

148 5006 235 5094 ’ξι
252 5015 425 5085 Quidni
450 5019 716 5078 audeam?
739 5020 890 5076 Illam
912 5022 1056 5077 enim
1085 5020 1261 5092 legem
1279 5022 1523 5079 amicitia:
1538 5023 1721 5094 justis-

162 5088 339 5164 θῖῢιιυι
372 5125 488 5167 esse
522 5111 775 5177 arbitror,
807 5126 911 5183 qua
956 5088 1317 5182 praescribitur
1354 5123 1412 5169 ut
1450 5088 1585 5170 sicut
1612 5131 1717 5170 non

148 5188 347 5279 ᾞυικ,
394 5201 463 5257 ita
506 5206 609 5260 nec
633 5203 753 5275 plus
779 5204 1003 5275 quisque
1030 5202 1259 5259 amicum
1301 5220 1457 5275 quam
1482 5207 1717 5277 seipsum

376 5291 555 5368 Itaque
579 5309 704 5352 eam
729 5297 1100 5366 memetipsum
1132 5296 1390 5367 ignorem,
1420 5312 1522 5368 qua
1545 5308 1721 5370 potest

326 5358 825 5457 duci-contumelia,
857 5358 1013 5459 quem
1044 5358 1178 5443 mibi
1196 5403 1316 5445 esse
1340 5358 1525 5446 dixero
1545 5358 1717 5461 igno-

158 5442 772 5553 “ﬂammeum,
793 5442 1049 5547 titcrcdo,
1081 5495 1148 5535 ne
1173 5480 1286 5551 ipse
1310 5479 1527 5550 quidem
1550 5442 1616 5537 εέ
1635 5498 1722 5537 uo-

148 5544 333 5643 ξξκήιῖ
352 5562 423 5623 It.
450 5544 646 5643 Siet-go
664 5544 772 5626 ista
798 5586 916 5641 qua:
932 5544 1073 5626 scire
1089 5544 1281 5636 vis,-ex
1302 5544 1369 5625 eo
1387 5580 1512 5626 sunt
1529 5587 1721 5641 genere

356 5612 423 5623 -..
450 5612 645 5643 ωηο..
672 5612 772 5626 ...-
798 5612 916 5641 ν...
932 5612 1073 5626 ..νην
1100 5612 1188 5636 ....,
1217 5612 1281 5625 ν..
1303 5612 1367 5625 ν..
1387 5612 1721 5641 --.πονηυιυ

152 5612 290 5733 ᾧ
314 5657 595 5721 intellectus
621 5661 945 5732 assequitur,
987 5678 1107 5717 eum
1131 5662 1360 5717 dicerem
1391 5661 1723 5732 impudenter

582 5754 746 5820 scire,
776 5768 894 5808 cum
933 5754 1176 5825 Alypium
1205 5754 1427 5825 nescias,
1475 5768 1579 5811 non
1625 5755 1721 5814 de-

704 5845 976 5907 Ausus'r.
1011 5847 1062 5906 l.

520 5960 592 5969 .-οΑ

60 6146 403 6287 ii“

398 6374 585 6386 -Ῠ-ι

1527 301 1732 362 LIBER
1768 300 2040 359 PRIMUS.

3307 308 3414 371 874

1823 412 1985 469 buisti
2042 413 2171 470 mibi
2234 431 2444 478 omnum
2497 431 2641 479 tuam
2700 433 2754 481 et
2798 426 2973 482 lunam
3019 427 3262 499 proferre
3310 442 3411 500 pro

1824 506 2068 575 simili,si
2097 507 2233 575 haec,
2266 522 2320 566 ttt
2347 513 2546 584 dixisti,
2575 518 2641 573 ad
2667 533 2880 575 sensum
2907 521 3194 592 pertinent.

2122 601 2350 659 CAPUT
2377 606 2464 660 IV.
2488 638 2560 649 —
2585 607 2732 665 Certa
2758 614 2964 668 scientia
2986 629 3116 685 quis.

1896 691 1951 746 9.
1997 690 2102 747 Sed
2150 694 2275 763 quid
2305 696 2371 750 ad
2414 701 2552 755 nos?
2600 701 2751 758 Nunc
2778 704 2903 760 illud
2941 705 3205 777 responde
3235 726 3248 761 :
3276 708 3407 764 sica

1823 797 1944 852 qua:
1970 782 2037 840 de
2064 785 2172 840 Deo
2198 785 2446 844 dixerunt
2466 791 2615 848 Plato
2634 804 2689 851 et
2706 795 2945 852 Plotinus
2974 815 3097 855 vera
3141 810 3286 866 sunt,
3319 816 3408 855 sa-

1823 876 1961 933 tisne
1979 878 2072 934 tibi
2101 890 2183 935 est
2211 881 2282 935 ita
2316 882 2479 939 Deum
2505 888 2663 955 scire,
2699 899 2759 944 ut
2784 890 2858 944 illi
2886 892 3161 947 sciebant?
3189 896 3255 947 A.
3293 894 3407 949 Non

1821 969 2097 1037 continuo,
2130 972 2175 1026 si
2199 988 2264 1029 ea
2288 990 2406 1045 qua-
2426 975 2692 1045 dixerunt,
2721 997 2844 1037 vera
2869 993 3013 1050 sunt,
3040 987 3198 1041 etiam
3243 988 3410 1042 scisse

1821 1057 1943 1114 illos
1969 1074 2031 1114 ea
2075 1076 2296 1118 necesse
2340 1075 2441 1120 est.
2466 1065 2597 1122 Nam
2646 1070 2795 1125 multi
2827 1072 3040 1144 copiose
3080 1075 3265 1131 dicunt
3288 1094 3408 1148 qua:

1822 1150 2089 1219 nesciunt,
2118 1161 2174 1208 ut
2207 1169 2307 1225 ego
2330 1156 2443 1227 ipse
2472 1160 2648 1214 omnia
2674 1177 2792 1232 quae
2819 1166 2986 1229 oravi,
3028 1182 3114 1222 me
3144 1168 3247 1221 dixi
3271 1172 3407 1224 scire

1822 1256 2037 1313 cupere,
2060 1245 2201 1316 quod
2224 1263 2330 1303 non
2357 1265 2607 1321 cuperem
2635 1254 2678 1308 si
2702 1253 2813 1325 jam
2836 1256 3024 1311 scirem
3055 1275 3068 1311 :
3099 1275 3223 1312 num
3251 1260 3410 1329 igitur

1821 1350 1886 1391 eo
1917 1337 2093 1394 minus
2123 1339 2209 1394 illa
2240 1340 2420 1399 dicere
2454 1345 2640 1415 potui?
2671 1340 2786 1401 Dixi
2810 1348 2951 1403 enim
2986 1366 3087 1405 non
3110 1367 3228 1422 quas
3256 1352 3411 1408 iutel~

1821 1427 1964 1484 lectu
2013 1434 2414 1502 campreheudi,
2465 1436 2559 1492 sed
2608 1454 2729 1509 quae
2778 1439 3148 1512 undecumque
3188 1445 3410 1500 collecta

1820 1522 2093 1577 memorim
2135 1525 2400 1593 mandavi,
2428 1537 2482 1583 et
2507 1529 2697 1600 quibus
2737 1533 3134 1589 accommodavi
3158 1547 3437 1606 quautam.

1822 1614 1967 1682 potui
2009 1612 2207 1670 ﬁdem:
2240 1617 2378 1674 scire
2413 1629 2591 1675 autem
2619 1620 2761 1676 aliud
2797 1630 2899 1677 est.
2934 1622 3002 1678 R.
3053 1623 3163 1687 Dic.
3204 1640 3406 1697 qumso.

1823 1705 1998 1761 scisne
2042 1708 2233 1764 saltem
2263 1710 2313 1764 in
2340 1712 2661 1781 geometrica
2687 1713 2964 1784 disciplina
2991 1717 3115 1786 quid
3143 1718 3210 1772 sit
3233 1714 3411 1774 linea?

1822 1799 1884 1852 A.
1912 1797 2053 1855 Istud
2080 1801 2239 1873 plane
2268 1803 2401 1859 scio.
2430 1805 2498 1860 R.
2524 1805 2631 1861 Nec
2653 1806 2704 1861 in
2736 1807 2832 1861 ista
2856 1809 3186 1879 professione
3207 1814 3409 1869 vereris

1821 1890 2207 1948 Academicos?
2231 1894 2295 1948 Α.
2328 1895 2442 1951 Νοη
2467 1898 2704 1953 omnino.
2735 1898 2814 1953 Illi
2839 1900 2981 1955 enim
3012 1902 3305 1973 sapientem
3334 1905 3411 1960 er-

1820 1998 1943 2039 rare
1972 1984 2284 2047 noluerunt:
2337 2004 2435 2060 ego
2476 2002 2652 2046 autem
2680 1993 2891 2062 sapiens
2916 2009 3021 2049 non
3060 2011 3198 2051 sum.
3232 1997 3411 2070 Itaque

1820 2072 1994 2128 adhuc
2024 2090 2127 2130 non
2159 2092 2348 2133 vereor
2367 2094 2548 2134 earum
2589 2096 2767 2137 rerum
2812 2098 2945 2153 quas
2966 2086 3109 2151 novi,
3135 2088 3409 2144 scientiam

1821 2164 2079 2233 profiteri.
2111 2166 2263 2233 Quod
2286 2169 2351 2236 si,
2375 2180 2433 2225 ut
2461 2172 2634 2240 cupio,
2661 2187 2953 2242 pervenero
2978 2174 3043 2230 ad
3069 2179 3406 2249 sapientiam,

1820 2253 2008 2311 faciam
2035 2258 2174 2328 quod
2216 2259 2299 2313 illa
2339 2263 2623 2317 monuerit.
2670 2261 2737 2317 Β.
2782 2264 2920 2319 Nihil
2963 2282 3176 2323 renuo:
3208 2270 3322 2335 sed,
3352 2283 3408 2328 ut

1820 2361 2059 2417 quaerere
2088 2340 2375 2419 cmperam,
2419 2353 2491 2407 ita
2519 2362 2576 2408 ut
2616 2356 2808 2411 lineam
2856 2358 3018 2424 nosti,
3064 2362 3202 2415 nosti
3248 2363 3406 2419 etiam

1820 2438 1980 2509 pilam
2006 2455 2163 2510 quam
2182 2441 2445 2511 sphmram
2474 2446 2786 2522 nominant?
2816 2447 2881 2502 A.
2912 2446 3065 2503 Novi.
3118 2448 3186 2505 Β.
3231 2451 3406 2522 Ᾱῖψιο

1821 2537 2103 2600 utrumque
2148 2534 2305 2595 nosti,
2348 2549 2414 2588 an
2454 2534 2594 2590 aliud
2640 2521 2950 2607 alio'magis
2971 2548 3059 2593 aut
3087 2521 3405 2598 minus?A.

1820 2617 2001 2691 {Eque
2034 2636 2267 2691 prorsus.
2303 2623 2434 2679 Nam
2461 2625 2513 2680 in
2545 2633 2767 2697 utroque
2805 2628 2934 2682 nihil
2970 2628 3142 2684 fallor.
3172 2631 3237 2685 R.
3271 2632 3406 2701 Quid

1819 2708 1956 2776 hmc,
1988 2712 2303 2768 sensibusne
2347 2717 2653 2787 percepisti,
2708 2732 2774 2772 an
2826 2718 3135 2776 intellectu?
3184 2722 3250 2777 Α.
3297 2724 3407 2781 Imo

1818 2815 2008 2857 sensus
2062 2803 2114 2858 itt
2163 2803 2266 2859 hoc
2306 2807 2523 2877 negotio
2569 2808 2719 2879 quasi
2764 2810 2941 2864 navim
2983 2826 3099 2865 sum
3130 2824 3403 2883 expertus.

1817 2892 1950 2949 Nam
1975 2910 2094 2950 eum
2127 2897 2224 2967 ipsi
2256 2914 2342 2953 me
2380 2897 2448 2953 ad
2478 2899 2654 2956 locum
2681 2916 2787 2972 quo
2817 2903 3094 2959 tendebam
3136 2921 3404 2977 pervexeo

1819 2985 1945 3051 rint,
1966 2986 2055 3041 ubi
2072 3002 2165 3043 eos
2187 2988 2385 3056 dimisi,
2405 2998 2460 3045 et
2483 2990 2594 3061 jam
2617 2992 2760 3048 velut
2782 2993 2833 3048 in
2860 2995 2973 3050 solo
3002 2997 3202 3065 positus
3227 2999 3241 3030 ⁸
3266 3002 3405 3069 coepi

1804 3078 2142 3148 cogitatione
2168 3080 2267 3135 ista
2295 3081 2535 3149 volvere,
2565 3083 2655 3138 diu
2689 3085 2821 3140 mihi
2844 3087 3058 3158 vestigia
3092 3088 3402 3145 titubarunt.

1819 3168 1994 3238 Quare
2021 3172 2177 3227 citius
2223 3173 2352 3229 mihi
2400 3174 2610 3231 videtur
2651 3178 2703 3232 in
2758 3186 2896 3233 terra
2947 3195 3103 3251 posse
3145 3184 3403 3255 navigari,

1820 3276 1978 3331 quam
1997 3265 2372 3333 geometricam
2399 3267 2647 3323 sensibus
2686 3269 2906 3340 percipi,
2944 3273 3184 3342 quamvis
3235 3281 3406 3345 primo

1821 3349 2087 3409 discentes
2127 3354 2456 3425 aliquantum
2508 3358 2759 3429 adjuvare
2806 3359 3100 3418 videantur.
3150 3364 3217 3421 R.
3261 3368 3402 3439 Ecgo

1821 3440 2043 3499 istarum
2070 3460 2248 3501 rerum
2275 3448 2629 3519 disciplinam,
2658 3451 2700 3506 si
2728 3467 2829 3522 qua
2859 3452 2952 3509 tibi
2973 3465 3073 3520 est,
3110 3472 3215 3511 non
3246 3459 3403 3514 dubi-

1821 3539 1903 3587 tas
1927 3536 2102 3590 vocari
2157 3537 2430 3595 scientiam
2453 3540 2478 3595 ?
2502 3541 2565 3595 Α.
2606 3540 2745 3610 Non,
2796 3542 2840 3598 si
2890 3545 3053 3601 Stoici
3091 3548 3285 3614 sinaut,
3315 3553 3405 3621 qui

1821 3625 2095 3680 scientiam
2128 3628 2365 3684 tribuunt
2398 3630 2547 3698 nulli,
2579 3632 2681 3687 nisi
2730 3634 2974 3704 sapienti.
3006 3636 3405 3709 Perceptionem

1822 3728 1952 3771 sane
1978 3717 2200 3774 istorum
2231 3736 2317 3776 me
2347 3721 2542 3777 habere
2569 3739 2675 3778 non
2704 3740 2860 3795 nego,
2890 3742 3047 3796 quam
3088 3731 3247 3785 etiam
3270 3733 3404 3786 stul-

1823 3806 1953 3862 titim
1979 3809 2276 3865 concedunt
2301 3829 2312 3865 :
2346 3812 2437 3867 sed
2462 3829 2558 3867 nec
2593 3815 2724 3869 istos
2753 3815 3037 3884 quidquam
3063 3821 3398 3888 pertimesco.

1821 3894 2049 3954 Prorsus
2095 3899 2209 3956 Itzuc
2238 3918 2355 3972 quae
2383 3904 2712 3973 interrogasti
2759 3907 2976 3962 scientia
3016 3918 3169 3965 teneo
3202 3928 3404 3982 :perge

1823 3991 2016 4058 modo;
2045 3993 2250 4048 videam
2283 4010 2534 4064 quorsum
2571 3997 2668 4050 ista
2693 3998 2905 4067 qumris.
2949 3998 3016 4052 Β.
3044 4000 3121 4056 Ne
3155 4019 3398 4073 propera,

1821 4082 1977 4135 otiosi
2004 4098 2205 4138 sumus.
2234 4083 2473 4140 Intentus
2503 4094 2701 4140 tantum
2732 4089 2930 4157 accipe,
2954 4104 3021 4143 ne
3046 4091 3168 4159 quid
3201 4101 3402 4147 temere

1822 4172 2099 4228 concedas.
2133 4174 2458 4231 Gaudentem
2483 4186 2535 4233 te
2561 4178 2749 4233 studeo
2773 4179 2993 4233 reddere
3013 4182 3079 4236 de
3104 4182 3263 4237 rebus
3286 4187 3403 4254 qui-

1822 4263 1919 4318 bus
1944 4262 2146 4319 nullum
2175 4279 2354 4320 casum
2388 4265 2748 4335 pertimescas,
2785 4278 2839 4322 et
2879 4270 3028 4338 quasi
3066 4284 3282 4339 parvum
3309 4290 3403 4329 ne-

1820 4356 2020 4426 gotium
2059 4356 2147 4424 sit,
2198 4357 2529 4428 prmcipitare
2570 4358 2766 4430 juhes?
2796 4360 2854 4412 Α.
2890 4359 2963 4415 Ita
2998 4362 3134 4418 Deus
3164 4362 3312 4432 faxit,
3346 4378 3404 4422 ιιι

1822 4444 1973 4501 dicis.
2005 4445 2185 4518 Itaque
2214 4448 2432 4503 arbitrio
2458 4458 2547 4503 tuo
2568 4458 2770 4519 rogato,
2796 4458 2849 4504 et
2865 4449 3140 4523 objttrgato
3165 4457 3397 4524 gravius,

1822 4535 1865 4590 si
1896 4536 2176 4608 quidquam
2205 4537 2309 4594 tale
2332 4537 2568 4608 posthac.
2826 4594 2833 4595 ,

1895 4627 1982 4685 I0.
2024 4630 2091 4686 Β.
2135 4630 2275 4701 Ergo
2309 4630 2499 4687 lineam
2549 4631 2599 4686 in
2656 4631 2788 4688 duas
2836 4633 3004 4690 lineas
3052 4651 3147 4706 per
3186 4638 3401 4711 longum

1823 4720 2011 4789 scindi,
2038 4721 2373 4777 manifestum
2398 4722 2489 4777 tibi
2515 4733 2597 4777 est
2622 4723 2768 4778 nullo
2806 4724 2964 4779 modo
2993 4728 3188 4796 posse?
3209 4729 3271 4783 Α.
3295 4731 3405 4787 Ma-

1823 4811 2091 4868 nifestum.
2124 4812 2192 4868 Β.
2226 4812 2383 4881 Qttid,
2426 4814 2809 4870 trausversim?
2856 4816 2917 4870 A.
2950 4816 3107 4886 Quid,
3151 4820 3249 4876 nisi
3281 4823 3403 4878 inii-

1823 4905 1931 4960 nite
1958 4905 2124 4960 secari
2149 4906 2344 4975 posse?
2370 4905 2438 4961 R.
2467 4906 2625 4975 Quid,
2649 4907 2913 4978 sphaeram
2940 4926 3005 4964 ex
3034 4925 3137 4965 una
3168 4915 3407 4983 qualibet

1826 5003 1974 5065 parte
2001 5009 2029 5049 a
2060 4994 2257 5061 medio,
2283 5012 2347 5049 ne
2372 4996 2507 5052 duos
2533 4995 2744 5067 quidem
2769 5013 2924 5068 pares
2951 5000 3178 5056 circulos
3206 5001 3406 5059 habere

1827 5098 1983 5155 posse
1998 5084 2378 5155 pariterlucet?
2394 5088 2456 5140 A.
2475 5086 2681 5143 Pariter
2692 5091 2931 5146 omnino.
2954 5087 3019 5145 lt.
3035 5091 3168 5161 Quid
3189 5094 3323 5150 linea
3351 5107 3408 5151 et

1824 5178 2071 5248 sphmra?
2097 5195 2331 5234 unumne
2359 5181 2554 5251 aliquid
2587 5180 2680 5237 tibi
2717 5182 2963 5239 videntur
2991 5200 3129 5251 esse,
3160 5203 3225 5240 au
3253 5188 3408 5256 quid-

1824 5283 1979 5338 quam
2018 5269 2155 5324 inter
2183 5284 2241 5324 se
2290 5270 2574 5327 differunt?
2601 5272 2663 5325 Α.
2694 5272 2824 5339 Quis
2850 5290 2954 5328 non
2986 5275 3160 5329 videat
3190 5276 3407 5330 dill'erre

1765 5370 1769 5379 ί
1824 5359 2144 5429 plurimum?
2170 5360 2236 5414 Ii.
2261 5364 2329 5416 At
2357 5363 2402 5417 si
2441 5378 2592 5434 teque
2615 5362 2741 5419 illttd
2768 5374 2925 5435 atque
2946 5364 3046 5419 hoc
3074 5366 3302 5430 nosti,et
3326 5373 3407 5417 ta-

1827 5465 1950 5504 men
1975 5450 2114 5506 inter
2139 5467 2217 5516 se,
2245 5461 2302 5507 ut
2326 5452 2528 5519 fateris,
2559 5454 2840 5523 plurimum
2878 5453 3148 5517 diﬁ‘erunt,
3171 5462 3252 5506 est
3274 5467 3405 5521 ergo

1826 5539 2179 5596 dill‘ereutium
2207 5558 2383 5597 rerum
2409 5543 2625 5598 scientia
2655 5539 3076 5597 inditl'ereus?A.
3105 5540 3234 5606 Quis
3257 5540 3403 5595 enim

1828 5632 2077 5703 negavit?
2116 5632 2181 5686 Β.
2216 5633 2292 5688 Tu
2331 5637 2488 5704 paulo
2535 5644 2674 5689 ante.
2709 5634 2837 5688 Nam
2866 5646 2985 5684 eum
3038 5641 3087 5682 te
3132 5643 3404 5698 rogassem

1892 5766 1907 5798 ¹
1929 5767 2000 5816 sic
2016 5766 2123 5816 ωδ.
2146 5776 2198 5818 At
2220 5776 2342 5830 mssa,
2360 5766 2406 5816 in
2425 5766 2524 5815 salo
2543 5779 2608 5829 ro.
2627 5766 2733 5815 ibus.

2674 5839 3130 5924 {I'ingl-huil.)

2136 5938 2147 5952 ν.
2189 5931 2273 5948 μη
2298 5920 2369 5947 ,μδ
