3880 6378
108 134 229 165 Ϋ

144 322 231 391 87
1490 305 1684 375 ιιιιειι

1794 308 2007 375 ιιιιυε.

144 447 191 506 b
210 445 299 501 ista
315 440 438 507 vita,
456 453 759 512 manu
780 437 891 495 Deo
910 434 1370 492 lntellectoanlma
1392 432 1502 505 iam
1530 434 1684 490 beata

139 538 219 604 it;
242 544 425 599 tanien,
451 533 569 603 φύει
615 532 811 586 mltos
860 529 1135 584 molestias
1157 528 1399 598 corporis
1436 526 1681 591 sustinet,

137 623 420 698 mutilum
444 632 525 678 est
542 623 592 678 ei
619 631 738 692 post
779 631 1004 676 mortem
1026 621 1205 675 omnia
1227 620 1327 674 ista
1349 616 1682 674 ineimimuda

137 720 419 776 nutritura.
447 714 583 785 Ergo
602 728 706 769 nec
742 726 886 784 spes,
912 711 1040 768 dum
1072 712 1124 766 in
1160 711 1260 766 hac
1279 719 1362 767 est
1393 711 1518 775 vita,
1560 710 1681 765 ani-

137 825 252 869 IIIttt
277 807 484 865 deserit.
527 805 637 863 Sed
663 818 785 861 cum
823 813 942 875 poet
991 804 1130 860 haue
1165 805 1329 857 vitam
1382 810 1492 857 tota
1518 814 1579 858 se
1628 801 1681 857 in

139 905 277 962 Deum
296 900 590 972 collegerit,
610 899 847 956 charitas
864 907 1027 953 restat
1041 911 1145 968 qua
1174 897 1242 951 ibi
1267 903 1526 951 tenentur.
1549 893 1681 950 Nam

136 1011 280 1069 legito
299 995 515 1052 dice-th
541 1001 623 1050 est
649 992 811 1048 ﬁdem
846 991 1047 1047 habere
1084 988 1229 1060 quod
1255 989 1344 1044 illa
1380 990 1490 1044 sint
1531 998 1676 1055 vera,

134 1089 313 1164 qundo
357 1088 495 1145 nulla
542 1084 799 1142 falsorum
840 1081 1263 1155 interpellatitme
1327 1078 1679 1147 sollicitatur;

135 1196 276 1253 neque
289 1179 567 1253 quidquam
590 1178 915 1249 mercedum
943 1177 993 1233 ei
1020 1182 1207 1239 restat,
1234 1182 1359 1232 eunt
1386 1179 1561 1229 totum
1587 1186 1678 1230 se-

135 1290 234 1332 m
269 1272 546 1345 possideat.
586 1271 711 1326 Tria
735 1270 896 1341 ικιισ
934 1268 1005 1324 εει
1040 1269 1272 1323 meum
1296 1267 1582 1337 pertinent,
1623 1276 1683 1323 ut

134 1382 237 1424 una
258 1367 342 1429 sit.
380 1375 437 1421 ιιι
465 1365 707 1435 aspiciat.
737 1373 798 1418 nt
841 1362 1039 1418 videat.
1070 1360 1187 1417 Alia
1216 1372 1347 1417 vero
1374 1360 1493 1426 tria,
1524 1358 1677 1427 lides,

136 1468 236 1532 lpos
255 1468 304 1515 et
325 1458 574 1519 claritas.
602 1457 781 1527 primo
798 1455 1011 1511 illorum
1034 1457 1195 1509 trium
1213 1458 1269 1508 et
1291 1451 1527 1509 secundo
1541 1464 1682 1508 sem-

136 1568 210 1624 per
231 1563 339 1609 sunt
367 1550 668 1608 amrin
693 1566 709 1604 :
737 1548 897 1604 tertio
921 1560 1055 1604 vero
1095 1548 1149 1603 in
1185 1546 1287 1604 hac
1304 1546 1433 1614 vita,
1462 1544 1675 1615 omnia;

136 1656 231 1714 μι
253 1645 377 1700 huc
398 1644 585 1710 vitant,
606 1641 725 1698 sola
744 1641 999 1698 claritas.

218 1733 424 1792 CAPUT
463 1731 600 1790 Vill.
625 1762 697 1774 —
719 1733 847 1800 ρυω
874 1732 943 1786 ad
978 1732 1382 1803 cognoscendum
1408 1730 1574 1787 Deum

732 1824 1038 1880 Mc

192 1918 263 1975 l5.
295 1906 442 1974 [little
464 1915 671 1986 accipe,
720 1916 988 1987 Quantum
1013 1922 1248 1986 ιιι-ωαξης
1287 1925 1496 1986 tempus
1514 1932 1680 1990 expo-

142 2010 234 2077 scit,
266 2025 324 2066 es
350 2009 435 2064 illa
486 2006 836 2063 similitudine
879 2005 1213 2061 sensibilium
1264 2007 1424 2064 etiam
1451 2006 1524 2064 de
1570 2009 1680 2066 Deo

141 2090 296 2172 Mill
319 2106 453 2155 nunc
479 2107 568 2155 me
587 2088 870 2154 docentc‘.
919 2092 1270 2167 lutelligibilis
1316 2111 1511 2169 nempe
1543 2100 1680 2157 Deus

146 2197 220 2259 ett,
238 2190 365 2246 intell
386 2188 566 2262 gihilia
598 2190 763 2245 etiam
785 2184 872 2242 illa
895 2186 1292 2259 disciplinarum
1319 2191 1678 2259 spectamiua;

145 2284 281 2335 tamen
308 2280 591 2352 plurimam
622 2272 895 2334 tlilferunt.
928 2277 1059 2334 Nam
1103 2286 1159 2333 et
1199 2288 1339 2336 terra
1360 2280 1602 2346 visibilis,
1627 2290 1683 2339 et

147 2364 241 2439 lu;
264 2373 346 2429 sed
375 2382 537 2438 terra,
565 2370 669 2427 nisi
699 2369 819 2425 inec
846 2368 1126 2439 illustrata,
1153 2371 1318 2427 videri
1351 2387 1457 2428 non
1484 2380 1677 2444 potest.

147 2460 319 2537 lauet
341 2466 419 2522 illa
454 2482 579 2538 qua:
634 2462 686 2522 in
714 2460 1009 2536 disciplinis
1055 2467 1352 2535 traduntur,
1386 2482 1505 2539 qua:
1533 2467 1678 2538 quis-

148 2556 236 2627 guis
255 2556 508 2627 intelligit,
548 2552 831 2612 Veris'sitna
862 2570 982 2612 esse
1013 2556 1158 2611 nulla
1187 2555 1515 2611 dubitatione
1549 2572 1680 2612 eon-

150 2646 276 2715 ullit,
302 2649 617 2705 credendum
648 2656 735 2704 est
759 2663 821 2703 ea
849 2663 955 2703 non
991 2663 1149 2718 posse
1194 2647 1435 2718 intelligi,
1467 2647 1569 2702 nisi
1614 2647 1684 2704 ab

152 2734 371 2812 Iliuquasl
391 2755 487 2796 suo
506 2741 624 2797 sole
654 2740 1005 2796 illustrcntur.
1032 2737 1173 2811 Ergo
1206 2740 1473 2811 quomodo
1499 2741 1550 2794 in
1580 2738 1685 2794 hoc

156 2826 236 2888 tib
257 2831 340 2887 tria
362 2833 602 2904 quaedam
637 2830 762 2887 licet
781 2826 1235 2896 animadvertere;
1253 2831 1392 2902 quod
1413 2841 1513 2897 est,
1541 2830 1684 2899 quod

157 2914 296 3001 κιει.
321 2926 452 2997 quod
494 2925 770 2983 illuminat
809 2944 824 2981 :
857 2926 927 2980 ita
957 2923 1009 2980 in
1062 2920 1150 2978 illo
1191 2924 1547 2980 secretissima
1576 2924 1685 2982 Deo

163 3028 278 3088 quem
301 3019 373 3074 vis
413 3019 735 3091 intelligere,
786 3019 882 3073 tria
914 3017 1156 3089 quaedam
1204 3026 1362 3079 Sunt;
1410 3017 1552 3088 quod
1582 3026 1681 3082 est,

162 3104 263 3178 Qud
298 3108 612 3182 intelligitur,
645 3119 702 3165 et
744 3105 887 3180 quod
929 3116 1121 3163 (vetera
1148 3108 1271 3162 facit
1298 3108 1536 3177 intelligi.
1564 3109 1686 3163 lla:c

162 3194 255 3265 tiu,
279 3202 322 3257 id
341 3210 432 3264 est.
462 3203 696 3275 teipsum
722 3209 778 3257 et
804 3198 988 3264 Deum,
1018 3209 1076 3255 ut
1106 3199 1393 3272 intelligas,
1418 3200 1612 3255 docere
1634 3209 1685 3257 te

164 3286 308 3348 adeo.
329 3290 425 3350 Sed
445 3291 719 3367 responde
736 3291 1002 3363 quomodo
1022 3292 1140 3347 haec
1158 3292 1459 3363 acceperis;
1479 3303 1537 3348 ut
1568 3308 1687 3362 pro-

166 3370 330 3453 Milia,
345 3398 405 3443 an
419 3392 473 3443 ut
496 3403 629 3443 Vera
645 3385 673 3442 τ
688 3382 752 3440 Α.
766 3380 928 3440 Plane
944 3393 1000 3439 ut
1026 3376 1345 3455 probabilia;
1372 3384 1495 3439 etin
1513 3397 1684 3452 Spem,

170 3476 276 3546 QII!
304 3468 548 3536 fatendum
577 3484 687 3546 est,
744 3472 1000 3549 majorem
1038 3475 1244 3532 surrexi
1277 3493 1290 3530 :
1323 3491 1448 3531 nam
1492 3485 1684 3546 praeter

179 3560 567 3628 amatam
594 3576 654 3627 et
679 3569 802 3641 pila,
841 3566 971 3623 nihil
995 3568 1092 3625 abs
1118 3577 1170 3624 te
1202 3567 1400 3624 dictum
1443 3567 1686 3639 estquod

183 3658 599 3720 “uitiandeam
628 3660 831 3717 dicere.
858 3653 926 3721 Β.
954 3652 1072 3717 Non
1106 3670 1190 3716 est
1216 3659 1514 3716 mirandum
1539 3680 1552 3716 :
1582 3675 1685 3715 non

178 3744 547 3827 ﬁtquidquam
572 3761 666 3813 est
685 3752 861 3809 adhuc
885 3740 957 3808 ita
995 3750 1319 3824 expositum,
1340 3762 1402 3809 ut
1422 3751 1518 3808 abs
1544 3760 1597 3808 te
1619 3752 1689 3808 sit

172 3830 388 3914 “flanti:
410 3850 701 3921 perceptio.

456 3936 691 4001 CAPUT
728 3934 821 3997 IX.
858 3938 1113 3996 —Amor
1153 3939 1330 3996 nostri.

223 4020 291 4083 16.
323 4028 415 4087 Sed
437 4035 557 4104 quid
586 4030 904 4089 moramur?
933 4031 1301 4104 Aggredienda
1345 4039 1427 4087 est
1456 4031 1539 4087 via
1566 4048 1578 4087 :
1606 4032 1688 4087 vi.

174 4108 343 4176 ductus
364 4134 546 4191 tamen,
569 4122 714 4197 quod
745 4125 995 4197 praecedit
1022 4124 1236 4189 omnia,
1269 4132 1443 4180 utrum
1478 4125 1592 4180 sani
1616 4124 1689 4181 si-

174 4216 275 4264 ιιι.
307 4210 363 4267 Δ.
396 4216 499 4273 llnc
528 4228 583 4273 ιιι
609 4217 831 4283 videris,
859 4218 904 4273 si
956 4217 1041 4272 vel
1081 4215 1134 4271 in
1180 4226 1252 4280 te,
1280 4216 1362 4272 vel
1392 4215 1443 4271 in
1472 4231 1559 4272 me
1586 4210 1688 4271 ali-

175 4308 371 4370 μιιυω
395 4310 628 4380 aspicere
649 4320 802 4383 potes
824 4326 843 4363 :
866 4324 967 4380 ego
982 4308 1260 4380 quaerenti,
1274 4308 1319 4364 si
1344 4308 1471 4379 quid
1494 4308 1687 4374 sentio,

176 4390 465 4462 Who.
507 4396 576 4457 Il.
608 4399 846 4457 Amasne
892 4399 1088 4473 aliquid
1134 4411 1330 4471 prmtcr
1366 4400 1441 4455 tui
1489 4400 1689 4472 Deique

177 4472 437 4547 hlium?
472 4494 533 4548 Α.
576 4490 799 4550 Possem
826 4472 1173 4567 respondere,
1217 4492 1344 4549 nihil
1393 4507 1481 4550 me
1509 4508 1689 4551 amare

179 4572 370 4650 ³11³1⁵,
397 4598 489 4656 pro
523 4602 587 4643 eo
613 4601 772 4646 sensu
794 4587 883 4659 qui
915 4584 1045 4641 mihi
1088 4600 1227 4642 nunc
1261 4593 1370 4650 est;
1404 4585 1498 4640 sed
1528 4585 1690 4645 tutius

179 4664 414 4739 Nec
455 4678 663 4734 nescire
685 4688 791 4734 tne.
827 4672 959 4732 Nam
987 4691 1133 4747 smpe
1161 4675 1289 4731 mihi
1319 4691 1419 4732 usu
1461 4677 1607 4733 venit
1634 4685 1693 4733 ut

182 4758 375 4820 Milia
397 4762 531 4824 nulla
567 4784 627 4827 re
663 4783 751 4825 me
793 4767 1070 4824 crederem
1108 4767 1452 4833 commoveri,
1486 4769 1693 4825 veniret

182 4848 507 4930 l“unid
526 4858 579 4916 in
606 4868 861 4927 mentem,
882 4860 1024 4932 quod
1056 4872 1140 4916 me
1164 4860 1329 4915 multo
1352 4862 1508 4917 aliter
1530 4870 1689 4932 atque

183 4950 555 5025 Μενίππη
583 4962 856 5025 pangeret.
878 4952 1006 5009 ltem
1038 4966 1201 5024 sepe,
1235 4953 1475 5022 quamvis
1505 4953 1556 5006 in
1592 4967 1688 5008 co-

182 5020 431 5107 m
446 5046 533 5097 res
556 5020 734 5115 aliqua
758 5034 998 5098 incidens
1017 5020 1131 5096 non
1151 5057 1237 5097 me
1254 5020 1577 5112 pervellerit,
1606 5058 1691 5099 re.

185 5118 445 5185 “Inui
458 5130 672 5189 veniatis
696 5124 1022 5204 perturbavit
1069 5126 1187 5205 plus
1215 5147 1373 5204 quam
1405 5133 1686 5204 putabam:

187 5206 589 5280 “videtur
606 5224 735 5281 Inibi
761 5224 928 5281 tribus
946 5232 1148 5279 tantum
1170 5222 1329 5279 rebus
1352 5238 1507 5297 posse
1536 5240 1685 5281 como

190 5302 379 5389 ﬁt
395 5320 530 5373 metu
550 5316 849 5375 amissionis
865 5334 1048 5374 eorum
1070 5334 1203 5389 quos
1230 5317 1411 5389 diligo,
1436 5317 1689 5389 ineundo-

465 5411 662 5466 mortis.
689 5408 755 5466 Β.
776 5410 938 5467 Amas
951 5386 1156 5482 ergoet
1181 5386 1346 5464 vitam
1362 5419 1537 5465 tecum
1564 5386 1691 5467 cha-

192 5472 457 5570 “Il
474 5506 701 5570 tlol'um,
713 5512 766 5559 et
785 5502 974 5557 bonam
990 5472 1342 5559 valetudinem
1358 5511 1521 5565 tuam,
1537 5509 1590 5555 et
1606 5500 1687 5557 vi-

582 5590 636 5647 ln
655 5566 985 5664 hoceorpore
1003 5611 1017 5646 τ
1036 5608 1206 5665 neque
1219 5591 1360 5649 enim
1375 5589 1691 5649 aliteramis-

580 5656 945 5739 metueres-tl.
971 5656 1180 5753 Fateor,
1207 5680 1277 5740 ita
1298 5688 1407 5755 est.
1438 5678 1505 5738 Β.
1535 5678 1689 5737 Modo

243 5760 919 5849 mirummirum.

3271 318 3378 389 8‘18

1791 442 1942 504 ergo,
1975 431 2116 503 quod
2140 447 2245 489 non
2275 446 2462 493 omnes
2491 443 2665 494 tecum
2694 445 2820 496 sunt
2840 440 2996 498 amici
3027 440 3120 507 tui,
3154 420 3209 499 el
3232 445 3374 515 quod

1791 530 1879 581 tua
1910 526 2156 583 Valetudo
2185 527 2361 581 minus
2404 530 2604 599 integra
2634 535 2735 599 est,
2777 530 2900 587 facit
2923 533 3104 587 animo
3143 536 3375 591 nonnul-

1791 616 1896 672 lam
1921 618 2288 689 a'gritndinem
2318 635 2332 674 :
2355 635 2477 675 nam
2504 631 2559 677 et
2604 621 2656 676 id
2685 635 2803 678 esse
2830 636 3167 697 Consequens
3194 626 3370 684 video.

1789 710 1868 765 A.-
1885 711 2049 768 Recte
2076 713 2253 779 vides;
2301 727 2496 781 negare
2538 729 2642 769 non
2683 728 2920 785 possum.
2944 715 3013 771 Β.
3035 715 3197 785 Quid,
3225 719 3271 774 si
3320 726 3374 778 te

1790 806 2013 878 repente
2042 819 2174 862 sano
2201 821 2322 863 esse
2363 821 2587 877 corpore
2610 808 2811 864 sentias
2838 817 2893 864 et
2920 809 3135 882 probes,
3166 819 3371 869 tecum-

1788 913 1894 968 que
1921 912 2109 955 omues
2134 913 2269 970 quos
2302 898 2478 970 diligis
2502 897 2854 965 concorditer,
2876 899 3080 957 liberali
3130 902 3241 958 otio
3267 902 3372 961 frui

1788 992 1991 1059 videas,
2011 1008 2187 1048 nonne
2200 993 2527 1062 aliquantum
2549 990 2644 1047 tibi
2662 991 2821 1047 etiam
2839 993 3018 1049 lmlitia
3030 995 3367 1068 gestiendum

1787 1080 2127 1141 est?A.Vere
2144 1086 2499 1157 aliquantum;
2524 1085 2650 1148 imo,
2672 1086 2716 1142 si
2743 1086 2858 1142 haec
2880 1090 3195 1158 prmsertim,
3221 1096 3276 1147 ut
3295 1088 3370 1148 di-

1787 1177 1886 1241 cis,
1911 1188 2134 1250 repente
2163 1177 2522 1249 provenerint,
2547 1178 2761 1250 quando
2785 1195 2871 1235 me
2895 1183 3132 1251 capiam;
3154 1182 3370 1256 quando

1788 1265 1840 1326 ld
1859 1285 2023 1341 genus
2037 1272 2213 1341 gaudii
2238 1272 2320 1328 vel
2339 1270 2676 1328 dissimulare
2691 1266 3005 1343 permittar?
3020 1273 3085 1331 Η.
3105 1276 3365 1337 Omnibus

1785 1358 1948 1435 igitur
1974 1363 2147 1419 adhuc
2168 1363 2370 1419 morbis
2396 1364 2557 1419 animi
2582 1372 2638 1421 et
2670 1366 3159 1434 perturbatiOnibus
3196 1372 3364 1442 agitac

1784 1455 1880 1511 ris.
1921 1454 2176 1526 Quzcnam
2208 1471 2338 1524 ergo
2372 1456 2553 1511 talium
2588 1455 2869 1512 oculorum
2900 1457 3220 1527 impudentia
3264 1471 3367 1534 est,

1785 1549 1925 1604 velle
1965 1548 2111 1603 illum
2147 1546 2315 1603 solem
2362 1545 2680 1603 videreiA.
2741 1545 2815 1603 Ita
2863 1549 3167 1605 conclusisti
3218 1557 3372 1625 quasi

1783 1648 2005 1713 prorsus
2042 1654 2147 1694 non
2183 1639 2410 1695 sentiam
2436 1648 2693 1710 quantum
2718 1637 2923 1694 sanitas
2944 1654 3061 1695 mea
3086 1656 3364 1712 promove.

1783 1732 1877 1801 rit,
1902 1739 1995 1787 aut
2013 1730 2139 1803 quid
2168 1732 2395 1801 pestium
2428 1732 2731 1799 recesserit,
2773 1739 3136 1805 quantumque
3160 1734 3370 1791 restitas

1783 1824 1875 1879 rit.
1903 1820 2010 1878 Fac
2033 1838 2118 1877 me
2144 1821 2288 1878 istud
2314 1821 2630 1878 concedere.

1842 1910 2069 1971 CAPUT
2092 1912 2163 1970 Χ.
2182 1941 2259 1954 -
2281 1912 2439 1968 Amor
2462 1929 2630 1968 rerum
2658 1910 2883 1986 corporis
2901 1920 2949 1969 et
2970 1924 3309 1972 meruerunt.

1856 2006 1946 2061 17.
1967 2004 2032 2058 R.
2055 2004 2243 2059 Nonne
2265 2004 2413 2059 vides
2429 2002 2528 2059 hos
2545 2004 2787 2073 corporis
2804 2004 2989 2059 oculos
3006 2005 3166 2061 etiam
3188 2021 3364 2077 sanos,

1784 2094 1902 2152 luce
1931 2096 2059 2150 solis
2090 2094 2241 2150 istius
2272 2106 2414 2164 saepe
2427 2094 2689 2164 repercuti
2710 2102 2764 2150 et
2787 2096 2974 2160 averti,
3007 2106 3169 2168 atque
3187 2097 3254 2153 ad
3283 2099 3372 2155 illa

1784 2200 1879 2247 sua
1910 2190 2137 2245 obseura
2182 2187 2509 2260 confugere?
2551 2186 2631 2244 Tu
2673 2196 2850 2244 autem
2878 2188 3005 2262 quid
3038 2192 3371 2263 promoveris

1785 2283 1985 2355 cogitas
2008 2325 2022 2347 ,
2063 2282 2189 2353 quid
2217 2281 2348 2337 velis
2374 2280 2555 2337 videre
2581 2297 2686 2336 non
2715 2279 2917 2352 cogitas
2946 2298 2961 2335 :
2991 2290 3046 2338 et
3081 2290 3255 2339 tamen
3285 2295 3369 2341 te-

1785 2388 1907 2431 cum
1937 2372 2038 2429 hoc
2069 2374 2242 2443 ipsum
2263 2371 2542 2428 discutiam
2559 2414 2576 2440 ,
2598 2371 2725 2442 quid
2748 2369 3039 2442 profecisse
3064 2386 3162 2429 nos
3192 2382 3369 2446 putas.

1788 2462 2009 2521 Divitias
2049 2464 2222 2520 nullas
2266 2465 2456 2535 cupis?
2482 2463 2547 2519 Α.
2572 2460 2684 2520 Hoc
2711 2464 2926 2535 quidem
2952 2480 3059 2520 non
3099 2482 3239 2521 nunc
3264 2468 3374 2539 pri-

1785 2568 1952 2612 mam.
1982 2555 2113 2612 Nam
2141 2570 2260 2611 cum
2305 2555 2519 2628 triginta
2548 2563 2656 2611 tres
2677 2568 2847 2611 annos
2874 2570 3025 2627 agam
3050 2554 3087 2620 ‘,
3118 2567 3371 2629 quatuor-

1788 2649 1960 2711 decim
1990 2647 2099 2705 fere
2124 2648 2250 2704 anni
2294 2658 2503 2704 suntex
2531 2662 2637 2720 quo
2677 2649 2774 2703 ista
2800 2662 2993 2719 cupere
3028 2648 3241 2718 destiti,
3274 2667 3374 2709 nec

1788 2741 1930 2796 aliud
1955 2739 2241 2811 quidquam
2272 2739 2329 2794 in
2352 2739 2434 2793 his
2452 2780 2468 2806 ,
2491 2739 2535 2793 si
2569 2754 2675 2809 quo
2703 2753 2828 2794 casu
2854 2736 3204 2808 offerrentur,
3237 2756 3376 2813 prte-

1790 2840 1872 2891 ter
1910 2832 2267 2889 necessarium
2292 2833 2487 2887 victum
2538 2830 2919 2901 liberalemque
2947 2849 3098 2888 usum
3127 2833 3373 2904 cogitavi.

1791 2924 2017 2981 Prorsus
2046 2923 2173 2979 mihi
2202 2939 2339 2978 unus
2356 2922 2627 2979 Ciceronis
2656 2923 2789 2978 liber
2814 2922 3064 2979 facillime
3090 2927 3373 2998 persuasit,

1790 3019 1938 3076 nullo
1967 3015 2125 3071 modo
2149 3015 2474 3087 appetendas
2506 3030 2626 3070 esse
2649 3014 2887 3081 divitias,
2918 3014 3013 3070 sed
3041 3017 3085 3072 si
3111 3006 3373 3089 provene-

1789 3112 1934 3178 rint,
1964 3110 2356 3182 sapientissime
2384 3119 2541 3182 atque
2568 3110 2873 3166 cautissime
2901 3108 3370 3169 administrandas.

1792 3196 1860 3261 Ii.
1899 3204 2036 3277 Quid
2067 3198 2337 3261 honores?
2359 3204 2423 3259 Α.
2457 3202 2650 3260 Fateor
2667 3244 2681 3266 ,
2704 3219 2797 3260 eos
2820 3203 2982 3259 modo
3001 3246 3017 3272 ,
3048 3220 3111 3259 ac
3134 3220 3266 3276 pene
3292 3205 3377 3263 his

1792 3292 1979 3354 diebus
2007 3312 2202 3368 cupere
2227 3296 2426 3352 destiti.
2470 3294 2537 3352 Β.
2572 3292 2711 3363 Quid
2733 3294 2909 3350 uxor?
2935 3294 3124 3352 Nonne
3151 3305 3200 3351 te
3224 3295 3374 3370 dde-

1792 3390 1902 3446 clat
1942 3389 2203 3445 interdum
2237 3388 2486 3459 pulchra,
2529 3386 2738 3458 pudica,
2779 3389 3064 3460 morigera,
3108 3388 3337 3446 litterata
3362 3433 3379 3461 ,

1791 3482 1879 3539 vel
1907 3499 2025 3553 quze
2054 3480 2149 3536 abs
2179 3491 2231 3537 te
2273 3479 2429 3538 facile
2477 3479 2643 3551 possit
2685 3480 2920 3544 erudiri,
2964 3480 3191 3562 alierens
3219 3484 3381 3540 etiam

1793 3574 1933 3634 dotis
1960 3587 2161 3633 tantum
2180 3617 2197 3644 ,
2228 3576 2476 3646 quoniam
2506 3574 2804 3631 contemnis
2832 3574 3081 3643 divitias,
3121 3583 3379 3647 quantum

1794 3685 1913 3726 eam
1940 3684 2160 3742 prorsus
2189 3664 2358 3723 nihilo
2384 3666 2542 3723 faciat
2560 3681 2842 3722 onerosam
2870 3668 2982 3723 otio
3012 3676 3123 3732 tuo,
3154 3682 3383 3739 prteser-

1795 3758 1889 3818 tim
1935 3762 1980 3818 si
2022 3774 2207 3832 speres
2244 3768 2527 3830 certusque
2572 3757 2646 3813 sis
2684 3757 2908 3813 nihilex
2936 3772 2998 3816 ea
3027 3766 3079 3813 te
3119 3759 3384 3818 molestia

1793 3868 1912 3912 esse
1932 3850 2247 3927 passurum?
2262 3850 2327 3906 Α.
2351 3849 2748 3919 Quantumlibet
2772 3850 2906 3906 velis
2927 3866 3045 3906 eam
3067 3852 3286 3925 pingere
3299 3863 3381 3909 at-

1794 3965 1897 4023 que
1916 3946 2187 4004 cumulare
2212 3945 2364 4001 bonis
2390 3943 2667 4012 omnibus,
2704 3943 2833 3998 nihil
2860 3944 2989 4000 mihi
3030 3955 3136 3999 tam
3178 3947 3380 4017 fugien-

1794 4028 1921 4096 dum
1958 4054 2114 4110 quam
2154 4037 2492 4092 concubitum
2519 4050 2639 4091 esse
2664 4034 2878 4092 decrevi
2906 4054 2920 4089 :
2951 4034 3081 4091 niltil
3109 4051 3234 4094 esse
3257 4053 3380 4096 sen-

1796 4126 1871 4189 tio
1895 4130 2035 4203 quod
2063 4130 2230 4200 magis
2247 4144 2313 4184 ex
2338 4143 2460 4184 arce
2475 4126 2686 4197 dcjiciat
2709 4126 2945 4181 animum
2962 4128 3194 4196 virilem,
3219 4145 3381 4200 quam

1796 4214 2157 4279 blandimenta
2208 4219 2461 4283 feminea,
2505 4231 2896 4288 corporumque
2938 4215 3027 4273 ille
3064 4228 3381 4284 contactus,

1796 4314 1912 4370 sine
1938 4327 2044 4385 quo
2074 4326 2208 4366 uxor
2238 4309 2417 4364 haberi
2460 4324 2563 4363 non
2602 4314 2793 4378 potest.
2836 4304 3045 4377 Itaque,
3095 4309 3139 4363 si
3169 4308 3235 4364 ad
3265 4308 3378 4365 ofﬁ-

1795 4407 1936 4463 cium
1967 4404 2195 4476 pertinet
2220 4401 2473 4472 sapientis
2502 4400 2678 4472 (quod
2709 4399 2940 4455 nondum
2970 4401 3228 4472 comperi)
3253 4402 3383 4460 dare

1797 4512 2014 4571 operam
2048 4496 2248 4560 liberis,
2281 4494 2524 4565 quisquis
2553 4493 2625 4548 rei
2656 4492 2809 4562 hujus
2832 4501 3032 4547 tantum
3057 4493 3226 4563 gratia
3253 4509 3383 4550 con-

1796 4588 2037 4657 cumbit,
2082 4586 2357 4643 mirandus
2395 4587 2524 4642 mihi
2552 4584 2719 4641 videri
2760 4592 2969 4654 potest,
3008 4594 3065 4640 at
3091 4601 3219 4643 vero
3250 4588 3380 4667 lmi-

1796 4680 1989 4738 fandns
2011 4680 2155 4735 nullo
2182 4678 2373 4733 modo:
2399 4692 2520 4732 nam
2546 4686 2749 4731 tentare
2777 4675 2881 4731 boc
2901 4675 3246 4745 periculosius
3274 4688 3375 4744 est,

1796 4788 1952 4847 quam
1978 4787 2131 4843 posse
2161 4769 2384 4825 felicius.
2412 4767 2767 4836 Quamobrem
2788 4809 2804 4833 ,
2829 4767 2985 4832 satis,
3018 4769 3212 4835 credo,
3239 4770 3387 4840 juste

1796 4876 1954 4939 atque
1985 4864 2183 4920 utiliter
2204 4878 2300 4935 pro
2320 4863 2561 4919 libertate
2581 4861 2775 4916 anima:
2803 4875 2936 4916 mete
2962 4861 3095 4916 mihi
3124 4863 3381 4933 imperavi

1796 4974 1901 5014 non
1918 4971 2132 5030 cupere,
2158 4972 2261 5010 non
2280 4967 2545 5026 quaerere,
2566 4967 2672 5008 non
2696 4952 2890 5007 ducere
2905 4967 3151 5008 uxorem.
3180 4954 3246 5009 lt.
3266 4953 3382 5013 Non

1796 5067 1897 5125 ego
1936 5064 2081 5107 nunc
2107 5062 2289 5120 qna-ro
2327 5044 2453 5117 quid
2498 5044 2839 5109 decreveris,
2880 5042 2974 5099 scd
3003 5054 3177 5101 utrum
3214 5046 3387 5100 adhuc

1797 5142 2048 5211 luetcris,
2073 5158 2140 5195 au
2174 5154 2302 5195 vero
2318 5139 2427 5210 jam
2456 5137 2625 5208 ipsam
2651 5135 2925 5191 libidinem
2956 5136 3167 5193 viceris.
3197 5137 3383 5206 Agitur

1796 5232 1940 5293 enim
1969 5230 2037 5290 de
2068 5231 2293 5288 sanitate
2317 5228 2592 5286 oculorum
2636 5239 2868 5283 tuorum.
2897 5224 2959 5280 Α.
2997 5227 3222 5282 Prorsus
3252 5225 3383 5279 nihil

1796 5324 2098 5400 ltujusmodi
2124 5338 2330 5396 qumro,
2356 5319 2489 5376 nihil
2515 5318 2796 5385 desidero;
2823 5318 2983 5374 etiam
3012 5333 3131 5373 cum
3158 5315 3380 5368 horrore

1857 5484 1879 5518 ⁸
1900 5489 1951 5532 ιιι
1967 5480 2135 5532 culice
2164 5475 2567 5542 Regio-ﬂontensi
2584 5484 2770 5524 necnon
2792 5470 2841 5521 in
2874 5471 3030 5542 tribus
3067 5474 3152 5542 ext
3168 5465 3230 5542 ﬁs
3259 5472 3385 5542 quos

1792 5544 2116 5603 wvauieuscs
2131 5533 2472 5603 inspexerunt,
2491 5538 2716 5603 habetur,
2736 5546 2884 5602 mg"
2911 5537 3241 5603 magna;
3251 5533 3387 5603 sten-

1795 5594 1941 5665 doSe;
1961 5602 2200 5667 siquidem
2209 5594 2583 5667 'quatuordéct'm
2600 5599 2701 5667 fere
2716 5594 2831 5644 armi
2844 5597 3180 5667 creatisque
3194 5594 3384 5667 (acer:

1794 5644 2212 5725 E‘S’iid'r'i'eiigaiii
2222 5644 2790 5725 τιῖέεὶελῖ
2821 5651 2954 5725 atqui

1799 5700 2795 5784 ἒῖηόἒέιὶιῖὶζὶῖιὶὸρὶῖξξέῦῖτάἰῑὲῐῐηῖῖεε
2823 5700 2995 5784 erat;
3011 5712 3215 5759 em
3249 5700 3333 5754 ιω.
3349 5700 3383 5754 τ

1799 5768 2540 5852 ὖῦἶὶζὲῖἰιιὶῗῧῶιιιη
2553 5776 2795 5836 audeam,
2810 5782 2914 5834 cap.
2934 5768 3009 5819 90.
