3880 6420
475 334 583 394 8⁸19

446 490 451 495 η
476 462 642 523 atque
669 442 1043 518 aspernatione
1081 437 1205 495 talia
1232 431 1505 491 recordor.
1534 427 1671 499 Quid
1700 428 1780 482 vis
1799 420 2066 497 amplius?

476 547 546 604 Et
584 543 686 597 hoc
710 536 839 593 mihi
876 534 1075 590 bonum
1103 532 1155 586 in
1198 527 1316 583 dies
1342 523 1572 581 crescit:
1606 534 1727 576 nam
1749 528 1948 589 quanto
1969 529 2067 568 au-

478 643 635 708 getur
659 644 783 700 spes
807 623 1049 682 videnda:
1089 622 1229 678 illius
1253 633 1357 689 qua
1384 614 1733 671 vehementer
1756 616 1925 663 mstuo
1953 605 2069 676 pul-

479 701 833 785 chritudinis.
866 726 1015 771 tanto
1042 713 1109 769 ad
1157 712 1301 768 illam
1347 717 1489 763 totus
1530 718 1681 760 amor
1725 701 2073 770 voluptasque

482 813 834 875 c0nvertitur.
855 809 922 865 R.
945 804 1083 877 Quid
1108 803 1350 860 ciborum
1374 794 1713 870 jucunditas?
1741 799 1954 862 quantae
1979 786 2075 842 tibi

482 923 626 968 cura:
651 903 771 962 est?
799 901 865 956 Α.
895 900 967 955 Ea
990 912 1109 969 qua:
1124 893 1281 950 statui
1308 906 1414 948 non
1435 888 1596 945 edere
1616 926 1631 950 ,
1661 883 1794 940 nihil
1819 898 1905 938 me
1930 894 2075 935 com-

484 1004 720 1058 movent.
759 994 827 1049 lis
861 1000 1038 1047 autem
1078 1001 1196 1058 quae
1237 998 1344 1039 non
1372 978 1638 1050 amputavi
1660 1017 1676 1043 ,
1708 973 1961 1030 delectari
1990 984 2078 1024 me

485 1086 842 1165 praesentibus
867 1082 1056 1148 lateor,
1087 1080 1158 1134 ita
1184 1087 1362 1132 tamen
1385 1081 1444 1129 ut
1471 1072 1587 1126 sine
1614 1070 1719 1124 ulla
1746 1064 2081 1137 permotione

486 1158 653 1242 animi
682 1179 763 1236 vel
792 1177 904 1233 visa
934 1173 1020 1229 vel
1058 1179 1267 1244 gustata
1299 1163 1694 1222 subtrahantur.
1727 1158 1860 1214 Cum
1903 1162 2080 1210 autem

488 1293 598 1335 non
626 1272 819 1329 adsunt
845 1243 1102 1338 prorsus,
1136 1277 1242 1317 non
1283 1257 1442 1314 audet
1465 1254 1583 1310 haec
1621 1248 1874 1322 appetitio
1903 1261 1962 1301 se
1997 1243 2082 1297 in-

489 1381 671 1428 serere
712 1361 780 1418 ad
829 1335 1268 1431 impedimentum
1314 1346 1723 1422 cogitationibus
1773 1340 1926 1396 meis.
1977 1335 2083 1393 Sed

490 1458 713 1517 omnino
741 1454 855 1510 sive
874 1450 941 1508 de
963 1448 1084 1505 cibo
1112 1455 1167 1503 et
1195 1453 1359 1517 potu,
1383 1442 1495 1497 sive
1521 1438 1589 1494 de
1611 1435 1846 1501 balneis,
1873 1441 2088 1488 caetera-

490 1566 599 1622 que
625 1542 866 1617 corporis
897 1541 1169 1611 voluptate
1209 1534 1340 1591 nihil
1384 1536 1711 1599 interroges:
1745 1532 1949 1580 tantum
1993 1521 2088 1575 ha-

496 1612 629 1700 bere
658 1612 850 1711 appeto
874 1636 892 1668 ⁸
922 1677 937 1704 ,
975 1638 1231 1704 quantum
1256 1627 1310 1682 in
1333 1622 1650 1681 valetudinis
1678 1633 1833 1690 opem
1858 1612 2089 1671 conferri

494 1743 693 1808 potest.

495 1795 723 1882 hAPUT
767 1814 1189 1877 XL—Externa
1215 1808 1477 1867 commoda
1512 1823 1611 1861 non
1652 1812 1856 1876 propter
1874 1815 1960 1865 se,
2003 1795 2092 1852 sed

571 1924 778 1989 propter
819 1911 924 1967 alia
956 1926 1073 1965 vera
1100 1907 1232 1961 bona
1268 1911 1477 1976 possunt
1517 1896 1712 1954 admitti
1740 1894 1904 1950 verius
1941 1904 2093 1964 quant

572 2005 761 2077 expeti.

581 2068 670 2157 ιέ.
698 2097 761 2154 R.
791 2094 1012 2151 Multum
1041 2087 1309 2162 proiecisti
1335 2105 1347 2141 :
1379 2099 1443 2141 ea
1462 2093 1635 2138 tamen
1656 2093 1774 2150 quae
1799 2080 2002 2132 restant
2029 2068 2097 2125 ad

505 2190 788 2250 videndam
815 2188 960 2243 illam
990 2183 1185 2249 lucem,
1212 2178 1502 2251 plurimum
1520 2170 1835 2244 impediunt.
1857 2164 1965 2222 Sed
1993 2176 2100 2218 mo-

504 2286 611 2342 lior
636 2279 832 2354 aliquid
858 2274 1003 2350 quod
1025 2274 1153 2330 mihi
1179 2271 1388 2326 videtur
1409 2265 1565 2323 facile
1585 2260 1828 2325 ostendi;
1854 2264 1946 2311 aut
1971 2253 2100 2309 nihil

501 2370 859 2434 edomandum
888 2366 1040 2424 nobis
1067 2376 1379 2426 remanere,
1421 2366 1513 2412 aut
1552 2352 1688 2409 nihil
1740 2363 1839 2404 nos
1883 2342 2102 2401 omnino

504 2465 822 2540 profecisse,
855 2458 1199 2526 omniumque
1220 2453 1428 2507 illorum
1456 2462 1573 2518 qua:
1601 2452 1808 2500 resecta
1834 2437 2103 2494 credimus

506 2557 688 2614 tabent
717 2565 958 2610 manere.
986 2547 1117 2602 Nam
1146 2557 1326 2616 quacro
1350 2541 1446 2595 abs
1472 2547 1522 2593 te
1547 2579 1562 2603 ,
1588 2536 1631 2590 si
1662 2533 1755 2588 tibi
1779 2526 2104 2603 persuadea-

505 2657 596 2703 tur
615 2644 771 2700 aliter
798 2655 920 2696 cum
951 2634 1136 2692 multis
1163 2627 1489 2688 charissimis
1523 2627 1627 2681 tuis
1648 2636 1698 2679 te
1728 2623 1780 2677 in
1810 2618 1986 2675 studio
2014 2632 2102 2673 sa-

468 2803 474 2807 ,
508 2736 724 2811 pientize
751 2750 855 2790 non
886 2744 1045 2803 posse
1066 2726 1243 2782 vivere
1265 2767 1278 2792 ,
1315 2721 1415 2777 nisi
1446 2721 1619 2788 ampla
1644 2731 1729 2771 res
1750 2713 1922 2784 aliqua
1955 2707 2106 2764 fami-

506 2829 658 2887 liaris
686 2824 1032 2883 necessitates
1055 2826 1260 2873 vestras
1286 2812 1549 2869 suStinerc
1580 2807 1776 2878 possit;
1807 2816 1983 2858 nonne
2007 2798 2105 2855 de-

506 2918 774 2980 siderabis
798 2914 1009 2971 divitias
1039 2919 1093 2967 et
1125 2904 1375 2979 optabis?
1411 2903 1477 2957 Α.
1509 2897 1806 2955 .-\s»er.tior.
1838 2895 1904 2949 Β.
1933 2891 2069 2961 Quid
2089 2932 2104 2959 ,

511 3014 560 3071 si
582 3012 741 3070 etiam
767 3006 895 3064 illud
923 3010 1197 3076 appareat,
1228 3006 1283 3053 ct
1311 2994 1490 3051 multis
1515 3000 1563 3047 te
1592 3001 1965 3061 persuasurum
1987 2998 2108 3039 esse

511 3101 866 3176 sapientiam,
918 3095 963 3151 si
1013 3092 1107 3148 tibi
1150 3091 1216 3145 de
1255 3088 1460 3143 honore
1505 3082 1791 3137 auctoritas
1834 3077 2106 3145 creverit,

511 3169 713 3266 eosque
738 3191 882 3262 ipsos
917 3184 1207 3241 familiares
1240 3190 1360 3235 tuos
1390 3194 1493 3233 non
1528 3190 1686 3245 posse
1732 3169 2112 3243 cupiditatibus

512 3283 627 3341 suis
666 3278 881 3337 modum
930 3277 1233 3344 imponere,
1295 3285 1457 3339 seque
1503 3276 1644 3321 totos
1686 3271 1997 3318 convertere
2042 3259 2111 3316 ad

515 3369 863 3445 qumrendum
883 3366 1072 3430 Deum,
1103 3361 1204 3417 nisi
1229 3369 1282 3414 et
1308 3359 1408 3429 ipsi
1436 3356 1633 3412 fuerint
1660 3353 1927 3419 honorati,
1954 3352 2113 3423 idque

516 3442 621 3520 nisi
647 3475 741 3531 per
775 3467 898 3513 tuos
927 3454 1158 3510 honores
1185 3449 1602 3520 dignitatemque
1631 3445 1747 3501 ﬁeri
1775 3459 1881 3499 non
1908 3442 2114 3515 posse?

516 3568 701 3612 nonne
725 3550 823 3606 ista
852 3549 1013 3604 etlam
1041 3540 1392 3600 desideranda
1425 3548 1611 3606 erunt,
1648 3546 1700 3593 et
1724 3546 1780 3592 ut
1804 3535 2116 3608 proveniant

519 3652 847 3714 magnopere
872 3634 1196 3693 instandum.
1225 3631 1291 3688 Α.
1313 3630 1391 3687 Ita
1413 3638 1495 3686 est
1524 3639 1580 3685 ut
1616 3628 1770 3684 dicis.
1803 3626 1871 3683 R.
1898 3626 2015 3682 Jam
2047 3624 2115 3682 de

521 3748 690 3790 uxore
714 3730 847 3788 nihil
871 3728 1116 3799 disputo;
1140 3725 1367 3781 fortasse
1395 3724 1535 3778 enim
1566 3737 1675 3777 non
1697 3726 1901 3792 potest,
1932 3728 1987 3773 ut
2016 3718 2115 3773 du~

521 3836 706 3893 catur,
755 3823 984 3881 existere
1019 3819 1138 3876 talis
1164 3817 1454 3873 necessitas
1484 3834 1496 3869 :
1528 3830 1828 3887 quanquam
1853 3856 1867 3882 ,
1916 3813 1960 3868 si
1999 3811 2116 3881 ejus

522 3907 707 3990 amplo
734 3913 1056 3990 patrimonio
1080 3920 1284 3969 certum
1314 3910 1383 3964 sit
1415 3907 1704 3964 sustentari
1748 3920 1905 3977 posse
1930 3918 2116 3959 omnes

441 4021 446 4027 '
522 4026 659 4085 quos
679 4018 855 4066 tecum
877 4006 935 4062 in
956 4019 1060 4060 uno
1085 4003 1207 4059 loco
1226 4002 1407 4057 vivere
1431 4001 1601 4057 otiose
1621 3998 1791 4069 cupis,
1823 3998 1937 4066 ipsa
1956 3996 2117 4051 etiam

523 4099 865 4159 concorditer
890 4096 944 4152 id
970 4096 1213 4160 sinente,
1257 4091 1557 4163 praesertim
1599 4090 1642 4145 si
1671 4088 1884 4161 generis
1922 4086 2116 4142 nobili-

524 4204 635 4252 tate
664 4201 809 4249 tanta
833 4190 1059 4262 polleat,
1082 4197 1142 4243 ut
1175 4185 1408 4241 honores
1428 4185 1548 4240 illos
1573 4200 1707 4254 quos
1726 4197 1845 4238 esse
1872 4195 2119 4237 accessa.

524 4288 636 4344 rios
656 4286 765 4358 jam
787 4281 1014 4349 dedisti,
1039 4293 1134 4350 per
1156 4292 1273 4334 eam
1298 4275 1449 4331 facile
1476 4273 1695 4345 adipisci
1715 4272 1909 4345 possis,
1936 4271 2119 4326 nescio

525 4387 705 4434 utrum
734 4376 999 4448 pertineat
1037 4371 1105 4427 ad
1148 4369 1382 4426 ofﬁcium
1411 4376 1561 4423 tuum
1606 4365 1707 4421 ista
1754 4374 2116 4420 contemnere.

527 4470 593 4527 Α.
620 4467 844 4537 Quando
872 4481 971 4537 ego
990 4461 1132 4519 istud
1159 4474 1378 4532 sperare
1401 4457 1668 4514 audeam?

602 4560 691 4618 l9.
720 4559 788 4616 Β.
824 4557 898 4613 lta
949 4555 1089 4612 istud
1124 4552 1286 4620 dicis,
1338 4551 1490 4622 quasi
1537 4562 1638 4620 ego
1677 4562 1818 4603 nunc
1852 4546 2119 4617 requiram

531 4654 662 4726 quid
691 4666 896 4724 speres.
931 4649 1050 4705 Non
1077 4661 1258 4718 quaero
1296 4644 1423 4716 quid
1452 4651 1696 4714 negatum
1727 4658 1833 4697 non
1859 4640 2117 4707 delectet,

533 4744 630 4800 sed
674 4742 766 4813 qui
805 4740 1037 4796 delectet
1072 4736 1329 4793 oblatum.
1381 4731 1535 4789 Aliud
1559 4741 1643 4790 est
1680 4733 1821 4787 enim
1865 4732 2121 4787 exhausta

533 4835 703 4909 pestis
725 4875 740 4900 ,
790 4831 932 4887 aliud
978 4828 1273 4898 consopita.
1303 4827 1385 4882 Ad
1425 4825 1528 4882 hoc
1556 4825 1699 4882 enim
1735 4825 1878 4881 valet
1919 4824 2059 4896 quod
2091 4839 2121 4880 a

535 4920 854 4999 quibusdam
889 4921 1061 4978 doctis
1097 4918 1224 4974 viris
1247 4917 1445 4974 dictum
1473 4925 1589 4985 est,
1622 4918 1692 4971 ita
1719 4931 1904 4971 omnes
1931 4916 2124 4972 stultos

537 5020 759 5075 insanos
798 5029 948 5079 esse,
977 5021 1035 5068 ut
1061 5012 1199 5067 male
1222 5011 1365 5067 olere
1390 5025 1547 5065 omne
1574 5024 1785 5065 caenum
1806 5049 1822 5075 ,
1852 5008 1991 5080 quod
2019 5022 2122 5063 non

537 5121 787 5179 semper,
833 5104 928 5162 sed
952 5104 1077 5160 dum
1105 5116 1439 5169 commoves,
1468 5101 1686 5156 sentias.
1716 5099 1933 5155 Multum
1961 5100 2127 5157 inter-

539 5208 626 5258 est
650 5208 828 5255 utrum
876 5196 1039 5253 animi
1067 5194 1438 5266 desperatione
1459 5193 1714 5248 obruatur
1734 5190 1996 5265 cupiditas
2015 5234 2028 5257 ,
2056 5208 2126 5248 an

541 5296 769 5351 saturitate
807 5291 1054 5363 pellatur.
1093 5289 1157 5345 Α.
1183 5288 1493 5359 Quanquam
1524 5286 1617 5342 tibi
1654 5287 1977 5355 respondere
2019 5303 2128 5343 non

444 5411 446 5413 ν
538 5398 784 5457 possum,
813 5397 1084 5455 nunquam
1106 5390 1283 5437 tamen
1311 5379 1440 5434 mihi
1467 5377 1810 5448 persuadebis
1834 5387 1891 5432 ut
1921 5377 2019 5433 hac
2045 5379 2127 5433 af-

540 5477 771 5534 fectione
807 5476 1003 5532 mentis
1021 5515 1036 5538 ,
1062 5487 1167 5545 qua
1207 5486 1348 5526 nunc
1375 5485 1461 5525 me
1488 5484 1608 5525 esse
1632 5470 1802 5524 sentio
1821 5512 1836 5536 ,
1885 5471 2018 5526 nihil
2043 5488 2131 5529 me

541 5564 838 5637 proiecisse
881 5564 1131 5621 arbitrer.
1164 5560 1232 5616 Β.
1263 5560 1438 5615 Credo
1467 5568 1744 5630 propterea
1788 5559 1882 5615 tibi
1927 5561 2028 5619 hoc
2055 5564 2131 5618 vi-

546 5688 941 5816 [1:31.511th
972 5695 1082 5757 peto
1101 5699 1121 5741 :
1137 5684 1315 5740 melius
1332 5685 1573 5750 anglieani
1593 5693 1718 5748 uss,
1737 5686 1912 5741 habere
1943 5694 2131 5757 appeto.

1597 303 2153 377 SOLlLOQUlORUM
2190 303 2246 359 S.
2289 299 2652 359 AUGUSTINI

2176 419 2326 485 deri,
2372 419 2493 490 quia
2531 415 2773 488 quamvis
2816 415 2913 470 ista
2958 423 3144 486 optare
3183 427 3389 486 posses,
3427 428 3521 471 non
3543 424 3691 473 tamen

2176 518 2393 580 propter
2410 509 2585 578 seipsa
2606 548 2622 571 ,
2650 507 2744 563 sed
2771 515 2988 576 propter
3016 505 3157 561 aliud
3182 504 3457 575 expetenda
3491 506 3697 563 videren-

2179 611 2283 656 tur.
2310 600 2376 654 Α.
2424 599 2533 654 lloc
2560 607 2644 654 est
2666 597 2806 669 quod
2835 598 3016 653 dicere
3036 596 3305 665 cupiebam
3332 614 3345 651 :
3386 611 3494 652 nam
3522 600 3696 671 quando

2178 692 2474 749 desideravi
2502 690 2743 756 divitias,
2791 689 2911 744 ideo
2951 688 3247 744 desideravi
3276 700 3330 743 ut
3355 688 3489 744 dives
3519 706 3696 758 essent,

2182 785 2519 855 honoresque
2545 785 2709 854 ipsos,
2738 797 2963 854 quorum
2985 782 3320 853 cupiditatem
3350 782 3495 838 modo
3511 798 3584 839 me
3608 800 3701 854 per-

2183 877 2454 934 domuisse
2495 875 2785 947 respnndi,
2833 891 3020 933 eorum
3070 875 3252 930 nescio
3276 891 3376 946 quo
3403 880 3555 931 nitore
3586 877 3702 933 delc-

2183 980 2356 1025 ctatus
2383 968 2626 1026 volebam
2651 985 2667 1034 ;
2715 967 2953 1039 nihilque
2975 965 3120 1021 aliud
3148 968 3199 1021 in
3233 983 3390 1022 uxore
3425 982 3613 1039 semper
3640 980 3704 1025 at-

2185 1060 2368 1123 tendi,
2410 1075 2532 1114 cum
2572 1059 2807 1127 attendi,
2854 1059 2955 1115 nisi
3002 1073 3160 1129 quam
3199 1058 3325 1113 mihi
3366 1059 3578 1115 efﬁceret
3614 1077 3708 1116 cum

2185 1151 2325 1206 bona
2357 1149 2493 1206 fama
2520 1150 2868 1220 voluptatem.
2890 1124 3040 1205 Tune
3061 1158 3180 1205 erat
3203 1149 3412 1204 istorum
3433 1149 3482 1204 in
3516 1166 3590 1205 me
3615 1168 3709 1208 vera
3761 1124 3772 1209 ί

2188 1244 2479 1312 cupiditas;
2513 1256 2654 1298 nunc
2673 1257 2738 1298 ea
2755 1241 2931 1297 omnia
2962 1256 3181 1312 prorsus
3204 1256 3450 1310 aspernor
3469 1260 3482 1297 :
3498 1244 3581 1305 sed
3603 1244 3640 1298 si
3660 1245 3711 1299 ad

2190 1335 2282 1390 i'lla
2306 1350 2427 1406 quae
2451 1335 2607 1405 cupio
2633 1349 2738 1391 non
2770 1334 2869 1389 nisi
2892 1349 2987 1405 per
3005 1333 3122 1389 haec
3147 1334 3274 1389 mihi
3302 1335 3537 1390 transitus
3558 1340 3709 1402 datur,

2190 1444 2297 1484 non
2339 1427 2703 1499 amplectenda
2747 1436 2979 1498 appeto,
3023 1427 3119 1482 sed
3162 1428 3328 1483 subeo
3366 1427 3628 1485 toleranda.
3658 1428 3711 1483 Β.

2191 1520 2403 1591 Optime
2445 1519 2706 1574 omnino:
2745 1534 2867 1573 nam
2908 1532 3011 1573 nec
3048 1532 3152 1589 ego
3195 1518 3414 1573 ullarum
3449 1534 3607 1574 rerum
3641 1534 3715 1574 vo-

2193 1611 2416 1666 candum
2452 1620 2581 1682 puto
2602 1610 2945 1684 cupiditatem
2967 1651 2984 1679 ,
3010 1625 3136 1682 qua:
3179 1619 3391 1682 propter
3413 1612 3542 1669 aliud
3574 1613 3715 1684 requi-

2194 1714 2403 1760 l'llllllli‘.

2196 1795 2424 1853 CAPUT
2451 1795 2568 1851 ΧΠ.
2583 1826 2656 1837 -
2677 1795 2830 1867 Nihil
2847 1796 3183 1867 «petendum
3203 1795 3302 1850 nisi
3319 1804 3544 1867 quatenus
3562 1795 3716 1851 conda-

2269 1867 2688 1993 Zgoqtfusummum
2707 1866 2922 1936 bonum,
2945 1867 3074 1923 nihil
3092 1867 3395 1922 horrendam:
3414 1867 3505 1922 nisi
3523 1879 3719 1939 quaeaut

2269 2031 2361 2086 20.
2390 2029 2496 2086 Sed
2530 2045 2713 2103 qumro
2735 2030 2833 2087 abs
2858 2038 2942 2099 te,
2970 2045 3070 2087 cur
3098 2045 3195 2087 eos
3229 2029 3463 2085 homines
3496 2045 3608 2101 quos
3628 2029 3718 2084 dili-

2201 2124 2308 2196 gis,
2330 2124 2412 2180 vel
2434 2124 2631 2192 vivere,
2662 2125 2744 2179 vel
2766 2132 2941 2179 tecum
2966 2123 3148 2178 vivere
3175 2120 3465 2193 cupias?A.
3485 2118 3716 2177 Utanimas

2204 2224 2414 2271 nostras
2441 2225 2495 2271 et
2524 2215 2690 2270 Deum
2740 2214 2897 2270 simul
2942 2212 3282 2270 concorditer
3320 2212 3624 2283 inquiramus.
3666 2212 3717 2264 Ita

2205 2309 2346 2363 enim
2379 2307 2533 2362 facile
2563 2306 2648 2361 cui
2679 2305 2843 2377 priori
2868 2306 3133 2377 contingit
3167 2303 3432 2370 inventio,
3467 2312 3716 2359 cmteroseo

2205 2398 2323 2454 sine
2351 2398 2531 2453 labore
2562 2397 2820 2468 perducit.
2845 2392 2913 2450 R.
2936 2395 3074 2465 Quid
3096 2439 3112 2464 ,
3141 2396 3188 2451 si
3215 2380 3394 2452 nolunt
3418 2394 3519 2449 hrec
3535 2393 3593 2448 illi
3612 2408 3717 2462 quae-

2206 2492 2366 2548 rere?
2384 2492 2448 2545 Α.
2471 2491 2809 2547 Persuadebo
2833 2500 2890 2546 ut
2913 2490 3100 2546 velint.
3126 2490 3196 2547 Β.
3227 2489 3379 2558 Quid,
3406 2490 3447 2545 si
3465 2504 3555 2544 non
3572 2488 3715 2559 possis,

2207 2586 2293 2642 vel
2321 2585 2460 2657 quod
2494 2600 2552 2642 se
2581 2584 2850 2641 invenisse
2885 2584 2992 2655 iam
3014 2627 3029 2651 ,
3070 2585 3160 2641 vel
3198 2583 3339 2656 quod
3365 2584 3458 2638 ista
3485 2598 3572 2636 non
3602 2595 3717 2651 posse

2212 2680 2437 2736 inveniri
2467 2679 2821 2746 arbitrantur,
2850 2678 2932 2734 vel
2959 2678 3105 2750 quod
3132 2680 3357 2733 aliarum
3380 2691 3536 2732 rerum
3558 2673 3717 2729 curiset

2211 2771 2477 2828 desiderio
2507 2769 2942 2842 praepediuntur?
2980 2769 3047 2823 A.
3077 2769 3299 2826 ilabebo
3321 2783 3439 2832 eos,
3462 2777 3508 2822 et
3532 2765 3612 2836 ipsi
3630 2778 3715 2828 me,

2211 2864 2350 2921 sicut
2379 2877 2682 2934 possumus.
2730 2860 2796 2916 Β.
2826 2859 2962 2928 Quid
2980 2902 2996 2929 ,
3026 2860 3075 2917 si
3106 2870 3160 2916 te
3198 2862 3267 2915 ab
3305 2857 3579 2930 inquirendo
3600 2855 3715 2909 etiam

2215 2954 2470 3024 impediat
2508 2968 2693 3008 eorum
2735 2950 3063 3022 pnesentia?
3114 2966 3294 3006 nonne
3334 2948 3564 3005 laborahis
3602 2953 3717 3012 atque

2213 3044 2423 3117 Optabis
2442 3086 2458 3112 ,
2490 3045 2536 3099 si
2575 3043 2730 3098 aliter
2754 3057 2875 3098 esse
2902 3057 3011 3097 non
3055 3050 3310 3113 possunt,
3353 3054 3449 3094 non
3472 3048 3606 3092 tecum
3628 3046 3712 3088 esse

2216 3135 2391 3207 potius
2429 3150 2585 3203 quam
2631 3134 2709 3188 sic
2752 3132 3001 3189 esseiA.
3035 3131 3267 3200 Fateor,
3318 3131 3385 3186 ita
3425 3136 3564 3184 estut
3594 3122 3706 3178 dicis.

2217 3226 2286 3281 R.
2317 3226 2432 3281 Non
2465 3227 2623 3297 igitur
2645 3240 2832 3281 eorum
2862 3224 2946 3280 vel
2974 3224 3142 3279 vitam
3169 3224 3251 3279 vel
3298 3219 3581 3294 przcsentiam
3614 3230 3709 3285 pru-

2216 3329 2335 3391 pter
2361 3320 2620 3389 seipsam,
2667 3317 2762 3373 sed
2807 3326 3026 3389 propter
3073 3314 3436 3372 inveniendam
3478 3309 3713 3380 sapientiam

2218 3411 2409 3481 cupis?
2452 3409 2517 3463 A.
2547 3409 2773 3465 Prorsus
2802 3408 3087 3464 assentior.
3114 3406 3182 3461 R.
3226 3405 3395 3475 Quid?
3430 3403 3571 3474 ipsam
3599 3398 3717 3451 vitam

2219 3513 2362 3559 tuam
2399 3503 2442 3557 si
2472 3502 2563 3557 tibi
2593 3509 2799 3557 certum
2826 3507 2968 3556 ρερςει
3010 3498 3385 3570 impedimento
3403 3509 3507 3553 esse
3524 3490 3577 3547 ad
3608 3503 3716 3545 com-

2219 3591 2649 3666 prehendendam
2681 3591 3025 3661 sapientiam,
3080 3590 3249 3645 velles
3278 3604 3389 3644 eam
3440 3581 3714 3641 manerem.

2220 3687 2449 3742 Omnino
2476 3700 2592 3739 eam
2620 3683 2877 3754 fugerem.
2902 3681 2970 3737 Β.
2993 3682 3180 3751 Quid?
3212 3685 3253 3737 si
3278 3680 3523 3738 docercris
3540 3722 3553 3745 ,
3586 3685 3666 3731 tam
3684 3683 3719 3726 te

2220 3778 2407 3835 relicto
2436 3777 2537 3831 isto
2561 3790 2802 3846 corpore,
2837 3789 2994 3845 quam
3026 3776 3078 3829 iu
3116 3776 3231 3845 ipso
3256 3775 3718 3839 constitutum,posse

2222 3868 2288 3924 ad
2336 3868 2649 3938 sapientiam
2696 3867 3009 3935 pervenire,
3039 3881 3258 3922 curares
3286 3874 3446 3921 utrum
3471 3862 3567 3925 hic,
3604 3874 3653 3911 an
3682 3856 3720 3908 in

2222 3960 2325 4015 alia
2351 3960 2456 4014 vita
2482 3974 2547 4014 eo
2571 3957 2711 4028 quod
2736 3958 2913 4029 diligis
2940 3957 3237 4013 fruereris?
3260 3957 3325 4010 Δ.
3352 3955 3407 4010 Si
3430 3951 3544 4008 nihil
3564 3964 3629 4004 mc
3654 3961 3720 4015 pc-

2218 4052 2307 4123 jus
2327 4060 2670 4122 excepturum
2712 4051 3063 4121 iuteiligerem
3084 4093 3100 4118 ,
3134 4051 3275 4123 quod
3305 4053 3589 4117 retroageret
3611 4040 3720 4095 abeo
3818 4080 3819 4105 ἶ

2224 4160 2330 4217 quo
2366 4157 2678 4215 progressus
2706 4158 2824 4199 sum
2847 4184 2860 4209 ,
2910 4157 3016 4198 non
3061 4157 3324 4197 curarem.
3375 4139 3434 4194 It.
3479 4135 3603 4191 Nunc
3631 4144 3721 4198 ergo

2226 4247 2506 4311 propterea
2536 4236 2671 4291 mori
2704 4235 2889 4301 times,
2944 4251 3011 4290 ne
3043 4236 3220 4305 aliquo
3246 4233 3415 4306 pejore
3453 4227 3572 4283 malo
3596 4219 3719 4278 invol-

2224 4333 2401 4399 varis,
2430 4345 2535 4401 quo
2565 4330 2656 4383 tibi
2683 4327 2953 4383 auferatur
2974 4327 3152 4383 divina
3179 4326 3414 4396 cognitio.
3444 4322 3497 4377 Α.
3532 4319 3624 4373 Non
3655 4327 3718 4367 so-

2225 4426 2336 4480 lum
2365 4439 2431 4480 ne
2469 4422 2739 4479 auferatur
2773 4422 2971 4489 timeo,
3017 4421 3063 4475 si
3113 4419 3236 4492 quid
3268 4420 3392 4473 forte
3431 4411 3632 4487 percepi,
3653 4402 3718 4482 sed

2227 4517 2385 4573 etiam
2409 4530 2476 4571 ne
2499 4513 2881 4570 intercludatur
2909 4512 3036 4568 mihi
3066 4490 3240 4567 aditus
3263 4525 3432 4566 eorum
3456 4504 3612 4577 quibus
3633 4512 3720 4570 pcr-

2227 4610 2488 4682 cipiendis
2534 4609 2713 4676 inhio;
2740 4608 2984 4680 quamvis
3024 4607 3166 4679 quod
3206 4606 3310 4678 jam
3355 4613 3525 4665 teneo,
3565 4603 3718 4666 0160"“!

2227 4718 2535 4760 mansurum
2569 4713 2771 4773 putem.
2804 4700 2873 4756 Β.
2895 4700 3012 4756 Non
3048 4702 3207 4772 igitur
3232 4708 3284 4756 et
3309 4698 3453 4753 vitam
3482 4695 3608 4747 istam
3633 4696 3720 4755 PW’

2229 4806 2349 4868 pter
2394 4796 2654 4865 seipsam,
2685 4793 2781 4850 sed
2832 4804 3048 4865 propter
3092 4791 3392 4864 sapientiam
3439 4786 3508 4840 vis
3537 4786 3715 4837 manere.

2228 4889 2295 4944 Α.
2318 4887 2408 4945 Sic
2432 4896 2533 4943 est.

2301 4983 2363 5036 2|
2380 5022 2393 5035 .
2424 4981 2492 5037 R.
2519 4980 2679 5035 Dolor
2703 4978 2943 5049 corporis
2963 4986 3155 5046 restat,
3186 4976 3267 5049 qui
3295 4985 3344 5031 te
3368 4972 3564 5028 fortasse
3589 4960 3630 5016 vi
3649 4968 3716 5013 sua

2234 5080 2556 5152 commovet.
2584 5070 2649 5126 A.
2682 5071 2747 5125 Et
2775 5048 2948 5141 ipsum
2979 5084 3081 5125 non
3103 5069 3171 5124 ob
3187 5048 3321 5123 aliud
3346 5048 3717 5119 veltetnenterfor-

2234 5149 2381 5220 mido
2403 5205 2418 5231 ,
2448 5162 2545 5216 nisi
2590 5162 2710 5232 quia
2734 5177 2819 5216 me
2849 5160 3069 5231 impedit
3103 5177 3132 5215 a
3159 5155 3440 5231 quterendo.
3475 5149 3715 5218 Qttttn'll'am

2237 5257 2378 5313 enim
2399 5254 2662 5311 acerrimo
2676 5254 2757 5307 his
2768 5229 2956 5308 diebus
2977 5254 3118 5309 denti
3127 5229 3391 5307 umdolorc
3404 5229 3713 5313 wmtwialt

2237 5351 2363 5405 non'
2378 5347 2589 5418 quidem
2625 5345 2839 5401 sinebar
2868 5345 3049 5401 animo
3073 5345 3311 5411 volvere,
3345 5335 3435 5395 nisi
3458 5349 3511 5390 ea
3527 5322 3713 5407 qui!!!“

2240 5439 2376 5495 forte
2391 5437 2699 5501 didiceram;
2723 5452 2753 5489 a
2774 5434 3027 5491 discendo
3049 5448 3220 5492 autem
3242 5431 3428 5505 penitus
3440 5413 3717 5494 ἰιηροάὶεδπι

2240 5530 2307 5586 ad
2335 5528 2477 5601 quod
2510 5527 2638 5583 mihi
2668 5535 2772 5582 tota
2802 5527 3091 5597 intentione
3115 5524 3269 5581 animi
3292 5534 3411 5593 opus
3430 5520 3558 5593 erat;
3582 5511 3712 5563 me“

2212 5672 2217 5677 .
2241 5599 2373 5677 mihi
2398 5638 2421 5673 ν
2430 5619 2692 5686 idebatur,
2715 5619 2759 5673 si
2781 5632 2840 5674 se
2860 5618 2948 5674 ille
2970 5620 3231 5675 mentibus
3243 5613 3363 5673 meis
3374 5602 3571 5668 veritatis
3583 5599 3714 5670 ςυιεοτ

2306 5754 2381 5819 (a)
2405 5752 2503 5803 vid.
2528 5751 2614 5804 lib.
2636 5750 2668 5804 9
2684 5750 2837 5816 conn,
2858 5763 2963 5817 cap.
2986 5751 3038 5818 4,
3058 5764 3109 5804 n.
3133 5749 3206 5806 12,

3810 3914 3824 4507 l
