3880 6328
230 447 310 504 881

227 561 566 636 aperiret,aut
591 567 682 608 me
703 565 804 606 non
832 559 1110 604 sensurum
1141 542 1304 599 fuisse
1335 542 1479 598 illum
1510 540 1773 611 dolorem,

225 670 300 714 aut
320 665 454 712 certe
482 665 578 721 pro
604 646 768 702 nihilo
803 643 1166 698 toleraturum.
1211 636 1316 693 Sed
1355 637 1476 741 quia
1501 637 1602 693 etsi
1647 637 1779 741 nihil

222 753 366 818 majus
385 741 666 813 aliquando
695 735 903 809 pertuli,
938 743 1113 788 tamen
1142 747 1286 836 saepe
1315 735 1778 836 cogitansquaqto

217 844 454 916 ψύαι-ες
483 836 689 908 possint
718 831 991 893 accidere,
1028 842 1192 910 cogor
1232 823 1496 880 interdum
1527 823 1778 930 Cornelio

217 939 347 994 Celso
371 931 649 994 assentiri,
689 926 777 996 qui
805 925 879 979 ait
899 936 1164 979 summum
1192 919 1388 974 bonum
1414 934 1533 974 esse
1557 919 1775 990 sapien-

216 1037 317 1088 tiam
334 1070 349 1094 ,
376 1039 644 1081 sunnnum
666 1031 841 1074 autent
881 1015 1077 1071 malum
1101 1012 1340 1114 dolorem
1367 1013 1630 1114 corporis.
1655 1011 1775 1114 .Nec

209 1130 304 1197 ejus
329 1124 460 1181 ratio
495 1117 628 1174 Inibi
661 1113 866 1168 videtur
893 1105 1142 1210 absurda.
1175 1104 1308 1160 Nam
1346 1105 1594 1208 quoniam
1638 1106 1773 1215 dua:

209 1224 290 1275 bus
307 1262 322 1284 ,
349 1216 552 1286 inquit,
576 1207 813 1284 partibus
831 1199 1110 1271 compositi
1133 1213 1316 1252 sumus
1336 1239 1352 1266 ,
1384 1213 1450 1252 ex
1473 1199 1649 1254 animo
1675 1203 1775 1259 sei'

207 1316 310 1370 licet
333 1320 385 1367 et
419 1323 679 1379 corpore,
722 1319 942 1376 quarum
974 1303 1120 1374 prior
1149 1316 1271 1372 pars
1295 1309 1378 1355 est
1414 1300 1623 1354 animus
1653 1313 1769 1354 me-

207 1408 316 1466 lior,
361 1401 598 1460 deterius
626 1413 820 1470 corpus
845 1406 962 1463 est,
993 1410 1262 1452 summum
1307 1393 1506 1448 bonum
1536 1401 1620 1448 est
1653 1407 1771 1448 me-

205 1496 329 1551 lioris
348 1495 508 1562 partis
535 1492 794 1561 Optimum
815 1530 832 1556 ,
864 1503 1132 1543 summum
1163 1495 1340 1540 autem
1371 1485 1567 1539 malum
1597 1483 1767 1555 pessi-

204 1602 325 1642 mum
343 1584 622 1640 deterioris
646 1602 660 1638 :
689 1590 773 1638 est
792 1591 966 1635 autem
988 1579 1250 1650 optimum
1271 1578 1324 1632 in
1356 1577 1535 1631 animo
1556 1578 1767 1647 sapien-

204 1680 289 1744 tia,
315 1688 392 1733 est
420 1680 471 1731 in
499 1691 727 1746 corpore
765 1675 1051 1745 pessimum
1087 1671 1259 1727 dolor.
1299 1670 1575 1726 Summum
1605 1672 1766 1740 igitur

201 1771 369 1824 bonum
396 1769 626 1823 hominis
653 1783 873 1838 sapere,
902 1782 1169 1822 summum
1201 1765 1398 1820 malum
1421 1765 1622 1833 dolere,
1648 1766 1763 1823 sine

201 1863 318 1926 ulla,
350 1871 402 1915 ut
443 1862 640 1932 opinor
659 1875 692 1928 ,ο
717 1861 945 1914 falsitate
989 1859 1339 1914 concluditur.
1387 1861 1450 1915 Β.
1491 1861 1762 1916 Posterius

200 1957 282 2010 ista
307 1955 615 2009 videbimus.
674 1953 830 2008 Aliud
877 1953 1018 2007 enim
1068 1952 1292 2007 fortasse
1338 1952 1492 2008 nobis
1536 1953 1646 2024 ipsa
1693 1953 1761 2008 ad

200 2063 328 2118 quam
355 2047 632 2116 pervenire
664 2047 882 2100 nitimur
908 2045 1164 2114 sapientia
1197 2045 1554 2114 persuadebit.
1585 2047 1637 2102 Si
1660 2064 1757 2103 au-

202 2149 284 2194 tem
308 2140 403 2194 hac
421 2155 543 2196 esse
564 2155 747 2195 verum
770 2139 1097 2204 ostenderit,
1128 2139 1266 2194 hanc
1293 2139 1360 2196 de
1385 2143 1758 2198 summobono

200 2241 440 2285 etsmnmo
455 2232 597 2288 malo
617 2232 934 2285 sententiam
952 2231 1066 2286 sine
1082 2230 1412 2288 dubitatione
1436 2234 1751 2290 tenebimus.

202 2319 389 2379 CAPUT
430 2323 570 2399 XIII.
594 2354 665 2363 —
691 2323 954 2399 Quomodo
993 2334 1038 2377 et
1063 2323 1258 2399 quibus
1293 2323 1531 2395 gradibus
1560 2329 1756 2399 perspi-

299 2417 316 2438 ι
522 2394 688 2448 ciatur
723 2395 990 2463 sapientia.
1039 2394 1194 2448 Antor
1229 2394 1393 2450 verus.

249 2483 328 2538 ‘22.
351 2484 498 2540 Nunc
525 2485 657 2540 illud
684 2487 995 2556 qumrimus,
1026 2489 1196 2558 qualis
1222 2490 1298 2544 sis
1317 2500 1523 2546 amator
1542 2492 1755 2562 sapien-

201 2576 286 2640 tize,
313 2593 462 2648 quam
489 2580 794 2634 castissime
817 2591 1109 2651 conspectu
1132 2591 1290 2652 atque
1315 2585 1583 2667 amplexu,
1607 2587 1753 2642 nullo

197 2669 477 2741 interposito
506 2673 810 2728 velamento
848 2673 996 2742 quasi
1028 2674 1222 2728 nudam
1253 2675 1435 2732 videre
1478 2693 1540 2732 ac
1571 2689 1754 2735 tenere

196 2760 465 2829 desideras,
493 2764 707 2835 qualem
747 2779 806 2819 se
845 2765 931 2820 illa
959 2781 1062 2820 non
1103 2766 1262 2829 sinit.
1285 2768 1389 2822 nisi
1419 2771 1752 2838 paucissimis

196 2863 237 2905 et
267 2855 593 2909 electissimis
638 2856 964 2912 amatoribus
1008 2859 1140 2913 suis.
1193 2861 1273 2913 An
1303 2876 1430 2915 vero
1456 2862 1497 2916 si
1528 2863 1751 2933 alicuius

197 2944 394 3012 pulchra:
430 2947 650 3003 femina:
689 2964 872 3005 amore
919 2948 1174 3020 ﬂagrares
1198 2992 1212 3016 ,
1259 2952 1380 3023 jure
1430 2968 1488 3009 se
1520 2955 1612 3010 tibi
1643 2971 1750 3011 non

198 3035 337 3104 daret,
361 3041 402 3093 si
430 3041 576 3094 aliud
605 3041 701 3095 abs
723 3050 774 3096 te
795 3044 1080 3112 quidquam
1108 3055 1302 3114 praeter
1327 3062 1385 3101 se
1411 3049 1576 3102 amari
1603 3064 1751 3103 com-

204 3129 412 3195 perisset;
438 3131 714 3201 sapientim
740 3147 797 3185 se
829 3132 919 3188 tibi
948 3136 1242 3190 castissima
1269 3139 1622 3208 pulchritudo,
1649 3143 1750 3198 nisi

202 3219 336 3275 solam
381 3225 614 3290 arsuris,
646 3224 1070 3281 demonstrabit?
1115 3229 1176 3281 Α.
1226 3230 1360 3298 Quid
1405 3247 1532 3302 ergo
1577 3235 1751 3291 adhuc

205 3317 463 3382 suspendor
484 3317 686 3380 infelix,
712 3328 765 3372 et
789 3321 1025 3374 cruciatu
1052 3321 1338 3377 miserabili
1360 3323 1611 3380 differor?
1631 3327 1748 3384 Jam

207 3418 318 3461 certe
340 3411 542 3466 ostendi
590 3410 723 3465 nihil
766 3412 907 3466 aliud
940 3429 1025 3467 me
1053 3429 1269 3478 amare,
1311 3417 1572 3488 siquidem
1609 3423 1749 3490 quod

216 3509 296 3550 non
307 3512 503 3571 propter
521 3517 583 3557 se
612 3512 841 3567 amatur,
865 3491 969 3558 non
991 3515 1216 3560 amatur.
1244 3506 1357 3578 Ego
1377 3519 1554 3566 autem
1578 3513 1747 3568 solam

216 3599 381 3654 propter
405 3607 466 3646 se
509 3607 632 3646 amo
679 3594 989 3663 sapientiam
1011 3637 1024 3658 ,
1058 3608 1250 3653 caetera
1281 3615 1408 3654 vero
1447 3603 1530 3658 vel
1561 3604 1749 3661 adesse

211 3679 306 3735 IllIIlI
332 3686 475 3754 τοις),
506 3686 586 3742 vel
618 3686 809 3742 deesse
853 3691 1014 3743 timeo
1044 3700 1258 3759 propter
1302 3695 1469 3762 ipsam
1496 3713 1510 3760 ;
1543 3696 1704 3751 vitam
1729 3741 1744 3765 ,

203 3770 413 3838 quietem,
446 3778 667 3832 amicos.
699 3778 868 3846 Quem
896 3782 1110 3835 modum
1141 3792 1316 3838 autem
1346 3793 1518 3853 potest
1549 3785 1748 3844 habere

205 3861 312 3921 IIIittS
335 3871 740 3940 pulchritudinis
771 3888 942 3938 amor,
975 3874 1027 3928 in
1057 3890 1160 3945 qua
1189 3892 1292 3930 non
1320 3878 1490 3932 solum
1524 3896 1627 3935 non
1661 3881 1745 3936 in-

199 3955 321 4013 vitleo
345 3962 545 4016 ceteris
570 4003 584 4027 ,
617 3963 712 4017 sed
741 3963 899 4018 etiam
930 3964 1188 4035 plurimos
1213 3984 1396 4036 qumro
1419 3971 1507 4039 qui
1537 3987 1746 4029 mecum

197 4056 432 4114 appetant.
464 4068 670 4108 mecum
703 4054 942 4121 inhient,
991 4071 1198 4111 mecum
1227 4067 1471 4124 teneant,
1505 4077 1745 4118 mecum-

197 4150 277 4204 que
299 4141 628 4212 perfruantur
651 4161 664 4206 ;
697 4153 846 4200 tanto
872 4146 1001 4202 mihi
1032 4148 1313 4204 amiciores
1342 4150 1523 4221 futuri,
1547 4164 1746 4224 quanto

197 4229 278 4284 erit
297 4234 444 4290 nobis
469 4245 644 4291 amata
671 4239 1025 4294 communior.

249 4319 330 4377 25.
359 4323 418 4378 ll.
453 4326 673 4382 Prorsus
698 4330 828 4384 tales
849 4345 968 4384 esse
986 4339 1253 4388 amatores
1277 4335 1548 4405 sapientize
1568 4339 1741 4395 decet.

196 4407 328 4469 Tales
353 4417 533 4486 quzerit
575 4418 664 4474 illa
706 4420 859 4489 cujus
888 4436 1010 4478 vere
1051 4433 1195 4478 casta
1242 4435 1362 4494 est,
1397 4437 1451 4482 et
1493 4430 1609 4486 sine
1639 4433 1743 4489 ulla

196 4507 607 4564 contaminatioue
636 4511 958 4581 conjunctio.
1007 4513 1110 4568 Sed
1152 4531 1256 4570 non
1287 4518 1353 4572 ad
1380 4534 1497 4574 eam
1529 4537 1628 4576 una
1660 4526 1743 4580 via

196 4600 462 4662 pervenitur
485 4601 586 4675 (a).
613 4602 819 4674 Quippe
849 4621 945 4675 pro
972 4622 1064 4662 sua
1094 4610 1317 4680 quisque
1343 4615 1568 4672 sanitate
1584 4634 1647 4674 ac
1663 4619 1744 4674 fir-

199 4685 350 4744 mitate
385 4695 789 4763 comprehendit
835 4697 962 4752 illud
1012 4701 1278 4771 singulare
1316 4720 1381 4760 ac
1409 4708 1740 4768 verissimum

197 4774 379 4838 bonum.
406 4784 516 4842 Lux
540 4797 625 4843 est
652 4790 894 4859 qua-dam
939 4791 1220 4851 ineﬂEtbilis
1248 4808 1302 4853 et
1333 4799 1740 4873 incomprehen-

197 4867 334 4929 sibilis
354 4879 624 4934 tnentium.
652 4880 762 4935 Lux
788 4883 885 4937 ista
907 4885 1140 4955 vulgaris
1167 4903 1264 4943 nos
1280 4891 1468 4949 doceat
1487 4908 1739 4965 quantum

197 4973 358 5036 potest,
385 4973 653 5040 quomodo
689 4989 750 5029 se
779 4975 909 5032 illud
940 4976 1149 5034 habeat.
1179 4981 1312 5037 Nam
1343 4997 1466 5041 sunt
1498 4993 1740 5048 nonnulli

195 5057 304 5151 ticali
327 5069 425 5117 tam
450 5067 562 5120 sani
591 5075 646 5121 et
671 5069 864 5137 vegeti,
887 5069 974 5139 qui
999 5085 1077 5138 se,
1106 5089 1230 5130 mox
1256 5087 1311 5131 ut
1332 5083 1498 5149 aperti
1518 5081 1733 5151 fuerint,

197 5139 236 5198 in
258 5148 406 5218 ipsum
432 5156 600 5211 solem
627 5157 747 5213 sine
774 5159 878 5213 ulla
907 5161 1256 5232 trepidatione
1283 5182 1617 5230 convertant.
1648 5176 1740 5232 llis

194 5241 544 5308 quodammodo
569 5248 684 5320 ipsa
726 5251 814 5304 lux
849 5253 1047 5308 sanitas
1076 5266 1158 5311 est
1181 5298 1196 5322 ,
1225 5276 1322 5316 nec
1351 5263 1569 5320 doctore
1598 5266 1738 5324 indi-

149 5367 154 5374 -
193 5334 350 5432 86$,
377 5338 466 5394 sed
496 5339 608 5394 sola
654 5339 881 5398 fortasse
928 5345 1306 5414 admonitione.
1355 5353 1448 5410 llis
1473 5358 1694 5415 credere
1717 5403 1732 5427 ,

194 5431 408 5493 luctare,
436 5444 616 5486 amare
642 5431 774 5486 satis
800 5443 902 5488 est.
938 5437 1038 5491 Alii
1069 5455 1198 5495 vero
1227 5442 1342 5513 ipso
1370 5463 1526 5516 quem
1558 5450 1738 5507 videre

193 5509 502 5602 'theotcnter
528 5521 855 5591 desiderant;
890 5527 1092 5597 fulgore
1120 5509 1417 5602 feriuntur,
1453 5548 1508 5594 et
1534 5555 1600 5595 eo
1631 5558 1738 5598 non

193 5598 485 5679 ‘Isosarpein
499 5615 750 5670 tenebras
766 5630 884 5672 cum
905 5619 1258 5679 delectatione
1277 5598 1518 5683 redeunt.
1534 5630 1736 5697 Quibus

237 5714 915 5808 est,
925 5745 1012 5785 nec
1023 5735 1221 5787 ductore
1229 5735 1458 5803 indigent.
1472 5750 1592 5792 't‘res
1606 5751 1730 5808 Mss,

197 5777 376 5838 Mla
386 5777 561 5840 «irritas
573 5777 665 5850 est,
786 5777 995 5846 eaeis}:

241 5858 304 5929 (a)
325 5867 344 5917 I
367 5875 583 5937 nouam,
600 5889 708 5939 cap.
735 5875 784 5938 4,
809 5892 856 5927 n.
879 5879 924 5930 3.

1604 427 1810 486 LIBER
1845 429 2099 492 PRIMUS
2111 474 2126 489 .

1895 548 2251 616 periculosum
2279 561 2400 622 est,
2444 560 2685 628 quamvis
2727 562 2836 634 jam
2867 565 3061 623 talibus
3099 574 3160 624 ut
3192 570 3307 626 sani
3335 582 3486 632 recte

1891 636 1993 693 dici
2025 640 2264 711 possint,
2289 646 2427 703 velle
2465 651 2750 709 ostendere
2790 657 2930 727 quod
2960 657 3135 714 adhuc
3165 661 3344 719 videre
3372 655 3499 722 non'

1890 729 2090 786 valent.
2119 732 2260 805 Ergo
2281 736 2366 792 isti
2395 743 2679 798 exercendi
2705 756 2828 801 sunt
2852 749 3020 818 prius,
3047 760 3104 807 et
3121 768 3306 809 eorum
3327 770 3483 814 amor

1888 823 2088 879 utiliter
2109 825 2434 886 differendus
2458 842 2617 904 atque
2647 837 2961 894 nutriendus
2995 850 3097 897 est.
3129 843 3308 901 Primo
3331 848 3478 905 enim

1887 915 2129 985 quzedam
2147 917 2250 972 illis
2267 919 2679 981 demonstranda
2696 937 2946 1020 suntqup:
2963 947 3066 989 non
3086 950 3182 1006 per
3195 951 3255 993 se
3273 938 3473 1008 lucent,

1886 1008 1980 1063 sed
2017 1025 2112 1080 per
2140 1011 2314 1069 lucem
2351 1016 2521 1073 videri
2549 1021 2790 1089 possint,
2821 1008 3065 1082 ut'vestis
3088 1071 3104 1096 ,
3134 1039 3229 1087 aut
3253 1033 3431 1104 paries
3456 1075 3474 1102 ,

1883 1108 1976 1156 aut
1998 1102 2195 1174 aliquid
2239 1104 2450 1162 horum.
2495 1109 2696 1168 Deinde
2722 1115 2863 1186 quod
2894 1131 2999 1174 non
3029 1134 3124 1189 per
3149 1137 3210 1177 se
3233 1102 3471 1193 quidem,

1882 1193 1976 1247 sed
2024 1202 2200 1250 tamen
2245 1212 2342 1268 per
2385 1198 2527 1254 illam
2574 1202 2746 1258 lucem
2796 1206 3068 1275 pulchrius
3107 1209 3382 1283 ell'ulgeat,
3412 1225 3477 1271 ut

1879 1298 2065 1339 aurum
2087 1329 2102 1352 ,
2125 1298 2401 1357 argentum
2426 1301 2481 1346 et
2508 1293 2698 1349 similia
2722 1335 2737 1361 ,
2767 1311 2865 1352 nec
2903 1307 3078 1356 tamen
3109 1302 3180 1357 ita
3205 1304 3470 1362 radiatum

1881 1385 1938 1431 nt
1959 1379 2143 1432 oculos
2170 1380 2346 1436 hedat.
2375 1383 2521 1438 ’I‘unc
2544 1383 2773 1441 fortasse
2800 1396 3045 1446 terrenus
3065 1391 3165 1447 iste
3191 1394 3326 1465 ignis
3350 1411 3470 1452 mo-

1877 1465 2028 1523 deste
2056 1469 2502 1528 demonstrandus
2531 1483 2633 1543 est,
2665 1475 2859 1534 deinde
2883 1479 3080 1546 sidera,
3107 1482 3300 1539 deinde
3319 1485 3465 1556 luna,

1877 1559 2304 1636 deindeaurora:
2336 1564 2507 1637 fulgor
2532 1609 2548 1635 ,
2580 1577 2635 1623 et
2671 1568 2991 1628 albescentis
3033 1573 3156 1630 εωιὶ
3201 1575 3361 1632 nitor.
3409 1577 3470 1635 In

1875 1649 2066 1719 quibus
2087 1668 2180 1708 seu
2202 1654 2354 1708 citius
2379 1670 2473 1711 seu
2505 1657 2705 1714 tardius
2722 1700 2738 1727 ,
2761 1661 2874 1716 sive
2892 1676 2988 1732 per
3009 1672 3178 1719 totum
3198 1665 3465 1735 ordinem,
3545 1665 3547 1668 ⁴

1874 1740 1985 1796 sive
2012 1742 2326 1812 quibusdam
2371 1749 2693 1819 contemptis
2710 1791 2726 1816 ,
2758 1766 2858 1822 pro
2885 1766 2980 1808 sua
3006 1756 3230 1828 quisque
3258 1757 3467 1815 valetu-

1870 1830 1995 1886 dine
2020 1847 2357 1902 assueseens,
2390 1838 2506 1894 sine
2532 1840 2886 1910 trepidatione
2914 1853 3114 1901 etcum
3145 1863 3336 1920 magna
3367 1865 3464 1906 vo-

1871 1923 2072 1994 luptate
2097 1927 2266 1982 solem
2306 1929 2522 1985 videbit.
2556 1931 2686 1988 Tale
2724 1934 2924 2006 aliquid
2960 1938 3237 2010 sapientia:
3262 1942 3464 2000 studio-

1868 2015 2123 2081 sissimis,
2164 2035 2264 2074 nec
2288 2029 2445 2076 acute
2469 2063 2483 2088 ,
2509 2022 2621 2092 jam
2650 2033 2827 2103 tamen
2857 2027 3160 2086 videntibus
3179 2072 3198 2100 ,
3223 2034 3498 2122 magistri‘;

1867 2109 2052 2176 optimi
2074 2108 2293 2167 faciunt.
2317 2112 2453 2169 Nam
2473 2115 2662 2173 ordine
2682 2119 2912 2188 quodam
2938 2122 3006 2177 ad
3033 2139 3150 2180 eam
3179 2128 3462 2195 pervenire

1864 2200 2018 2256 bona:
2047 2203 2343 2274 disciplinae
2385 2207 2618 2264 officium
2661 2219 2744 2266 est
2762 2253 2778 2278 ,
2806 2213 2922 2269 sine
2949 2214 3138 2272 ordine
3163 2225 3345 2274 autem
3369 2221 3462 2277 vix

1864 2292 2133 2349 credibilis
2161 2294 2450 2354 felicitatis.
2495 2299 2601 2356 Sed
2644 2301 2805 2359 hodie
2831 2305 2962 2361 satis
2985 2348 3000 2373 ,
3034 2316 3091 2363 ut
3126 2317 3256 2380 puto
3278 2351 3292 2378 ,
3325 2311 3458 2369 scri-

1863 2384 2098 2454 psimus;
2129 2389 2456 2456 parcendum
2487 2400 2572 2447 est
2598 2393 2907 2451 valetudini.

1863 2471 2090 2532 CAPUT
2117 2478 2256 2534 XIV.
2272 2479 2386 2534 -1
2394 2499 2488 2554 psa
2511 2485 2763 2555 sapientia
2787 2487 3014 2544 medetur
3039 2490 3199 2546 oculis
3220 2501 3274 2547 ut
3296 2493 3456 2550 videri

2567 2581 2746 2649 possit.

1931 2661 2022 2719 24.
2061 2663 2128 2719 Α.
2168 2666 2236 2722 Et
2262 2668 2368 2725 alio
2407 2669 2496 2726 die
2527 2687 2542 2726 :
2577 2673 2650 2728 Da
2677 2717 2693 2742 ,
2724 2690 2910 2746 quaeso
2933 2717 2949 2744 ,
2978 2677 3192 2751 inquam
3215 2723 3232 2750 ,
3257 2683 3368 2754 jam
3407 2687 3455 2742 si

1861 2763 2035 2822 potes,
2058 2756 2207 2813 illum
2234 2759 2498 2818 ordinem.
2528 2763 2660 2832 Duc,
2692 2781 2790 2838 age
2817 2785 2919 2840 qua
2945 2771 3044 2835 vis,
3078 2788 3176 2842 per
3201 2792 3320 2845 qua:
3346 2778 3450 2847 vis,

1860 2847 2130 2916 quomodo
2153 2852 2251 2906 vis.
2285 2850 2488 2924 Impera
2519 2857 2726 2926 quaevis
2753 2857 2887 2915 dura
2911 2901 2927 2927 ,
2954 2863 3205 2932 quaelibet
3247 2868 3411 2924 ardua
3433 2911 3450 2935 ,

1860 2953 1979 3008 qua:
2012 2947 2188 2996 tamen
2221 2942 2276 2997 in
2303 2959 2421 3000 mea
2448 2954 2712 3017 potestate
2760 2951 2869 3006 sint
2891 2994 2905 3020 ,
2940 2967 3034 3022 per
3071 2971 3192 3025 qua;
3230 2973 3317 3012 me
3345 2975 3455 3030 quo

1859 3029 2139 3098 desidero,
2173 3043 2550 3104 perventurum
2588 3055 2708 3096 esse
2737 3057 2844 3097 non
2881 3043 3139 3101 dubitem.
3175 3047 3240 3103 Β.
3275 3029 3453 3107 Unum

1818 3173 1822 3177 ,
1860 3131 1943 3176 est
1964 3123 2106 3192 quod
2135 3125 2227 3180 tibi
2257 3141 2474 3196 possum
2505 3132 2799 3202 praecipere
2819 3151 2832 3163 ·
2865 3135 2999 3190 nihil
3023 3137 3140 3207 plus
3169 3140 3311 3195 novi.
3355 3142 3456 3199 I’e-

1860 3215 2003 3271 nitus
2015 3232 2135 3273 esse
2152 3217 2248 3274 ista
2262 3221 2530 3289 sensibilia
2549 3224 2794 3295 fugienda
2813 3225 2886 3300 (a)
2898 3271 2912 3294 ,
2930 3229 3328 3304 cavendumque
3344 3250 3457 3290 una.

1859 3320 2116 3377 gnopere,
2139 3309 2267 3364 dum
2292 3311 2394 3366 hoc
2413 3328 2610 3385 corpus
2629 3317 2855 3387 agimus,
2883 3335 2954 3377 ne
2977 3337 3086 3391 quo
3107 3338 3292 3380 eorum
3307 3327 3456 3384 visco

1861 3412 2051 3465 pennzc
2076 3407 2274 3456 nostrai.
2301 3403 2676 3474 impediantur,
2705 3409 2898 3478 quibus
2926 3412 3148 3485 integris
3174 3417 3455 3485 perfectis-

1859 3503 1964 3557 que
1988 3505 2122 3561 opus
2149 3501 2234 3548 est
2257 3535 2270 3559 ,
2301 3504 2358 3550 ut
2385 3496 2452 3551 ad
2485 3497 2628 3553 illam
2660 3500 2832 3558 lucem
2865 3504 2934 3558 ab
2961 3505 3045 3561 his
3071 3509 3303 3566 tenebris
3328 3527 3458 3567 evo-

1859 3580 2030 3636 lemus
2062 3601 2075 3637 :
2107 3600 2228 3654 quae
2253 3602 2312 3642 se
2337 3603 2406 3643 ne
2432 3592 2717 3649 ostendere
2745 3595 2964 3666 quidem
2993 3599 3242 3671 dignatur
3267 3605 3319 3660 in
3357 3605 3457 3664 hac

1857 3686 2020 3728 cavea
2051 3675 2268 3734 inclusis
2288 3721 2304 3745 ,
2349 3682 2452 3737 nisi
2483 3684 2618 3740 tales
2663 3685 2862 3744 fuerint
2894 3701 2950 3745 ut
2980 3692 3080 3748 ista
3110 3695 3196 3751 vel
3237 3697 3457 3757 effracta

1857 3764 1942 3818 vel
1981 3766 2233 3824 dissoluta
2265 3772 2473 3843 possint
2503 3775 2556 3830 in
2602 3793 2760 3836 auras
2789 3797 2912 3837 suas
2951 3785 3198 3844 evadere.
3234 3787 3455 3862 Itaque,

1857 3860 2070 3925 quando
2099 3859 2264 3916 fueris
2310 3864 2432 3919 talis
2478 3875 2535 3921 ut
2581 3869 2714 3924 nihil
2759 3881 2811 3927 te
2857 3889 3078 3944 prorsus
3120 3859 3455 3940 terrenarum

1856 3946 2105 4013 delectet,
2135 3953 2262 4007 mihi
2291 3955 2470 4023 crede,
2503 3958 2694 4015 eodem
2723 3973 3017 4033 momento,
3045 3968 3234 4024 eodem
3256 3982 3454 4041 puncto

1856 4041 2111 4108 temporis
2138 4044 2343 4099 videbis
2388 4049 2530 4117 quod
2574 4054 2743 4123 cupis.
2781 4057 2849 4110 Α.
2887 4056 3111 4124 Quando
3138 4061 3279 4118 istud
3309 4066 3451 4136 erit,

1857 4142 1954 4183 oro
1987 4133 2076 4186 te?
2099 4133 2214 4188 Non
2243 4137 2385 4191 enim
2430 4148 2556 4208 puto
2582 4157 2741 4212 posse
2781 4146 2909 4201 mihi
2953 4147 3069 4206 haec
3098 4151 3150 4207 in
3179 4133 3448 4215 summum

1854 4222 2040 4277 venire
2068 4235 2431 4298 contemptum
2457 4272 2473 4297 ,
2506 4234 2608 4290 nisi
2653 4237 2836 4295 videro
2877 4240 3008 4298 illud
3044 4243 3278 4318 iu'cujus
3301 4265 3451 4308 com-

1855 4317 2131 4385 paratione
2156 4319 2256 4376 ista
2295 4322 2629 4384 sordescant.

1925 4407 2016 4464 25.
2058 4411 2126 4466 Β.
2165 4412 2277 4469 Hoc
2300 4415 2462 4471 modo
2485 4429 2666 4489 posset
2689 4431 2742 4478 et
2770 4423 2871 4482 iste
2889 4428 3076 4486 oculus
3093 4435 3336 4506 corporis
3359 4437 3448 4496 di-

1853 4517 1978 4559 cere
2009 4522 2023 4557 :
2057 4503 2190 4560 Tum
2239 4508 2486 4564 tenebras
2513 4526 2618 4566 non
2647 4515 2860 4583 amabo,
2889 4534 3010 4576 cum
3036 4503 3209 4580 solem
3237 4526 3445 4587 videro.

1855 4594 2077 4649 Videtur
2095 4597 2237 4651 enim
2258 4599 2408 4668 quasi
2428 4610 2485 4656 et
2511 4605 2609 4658 hoc
2634 4606 2700 4660 ad
2725 4607 2968 4665 ordinem
2989 4614 3279 4683 pertinere,
3301 4605 3449 4690 quod

1852 4685 2009 4757 longe
2033 4695 2116 4741 est
2141 4703 2316 4744 secus.
2349 4691 2508 4748 Amat
2535 4695 2678 4752 enim
2709 4699 2956 4757 tenebras
2976 4743 2996 4770 ,
3023 4719 3090 4762 eo
3112 4709 3256 4779 quod
3281 4685 3450 4770 sanus

1850 4793 1956 4831 non
1997 4786 2112 4845 est;
2143 4781 2314 4837 solem
2341 4793 2520 4840 autem
2561 4788 2661 4843 nisi
2691 4805 2854 4849 sanus
2879 4793 3061 4853 videre
3102 4815 3211 4856 non
3249 4812 3447 4874 potest.

1847 4870 1916 4925 Et
1936 4871 1990 4925 in
2012 4887 2078 4926 eo
2097 4886 2240 4943 saepe
2260 4875 2462 4932 fallitur
2477 4878 2710 4949 animus,
2730 4892 2788 4939 ut
2801 4899 2989 4944 sanum
3009 4904 3070 4946 se
3086 4901 3238 4961 putet
3250 4870 3308 4951 et
3326 4912 3447 4954 sese

1844 4961 2041 5032 jactet;
2069 4972 2124 5018 et
2141 4965 2264 5056 quia
2294 4969 2532 5024 nondum
2558 4971 2723 5039 videt,
2744 4975 2909 5032 veluti
2929 4977 3054 5048 jure
3076 4985 3442 5056 conqueritur.

1846 5051 2002 5108 Novit
2021 5046 2199 5110 autem
2227 5057 2314 5113 illa
2341 5060 2677 5129 pulchritudo
2701 5067 2916 5136 quando
2933 5046 3008 5126 se
3040 5046 3304 5132 ostendat.
3325 5077 3447 5148 Ipsa

1847 5145 1990 5200 enim
2017 5147 2207 5203 medici
2234 5149 2469 5222 fungitur
2493 5169 2746 5223 munere,
2768 5160 3065 5233 meliusque
3084 5164 3333 5237 intelligit
3349 5145 3443 5243 qui

1846 5235 1954 5291 sint
1973 5239 2106 5304 sani,
2121 5254 2278 5310 quam
2293 5242 2450 5300 iidem
2465 5244 2563 5315 ipsi
2578 5246 2668 5317 qui
2678 5260 2959 5310 sanantur.
2968 5252 3077 5312 Nos
3093 5235 3444 5328 auternquau-

1848 5337 1958 5385 tum
1999 5333 2378 5390 emerserimus
2402 5377 2416 5401 ,
2444 5337 2692 5395 videmur
2737 5343 2892 5401 nobis
2929 5346 3111 5403 videre
3135 5363 3151 5399 :
3177 5357 3441 5417 quantum

1845 5431 2023 5477 autem
2051 5425 2209 5480 mersi
2237 5441 2473 5496 eramus,
2503 5439 2558 5485 et
2584 5446 2692 5502 quo
2717 5436 2986 5506 progressi
3014 5436 3302 5501 fueramus,
3335 5455 3441 5497 nec

1844 5514 2100 5584 cogitare,
2129 5531 2227 5572 nec
2250 5519 2452 5576 sentire
2479 5522 2857 5592 permittimur,
2881 5533 2938 5580 et
2958 5525 3012 5580 in
3037 5527 3440 5594 comparatione

1844 5605 2104 5674 gravioris
2125 5609 2298 5665 morbi
2319 5626 2478 5666 sanos
2503 5627 2622 5668 esse
2646 5630 2744 5669 nos
2766 5613 3050 5669 credimus.
3073 5613 3258 5670 Nonne
3277 5617 3437 5676 vides

1844 5711 2005 5766 quam
2038 5698 2200 5755 veluti
2241 5702 2417 5757 securi
2446 5701 2696 5758 hesterno
2731 5703 2820 5758 die
2860 5703 3388 5773 pronuntiaveramus
3411 5751 3432 5776 ,

1845 5787 1989 5843 nulla
2006 5788 2117 5858 jam
2154 5806 2252 5848 nos
2277 5802 2424 5863 peste
2451 5793 2710 5860 detineri,
2743 5792 2977 5862 nihilque
3013 5807 3192 5850 amare
3211 5792 3315 5850 nisi
3339 5809 3440 5853 ιιι.

1915 5897 1994 5962 (a)
2019 5901 2132 5952 ibid.

3131 6009 3168 6019 -α-
3366 5997 3396 6022 δ

3533 1892 3556 1950 2

3517 1952 3561 2127 ξ
