  <div class='ocr_page' id='page_1' title='image "/cluster/home/n/w/nwhite01/storage/ocr_20150623/32/uva.x000669813/453.png"; bbox 0 0 3880 6426; ppageno 0'>
   <div class='ocr_carea' id='block_1_1' title="bbox 500 391 601 448">
    <p class='ocr_par' dir='ltr' id='par_1_1' title="bbox 500 391 601 448">
     <span class='ocr_line' id='line_1_1' title="bbox 500 391 601 448; baseline -0.03 0"><span class='ocrx_word' id='word_1_1' title='bbox 500 391 601 448; x_wconf 80' lang='grc'><strong>887</strong></span> 
     </span>
    </p>
   </div>
   <div class='ocr_carea' id='block_1_2' title="bbox 512 499 2082 575">
    <p class='ocr_par' dir='ltr' id='par_1_2' title="bbox 512 499 2082 575">
     <span class='ocr_line' id='line_1_2' title="bbox 512 499 2082 575; baseline -0.004 -15"><span class='ocrx_word' id='word_1_2' title='bbox 512 507 576 560; x_wconf 71' lang='lat' dir='ltr'><strong>Fl.</strong></span> <span class='ocrx_word' id='word_1_3' title='bbox 607 507 667 562; x_wconf 91' lang='lat' dir='ltr'><strong>Si</strong></span> <span class='ocrx_word' id='word_1_4' title='bbox 697 519 824 575; x_wconf 83' lang='lat' dir='ltr'><strong>ergo</strong></span> <span class='ocrx_word' id='word_1_5' title='bbox 846 518 950 559; x_wconf 88' lang='lat' dir='ltr'><strong>non</strong></span> <span class='ocrx_word' id='word_1_6' title='bbox 974 501 1080 558; x_wconf 90' lang='lat' dir='ltr'><strong>sint</strong></span> <span class='ocrx_word' id='word_1_7' title='bbox 1103 501 1295 573; x_wconf 86' lang='lat' dir='ltr'><strong>quibus</strong></span> <span class='ocrx_word' id='word_1_8' title='bbox 1318 499 1578 564; x_wconf 84' lang='lat' dir='ltr'><strong>videatur,</strong></span> <span class='ocrx_word' id='word_1_9' title='bbox 1608 499 1738 554; x_wconf 85' lang='lat' dir='ltr'><strong>nihil</strong></span> <span class='ocrx_word' id='word_1_10' title='bbox 1763 507 1846 555; x_wconf 89' lang='lat' dir='ltr'><strong>est</strong></span> <span class='ocrx_word' id='word_1_11' title='bbox 1870 499 2082 555; x_wconf 88' lang='lat' dir='ltr'><strong>falsum.</strong></span> 
     </span>
    </p>
   </div>
   <div class='ocr_carea' id='block_1_3' title="bbox 506 589 2088 668">
    <p class='ocr_par' dir='ltr' id='par_1_3' title="bbox 506 589 2088 668">
     <span class='ocr_line' id='line_1_3' title="bbox 506 589 2088 668; baseline -0.005 -14"><span class='ocrx_word' id='word_1_12' title='bbox 506 601 569 654; x_wconf 79' lang='grc' dir='ltr'><strong>Α.</strong></span> <span class='ocrx_word' id='word_1_13' title='bbox 601 596 870 668; x_wconf 92' lang='lat' dir='ltr'><strong>Sequitur.</strong></span> <span class='ocrx_word' id='word_1_14' title='bbox 912 594 980 649; x_wconf 87' lang='lat' dir='ltr'><strong>R.</strong></span> <span class='ocrx_word' id='word_1_15' title='bbox 1009 592 1123 649; x_wconf 83' lang='lat' dir='ltr'><strong>Non</strong></span> <span class='ocrx_word' id='word_1_16' title='bbox 1159 593 1315 663; x_wconf 78' lang='lat' dir='ltr'><strong>igitur</strong></span> <span class='ocrx_word' id='word_1_17' title='bbox 1339 601 1420 647; x_wconf 90' lang='lat' dir='ltr'><strong>est</strong></span> <span class='ocrx_word' id='word_1_18' title='bbox 1450 592 1501 646; x_wconf 93' lang='lat' dir='ltr'><strong>in</strong></span> <span class='ocrx_word' id='word_1_19' title='bbox 1529 591 1692 646; x_wconf 84' lang='lat' dir='ltr'><strong>rebus</strong></span> <span class='ocrx_word' id='word_1_20' title='bbox 1718 589 1918 646; x_wconf 89' lang='lat' dir='ltr'><strong>falsitas</strong></span> <span class='ocrx_word' id='word_1_21' title='bbox 1939 633 1953 657; x_wconf 95' lang='lat'><strong>,</strong></span> <span class='ocrx_word' id='word_1_22' title='bbox 1993 590 2088 646; x_wconf 89' lang='lat' dir='ltr'><strong>sed</strong></span> 
     </span>
    </p>
   </div>
   <div class='ocr_carea' id='block_1_4' title="bbox 505 683 2085 756">
    <p class='ocr_par' dir='ltr' id='par_1_4' title="bbox 505 683 2085 756">
     <span class='ocr_line' id='line_1_4' title="bbox 505 683 2085 756; baseline -0.006 -9"><span class='ocrx_word' id='word_1_23' title='bbox 505 694 559 747; x_wconf 92' lang='lat' dir='ltr'><strong>in</strong></span> <span class='ocrx_word' id='word_1_24' title='bbox 583 706 746 746; x_wconf 89' lang='lat' dir='ltr'><strong>sensu</strong></span> <span class='ocrx_word' id='word_1_25' title='bbox 772 708 784 744; x_wconf 91' lang='lat'><strong>:</strong></span> <span class='ocrx_word' id='word_1_26' title='bbox 809 703 920 744; x_wconf 72' lang='lat' dir='ltr'><strong>non</strong></span> <span class='ocrx_word' id='word_1_27' title='bbox 940 696 1116 742; x_wconf 86' lang='lat' dir='ltr'><strong>autem</strong></span> <span class='ocrx_word' id='word_1_28' title='bbox 1150 686 1345 740; x_wconf 90' lang='lat' dir='ltr'><strong>fallitur</strong></span> <span class='ocrx_word' id='word_1_29' title='bbox 1365 686 1451 756; x_wconf 89' lang='lat' dir='ltr'><strong>qui</strong></span> <span class='ocrx_word' id='word_1_30' title='bbox 1480 685 1630 740; x_wconf 82' lang='lat' dir='ltr'><strong>falsis</strong></span> <span class='ocrx_word' id='word_1_31' title='bbox 1651 699 1754 739; x_wconf 92' lang='lat' dir='ltr'><strong>nou</strong></span> <span class='ocrx_word' id='word_1_32' title='bbox 1778 683 2085 739; x_wconf 89' lang='lat' dir='ltr'><strong>assentitur.</strong></span> 
     </span>
    </p>
   </div>
   <div class='ocr_carea' id='block_1_5' title="bbox 503 774 2088 845">
    <p class='ocr_par' dir='ltr' id='par_1_5' title="bbox 503 774 2088 845">
     <span class='ocr_line' id='line_1_5' title="bbox 503 774 2088 845; baseline -0.007 -6"><span class='ocrx_word' id='word_1_33' title='bbox 503 782 793 840; x_wconf 92' lang='lat' dir='ltr'><strong>Conﬁcitur</strong></span> <span class='ocrx_word' id='word_1_34' title='bbox 813 789 870 836; x_wconf 90' lang='lat' dir='ltr'><strong>ut</strong></span> <span class='ocrx_word' id='word_1_35' title='bbox 891 778 1032 834; x_wconf 84' lang='lat' dir='ltr'><strong>aliud</strong></span> <span class='ocrx_word' id='word_1_36' title='bbox 1057 777 1226 833; x_wconf 91' lang='lat' dir='ltr'><strong>simus</strong></span> <span class='ocrx_word' id='word_1_37' title='bbox 1246 791 1364 845; x_wconf 91' lang='lat' dir='ltr'><strong>nos,</strong></span> <span class='ocrx_word' id='word_1_38' title='bbox 1390 776 1535 832; x_wconf 84' lang='lat' dir='ltr'><strong>aliud</strong></span> <span class='ocrx_word' id='word_1_39' title='bbox 1556 791 1779 840; x_wconf 88' lang='lat' dir='ltr'><strong>sensus;</strong></span> <span class='ocrx_word' id='word_1_40' title='bbox 1807 774 2088 845; x_wconf 82' lang='lat' dir='ltr'><strong>siquidem.</strong></span> 
     </span>
    </p>
   </div>
   <div class='ocr_carea' id='block_1_6' title="bbox 507 865 2088 943">
    <p class='ocr_par' dir='ltr' id='par_1_6' title="bbox 507 865 2088 943">
     <span class='ocr_line' id='line_1_6' title="bbox 507 865 2088 943; baseline -0.007 -12"><span class='ocrx_word' id='word_1_41' title='bbox 507 891 627 931; x_wconf 90' lang='lat' dir='ltr'><strong>cum</strong></span> <span class='ocrx_word' id='word_1_42' title='bbox 660 874 773 943; x_wconf 91' lang='lat' dir='ltr'><strong>ipsc</strong></span> <span class='ocrx_word' id='word_1_43' title='bbox 819 872 1050 935; x_wconf 85' lang='lat' dir='ltr'><strong>fallitur,</strong></span> <span class='ocrx_word' id='word_1_44' title='bbox 1096 883 1378 940; x_wconf 87' lang='lat' dir='ltr'><strong>possumus</strong></span> <span class='ocrx_word' id='word_1_45' title='bbox 1407 883 1504 923; x_wconf 93' lang='lat' dir='ltr'><strong>nos</strong></span> <span class='ocrx_word' id='word_1_46' title='bbox 1533 883 1640 923; x_wconf 91' lang='lat' dir='ltr'><strong>non</strong></span> <span class='ocrx_word' id='word_1_47' title='bbox 1671 867 1802 923; x_wconf 91' lang='lat' dir='ltr'><strong>falli.</strong></span> <span class='ocrx_word' id='word_1_48' title='bbox 1842 868 1906 921; x_wconf 81' lang='grc' dir='ltr'><strong>Α.</strong></span> <span class='ocrx_word' id='word_1_49' title='bbox 1948 865 2088 921; x_wconf 86' lang='lat' dir='ltr'><strong>Nihil</strong></span> 
     </span>
    </p>
   </div>
   <div class='ocr_carea' id='block_1_7' title="bbox 509 955 2094 1035">
    <p class='ocr_par' dir='ltr' id='par_1_7' title="bbox 509 955 2094 1035">
     <span class='ocr_line' id='line_1_7' title="bbox 509 955 2094 1035; baseline -0.005 -13"><span class='ocrx_word' id='word_1_50' title='bbox 509 967 679 1022; x_wconf 88' lang='lat' dir='ltr'><strong>habeo</strong></span> <span class='ocrx_word' id='word_1_51' title='bbox 695 963 835 1035; x_wconf 90' lang='lat' dir='ltr'><strong>quod</strong></span> <span class='ocrx_word' id='word_1_52' title='bbox 858 961 1237 1026; x_wconf 80' lang='lat' dir='ltr'><strong>contradicam.</strong></span> <span class='ocrx_word' id='word_1_53' title='bbox 1261 955 1328 1014; x_wconf 72' lang='grc' dir='ltr'><strong>ΒΣ</strong></span> <span class='ocrx_word' id='word_1_54' title='bbox 1354 959 1461 1016; x_wconf 88' lang='lat' dir='ltr'><strong>Sed</strong></span> <span class='ocrx_word' id='word_1_55' title='bbox 1482 959 1755 1031; x_wconf 90' lang='lat' dir='ltr'><strong>numquid,</strong></span> <span class='ocrx_word' id='word_1_56' title='bbox 1777 975 1896 1015; x_wconf 88' lang='lat' dir='ltr'><strong>cum</strong></span> <span class='ocrx_word' id='word_1_57' title='bbox 1918 959 2094 1014; x_wconf 86' lang='lat' dir='ltr'><strong>anima</strong></span> 
     </span>
    </p>
   </div>
   <div class='ocr_carea' id='block_1_8' title="bbox 516 1053 2095 1126">
    <p class='ocr_par' dir='ltr' id='par_1_8' title="bbox 516 1053 2095 1126">
     <span class='ocr_line' id='line_1_8' title="bbox 516 1053 2095 1126; baseline -0.004 -11"><span class='ocrx_word' id='word_1_58' title='bbox 516 1061 748 1126; x_wconf 84' lang='lat' dir='ltr'><strong>fallitur,</strong></span> <span class='ocrx_word' id='word_1_59' title='bbox 793 1058 959 1114; x_wconf 82' lang='lat' dir='ltr'><strong>audes</strong></span> <span class='ocrx_word' id='word_1_60' title='bbox 998 1066 1048 1113; x_wconf 93' lang='lat' dir='ltr'><strong>te</strong></span> <span class='ocrx_word' id='word_1_61' title='bbox 1088 1057 1266 1112; x_wconf 89' lang='lat' dir='ltr'><strong>dicere</strong></span> <span class='ocrx_word' id='word_1_62' title='bbox 1308 1071 1412 1110; x_wconf 92' lang='lat' dir='ltr'><strong>non</strong></span> <span class='ocrx_word' id='word_1_63' title='bbox 1457 1069 1577 1110; x_wconf 89' lang='lat' dir='ltr'><strong>esse</strong></span> <span class='ocrx_word' id='word_1_64' title='bbox 1614 1053 1843 1108; x_wconf 89' lang='lat' dir='ltr'><strong>falsum?</strong></span> <span class='ocrx_word' id='word_1_65' title='bbox 1883 1054 1945 1108; x_wconf 84' lang='grc' dir='ltr'><strong>Α.</strong></span> <span class='ocrx_word' id='word_1_66' title='bbox 1977 1053 2095 1120; x_wconf 93' lang='lat' dir='ltr'><strong>Quo</strong></span> 
     </span>
    </p>
   </div>
   <div class='ocr_carea' id='block_1_9' title="bbox 511 1146 2092 1224">
    <p class='ocr_par' dir='ltr' id='par_1_9' title="bbox 511 1146 2092 1224">
     <span class='ocr_line' id='line_1_9' title="bbox 511 1146 2092 1224; baseline -0.005 -17"><span class='ocrx_word' id='word_1_67' title='bbox 511 1161 666 1224; x_wconf 91' lang='lat' dir='ltr'><strong>pacto</strong></span> <span class='ocrx_word' id='word_1_68' title='bbox 693 1151 830 1206; x_wconf 90' lang='lat' dir='ltr'><strong>istud</strong></span> <span class='ocrx_word' id='word_1_69' title='bbox 859 1148 1120 1206; x_wconf 83' lang='lat' dir='ltr'><strong>audeam?</strong></span> <span class='ocrx_word' id='word_1_70' title='bbox 1151 1149 1218 1204; x_wconf 79' lang='grc' dir='ltr'><strong>Β.</strong></span> <span class='ocrx_word' id='word_1_71' title='bbox 1246 1148 1315 1202; x_wconf 85' lang='grc' dir='ltr'>Αι</span> <span class='ocrx_word' id='word_1_72' title='bbox 1339 1147 1511 1202; x_wconf 82' lang='lat' dir='ltr'><strong>nullus</strong></span> <span class='ocrx_word' id='word_1_73' title='bbox 1541 1161 1727 1202; x_wconf 87' lang='lat' dir='ltr'><strong>sensus</strong></span> <span class='ocrx_word' id='word_1_74' title='bbox 1753 1146 1866 1201; x_wconf 90' lang='lat' dir='ltr'><strong>sine</strong></span> <span class='ocrx_word' id='word_1_75' title='bbox 1895 1146 2092 1213; x_wconf 90' lang='lat' dir='ltr'><strong>anima,</strong></span> 
     </span>
    </p>
   </div>
   <div class='ocr_carea' id='block_1_10' title="bbox 512 1239 2093 1309">
    <p class='ocr_par' dir='ltr' id='par_1_10' title="bbox 512 1239 2093 1309">
     <span class='ocr_line' id='line_1_10' title="bbox 512 1239 2093 1309; baseline -0.005 -10"><span class='ocrx_word' id='word_1_76' title='bbox 512 1246 654 1301; x_wconf 86' lang='lat' dir='ltr'><strong>nulla</strong></span> <span class='ocrx_word' id='word_1_77' title='bbox 682 1243 881 1298; x_wconf 88' lang='lat' dir='ltr'><strong>falsitas</strong></span> <span class='ocrx_word' id='word_1_78' title='bbox 915 1242 1031 1298; x_wconf 89' lang='lat' dir='ltr'><strong>sine</strong></span> <span class='ocrx_word' id='word_1_79' title='bbox 1061 1256 1243 1296; x_wconf 84' lang='lat' dir='ltr'><strong>sensu.</strong></span> <span class='ocrx_word' id='word_1_80' title='bbox 1284 1240 1389 1294; x_wconf 85' lang='lat' dir='ltr'><strong>Aut</strong></span> <span class='ocrx_word' id='word_1_81' title='bbox 1422 1247 1671 1309; x_wconf 87' lang='lat' dir='ltr'><strong>operatur</strong></span> <span class='ocrx_word' id='word_1_82' title='bbox 1701 1239 1861 1309; x_wconf 83' lang='lat' dir='ltr'><strong>igitur</strong></span> <span class='ocrx_word' id='word_1_83' title='bbox 1885 1239 2057 1292; x_wconf 88' lang='lat' dir='ltr'><strong>anima</strong></span> <span class='ocrx_word' id='word_1_84' title='bbox 2077 1279 2093 1304; x_wconf 95' lang='lat'><strong>,</strong></span> 
     </span>
    </p>
   </div>
   <div class='ocr_carea' id='block_1_11' title="bbox 510 1332 2096 1407">
    <p class='ocr_par' dir='ltr' id='par_1_11' title="bbox 510 1332 2096 1407">
     <span class='ocr_line' id='line_1_11' title="bbox 510 1332 2096 1407; baseline -0.004 -14"><span class='ocrx_word' id='word_1_85' title='bbox 510 1349 602 1393; x_wconf 90' lang='lat' dir='ltr'><strong>aut</strong></span> <span class='ocrx_word' id='word_1_86' title='bbox 621 1345 938 1407; x_wconf 89' lang='lat' dir='ltr'><strong>cooperatur</strong></span> <span class='ocrx_word' id='word_1_87' title='bbox 959 1335 1173 1390; x_wconf 91' lang='lat' dir='ltr'><strong>falsitati</strong></span> <span class='ocrx_word' id='word_1_88' title='bbox 1199 1335 1240 1390; x_wconf 86' lang='grc'><strong>¹.</strong></span> <span class='ocrx_word' id='word_1_89' title='bbox 1255 1334 1316 1388; x_wconf 85' lang='grc' dir='ltr'><strong>Α.</strong></span> <span class='ocrx_word' id='word_1_90' title='bbox 1348 1334 1585 1388; x_wconf 86' lang='lat' dir='ltr'><strong>Trahunt</strong></span> <span class='ocrx_word' id='word_1_91' title='bbox 1605 1332 1955 1404; x_wconf 79' lang='lat' dir='ltr'><strong>praecedentia</strong></span> <span class='ocrx_word' id='word_1_92' title='bbox 1977 1347 2096 1387; x_wconf 87' lang='lat' dir='ltr'><strong>con-</strong></span> 
     </span>
    </p>
   </div>
   <div class='ocr_carea' id='block_1_12' title="bbox 511 1417 1418 1490">
    <p class='ocr_par' dir='ltr' id='par_1_12' title="bbox 511 1417 1418 1490">
     <span class='ocr_line' id='line_1_12' title="bbox 511 1417 1418 1490; baseline -0.013 -4"><span class='ocrx_word' id='word_1_93' title='bbox 511 1432 838 1490; x_wconf 80' lang='lat' dir='ltr'><strong>sensionem.</strong></span> <span class='ocrx_word' id='word_1_94' title='bbox 1415 1417 1418 1421; x_wconf 71' lang='grc'><em>’</em></span> 
     </span>
    </p>
   </div>
   <div class='ocr_carea' id='block_1_13' title="bbox 580 1515 2099 1589">
    <p class='ocr_par' dir='ltr' id='par_1_13' title="bbox 580 1515 2099 1589">
     <span class='ocr_line' id='line_1_13' title="bbox 580 1515 2099 1589; baseline -0.005 -13"><span class='ocrx_word' id='word_1_95' title='bbox 580 1523 634 1576; x_wconf 76' lang='grc'><strong>4.</strong></span> <span class='ocrx_word' id='word_1_96' title='bbox 685 1522 753 1576; x_wconf 73' lang='lat' dir='ltr'><strong>R.</strong></span> <span class='ocrx_word' id='word_1_97' title='bbox 805 1519 937 1574; x_wconf 90' lang='lat' dir='ltr'><strong>Illud</strong></span> <span class='ocrx_word' id='word_1_98' title='bbox 982 1534 1120 1573; x_wconf 88' lang='lat' dir='ltr'><strong>nunc</strong></span> <span class='ocrx_word' id='word_1_99' title='bbox 1157 1516 1448 1589; x_wconf 82' lang='lat' dir='ltr'><strong>responde,</strong></span> <span class='ocrx_word' id='word_1_100' title='bbox 1493 1527 1672 1571; x_wconf 88' lang='lat' dir='ltr'><strong>utrum</strong></span> <span class='ocrx_word' id='word_1_101' title='bbox 1719 1515 1810 1569; x_wconf 87' lang='lat' dir='ltr'><strong>tibi</strong></span> <span class='ocrx_word' id='word_1_102' title='bbox 1857 1515 2099 1570; x_wconf 86' lang='lat' dir='ltr'><strong>videatur</strong></span> 
     </span>
    </p>
   </div>
   <div class='ocr_carea' id='block_1_14' title="bbox 509 1607 2098 1686">
    <p class='ocr_par' dir='ltr' id='par_1_14' title="bbox 509 1607 2098 1686">
     <span class='ocr_line' id='line_1_14' title="bbox 509 1607 2098 1686; baseline -0.006 -16"><span class='ocrx_word' id='word_1_103' title='bbox 509 1630 670 1686; x_wconf 66' lang='lat' dir='ltr'><strong>posse</strong></span> <span class='ocrx_word' id='word_1_104' title='bbox 696 1613 811 1670; x_wconf 89' lang='lat' dir='ltr'><strong>fieri</strong></span> <span class='ocrx_word' id='word_1_105' title='bbox 841 1622 897 1667; x_wconf 93' lang='lat' dir='ltr'><strong>ut</strong></span> <span class='ocrx_word' id='word_1_106' title='bbox 935 1611 1218 1682; x_wconf 88' lang='lat' dir='ltr'><strong>aliquando</strong></span> <span class='ocrx_word' id='word_1_107' title='bbox 1244 1609 1446 1665; x_wconf 86' lang='lat' dir='ltr'><strong>falsitas</strong></span> <span class='ocrx_word' id='word_1_108' title='bbox 1473 1624 1579 1664; x_wconf 89' lang='lat' dir='ltr'><strong>non</strong></span> <span class='ocrx_word' id='word_1_109' title='bbox 1610 1609 1697 1663; x_wconf 90' lang='lat' dir='ltr'><strong>sit.</strong></span> <span class='ocrx_word' id='word_1_110' title='bbox 1728 1609 1788 1662; x_wconf 83' lang='grc' dir='ltr'><strong>Α.</strong></span> <span class='ocrx_word' id='word_1_111' title='bbox 1821 1607 2098 1676; x_wconf 87' lang='lat' dir='ltr'><strong>Quomodo</strong></span> 
     </span>
    </p>
   </div>
   <div class='ocr_carea' id='block_1_15' title="bbox 514 1699 2096 1774">
    <p class='ocr_par' dir='ltr' id='par_1_15' title="bbox 514 1699 2096 1774">
     <span class='ocr_line' id='line_1_15' title="bbox 514 1699 2096 1774; baseline -0.006 -11"><span class='ocrx_word' id='word_1_112' title='bbox 514 1709 643 1764; x_wconf 92' lang='lat' dir='ltr'><strong>mihi</strong></span> <span class='ocrx_word' id='word_1_113' title='bbox 673 1707 776 1762; x_wconf 89' lang='lat' dir='ltr'><strong>hoc</strong></span> <span class='ocrx_word' id='word_1_114' title='bbox 805 1706 972 1761; x_wconf 85' lang='lat' dir='ltr'><strong>videri</strong></span> <span class='ocrx_word' id='word_1_115' title='bbox 1003 1713 1196 1774; x_wconf 87' lang='lat' dir='ltr'><strong>potest,</strong></span> <span class='ocrx_word' id='word_1_116' title='bbox 1225 1719 1344 1758; x_wconf 90' lang='lat' dir='ltr'><strong>cum</strong></span> <span class='ocrx_word' id='word_1_117' title='bbox 1375 1712 1516 1756; x_wconf 91' lang='lat' dir='ltr'><strong>tanta</strong></span> <span class='ocrx_word' id='word_1_118' title='bbox 1544 1702 1612 1756; x_wconf 90' lang='lat' dir='ltr'><strong>sit</strong></span> <span class='ocrx_word' id='word_1_119' title='bbox 1635 1699 1916 1756; x_wconf 89' lang='lat' dir='ltr'><strong>difficultas</strong></span> <span class='ocrx_word' id='word_1_120' title='bbox 1944 1700 2096 1754; x_wconf 80' lang='lat' dir='ltr'><strong>inve-</strong></span> 
     </span>
    </p>
   </div>
   <div class='ocr_carea' id='block_1_16' title="bbox 512 1793 2097 1862">
    <p class='ocr_par' dir='ltr' id='par_1_16' title="bbox 512 1793 2097 1862">
     <span class='ocr_line' id='line_1_16' title="bbox 512 1793 2097 1862; baseline -0.006 -7"><span class='ocrx_word' id='word_1_121' title='bbox 512 1801 720 1856; x_wconf 78' lang='lat' dir='ltr'><strong>nienda:</strong></span> <span class='ocrx_word' id='word_1_122' title='bbox 739 1799 995 1861; x_wconf 81' lang='lat' dir='ltr'><strong>veritatis,</strong></span> <span class='ocrx_word' id='word_1_123' title='bbox 1027 1806 1083 1850; x_wconf 92' lang='lat' dir='ltr'><strong>ut</strong></span> <span class='ocrx_word' id='word_1_124' title='bbox 1107 1795 1386 1849; x_wconf 90' lang='lat' dir='ltr'><strong>absurdius</strong></span> <span class='ocrx_word' id='word_1_125' title='bbox 1409 1794 1612 1848; x_wconf 88' lang='lat' dir='ltr'><strong>dicatur</strong></span> <span class='ocrx_word' id='word_1_126' title='bbox 1638 1793 1916 1847; x_wconf 86' lang='lat' dir='ltr'><strong>falsitatem</strong></span> <span class='ocrx_word' id='word_1_127' title='bbox 1941 1807 2097 1862; x_wconf 89' lang='lat' dir='ltr'><strong>quam</strong></span> 
     </span>
    </p>
   </div>
   <div class='ocr_carea' id='block_1_17' title="bbox 513 1886 2100 1960">
    <p class='ocr_par' dir='ltr' id='par_1_17' title="bbox 513 1886 2100 1960">
     <span class='ocr_line' id='line_1_17' title="bbox 513 1886 2100 1960; baseline -0.004 -13"><span class='ocrx_word' id='word_1_128' title='bbox 513 1894 790 1949; x_wconf 75' lang='lat' dir='ltr'><strong>veritatem</strong></span> <span class='ocrx_word' id='word_1_129' title='bbox 816 1906 938 1946; x_wconf 89' lang='lat' dir='ltr'><strong>esse</strong></span> <span class='ocrx_word' id='word_1_130' title='bbox 965 1906 1068 1944; x_wconf 91' lang='lat' dir='ltr'><strong>non</strong></span> <span class='ocrx_word' id='word_1_131' title='bbox 1097 1889 1290 1960; x_wconf 86' lang='lat' dir='ltr'><strong>posse?</strong></span> <span class='ocrx_word' id='word_1_132' title='bbox 1326 1888 1387 1942; x_wconf 86' lang='lat' dir='ltr'><strong>R.</strong></span> <span class='ocrx_word' id='word_1_133' title='bbox 1417 1887 1805 1954; x_wconf 83' lang='lat' dir='ltr'><strong>Numquidnam</strong></span> <span class='ocrx_word' id='word_1_134' title='bbox 1828 1886 2100 1941; x_wconf 89' lang='lat' dir='ltr'><strong>arbitraris</strong></span> 
     </span>
    </p>
   </div>
   <div class='ocr_carea' id='block_1_18' title="bbox 513 1977 2094 2053">
    <p class='ocr_par' dir='ltr' id='par_1_18' title="bbox 513 1977 2094 2053">
     <span class='ocr_line' id='line_1_18' title="bbox 513 1977 2094 2053; baseline -0.006 -14"><span class='ocrx_word' id='word_1_135' title='bbox 513 2000 634 2039; x_wconf 88' lang='lat' dir='ltr'><strong>eum</strong></span> <span class='ocrx_word' id='word_1_136' title='bbox 661 1984 750 2053; x_wconf 92' lang='lat' dir='ltr'><strong>qui</strong></span> <span class='ocrx_word' id='word_1_137' title='bbox 781 1999 884 2036; x_wconf 91' lang='lat' dir='ltr'><strong>non</strong></span> <span class='ocrx_word' id='word_1_138' title='bbox 917 1982 1062 2047; x_wconf 80' lang='lat' dir='ltr'><strong>vivit,</strong></span> <span class='ocrx_word' id='word_1_139' title='bbox 1093 1996 1247 2049; x_wconf 89' lang='lat' dir='ltr'><strong>posse</strong></span> <span class='ocrx_word' id='word_1_140' title='bbox 1278 1980 1507 2034; x_wconf 86' lang='lat' dir='ltr'><strong>sentire?</strong></span> <span class='ocrx_word' id='word_1_141' title='bbox 1534 1980 1596 2032; x_wconf 84' lang='grc' dir='ltr'><strong>Α.</strong></span> <span class='ocrx_word' id='word_1_142' title='bbox 1619 1977 1730 2033; x_wconf 85' lang='lat' dir='ltr'><strong>Non</strong></span> <span class='ocrx_word' id='word_1_143' title='bbox 1758 1985 1935 2050; x_wconf 87' lang='lat' dir='ltr'><strong>potest</strong></span> <span class='ocrx_word' id='word_1_144' title='bbox 1963 1977 2094 2031; x_wconf 88' lang='lat' dir='ltr'><strong>fieri.</strong></span> 
     </span>
    </p>
   </div>
   <div class='ocr_carea' id='block_1_19' title="bbox 515 2070 2101 2140">
    <p class='ocr_par' dir='ltr' id='par_1_19' title="bbox 515 2070 2101 2140">
     <span class='ocr_line' id='line_1_19' title="bbox 515 2070 2101 2140; baseline -0.004 -9"><span class='ocrx_word' id='word_1_145' title='bbox 515 2075 582 2131; x_wconf 76' lang='grc' dir='ltr'><strong>Β.</strong></span> <span class='ocrx_word' id='word_1_146' title='bbox 615 2073 920 2130; x_wconf 81' lang='lat' dir='ltr'><strong>Confectum</strong></span> <span class='ocrx_word' id='word_1_147' title='bbox 963 2080 1044 2128; x_wconf 90' lang='grc' dir='ltr'><strong>εει</strong></span> <span class='ocrx_word' id='word_1_148' title='bbox 1078 2073 1309 2126; x_wconf 90' lang='lat' dir='ltr'><strong>animam</strong></span> <span class='ocrx_word' id='word_1_149' title='bbox 1350 2086 1562 2140; x_wconf 90' lang='lat' dir='ltr'><strong>semper</strong></span> <span class='ocrx_word' id='word_1_150' title='bbox 1589 2071 1786 2125; x_wconf 89' lang='lat' dir='ltr'><strong>vivere.</strong></span> <span class='ocrx_word' id='word_1_151' title='bbox 1829 2071 1890 2124; x_wconf 87' lang='lat' dir='ltr'><strong>A.</strong></span> <span class='ocrx_word' id='word_1_152' title='bbox 1934 2070 2101 2124; x_wconf 85' lang='lat' dir='ltr'><strong>Nimis</strong></span> 
     </span>
    </p>
   </div>
   <div class='ocr_carea' id='block_1_20' title="bbox 513 2161 2095 2237">
    <p class='ocr_par' dir='ltr' id='par_1_20' title="bbox 513 2161 2095 2237">
     <span class='ocr_line' id='line_1_20' title="bbox 513 2161 2095 2237; baseline -0.004 -15"><span class='ocrx_word' id='word_1_153' title='bbox 513 2169 618 2223; x_wconf 91' lang='lat' dir='ltr'><strong>cito</strong></span> <span class='ocrx_word' id='word_1_154' title='bbox 645 2181 802 2237; x_wconf 90' lang='lat' dir='ltr'><strong>urges</strong></span> <span class='ocrx_word' id='word_1_155' title='bbox 828 2181 913 2220; x_wconf 91' lang='lat' dir='ltr'><strong>me</strong></span> <span class='ocrx_word' id='word_1_156' title='bbox 942 2165 994 2220; x_wconf 90' lang='lat' dir='ltr'><strong>in</strong></span> <span class='ocrx_word' id='word_1_157' title='bbox 1024 2164 1210 2236; x_wconf 87' lang='lat' dir='ltr'><strong>gaudia</strong></span> <span class='ocrx_word' id='word_1_158' title='bbox 1247 2182 1259 2216; x_wconf 88' lang='lat'>:</span> <span class='ocrx_word' id='word_1_159' title='bbox 1295 2163 1638 2232; x_wconf 88' lang='lat' dir='ltr'><strong>pedetentim.</strong></span> <span class='ocrx_word' id='word_1_160' title='bbox 1671 2178 1869 2232; x_wconf 72' lang='lat' dir='ltr'><strong>qumso.</strong></span> <span class='ocrx_word' id='word_1_161' title='bbox 1902 2161 1967 2215; x_wconf 86' lang='lat' dir='ltr'><strong>R.</strong></span> <span class='ocrx_word' id='word_1_162' title='bbox 2003 2162 2095 2215; x_wconf 80' lang='lat' dir='ltr'><strong>At-</strong></span> 
     </span>
    </p>
   </div>
   <div class='ocr_carea' id='block_1_21' title="bbox 512 2252 2098 2330">
    <p class='ocr_par' dir='ltr' id='par_1_21' title="bbox 512 2252 2098 2330">
     <span class='ocr_line' id='line_1_21' title="bbox 512 2252 2098 2330; baseline -0.004 -18"><span class='ocrx_word' id='word_1_163' title='bbox 512 2259 601 2330; x_wconf 89' lang='lat' dir='ltr'><strong>qui</strong></span> <span class='ocrx_word' id='word_1_164' title='bbox 621 2300 638 2325; x_wconf 97' lang='lat'><strong>,</strong></span> <span class='ocrx_word' id='word_1_165' title='bbox 666 2255 712 2312; x_wconf 90' lang='lat' dir='ltr'><strong>si</strong></span> <span class='ocrx_word' id='word_1_166' title='bbox 735 2266 880 2312; x_wconf 85' lang='lat' dir='ltr'><strong>recte</strong></span> <span class='ocrx_word' id='word_1_167' title='bbox 911 2257 994 2310; x_wconf 90' lang='lat' dir='ltr'><strong>illa</strong></span> <span class='ocrx_word' id='word_1_168' title='bbox 1019 2269 1271 2314; x_wconf 85' lang='lat' dir='ltr'><strong>concessa</strong></span> <span class='ocrx_word' id='word_1_169' title='bbox 1302 2263 1450 2317; x_wconf 91' lang='lat' dir='ltr'><strong>sunt,</strong></span> <span class='ocrx_word' id='word_1_170' title='bbox 1482 2253 1610 2307; x_wconf 87' lang='lat' dir='ltr'><strong>nihil</strong></span> <span class='ocrx_word' id='word_1_171' title='bbox 1641 2253 1706 2309; x_wconf 91' lang='lat' dir='ltr'><strong>de</strong></span> <span class='ocrx_word' id='word_1_172' title='bbox 1737 2253 1835 2307; x_wconf 87' lang='lat' dir='ltr'><strong>hac</strong></span> <span class='ocrx_word' id='word_1_173' title='bbox 1861 2267 1920 2306; x_wconf 88' lang='lat' dir='ltr'><strong>re</strong></span> <span class='ocrx_word' id='word_1_174' title='bbox 1945 2252 2098 2307; x_wconf 90' lang='lat' dir='ltr'><strong>dubi-</strong></span> 
     </span>
    </p>
   </div>
   <div class='ocr_carea' id='block_1_22' title="bbox 515 2343 2100 2414">
    <p class='ocr_par' dir='ltr' id='par_1_22' title="bbox 515 2343 2100 2414">
     <span class='ocr_line' id='line_1_22' title="bbox 515 2343 2100 2414; baseline -0.003 -11"><span class='ocrx_word' id='word_1_175' title='bbox 515 2351 732 2404; x_wconf 90' lang='lat' dir='ltr'><strong>tandum</strong></span> <span class='ocrx_word' id='word_1_176' title='bbox 779 2349 950 2404; x_wconf 87' lang='lat' dir='ltr'><strong>video.</strong></span> <span class='ocrx_word' id='word_1_177' title='bbox 1002 2349 1063 2401; x_wconf 85' lang='grc' dir='ltr'><strong>Α.</strong></span> <span class='ocrx_word' id='word_1_178' title='bbox 1110 2347 1278 2401; x_wconf 86' lang='lat' dir='ltr'><strong>Nimis</strong></span> <span class='ocrx_word' id='word_1_179' title='bbox 1320 2349 1426 2401; x_wconf 87' lang='lat' dir='ltr'><strong>cito</strong></span> <span class='ocrx_word' id='word_1_180' title='bbox 1471 2353 1585 2411; x_wconf 89' lang='lat' dir='ltr'><strong>est,</strong></span> <span class='ocrx_word' id='word_1_181' title='bbox 1633 2346 1866 2414; x_wconf 89' lang='lat' dir='ltr'><strong>inquam.</strong></span> <span class='ocrx_word' id='word_1_182' title='bbox 1921 2343 2100 2413; x_wconf 86' lang='lat' dir='ltr'><strong>Itaque</strong></span> 
     </span>
    </p>
   </div>
   <div class='ocr_carea' id='block_1_23' title="bbox 514 2437 2098 2506">
    <p class='ocr_par' dir='ltr' id='par_1_23' title="bbox 514 2437 2098 2506">
     <span class='ocr_line' id='line_1_23' title="bbox 514 2437 2098 2506; baseline -0.002 -13"><span class='ocrx_word' id='word_1_183' title='bbox 514 2441 719 2496; x_wconf 85' lang='lat' dir='ltr'><strong>facilius</strong></span> <span class='ocrx_word' id='word_1_184' title='bbox 746 2440 982 2494; x_wconf 89' lang='lat' dir='ltr'><strong>adducor</strong></span> <span class='ocrx_word' id='word_1_185' title='bbox 1006 2448 1065 2493; x_wconf 90' lang='lat' dir='ltr'><strong>ut</strong></span> <span class='ocrx_word' id='word_1_186' title='bbox 1095 2455 1179 2492; x_wconf 89' lang='lat' dir='ltr'><strong>me</strong></span> <span class='ocrx_word' id='word_1_187' title='bbox 1209 2449 1407 2493; x_wconf 92' lang='lat' dir='ltr'><strong>temere</strong></span> <span class='ocrx_word' id='word_1_188' title='bbox 1435 2437 1631 2506; x_wconf 90' lang='lat' dir='ltr'><strong>aliquid</strong></span> <span class='ocrx_word' id='word_1_189' title='bbox 1658 2437 1983 2491; x_wconf 84' lang='lat' dir='ltr'><strong>concessisse</strong></span> <span class='ocrx_word' id='word_1_190' title='bbox 2009 2452 2098 2490; x_wconf 87' lang='lat' dir='ltr'><strong>ar-</strong></span> 
     </span>
    </p>
   </div>
   <div class='ocr_carea' id='block_1_24' title="bbox 514 2527 2099 2599">
    <p class='ocr_par' dir='ltr' id='par_1_24' title="bbox 514 2527 2099 2599">
     <span class='ocr_line' id='line_1_24' title="bbox 514 2527 2099 2599; baseline -0.001 -15"><span class='ocrx_word' id='word_1_191' title='bbox 514 2532 698 2596; x_wconf 91' lang='lat' dir='ltr'><strong>bitrer,</strong></span> <span class='ocrx_word' id='word_1_192' title='bbox 727 2545 883 2599; x_wconf 92' lang='lat' dir='ltr'><strong>quam</strong></span> <span class='ocrx_word' id='word_1_193' title='bbox 911 2536 971 2583; x_wconf 91' lang='lat' dir='ltr'><strong>ut</strong></span> <span class='ocrx_word' id='word_1_194' title='bbox 995 2529 1103 2597; x_wconf 84' lang='lat' dir='ltr'><strong>jam</strong></span> <span class='ocrx_word' id='word_1_195' title='bbox 1122 2562 1124 2564; x_wconf 60' lang='grc' dir='ltr'><strong><em>τ</em></strong></span> <span class='ocrx_word' id='word_1_196' title='bbox 1143 2543 1364 2582; x_wconf 86' lang='lat' dir='ltr'><strong>securus</strong></span> <span class='ocrx_word' id='word_1_197' title='bbox 1393 2527 1459 2583; x_wconf 90' lang='lat' dir='ltr'><strong>de</strong></span> <span class='ocrx_word' id='word_1_198' title='bbox 1490 2527 1885 2582; x_wconf 78' lang='lat' dir='ltr'><strong>immortalitate</strong></span> <span class='ocrx_word' id='word_1_199' title='bbox 1909 2528 2099 2582; x_wconf 65' lang='lat' dir='ltr'><strong>animm</strong></span> 
     </span>
    </p>
   </div>
   <div class='ocr_carea' id='block_1_25' title="bbox 514 2618 2100 2689">
    <p class='ocr_par' dir='ltr' id='par_1_25' title="bbox 514 2618 2100 2689">
     <span class='ocr_line' id='line_1_25' title="bbox 514 2618 2100 2689; baseline -0.002 -13"><span class='ocrx_word' id='word_1_200' title='bbox 514 2623 658 2676; x_wconf 92' lang='lat' dir='ltr'><strong>fiam.</strong></span> <span class='ocrx_word' id='word_1_201' title='bbox 685 2621 884 2676; x_wconf 86' lang='lat' dir='ltr'><strong>Tamen</strong></span> <span class='ocrx_word' id='word_1_202' title='bbox 911 2621 1096 2675; x_wconf 87' lang='lat' dir='ltr'><strong>evolve</strong></span> <span class='ocrx_word' id='word_1_203' title='bbox 1124 2621 1275 2674; x_wconf 88' lang='lat' dir='ltr'><strong>istam</strong></span> <span class='ocrx_word' id='word_1_204' title='bbox 1303 2619 1720 2685; x_wconf 86' lang='lat' dir='ltr'><strong>conclusionem,</strong></span> <span class='ocrx_word' id='word_1_205' title='bbox 1754 2628 1807 2673; x_wconf 92' lang='lat' dir='ltr'><strong>et</strong></span> <span class='ocrx_word' id='word_1_206' title='bbox 1835 2618 2100 2689; x_wconf 87' lang='lat' dir='ltr'><strong>quomodo</strong></span> 
     </span>
    </p>
   </div>
   <div class='ocr_carea' id='block_1_26' title="bbox 512 2711 2099 2770">
    <p class='ocr_par' dir='ltr' id='par_1_26' title="bbox 512 2711 2099 2770">
     <span class='ocr_line' id='line_1_26' title="bbox 512 2711 2099 2770; baseline -0.002 -2"><span class='ocrx_word' id='word_1_207' title='bbox 512 2715 565 2768; x_wconf 89' lang='lat' dir='ltr'><strong>id</strong></span> <span class='ocrx_word' id='word_1_208' title='bbox 586 2714 834 2770; x_wconf 79' lang='lat' dir='ltr'><strong>effectum</strong></span> <span class='ocrx_word' id='word_1_209' title='bbox 860 2714 928 2768; x_wconf 90' lang='lat' dir='ltr'><strong>sit</strong></span> <span class='ocrx_word' id='word_1_210' title='bbox 942 2713 1180 2768; x_wconf 91' lang='lat' dir='ltr'><strong>ostende.</strong></span> <span class='ocrx_word' id='word_1_211' title='bbox 1202 2712 1269 2766; x_wconf 75' lang='grc' dir='ltr'><strong>Β.</strong></span> <span class='ocrx_word' id='word_1_212' title='bbox 1289 2713 1591 2767; x_wconf 87' lang='lat' dir='ltr'><strong>Falsitatem</strong></span> <span class='ocrx_word' id='word_1_213' title='bbox 1609 2711 1784 2767; x_wconf 83' lang='lat' dir='ltr'><strong>dixisti</strong></span> <span class='ocrx_word' id='word_1_214' title='bbox 1805 2712 1920 2766; x_wconf 89' lang='lat' dir='ltr'><strong>sine</strong></span> <span class='ocrx_word' id='word_1_215' title='bbox 1941 2726 2099 2765; x_wconf 90' lang='lat' dir='ltr'><strong>sensu</strong></span> 
     </span>
    </p>
   </div>
   <div class='ocr_carea' id='block_1_27' title="bbox 512 2818 2101 2878">
    <p class='ocr_par' dir='ltr' id='par_1_27' title="bbox 512 2818 2101 2878">
     <span class='ocr_line' id='line_1_27' title="bbox 512 2818 2101 2878; baseline 0 -16"><span class='ocrx_word' id='word_1_216' title='bbox 512 2823 632 2863; x_wconf 82' lang='lat' dir='ltr'><strong>esse</strong></span> <span class='ocrx_word' id='word_1_217' title='bbox 660 2825 763 2862; x_wconf 86' lang='lat' dir='ltr'><strong>llOll</strong></span> <span class='ocrx_word' id='word_1_218' title='bbox 807 2823 960 2877; x_wconf 79' lang='grc' dir='ltr'>βοεεε</span> <span class='ocrx_word' id='word_1_219' title='bbox 980 2850 994 2872; x_wconf 87' lang='grc'><em>,</em></span> <span class='ocrx_word' id='word_1_220' title='bbox 1027 2818 1080 2862; x_wconf 81' lang='lat' dir='ltr'><strong>Cl.</strong></span> <span class='ocrx_word' id='word_1_221' title='bbox 1104 2825 1220 2862; x_wconf 85' lang='lat' dir='ltr'><strong>eam</strong></span> <span class='ocrx_word' id='word_1_222' title='bbox 1248 2824 1350 2862; x_wconf 84' lang='grc' dir='ltr'>ιιοη</span> <span class='ocrx_word' id='word_1_223' title='bbox 1382 2823 1501 2863; x_wconf 89' lang='lat' dir='ltr'><strong>esse</strong></span> <span class='ocrx_word' id='word_1_224' title='bbox 1529 2824 1632 2863; x_wconf 89' lang='lat' dir='ltr'><strong>non</strong></span> <span class='ocrx_word' id='word_1_225' title='bbox 1663 2823 1817 2878; x_wconf 90' lang='lat' dir='ltr'><strong>posse</strong></span> <span class='ocrx_word' id='word_1_226' title='bbox 1846 2826 1858 2859; x_wconf 77' lang='lat'><strong>2</strong></span> <span class='ocrx_word' id='word_1_227' title='bbox 1887 2824 2101 2878; x_wconf 87' lang='lat' dir='ltr'><strong>semper</strong></span> 
     </span>
    </p>
   </div>
   <div class='ocr_carea' id='block_1_28' title="bbox 513 2900 2098 2970">
    <p class='ocr_par' dir='ltr' id='par_1_28' title="bbox 513 2900 2098 2970">
     <span class='ocr_line' id='line_1_28' title="bbox 513 2900 2098 2970; baseline 0.001 -16"><span class='ocrx_word' id='word_1_228' title='bbox 513 2901 673 2970; x_wconf 83' lang='lat' dir='ltr'><strong>igitur</strong></span> <span class='ocrx_word' id='word_1_229' title='bbox 695 2907 776 2954; x_wconf 91' lang='lat' dir='ltr'><strong>est</strong></span> <span class='ocrx_word' id='word_1_230' title='bbox 799 2915 1006 2955; x_wconf 90' lang='lat' dir='ltr'><strong>sensus.</strong></span> <span class='ocrx_word' id='word_1_231' title='bbox 1035 2901 1102 2954; x_wconf 87' lang='lat' dir='ltr'><strong>At</strong></span> <span class='ocrx_word' id='word_1_232' title='bbox 1123 2901 1300 2955; x_wconf 89' lang='lat' dir='ltr'><strong>nullus</strong></span> <span class='ocrx_word' id='word_1_233' title='bbox 1328 2915 1517 2956; x_wconf 91' lang='lat' dir='ltr'><strong>sensus</strong></span> <span class='ocrx_word' id='word_1_234' title='bbox 1539 2903 1653 2956; x_wconf 91' lang='lat' dir='ltr'><strong>sine</strong></span> <span class='ocrx_word' id='word_1_235' title='bbox 1681 2900 1857 2956; x_wconf 91' lang='lat' dir='ltr'><strong>anima</strong></span> <span class='ocrx_word' id='word_1_236' title='bbox 1882 2917 1896 2953; x_wconf 90' lang='lat'><strong>:</strong></span> <span class='ocrx_word' id='word_1_237' title='bbox 1923 2901 2098 2955; x_wconf 90' lang='lat' dir='ltr'><strong>anima</strong></span> 
     </span>
    </p>
   </div>
   <div class='ocr_carea' id='block_1_29' title="bbox 511 2992 2097 3063">
    <p class='ocr_par' dir='ltr' id='par_1_29' title="bbox 511 2992 2097 3063">
     <span class='ocr_line' id='line_1_29' title="bbox 511 2992 2097 3063; baseline 0.001 -16"><span class='ocrx_word' id='word_1_238' title='bbox 511 2992 670 3063; x_wconf 84' lang='lat' dir='ltr'><strong>igitur</strong></span> <span class='ocrx_word' id='word_1_239' title='bbox 713 2995 1030 3063; x_wconf 90' lang='lat' dir='ltr'><strong>sempiterna</strong></span> <span class='ocrx_word' id='word_1_240' title='bbox 1070 3003 1171 3047; x_wconf 89' lang='lat' dir='ltr'><strong>est.</strong></span> <span class='ocrx_word' id='word_1_241' title='bbox 1215 2992 1324 3049; x_wconf 86' lang='lat' dir='ltr'><strong>Nec</strong></span> <span class='ocrx_word' id='word_1_242' title='bbox 1351 2994 1492 3050; x_wconf 87' lang='lat' dir='ltr'><strong>valet</strong></span> <span class='ocrx_word' id='word_1_243' title='bbox 1533 2995 1761 3060; x_wconf 89' lang='lat' dir='ltr'><strong>sentire,</strong></span> <span class='ocrx_word' id='word_1_244' title='bbox 1795 2993 1896 3050; x_wconf 90' lang='lat' dir='ltr'><strong>nisi</strong></span> <span class='ocrx_word' id='word_1_245' title='bbox 1937 2995 2097 3049; x_wconf 87' lang='lat' dir='ltr'><strong>vivat.</strong></span> 
     </span>
    </p>
   </div>
   <div class='ocr_carea' id='block_1_30' title="bbox 511 3084 1284 3154">
    <p class='ocr_par' dir='ltr' id='par_1_30' title="bbox 511 3084 1284 3154">
     <span class='ocr_line' id='line_1_30' title="bbox 511 3084 1284 3154; baseline -0.004 -14"><span class='ocrx_word' id='word_1_246' title='bbox 511 3084 734 3152; x_wconf 81' lang='lat' dir='ltr'><strong>Semper</strong></span> <span class='ocrx_word' id='word_1_247' title='bbox 763 3087 918 3154; x_wconf 79' lang='lat' dir='ltr'><strong>igitur</strong></span> <span class='ocrx_word' id='word_1_248' title='bbox 941 3085 1116 3138; x_wconf 89' lang='lat' dir='ltr'><strong>anima</strong></span> <span class='ocrx_word' id='word_1_249' title='bbox 1137 3084 1284 3139; x_wconf 80' lang='lat' dir='ltr'><strong>vivit.</strong></span> 
     </span>
    </p>
   </div>
   <div class='ocr_carea' id='block_1_31' title="bbox 511 3174 2102 3246">
    <p class='ocr_par' dir='ltr' id='par_1_31' title="bbox 511 3174 2102 3246">
     <span class='ocr_line' id='line_1_31' title="bbox 511 3174 2102 3246; baseline 0.001 -17"><span class='ocrx_word' id='word_1_250' title='bbox 511 3174 737 3230; x_wconf 82' lang='lat' dir='ltr'><strong>CAPUT</strong></span> <span class='ocrx_word' id='word_1_251' title='bbox 775 3175 863 3228; x_wconf 78' lang='grc' dir='ltr'><strong>ιν.</strong></span> <span class='ocrx_word' id='word_1_252' title='bbox 894 3206 966 3215; x_wconf 92' lang='grc'><strong><em>-</em></strong></span> <span class='ocrx_word' id='word_1_253' title='bbox 1008 3175 1087 3229; x_wconf 80' lang='lat' dir='ltr'><strong>Ea:</strong></span> <span class='ocrx_word' id='word_1_254' title='bbox 1115 3177 1364 3246; x_wconf 73' lang='lat' dir='ltr'><strong>falsitatis</strong></span> <span class='ocrx_word' id='word_1_255' title='bbox 1402 3192 1487 3246; x_wconf 78' lang='lat' dir='ltr'><strong>seu</strong></span> <span class='ocrx_word' id='word_1_256' title='bbox 1527 3177 1748 3230; x_wconf 78' lang='lat' dir='ltr'><strong>veritatis</strong></span> <span class='ocrx_word' id='word_1_257' title='bbox 1774 3178 2102 3246; x_wconf 81' lang='lat' dir='ltr'><strong>perpetuitate</strong></span> 
     </span>
    </p>
   </div>
   <div class='ocr_carea' id='block_1_32' title="bbox 796 3245 1814 3316">
    <p class='ocr_par' dir='ltr' id='par_1_32' title="bbox 796 3245 1814 3316">
     <span class='ocr_line' id='line_1_32' title="bbox 796 3245 1814 3316; baseline 0.001 -18"><span class='ocrx_word' id='word_1_258' title='bbox 796 3247 1014 3314; x_wconf 83' lang='lat' dir='ltr'><strong>possitne</strong></span> <span class='ocrx_word' id='word_1_259' title='bbox 1041 3245 1212 3316; x_wconf 84' lang='lat' dir='ltr'><strong>colligi</strong></span> <span class='ocrx_word' id='word_1_260' title='bbox 1239 3247 1422 3298; x_wconf 77' lang='lat' dir='ltr'><strong>anima:</strong></span> <span class='ocrx_word' id='word_1_261' title='bbox 1444 3245 1814 3300; x_wconf 80' lang='lat' dir='ltr'><strong>immortalitas.</strong></span> 
     </span>
    </p>
   </div>
   <div class='ocr_carea' id='block_1_33' title="bbox 583 3337 2098 3406">
    <p class='ocr_par' dir='ltr' id='par_1_33' title="bbox 583 3337 2098 3406">
     <span class='ocr_line' id='line_1_33' title="bbox 583 3337 2098 3406; baseline 0.001 -15"><span class='ocrx_word' id='word_1_262' title='bbox 583 3339 637 3392; x_wconf 77' lang='lat'><strong>5.</strong></span> <span class='ocrx_word' id='word_1_263' title='bbox 679 3337 741 3390; x_wconf 83' lang='grc' dir='ltr'><strong>Α.</strong></span> <span class='ocrx_word' id='word_1_264' title='bbox 772 3337 816 3391; x_wconf 90' lang='grc'>0</span> <span class='ocrx_word' id='word_1_265' title='bbox 854 3337 1156 3405; x_wconf 87' lang='lat' dir='ltr'><strong>plumbeum</strong></span> <span class='ocrx_word' id='word_1_266' title='bbox 1205 3337 1518 3406; x_wconf 75' lang='lat' dir='ltr'><strong>pugionem!</strong></span> <span class='ocrx_word' id='word_1_267' title='bbox 1558 3337 1749 3394; x_wconf 85' lang='lat' dir='ltr'><strong>Posses</strong></span> <span class='ocrx_word' id='word_1_268' title='bbox 1785 3337 1927 3392; x_wconf 88' lang='lat' dir='ltr'><strong>enim</strong></span> <span class='ocrx_word' id='word_1_269' title='bbox 1968 3353 2098 3394; x_wconf 87' lang='lat' dir='ltr'><strong>con-</strong></span> 
     </span>
    </p>
   </div>
   <div class='ocr_carea' id='block_1_34' title="bbox 511 3426 2100 3493">
    <p class='ocr_par' dir='ltr' id='par_1_34' title="bbox 511 3426 2100 3493">
     <span class='ocr_line' id='line_1_34' title="bbox 511 3426 2100 3493; baseline 0.001 -11"><span class='ocrx_word' id='word_1_270' title='bbox 511 3427 726 3482; x_wconf 89' lang='lat' dir='ltr'><strong>cludere</strong></span> <span class='ocrx_word' id='word_1_271' title='bbox 753 3426 1017 3480; x_wconf 80' lang='lat' dir='ltr'><strong>hominem</strong></span> <span class='ocrx_word' id='word_1_272' title='bbox 1049 3442 1168 3480; x_wconf 85' lang='lat' dir='ltr'><strong>esse</strong></span> <span class='ocrx_word' id='word_1_273' title='bbox 1197 3426 1547 3482; x_wconf 86' lang='lat' dir='ltr'><strong>immortalem</strong></span> <span class='ocrx_word' id='word_1_274' title='bbox 1566 3469 1580 3493; x_wconf 94' lang='lat'><strong>,</strong></span> <span class='ocrx_word' id='word_1_275' title='bbox 1609 3428 1652 3482; x_wconf 89' lang='lat' dir='ltr'><strong>si</strong></span> <span class='ocrx_word' id='word_1_276' title='bbox 1686 3429 1775 3482; x_wconf 86' lang='lat' dir='ltr'><strong>tibi</strong></span> <span class='ocrx_word' id='word_1_277' title='bbox 1805 3431 2100 3485; x_wconf 77' lang='lat' dir='ltr'><strong>Concessis-</strong></span> 
     </span>
    </p>
   </div>
   <div class='ocr_carea' id='block_1_35' title="bbox 511 3504 2095 3591">
    <p class='ocr_par' dir='ltr' id='par_1_35' title="bbox 511 3504 2095 3591">
     <span class='ocr_line' id='line_1_35' title="bbox 511 3504 2095 3591; baseline 0.004 -19"><span class='ocrx_word' id='word_1_278' title='bbox 511 3532 625 3573; x_wconf 87' lang='lat' dir='ltr'><strong>sem</strong></span> <span class='ocrx_word' id='word_1_279' title='bbox 655 3531 921 3586; x_wconf 85' lang='lat' dir='ltr'><strong>nunquam</strong></span> <span class='ocrx_word' id='word_1_280' title='bbox 945 3517 1100 3571; x_wconf 91' lang='lat' dir='ltr'><strong>istum</strong></span> <span class='ocrx_word' id='word_1_281' title='bbox 1129 3504 1380 3572; x_wconf 89' lang='lat' dir='ltr'><strong>mundum</strong></span> <span class='ocrx_word' id='word_1_282' title='bbox 1403 3533 1522 3573; x_wconf 88' lang='lat' dir='ltr'><strong>esse</strong></span> <span class='ocrx_word' id='word_1_283' title='bbox 1543 3534 1698 3588; x_wconf 82' lang='lat' dir='ltr'><strong>posse</strong></span> <span class='ocrx_word' id='word_1_284' title='bbox 1723 3519 1838 3576; x_wconf 90' lang='lat' dir='ltr'><strong>sine</strong></span> <span class='ocrx_word' id='word_1_285' title='bbox 1860 3522 2095 3591; x_wconf 86' lang='lat' dir='ltr'><strong>homine,</strong></span> 
     </span>
    </p>
   </div>
   <div class='ocr_carea' id='block_1_36' title="bbox 511 3605 2095 3682">
    <p class='ocr_par' dir='ltr' id='par_1_36' title="bbox 511 3605 2095 3682">
     <span class='ocr_line' id='line_1_36' title="bbox 511 3605 2095 3682; baseline 0.004 -20"><span class='ocrx_word' id='word_1_286' title='bbox 511 3621 739 3676; x_wconf 89' lang='lat' dir='ltr'><strong>eumque</strong></span> <span class='ocrx_word' id='word_1_287' title='bbox 768 3605 1022 3660; x_wconf 89' lang='lat' dir='ltr'><strong>mundum</strong></span> <span class='ocrx_word' id='word_1_288' title='bbox 1052 3620 1170 3661; x_wconf 89' lang='lat' dir='ltr'><strong>esse</strong></span> <span class='ocrx_word' id='word_1_289' title='bbox 1196 3607 1593 3677; x_wconf 88' lang='lat' dir='ltr'><strong>sempiternum.</strong></span> <span class='ocrx_word' id='word_1_290' title='bbox 1620 3609 1688 3664; x_wconf 80' lang='grc' dir='ltr'><strong>Β.</strong></span> <span class='ocrx_word' id='word_1_291' title='bbox 1719 3610 1859 3665; x_wconf 86' lang='lat' dir='ltr'><strong>Bene</strong></span> <span class='ocrx_word' id='word_1_292' title='bbox 1885 3613 2095 3682; x_wconf 78' lang='lat' dir='ltr'><strong>quidem</strong></span> 
     </span>
    </p>
   </div>
   <div class='ocr_carea' id='block_1_37' title="bbox 509 3695 2092 3772">
    <p class='ocr_par' dir='ltr' id='par_1_37' title="bbox 509 3695 2092 3772">
     <span class='ocr_line' id='line_1_37' title="bbox 509 3695 2092 3772; baseline 0.006 -22"><span class='ocrx_word' id='word_1_293' title='bbox 509 3697 715 3767; x_wconf 86' lang='lat' dir='ltr'><strong>vigilas.</strong></span> <span class='ocrx_word' id='word_1_294' title='bbox 763 3695 866 3751; x_wconf 88' lang='lat' dir='ltr'><strong>Sed</strong></span> <span class='ocrx_word' id='word_1_295' title='bbox 903 3707 1075 3751; x_wconf 91' lang='lat' dir='ltr'><strong>tamen</strong></span> <span class='ocrx_word' id='word_1_296' title='bbox 1115 3711 1219 3751; x_wconf 91' lang='lat' dir='ltr'><strong>non</strong></span> <span class='ocrx_word' id='word_1_297' title='bbox 1252 3713 1435 3767; x_wconf 89' lang='lat' dir='ltr'><strong>parum</strong></span> <span class='ocrx_word' id='word_1_298' title='bbox 1463 3708 1544 3755; x_wconf 90' lang='lat' dir='ltr'><strong>est</strong></span> <span class='ocrx_word' id='word_1_299' title='bbox 1569 3699 1709 3770; x_wconf 88' lang='lat' dir='ltr'><strong>quod</strong></span> <span class='ocrx_word' id='word_1_300' title='bbox 1734 3702 2092 3772; x_wconf 85' lang='lat' dir='ltr'><strong>confecimus,</strong></span> 
     </span>
    </p>
   </div>
   <div class='ocr_carea' id='block_1_38' title="bbox 512 3789 2096 3862">
    <p class='ocr_par' dir='ltr' id='par_1_38' title="bbox 512 3789 2096 3862">
     <span class='ocr_line' id='line_1_38' title="bbox 512 3789 2096 3862; baseline 0.005 -20"><span class='ocrx_word' id='word_1_301' title='bbox 512 3803 690 3843; x_wconf 88' lang='lat' dir='ltr'><strong>rerum</strong></span> <span class='ocrx_word' id='word_1_302' title='bbox 718 3797 956 3843; x_wconf 88' lang='lat' dir='ltr'><strong>naturam</strong></span> <span class='ocrx_word' id='word_1_303' title='bbox 987 3789 1102 3843; x_wconf 92' lang='lat' dir='ltr'><strong>sine</strong></span> <span class='ocrx_word' id='word_1_304' title='bbox 1126 3789 1300 3843; x_wconf 91' lang='lat' dir='ltr'><strong>anima</strong></span> <span class='ocrx_word' id='word_1_305' title='bbox 1330 3804 1447 3844; x_wconf 89' lang='lat' dir='ltr'><strong>esse</strong></span> <span class='ocrx_word' id='word_1_306' title='bbox 1475 3807 1579 3846; x_wconf 90' lang='lat' dir='ltr'><strong>non</strong></span> <span class='ocrx_word' id='word_1_307' title='bbox 1612 3807 1794 3862; x_wconf 89' lang='lat' dir='ltr'><strong>posse,</strong></span> <span class='ocrx_word' id='word_1_308' title='bbox 1824 3794 1924 3848; x_wconf 91' lang='lat' dir='ltr'><strong>nisi</strong></span> <span class='ocrx_word' id='word_1_309' title='bbox 1961 3795 2096 3851; x_wconf 90' lang='lat' dir='ltr'><strong>forte</strong></span> 
     </span>
    </p>
   </div>
   <div class='ocr_carea' id='block_1_39' title="bbox 511 3879 2094 3952">
    <p class='ocr_par' dir='ltr' id='par_1_39' title="bbox 511 3879 2094 3952">
     <span class='ocr_line' id='line_1_39' title="bbox 511 3879 2094 3952; baseline 0.007 -20"><span class='ocrx_word' id='word_1_310' title='bbox 511 3879 564 3934; x_wconf 89' lang='lat' dir='ltr'><strong>in</strong></span> <span class='ocrx_word' id='word_1_311' title='bbox 592 3894 769 3939; x_wconf 87' lang='lat' dir='ltr'><strong>rerum</strong></span> <span class='ocrx_word' id='word_1_312' title='bbox 800 3889 983 3934; x_wconf 88' lang='lat' dir='ltr'><strong>natura</strong></span> <span class='ocrx_word' id='word_1_313' title='bbox 1019 3879 1222 3934; x_wconf 81' lang='lat' dir='ltr'><strong>falsitas</strong></span> <span class='ocrx_word' id='word_1_314' title='bbox 1255 3880 1536 3952; x_wconf 89' lang='lat' dir='ltr'><strong>aliquando</strong></span> <span class='ocrx_word' id='word_1_315' title='bbox 1571 3899 1675 3938; x_wconf 90' lang='lat' dir='ltr'><strong>non</strong></span> <span class='ocrx_word' id='word_1_316' title='bbox 1707 3886 1826 3940; x_wconf 89' lang='lat' dir='ltr'><strong>erit.</strong></span> <span class='ocrx_word' id='word_1_317' title='bbox 1856 3886 1918 3939; x_wconf 81' lang='grc' dir='ltr'><strong>Α.</strong></span> <span class='ocrx_word' id='word_1_318' title='bbox 1945 3883 2094 3943; x_wconf 75' lang='grc' dir='ltr'>Ἰειηιί</span> 
     </span>
    </p>
   </div>
   <div class='ocr_carea' id='block_1_40' title="bbox 507 3969 2093 4049">
    <p class='ocr_par' dir='ltr' id='par_1_40' title="bbox 507 3969 2093 4049">
     <span class='ocr_line' id='line_1_40' title="bbox 507 3969 2093 4049; baseline 0.008 -25"><span class='ocrx_word' id='word_1_319' title='bbox 507 3969 720 4041; x_wconf 89' lang='lat' dir='ltr'><strong>quidem</strong></span> <span class='ocrx_word' id='word_1_320' title='bbox 756 3986 1087 4041; x_wconf 86' lang='lat' dir='ltr'><strong>consequens</strong></span> <span class='ocrx_word' id='word_1_321' title='bbox 1115 3986 1232 4026; x_wconf 89' lang='lat' dir='ltr'><strong>esse</strong></span> <span class='ocrx_word' id='word_1_322' title='bbox 1255 3974 1559 4033; x_wconf 85' lang='lat' dir='ltr'><strong>conﬁteor.‘.</strong></span> <span class='ocrx_word' id='word_1_323' title='bbox 1576 3975 1680 4032; x_wconf 85' lang='lat' dir='ltr'><strong>Sed</strong></span> <span class='ocrx_word' id='word_1_324' title='bbox 1719 3978 1826 4046; x_wconf 71' lang='lat' dir='ltr'><strong>jzuu</strong></span> <span class='ocrx_word' id='word_1_325' title='bbox 1868 3981 2093 4049; x_wconf 80' lang='lat' dir='ltr'><strong>amplius</strong></span> 
     </span>
    </p>
   </div>
   <div class='ocr_carea' id='block_1_41' title="bbox 507 4062 2091 4137">
    <p class='ocr_par' dir='ltr' id='par_1_41' title="bbox 507 4062 2091 4137">
     <span class='ocr_line' id='line_1_41' title="bbox 507 4062 2091 4137; baseline 0.007 -19"><span class='ocrx_word' id='word_1_326' title='bbox 507 4062 904 4127; x_wconf 85' lang='lat' dir='ltr'><strong>deliberandum</strong></span> <span class='ocrx_word' id='word_1_327' title='bbox 949 4079 1172 4130; x_wconf 89' lang='lat' dir='ltr'><strong>censeo,</strong></span> <span class='ocrx_word' id='word_1_328' title='bbox 1205 4074 1381 4121; x_wconf 91' lang='lat' dir='ltr'><strong>utrum</strong></span> <span class='ocrx_word' id='word_1_329' title='bbox 1421 4069 1664 4137; x_wconf 90' lang='lat' dir='ltr'><strong>superius</strong></span> <span class='ocrx_word' id='word_1_330' title='bbox 1697 4087 1947 4126; x_wconf 91' lang='lat' dir='ltr'><strong>concessa</strong></span> <span class='ocrx_word' id='word_1_331' title='bbox 1988 4091 2091 4129; x_wconf 92' lang='lat' dir='ltr'><strong>non</strong></span> 
     </span>
    </p>
   </div>
   <div class='ocr_carea' id='block_1_42' title="bbox 505 4158 2092 4231">
    <p class='ocr_par' dir='ltr' id='par_1_42' title="bbox 505 4158 2092 4231">
     <span class='ocr_line' id='line_1_42' title="bbox 505 4158 2092 4231; baseline 0.008 -21"><span class='ocrx_word' id='word_1_332' title='bbox 505 4165 710 4213; x_wconf 88' lang='lat' dir='ltr'><strong>nutent.</strong></span> <span class='ocrx_word' id='word_1_333' title='bbox 740 4158 852 4214; x_wconf 85' lang='lat' dir='ltr'><strong>Non</strong></span> <span class='ocrx_word' id='word_1_334' title='bbox 883 4160 1024 4214; x_wconf 88' lang='lat' dir='ltr'><strong>enim</strong></span> <span class='ocrx_word' id='word_1_335' title='bbox 1062 4175 1278 4230; x_wconf 87' lang='lat' dir='ltr'><strong>parvum</strong></span> <span class='ocrx_word' id='word_1_336' title='bbox 1308 4163 1528 4231; x_wconf 90' lang='lat' dir='ltr'><strong>gradum</strong></span> <span class='ocrx_word' id='word_1_337' title='bbox 1563 4165 1628 4218; x_wconf 90' lang='lat' dir='ltr'><strong>ad</strong></span> <span class='ocrx_word' id='word_1_338' title='bbox 1659 4167 1848 4220; x_wconf 77' lang='lat' dir='ltr'><strong>animm</strong></span> <span class='ocrx_word' id='word_1_339' title='bbox 1879 4169 2092 4225; x_wconf 77' lang='lat' dir='ltr'><strong>immor-</strong></span> 
     </span>
    </p>
   </div>
   <div class='ocr_carea' id='block_1_43' title="bbox 506 4249 2088 4328">
    <p class='ocr_par' dir='ltr' id='par_1_43' title="bbox 506 4249 2088 4328">
     <span class='ocr_line' id='line_1_43' title="bbox 506 4249 2088 4328; baseline 0.007 -25"><span class='ocrx_word' id='word_1_340' title='bbox 506 4249 759 4305; x_wconf 85' lang='lat' dir='ltr'><strong>talitatem</strong></span> <span class='ocrx_word' id='word_1_341' title='bbox 796 4251 987 4304; x_wconf 90' lang='lat' dir='ltr'><strong>factum</strong></span> <span class='ocrx_word' id='word_1_342' title='bbox 1015 4267 1132 4306; x_wconf 84' lang='lat' dir='ltr'><strong>esse</strong></span> <span class='ocrx_word' id='word_1_343' title='bbox 1165 4253 1337 4306; x_wconf 88' lang='lat' dir='ltr'><strong>video.</strong></span> <span class='ocrx_word' id='word_1_344' title='bbox 1376 4252 1442 4306; x_wconf 83' lang='lat' dir='ltr'><strong>R.</strong></span> <span class='ocrx_word' id='word_1_345' title='bbox 1473 4255 1681 4311; x_wconf 91' lang='lat' dir='ltr'><strong>Satisne</strong></span> <span class='ocrx_word' id='word_1_346' title='bbox 1711 4259 2088 4328; x_wconf 87' lang='lat' dir='ltr'><strong>considerasti,</strong></span> 
     </span>
    </p>
   </div>
   <div class='ocr_carea' id='block_1_44' title="bbox 505 4343 2088 4418">
    <p class='ocr_par' dir='ltr' id='par_1_44' title="bbox 505 4343 2088 4418">
     <span class='ocr_line' id='line_1_44' title="bbox 505 4343 2088 4418; baseline 0.008 -24"><span class='ocrx_word' id='word_1_347' title='bbox 505 4356 571 4394; x_wconf 91' lang='lat' dir='ltr'><strong>ne</strong></span> <span class='ocrx_word' id='word_1_348' title='bbox 605 4343 727 4411; x_wconf 90' lang='lat' dir='ltr'><strong>quid</strong></span> <span class='ocrx_word' id='word_1_349' title='bbox 757 4351 953 4397; x_wconf 83' lang='lat' dir='ltr'><strong>temere</strong></span> <span class='ocrx_word' id='word_1_350' title='bbox 997 4343 1244 4401; x_wconf 84' lang='lat' dir='ltr'><strong>dederis?</strong></span> <span class='ocrx_word' id='word_1_351' title='bbox 1285 4347 1347 4399; x_wconf 83' lang='grc' dir='ltr'><strong>Α.</strong></span> <span class='ocrx_word' id='word_1_352' title='bbox 1388 4346 1527 4402; x_wconf 83' lang='lat' dir='ltr'><strong>Satis</strong></span> <span class='ocrx_word' id='word_1_353' title='bbox 1565 4348 1799 4418; x_wconf 91' lang='lat' dir='ltr'><strong>quidem,</strong></span> <span class='ocrx_word' id='word_1_354' title='bbox 1833 4353 1923 4407; x_wconf 80' lang='lat' dir='ltr'><strong>sed</strong></span> <span class='ocrx_word' id='word_1_355' title='bbox 1957 4354 2088 4408; x_wconf 89' lang='lat' dir='ltr'><strong>nihil</strong></span> 
     </span>
    </p>
   </div>
   <div class='ocr_carea' id='block_1_45' title="bbox 501 4423 2088 4514">
    <p class='ocr_par' dir='ltr' id='par_1_45' title="bbox 501 4423 2088 4514">
     <span class='ocr_line' id='line_1_45' title="bbox 501 4423 2088 4514; baseline 0.011 -29"><span class='ocrx_word' id='word_1_356' title='bbox 501 4431 656 4487; x_wconf 89' lang='lat' dir='ltr'><strong>video</strong></span> <span class='ocrx_word' id='word_1_357' title='bbox 682 4450 788 4504; x_wconf 92' lang='lat' dir='ltr'><strong>quo</strong></span> <span class='ocrx_word' id='word_1_358' title='bbox 807 4423 903 4490; x_wconf 19' lang='lat' dir='ltr'><strong>“me</strong></span> <span class='ocrx_word' id='word_1_359' title='bbox 928 4452 1142 4507; x_wconf 82' lang='lat' dir='ltr'><strong>arguam</strong></span> <span class='ocrx_word' id='word_1_360' title='bbox 1169 4440 1500 4496; x_wconf 89' lang='lat' dir='ltr'><strong>temeritatis.</strong></span> <span class='ocrx_word' id='word_1_361' title='bbox 1530 4442 1597 4496; x_wconf 80' lang='lat' dir='ltr'><strong>Il.</strong></span> <span class='ocrx_word' id='word_1_362' title='bbox 1632 4443 1770 4514; x_wconf 87' lang='lat' dir='ltr'><strong>Ergo</strong></span> <span class='ocrx_word' id='word_1_363' title='bbox 1788 4445 2088 4502; x_wconf 86' lang='lat' dir='ltr'><strong>confectum</strong></span> 
     </span>
    </p>
   </div>
   <div class='ocr_carea' id='block_1_46' title="bbox 502 4531 2084 4609">
    <p class='ocr_par' dir='ltr' id='par_1_46' title="bbox 502 4531 2084 4609">
     <span class='ocr_line' id='line_1_46' title="bbox 502 4531 2084 4609; baseline 0.008 -29"><span class='ocrx_word' id='word_1_364' title='bbox 502 4534 584 4581; x_wconf 88' lang='lat' dir='ltr'><strong>est</strong></span> <span class='ocrx_word' id='word_1_365' title='bbox 623 4543 800 4583; x_wconf 89' lang='lat' dir='ltr'><strong>rerum</strong></span> <span class='ocrx_word' id='word_1_366' title='bbox 842 4539 1081 4586; x_wconf 87' lang='lat' dir='ltr'><strong>naturam</strong></span> <span class='ocrx_word' id='word_1_367' title='bbox 1123 4531 1240 4588; x_wconf 89' lang='lat' dir='ltr'><strong>sine</strong></span> <span class='ocrx_word' id='word_1_368' title='bbox 1283 4534 1455 4588; x_wconf 90' lang='lat' dir='ltr'><strong>anima</strong></span> <span class='ocrx_word' id='word_1_369' title='bbox 1483 4534 1598 4588; x_wconf 90' lang='lat' dir='ltr'><strong>viva</strong></span> <span class='ocrx_word' id='word_1_370' title='bbox 1625 4551 1744 4591; x_wconf 88' lang='lat' dir='ltr'><strong>esse</strong></span> <span class='ocrx_word' id='word_1_371' title='bbox 1774 4543 1877 4592; x_wconf 80' lang='lat' dir='ltr'><strong>non</strong></span> <span class='ocrx_word' id='word_1_372' title='bbox 1911 4554 2084 4609; x_wconf 89' lang='lat' dir='ltr'><strong>posse.</strong></span> 
     </span>
    </p>
   </div>
   <div class='ocr_carea' id='block_1_47' title="bbox 498 4617 2083 4700">
    <p class='ocr_par' dir='ltr' id='par_1_47' title="bbox 498 4617 2083 4700">
     <span class='ocr_line' id='line_1_47' title="bbox 498 4617 2083 4700; baseline 0.008 -26"><span class='ocrx_word' id='word_1_373' title='bbox 498 4617 563 4674; x_wconf 77' lang='grc' dir='ltr'><strong>Α.</strong></span> <span class='ocrx_word' id='word_1_374' title='bbox 585 4619 893 4678; x_wconf 76' lang='lat' dir='ltr'><strong>Confectum</strong></span> <span class='ocrx_word' id='word_1_375' title='bbox 921 4623 1195 4691; x_wconf 89' lang='lat' dir='ltr'><strong>hactenus,</strong></span> <span class='ocrx_word' id='word_1_376' title='bbox 1221 4635 1274 4680; x_wconf 91' lang='lat' dir='ltr'><strong>ut</strong></span> <span class='ocrx_word' id='word_1_377' title='bbox 1298 4628 1501 4696; x_wconf 90' lang='lat' dir='ltr'><strong>possint</strong></span> <span class='ocrx_word' id='word_1_378' title='bbox 1527 4629 1759 4685; x_wconf 91' lang='lat' dir='ltr'><strong>vicissim</strong></span> <span class='ocrx_word' id='word_1_379' title='bbox 1781 4633 1899 4686; x_wconf 66' lang='lat' dir='ltr'><strong>aliae</strong></span> <span class='ocrx_word' id='word_1_380' title='bbox 1919 4636 2083 4700; x_wconf 87' lang='lat' dir='ltr'><strong>nasci,</strong></span> 
     </span>
    </p>
   </div>
   <div class='ocr_carea' id='block_1_48' title="bbox 499 4710 2087 4784">
    <p class='ocr_par' dir='ltr' id='par_1_48' title="bbox 499 4710 2087 4784">
     <span class='ocr_line' id='line_1_48' title="bbox 499 4710 2087 4784; baseline 0.011 -22"><span class='ocrx_word' id='word_1_381' title='bbox 499 4710 617 4764; x_wconf 66' lang='lat' dir='ltr'><strong>alite</strong></span> <span class='ocrx_word' id='word_1_382' title='bbox 652 4715 805 4768; x_wconf 89' lang='lat' dir='ltr'><strong>mori.</strong></span> <span class='ocrx_word' id='word_1_383' title='bbox 843 4715 911 4784; x_wconf 71' lang='grc' dir='ltr'><strong>Β.</strong></span> <span class='ocrx_word' id='word_1_384' title='bbox 940 4716 1097 4782; x_wconf 86' lang='lat' dir='ltr'><strong>Quid,</strong></span> <span class='ocrx_word' id='word_1_385' title='bbox 1130 4717 1172 4770; x_wconf 89' lang='lat' dir='ltr'><strong>si</strong></span> <span class='ocrx_word' id='word_1_386' title='bbox 1200 4716 1268 4772; x_wconf 85' lang='lat' dir='ltr'><strong>de.</strong></span> <span class='ocrx_word' id='word_1_387' title='bbox 1300 4729 1484 4774; x_wconf 88' lang='lat' dir='ltr'><strong>natura</strong></span> <span class='ocrx_word' id='word_1_388' title='bbox 1512 4736 1687 4774; x_wconf 91' lang='lat' dir='ltr'><strong>rerum</strong></span> <span class='ocrx_word' id='word_1_389' title='bbox 1715 4722 1917 4778; x_wconf 86' lang='lat' dir='ltr'><strong>falsitas</strong></span> <span class='ocrx_word' id='word_1_390' title='bbox 1941 4727 2087 4780; x_wconf 84' lang='lat' dir='ltr'><strong>aufe-</strong></span> 
     </span>
    </p>
   </div>
   <div class='ocr_carea' id='block_1_49' title="bbox 499 4801 2084 4884">
    <p class='ocr_par' dir='ltr' id='par_1_49' title="bbox 499 4801 2084 4884">
     <span class='ocr_line' id='line_1_49' title="bbox 499 4801 2084 4884; baseline 0.01 -30"><span class='ocrx_word' id='word_1_391' title='bbox 499 4801 687 4855; x_wconf 86' lang='lat' dir='ltr'><strong>ratur?</strong></span> <span class='ocrx_word' id='word_1_392' title='bbox 729 4819 904 4858; x_wconf 82' lang='lat' dir='ltr'><strong>nonne</strong></span> <span class='ocrx_word' id='word_1_393' title='bbox 949 4805 1038 4860; x_wconf 89' lang='lat' dir='ltr'><strong>ﬁct</strong></span> <span class='ocrx_word' id='word_1_394' title='bbox 1082 4815 1139 4861; x_wconf 94' lang='lat' dir='ltr'><strong>ut</strong></span> <span class='ocrx_word' id='word_1_395' title='bbox 1179 4823 1301 4862; x_wconf 88' lang='lat' dir='ltr'><strong>vera</strong></span> <span class='ocrx_word' id='word_1_396' title='bbox 1339 4809 1445 4864; x_wconf 91' lang='lat' dir='ltr'><strong>sint</strong></span> <span class='ocrx_word' id='word_1_397' title='bbox 1476 4812 1695 4866; x_wconf 86' lang='lat' dir='ltr'><strong>omnia?</strong></span> <span class='ocrx_word' id='word_1_398' title='bbox 1723 4813 1786 4866; x_wconf 90' lang='grc' dir='ltr'><strong>Α.</strong></span> <span class='ocrx_word' id='word_1_399' title='bbox 1824 4812 2084 4884; x_wconf 87' lang='lat' dir='ltr'><strong>Conscqui</strong></span> 
     </span>
    </p>
   </div>
   <div class='ocr_carea' id='block_1_50' title="bbox 498 4888 2084 4972">
    <p class='ocr_par' dir='ltr' id='par_1_50' title="bbox 498 4888 2084 4972">
     <span class='ocr_line' id='line_1_50' title="bbox 498 4888 2084 4972; baseline 0.012 -30"><span class='ocrx_word' id='word_1_400' title='bbox 498 4888 674 4972; x_wconf 76' lang='lat' dir='ltr'><strong>video.</strong></span> <span class='ocrx_word' id='word_1_401' title='bbox 706 4891 772 4944; x_wconf 74' lang='grc' dir='ltr'><strong>Β.</strong></span> <span class='ocrx_word' id='word_1_402' title='bbox 796 4892 1080 4962; x_wconf 83' lang='lat' dir='ltr'><strong>Responde</strong></span> <span class='ocrx_word' id='word_1_403' title='bbox 1109 4897 1248 4952; x_wconf 90' lang='lat' dir='ltr'><strong>unde</strong></span> <span class='ocrx_word' id='word_1_404' title='bbox 1279 4899 1369 4954; x_wconf 90' lang='lat' dir='ltr'><strong>tibi</strong></span> <span class='ocrx_word' id='word_1_405' title='bbox 1398 4900 1641 4956; x_wconf 90' lang='lat' dir='ltr'><strong>videatur</strong></span> <span class='ocrx_word' id='word_1_406' title='bbox 1670 4904 1842 4972; x_wconf 89' lang='lat' dir='ltr'><strong>paries</strong></span> <span class='ocrx_word' id='word_1_407' title='bbox 1871 4905 1970 4960; x_wconf 87' lang='lat' dir='ltr'><strong>iste</strong></span> <span class='ocrx_word' id='word_1_408' title='bbox 1995 4923 2084 4962; x_wconf 92' lang='lat' dir='ltr'><strong>ve-</strong></span> 
     </span>
    </p>
   </div>
   <div class='ocr_carea' id='block_1_51' title="bbox 497 4977 2084 5069">
    <p class='ocr_par' dir='ltr' id='par_1_51' title="bbox 497 4977 2084 5069">
     <span class='ocr_line' id='line_1_51' title="bbox 497 4977 2084 5069; baseline 0.013 -35"><span class='ocrx_word' id='word_1_409' title='bbox 497 4993 588 5069; x_wconf 87' lang='lat' dir='ltr'><strong>rus</strong></span> <span class='ocrx_word' id='word_1_410' title='bbox 613 4995 751 5058; x_wconf 82' lang='lat' dir='ltr'><strong>esse.</strong></span> <span class='ocrx_word' id='word_1_411' title='bbox 786 4982 846 5035; x_wconf 77' lang='grc' dir='ltr'><strong><em>Α.</em></strong></span> <span class='ocrx_word' id='word_1_412' title='bbox 877 4977 1008 5069; x_wconf 77' lang='lat' dir='ltr'><strong>Quia</strong></span> <span class='ocrx_word' id='word_1_413' title='bbox 1049 4987 1165 5056; x_wconf 87' lang='lat' dir='ltr'><strong>ejus</strong></span> <span class='ocrx_word' id='word_1_414' title='bbox 1195 5004 1299 5043; x_wconf 95' lang='lat' dir='ltr'><strong>non</strong></span> <span class='ocrx_word' id='word_1_415' title='bbox 1345 4989 1498 5046; x_wconf 90' lang='lat' dir='ltr'><strong>fallor</strong></span> <span class='ocrx_word' id='word_1_416' title='bbox 1544 5006 1779 5069; x_wconf 88' lang='lat' dir='ltr'><strong>aspectu.</strong></span> <span class='ocrx_word' id='word_1_417' title='bbox 1828 4995 1895 5050; x_wconf 73' lang='grc' dir='ltr'><strong>Ιι.</strong></span> <span class='ocrx_word' id='word_1_418' title='bbox 1941 4997 2084 5069; x_wconf 87' lang='lat' dir='ltr'><strong>Ergo</strong></span> 
     </span>
    </p>
   </div>
   <div class='ocr_carea' id='block_1_52' title="bbox 495 5067 2082 5158">
    <p class='ocr_par' dir='ltr' id='par_1_52' title="bbox 495 5067 2082 5158">
     <span class='ocr_line' id='line_1_52' title="bbox 495 5067 2082 5158; baseline 0.015 -38"><span class='ocrx_word' id='word_1_419' title='bbox 495 5068 618 5138; x_wconf 90' lang='lat' dir='ltr'><strong>quia</strong></span> <span class='ocrx_word' id='word_1_420' title='bbox 645 5069 714 5126; x_wconf 85' lang='lat' dir='ltr'><strong>ita</strong></span> <span class='ocrx_word' id='word_1_421' title='bbox 739 5079 822 5125; x_wconf 86' lang='lat' dir='ltr'><strong>est</strong></span> <span class='ocrx_word' id='word_1_422' title='bbox 851 5081 908 5127; x_wconf 92' lang='lat' dir='ltr'><strong>ut</strong></span> <span class='ocrx_word' id='word_1_423' title='bbox 932 5067 1158 5130; x_wconf 82' lang='lat' dir='ltr'><strong>videtur.</strong></span> <span class='ocrx_word' id='word_1_424' title='bbox 1187 5077 1251 5132; x_wconf 85' lang='grc' dir='ltr'><strong>Α.</strong></span> <span class='ocrx_word' id='word_1_425' title='bbox 1282 5079 1473 5135; x_wconf 87' lang='lat' dir='ltr'><strong>Etiam.</strong></span> <span class='ocrx_word' id='word_1_426' title='bbox 1508 5082 1574 5136; x_wconf 74' lang='grc' dir='ltr'><strong>Β.</strong></span> <span class='ocrx_word' id='word_1_427' title='bbox 1611 5067 1665 5138; x_wconf 70' lang='lat' dir='ltr'><strong>Si</strong></span> <span class='ocrx_word' id='word_1_428' title='bbox 1707 5086 1864 5156; x_wconf 87' lang='lat' dir='ltr'><strong>igitur</strong></span> <span class='ocrx_word' id='word_1_429' title='bbox 1886 5067 2082 5158; x_wconf 80' lang='lat' dir='ltr'><strong>aliquid</strong></span> 
     </span>
    </p>
   </div>
   <div class='ocr_carea' id='block_1_53' title="bbox 495 5159 2081 5245">
    <p class='ocr_par' dir='ltr' id='par_1_53' title="bbox 495 5159 2081 5245">
     <span class='ocr_line' id='line_1_53' title="bbox 495 5159 2081 5245; baseline 0.014 -33"><span class='ocrx_word' id='word_1_430' title='bbox 495 5159 622 5214; x_wconf 90' lang='lat' dir='ltr'><strong>inde</strong></span> <span class='ocrx_word' id='word_1_431' title='bbox 666 5159 857 5216; x_wconf 84' lang='lat' dir='ltr'><strong>falsum</strong></span> <span class='ocrx_word' id='word_1_432' title='bbox 903 5173 986 5218; x_wconf 91' lang='lat' dir='ltr'><strong>est</strong></span> <span class='ocrx_word' id='word_1_433' title='bbox 1027 5166 1168 5234; x_wconf 88' lang='lat' dir='ltr'><strong>quod</strong></span> <span class='ocrx_word' id='word_1_434' title='bbox 1209 5167 1364 5224; x_wconf 83' lang='lat' dir='ltr'><strong>aliter</strong></span> <span class='ocrx_word' id='word_1_435' title='bbox 1401 5171 1608 5226; x_wconf 89' lang='lat' dir='ltr'><strong>videtur</strong></span> <span class='ocrx_word' id='word_1_436' title='bbox 1631 5183 1789 5245; x_wconf 88' lang='lat' dir='ltr'><strong>atque</strong></span> <span class='ocrx_word' id='word_1_437' title='bbox 1815 5187 1930 5244; x_wconf 90' lang='lat' dir='ltr'><strong>est,</strong></span> <span class='ocrx_word' id='word_1_438' title='bbox 1961 5179 2081 5234; x_wconf 88' lang='lat' dir='ltr'><strong>inde</strong></span> 
     </span>
    </p>
   </div>
   <div class='ocr_carea' id='block_1_54' title="bbox 493 5253 2095 5335">
    <p class='ocr_par' dir='ltr' id='par_1_54' title="bbox 493 5253 2095 5335">
     <span class='ocr_line' id='line_1_54' title="bbox 493 5253 2095 5335; baseline 0.012 -30"><span class='ocrx_word' id='word_1_439' title='bbox 493 5267 679 5307; x_wconf 90' lang='lat' dir='ltr'><strong>verum</strong></span> <span class='ocrx_word' id='word_1_440' title='bbox 709 5253 849 5324; x_wconf 91' lang='lat' dir='ltr'><strong>quod</strong></span> <span class='ocrx_word' id='word_1_441' title='bbox 880 5255 949 5309; x_wconf 92' lang='lat' dir='ltr'><strong>ita</strong></span> <span class='ocrx_word' id='word_1_442' title='bbox 981 5267 1038 5310; x_wconf 91' lang='lat' dir='ltr'><strong>ut</strong></span> <span class='ocrx_word' id='word_1_443' title='bbox 1064 5265 1146 5312; x_wconf 80' lang='lat' dir='ltr'><strong>est</strong></span> <span class='ocrx_word' id='word_1_444' title='bbox 1176 5259 1413 5326; x_wconf 90' lang='lat' dir='ltr'><strong>videtur;</strong></span> <span class='ocrx_word' id='word_1_445' title='bbox 1444 5263 1618 5318; x_wconf 89' lang='lat' dir='ltr'><strong>ablato</strong></span> <span class='ocrx_word' id='word_1_446' title='bbox 1643 5280 1708 5319; x_wconf 91' lang='lat' dir='ltr'><strong>eo</strong></span> <span class='ocrx_word' id='word_1_447' title='bbox 1736 5270 1819 5321; x_wconf 93' lang='lat' dir='ltr'><strong>cui</strong></span> <span class='ocrx_word' id='word_1_448' title='bbox 1849 5268 2095 5335; x_wconf 85' lang='lat' dir='ltr'><strong>videtur,</strong></span> 
     </span>
    </p>
   </div>
   <div class='ocr_carea' id='block_1_55' title="bbox 493 5346 2078 5420">
    <p class='ocr_par' dir='ltr' id='par_1_55' title="bbox 493 5346 2078 5420">
     <span class='ocr_line' id='line_1_55' title="bbox 493 5346 2078 5420; baseline 0.01 -19"><span class='ocrx_word' id='word_1_449' title='bbox 493 5357 597 5402; x_wconf 82' lang='lat' dir='ltr'><strong>nec</strong></span> <span class='ocrx_word' id='word_1_450' title='bbox 624 5346 814 5402; x_wconf 89' lang='lat' dir='ltr'><strong>falsum</strong></span> <span class='ocrx_word' id='word_1_451' title='bbox 841 5348 1148 5420; x_wconf 87' lang='lat' dir='ltr'><strong>quidquam,</strong></span> <span class='ocrx_word' id='word_1_452' title='bbox 1175 5367 1274 5407; x_wconf 89' lang='lat' dir='ltr'><strong>nec</strong></span> <span class='ocrx_word' id='word_1_453' title='bbox 1299 5368 1482 5408; x_wconf 85' lang='lat' dir='ltr'><strong>verum</strong></span> <span class='ocrx_word' id='word_1_454' title='bbox 1509 5367 1608 5410; x_wconf 89' lang='lat' dir='ltr'><strong>est.</strong></span> <span class='ocrx_word' id='word_1_455' title='bbox 1637 5359 1701 5412; x_wconf 89' lang='lat' dir='ltr'><strong>At</strong></span> <span class='ocrx_word' id='word_1_456' title='bbox 1731 5360 1774 5413; x_wconf 89' lang='lat' dir='ltr'><strong>si</strong></span> <span class='ocrx_word' id='word_1_457' title='bbox 1805 5359 2005 5416; x_wconf 88' lang='lat' dir='ltr'><strong>falsitas</strong></span> <span class='ocrx_word' id='word_1_458' title='bbox 2028 5364 2078 5417; x_wconf 91' lang='lat' dir='ltr'><strong>in</strong></span> 
     </span>
    </p>
   </div>
   <div class='ocr_carea' id='block_1_56' title="bbox 495 5443 2078 5512">
    <p class='ocr_par' dir='ltr' id='par_1_56' title="bbox 495 5443 2078 5512">
     <span class='ocr_line' id='line_1_56' title="bbox 495 5443 2078 5512; baseline 0.011 -20"><span class='ocrx_word' id='word_1_459' title='bbox 495 5453 675 5495; x_wconf 87' lang='lat' dir='ltr'><strong>rerum</strong></span> <span class='ocrx_word' id='word_1_460' title='bbox 715 5453 901 5498; x_wconf 89' lang='lat' dir='ltr'><strong>natura</strong></span> <span class='ocrx_word' id='word_1_461' title='bbox 940 5457 1045 5498; x_wconf 88' lang='lat' dir='ltr'><strong>non</strong></span> <span class='ocrx_word' id='word_1_462' title='bbox 1086 5443 1188 5512; x_wconf 90' lang='lat' dir='ltr'><strong>sit,</strong></span> <span class='ocrx_word' id='word_1_463' title='bbox 1232 5460 1352 5500; x_wconf 88' lang='lat' dir='ltr'><strong>vera</strong></span> <span class='ocrx_word' id='word_1_464' title='bbox 1397 5457 1519 5502; x_wconf 92' lang='lat' dir='ltr'><strong>sunt</strong></span> <span class='ocrx_word' id='word_1_465' title='bbox 1547 5451 1744 5504; x_wconf 82' lang='lat' dir='ltr'><strong>omnia.</strong></span> <span class='ocrx_word' id='word_1_466' title='bbox 1778 5451 1885 5506; x_wconf 88' lang='lat' dir='ltr'><strong>Nec</strong></span> <span class='ocrx_word' id='word_1_467' title='bbox 1913 5454 2078 5510; x_wconf 82' lang='lat' dir='ltr'><strong>videri</strong></span> 
     </span>
    </p>
   </div>
   <div class='ocr_carea' id='block_1_57' title="bbox 491 5529 2079 5616">
    <p class='ocr_par' dir='ltr' id='par_1_57' title="bbox 491 5529 2079 5616">
     <span class='ocr_line' id='line_1_57' title="bbox 491 5529 2079 5616; baseline 0.009 -29"><span class='ocrx_word' id='word_1_468' title='bbox 491 5529 780 5603; x_wconf 86' lang='lat' dir='ltr'><strong>quldquam</strong></span> <span class='ocrx_word' id='word_1_469' title='bbox 825 5534 926 5590; x_wconf 90' lang='lat' dir='ltr'><strong>nisi</strong></span> <span class='ocrx_word' id='word_1_470' title='bbox 970 5534 1166 5592; x_wconf 89' lang='lat' dir='ltr'><strong>viventi</strong></span> <span class='ocrx_word' id='word_1_471' title='bbox 1213 5537 1405 5592; x_wconf 74' lang='lat' dir='ltr'><strong>anima:</strong></span> <span class='ocrx_word' id='word_1_472' title='bbox 1455 5548 1646 5608; x_wconf 55' lang='lat' dir='ltr'><strong>potes.</strong></span> <span class='ocrx_word' id='word_1_473' title='bbox 1701 5542 1876 5598; x_wconf 88' lang='lat' dir='ltr'><strong>Manet</strong></span> <span class='ocrx_word' id='word_1_474' title='bbox 1924 5545 2079 5616; x_wconf 84' lang='lat' dir='ltr'><strong>igitur</strong></span> 
     </span>
    </p>
   </div>
   <div class='ocr_carea' id='block_1_58' title="bbox 493 5619 2073 5708">
    <p class='ocr_par' dir='ltr' id='par_1_58' title="bbox 493 5619 2073 5708">
     <span class='ocr_line' id='line_1_58' title="bbox 493 5619 2073 5708; baseline 0.009 -30"><span class='ocrx_word' id='word_1_475' title='bbox 493 5625 668 5679; x_wconf 88' lang='lat' dir='ltr'><strong>anima</strong></span> <span class='ocrx_word' id='word_1_476' title='bbox 698 5625 751 5680; x_wconf 91' lang='lat' dir='ltr'><strong>in</strong></span> <span class='ocrx_word' id='word_1_477' title='bbox 777 5619 953 5682; x_wconf 83' lang='lat' dir='ltr'><strong>rerum</strong></span> <span class='ocrx_word' id='word_1_478' title='bbox 981 5637 1188 5697; x_wconf 87' lang='lat' dir='ltr'><strong>natura,</strong></span> <span class='ocrx_word' id='word_1_479' title='bbox 1216 5630 1261 5685; x_wconf 91' lang='lat' dir='ltr'><strong>si</strong></span> <span class='ocrx_word' id='word_1_480' title='bbox 1283 5630 1478 5686; x_wconf 89' lang='lat' dir='ltr'><strong>auferri</strong></span> <span class='ocrx_word' id='word_1_481' title='bbox 1506 5627 1711 5708; x_wconf 45' lang='lat' dir='ltr'><strong>falsitas</strong></span> <span class='ocrx_word' id='word_1_482' title='bbox 1743 5651 1844 5690; x_wconf 89' lang='lat' dir='ltr'><strong>non</strong></span> <span class='ocrx_word' id='word_1_483' title='bbox 1873 5646 2073 5707; x_wconf 82' lang='lat' dir='ltr'><strong>potest;</strong></span> 
     </span>
    </p>
   </div>
   <div class='ocr_carea' id='block_1_59' title="bbox 491 5711 2073 5802">
    <p class='ocr_par' dir='ltr' id='par_1_59' title="bbox 491 5711 2073 5802">
     <span class='ocr_line' id='line_1_59' title="bbox 491 5711 2073 5802; baseline 0.011 -31"><span class='ocrx_word' id='word_1_484' title='bbox 491 5726 689 5785; x_wconf 85' lang='lat' dir='ltr'><strong>manet,</strong></span> <span class='ocrx_word' id='word_1_485' title='bbox 718 5720 761 5775; x_wconf 90' lang='lat' dir='ltr'><strong>si</strong></span> <span class='ocrx_word' id='word_1_486' title='bbox 799 5730 992 5791; x_wconf 89' lang='lat' dir='ltr'><strong>potest.</strong></span> <span class='ocrx_word' id='word_1_487' title='bbox 1035 5725 1098 5778; x_wconf 85' lang='lat' dir='ltr'><strong>A.</strong></span> <span class='ocrx_word' id='word_1_488' title='bbox 1129 5725 1298 5781; x_wconf 84' lang='lat' dir='ltr'><strong>Video</strong></span> <span class='ocrx_word' id='word_1_489' title='bbox 1325 5711 1830 5802; x_wconf 68' lang='lat' dir='ltr'><strong>robustius&#39;quidem</strong></span> <span class='ocrx_word' id='word_1_490' title='bbox 1855 5748 1974 5790; x_wconf 89' lang='lat' dir='ltr'><strong>esse</strong></span> <span class='ocrx_word' id='word_1_491' title='bbox 1996 5733 2073 5789; x_wconf 81' lang='lat' dir='ltr'><strong>fa-</strong></span> 
     </span>
    </p>
   </div>
   <div class='ocr_carea' id='block_1_60' title="bbox 493 5827 1394 5901">
    <p class='ocr_par' dir='ltr' id='par_1_60' title="bbox 493 5827 1394 5901">
     <span class='ocr_line' id='line_1_60' title="bbox 493 5827 1394 5901; baseline 0.012 -21"><span class='ocrx_word' id='word_1_492' title='bbox 493 5872 499 5880; x_wconf 96' lang='lat'><strong>.</strong></span> <span class='ocrx_word' id='word_1_493' title='bbox 562 5827 728 5892; x_wconf 73' lang='lat' dir='ltr'><strong>‘Angl.</strong></span> <span class='ocrx_word' id='word_1_494' title='bbox 751 5839 873 5894; x_wconf 69' lang='lat' dir='ltr'><strong>Mss,</strong></span> <span class='ocrx_word' id='word_1_495' title='bbox 896 5844 1176 5900; x_wconf 69' lang='lat' dir='ltr'><strong>conparatur</strong></span> <span class='ocrx_word' id='word_1_496' title='bbox 1192 5835 1394 5901; x_wconf 73' lang='lat' dir='ltr'><strong>falsitas.</strong></span> 
     </span>
    </p>
   </div>
   <div class='ocr_carea' id='block_1_61' title="bbox 1392 6024 1449 6041">
    <p class='ocr_par' dir='ltr' id='par_1_61' title="bbox 1392 6024 1449 6041">
     <span class='ocr_line' id='line_1_61' title="bbox 1392 6024 1449 6041; baseline -0.035 0"><span class='ocrx_word' id='word_1_497' title='bbox 1392 6024 1449 6041; x_wconf 62' lang='grc' dir='ltr'><strong>..κ</strong></span> 
     </span>
    </p>
   </div>
   <div class='ocr_carea' id='block_1_62' title="bbox 1602 377 2644 446">
    <p class='ocr_par' dir='ltr' id='par_1_62' title="bbox 1602 377 2644 446">
     <span class='ocr_line' id='line_1_62' title="bbox 1602 377 2644 446; baseline 0 -10"><span class='ocrx_word' id='word_1_498' title='bbox 1602 377 2148 446; x_wconf 77' lang='lat' dir='ltr'><strong>SOLILOQUIORUM</strong></span> <span class='ocrx_word' id='word_1_499' title='bbox 2179 379 2234 436; x_wconf 87' lang='lat' dir='ltr'><strong>S.</strong></span> <span class='ocrx_word' id='word_1_500' title='bbox 2277 378 2644 437; x_wconf 71' lang='lat' dir='ltr'><strong>AUGUSTINI</strong></span> 
     </span>
    </p>
   </div>
   <div class='ocr_carea' id='block_1_63' title="bbox 3616 398 3703 456">
    <p class='ocr_par' dir='ltr' id='par_1_63' title="bbox 3616 398 3703 456">
     <span class='ocr_line' id='line_1_63' title="bbox 3616 398 3703 456; baseline 0 0"><span class='ocrx_word' id='word_1_501' title='bbox 3616 398 3703 456; x_wconf 83' lang='lat'><strong>888</strong></span> 
     </span>
    </p>
   </div>
   <div class='ocr_carea' id='block_1_64' title="bbox 2199 502 3714 600">
    <p class='ocr_par' dir='ltr' id='par_1_64' title="bbox 2199 502 3714 600">
     <span class='ocr_line' id='line_1_64' title="bbox 2199 502 3714 600; baseline 0.013 -45"><span class='ocrx_word' id='word_1_502' title='bbox 2199 509 2340 600; x_wconf 79' lang='lat' dir='ltr'><strong>ctum</strong></span> <span class='ocrx_word' id='word_1_503' title='bbox 2380 502 2523 573; x_wconf 92' lang='lat' dir='ltr'><strong>quod</strong></span> <span class='ocrx_word' id='word_1_504' title='bbox 2559 503 3015 600; x_wconf 56' lang='lat' dir='ltr'><strong>jam’conclusutn</strong></span> <span class='ocrx_word' id='word_1_505' title='bbox 3047 516 3189 575; x_wconf 88' lang='lat' dir='ltr'><strong>erat;</strong></span> <span class='ocrx_word' id='word_1_506' title='bbox 3215 509 3307 566; x_wconf 89' lang='lat' dir='ltr'><strong>sed</strong></span> <span class='ocrx_word' id='word_1_507' title='bbox 3341 510 3461 570; x_wconf 86' lang='lat' dir='ltr'><strong>nihil</strong></span> <span class='ocrx_word' id='word_1_508' title='bbox 3489 513 3576 571; x_wconf 82' lang='lat' dir='ltr'><strong>hac</strong></span> <span class='ocrx_word' id='word_1_509' title='bbox 3596 519 3714 587; x_wconf 74' lang='lat' dir='ltr'><strong>adjo-</strong></span> 
     </span>
    </p>
   </div>
   <div class='ocr_carea' id='block_1_65' title="bbox 2198 591 3714 667">
    <p class='ocr_par' dir='ltr' id='par_1_65' title="bbox 2198 591 3714 667">
     <span class='ocr_line' id='line_1_65' title="bbox 2198 591 3714 667; baseline 0.014 -22"><span class='ocrx_word' id='word_1_510' title='bbox 2198 591 2373 647; x_wconf 89' lang='lat' dir='ltr'><strong>ctione</strong></span> <span class='ocrx_word' id='word_1_511' title='bbox 2420 591 2800 662; x_wconf 86' lang='lat' dir='ltr'><strong>promovimus.</strong></span> <span class='ocrx_word' id='word_1_512' title='bbox 2845 595 3197 655; x_wconf 86' lang='lat' dir='ltr'><strong>Nihilominus</strong></span> <span class='ocrx_word' id='word_1_513' title='bbox 3240 600 3374 657; x_wconf 87' lang='lat' dir='ltr'><strong>enim</strong></span> <span class='ocrx_word' id='word_1_514' title='bbox 3416 615 3574 662; x_wconf 85' lang='lat' dir='ltr'><strong>manet</strong></span> <span class='ocrx_word' id='word_1_515' title='bbox 3611 607 3714 667; x_wconf 86' lang='lat' dir='ltr'><strong>illud</strong></span> 
     </span>
    </p>
   </div>
   <div class='ocr_carea' id='block_1_66' title="bbox 2199 684 3713 767">
    <p class='ocr_par' dir='ltr' id='par_1_66' title="bbox 2199 684 3713 767">
     <span class='ocr_line' id='line_1_66' title="bbox 2199 684 3713 767; baseline 0.011 -28"><span class='ocrx_word' id='word_1_516' title='bbox 2199 684 2342 753; x_wconf 90' lang='lat' dir='ltr'><strong>quod</strong></span> <span class='ocrx_word' id='word_1_517' title='bbox 2369 685 2651 755; x_wconf 84' lang='lat' dir='ltr'><strong>plurimum</strong></span> <span class='ocrx_word' id='word_1_518' title='bbox 2681 704 2768 745; x_wconf 86' lang='lat' dir='ltr'><strong>me</strong></span> <span class='ocrx_word' id='word_1_519' title='bbox 2806 699 3018 767; x_wconf 88' lang='lat' dir='ltr'><strong>movet,</strong></span> <span class='ocrx_word' id='word_1_520' title='bbox 3045 691 3189 747; x_wconf 86' lang='lat' dir='ltr'><strong>nasci</strong></span> <span class='ocrx_word' id='word_1_521' title='bbox 3221 692 3415 749; x_wconf 89' lang='lat' dir='ltr'><strong>animas</strong></span> <span class='ocrx_word' id='word_1_522' title='bbox 3436 706 3488 752; x_wconf 91' lang='lat' dir='ltr'><strong>et</strong></span> <span class='ocrx_word' id='word_1_523' title='bbox 3507 699 3713 767; x_wconf 86' lang='lat' dir='ltr'><strong>interire,</strong></span> 
     </span>
    </p>
   </div>
   <div class='ocr_carea' id='block_1_67' title="bbox 2199 765 3715 862">
    <p class='ocr_par' dir='ltr' id='par_1_67' title="bbox 2199 765 3715 862">
     <span class='ocr_line' id='line_1_67' title="bbox 2199 765 3715 862; baseline 0.011 -30"><span class='ocrx_word' id='word_1_524' title='bbox 2199 789 2359 850; x_wconf 91' lang='lat' dir='ltr'><strong>atque</strong></span> <span class='ocrx_word' id='word_1_525' title='bbox 2380 789 2437 835; x_wconf 93' lang='lat' dir='ltr'><strong>ut</strong></span> <span class='ocrx_word' id='word_1_526' title='bbox 2463 797 2567 837; x_wconf 90' lang='lat' dir='ltr'><strong>non</strong></span> <span class='ocrx_word' id='word_1_527' title='bbox 2589 781 2762 839; x_wconf 89' lang='lat' dir='ltr'><strong>desint</strong></span> <span class='ocrx_word' id='word_1_528' title='bbox 2783 765 3002 851; x_wconf 67' lang='lat' dir='ltr'><strong>mundo,</strong></span> <span class='ocrx_word' id='word_1_529' title='bbox 3029 799 3133 840; x_wconf 90' lang='lat' dir='ltr'><strong>non</strong></span> <span class='ocrx_word' id='word_1_530' title='bbox 3152 801 3335 842; x_wconf 86' lang='lat' dir='ltr'><strong>earum</strong></span> <span class='ocrx_word' id='word_1_531' title='bbox 3361 765 3715 862; x_wconf 79' lang='lat' dir='ltr'><strong>immortalitate,</strong></span> 
     </span>
    </p>
   </div>
   <div class='ocr_carea' id='block_1_68' title="bbox 2201 871 3754 944">
    <p class='ocr_par' dir='ltr' id='par_1_68' title="bbox 2201 871 3754 944">
     <span class='ocr_line' id='line_1_68' title="bbox 2201 871 3754 944; baseline 0.005 -20"><span class='ocrx_word' id='word_1_532' title='bbox 2201 871 2292 925; x_wconf 91' lang='lat' dir='ltr'><strong>sed</strong></span> <span class='ocrx_word' id='word_1_533' title='bbox 2318 874 2656 930; x_wconf 85' lang='lat' dir='ltr'><strong>successione</strong></span> <span class='ocrx_word' id='word_1_534' title='bbox 2684 875 2987 944; x_wconf 89' lang='lat' dir='ltr'><strong>provenire.</strong></span> 
     </span>
    </p>
   </div>
   <div class='ocr_carea' id='block_1_69' title="bbox 2272 963 3720 1039">
    <p class='ocr_par' dir='ltr' id='par_1_69' title="bbox 2272 963 3720 1039">
     <span class='ocr_line' id='line_1_69' title="bbox 2272 963 3720 1039; baseline 0.008 -20"><span class='ocrx_word' id='word_1_535' title='bbox 2272 963 2324 1019; x_wconf 88' lang='lat'><strong>6.</strong></span> <span class='ocrx_word' id='word_1_536' title='bbox 2356 964 2424 1019; x_wconf 78' lang='grc' dir='ltr'><strong>Β.</strong></span> <span class='ocrx_word' id='word_1_537' title='bbox 2465 965 2788 1022; x_wconf 86' lang='lat' dir='ltr'><strong>Videnturne</strong></span> <span class='ocrx_word' id='word_1_538' title='bbox 2815 967 2907 1022; x_wconf 89' lang='lat' dir='ltr'><strong>tibi</strong></span> <span class='ocrx_word' id='word_1_539' title='bbox 2929 983 3150 1039; x_wconf 71' lang='lat' dir='ltr'><strong>quaeque</strong></span> <span class='ocrx_word' id='word_1_540' title='bbox 3177 968 3445 1039; x_wconf 74' lang='lat' dir='ltr'><strong>cerporea,</strong></span> <span class='ocrx_word' id='word_1_541' title='bbox 3469 970 3517 1027; x_wconf 92' lang='lat' dir='ltr'><strong>id</strong></span> <span class='ocrx_word' id='word_1_542' title='bbox 3536 982 3720 1032; x_wconf 70' lang='lat' dir='ltr'><strong>estsan-</strong></span> 
     </span>
    </p>
   </div>
   <div class='ocr_carea' id='block_1_70' title="bbox 2201 1055 3723 1131">
    <p class='ocr_par' dir='ltr' id='par_1_70' title="bbox 2201 1055 3723 1131">
     <span class='ocr_line' id='line_1_70' title="bbox 2201 1055 3723 1131; baseline 0.009 -22"><span class='ocrx_word' id='word_1_543' title='bbox 2201 1055 2402 1123; x_wconf 90' lang='lat' dir='ltr'><strong>sibilia,</strong></span> <span class='ocrx_word' id='word_1_544' title='bbox 2437 1056 2706 1114; x_wconf 90' lang='lat' dir='ltr'><strong>intellectu</strong></span> <span class='ocrx_word' id='word_1_545' title='bbox 2737 1075 2894 1131; x_wconf 87' lang='lat' dir='ltr'><strong>posse</strong></span> <span class='ocrx_word' id='word_1_546' title='bbox 2923 1061 3338 1131; x_wconf 81' lang='lat' dir='ltr'><strong>comprehendi?</strong></span> <span class='ocrx_word' id='word_1_547' title='bbox 3365 1064 3424 1116; x_wconf 85' lang='grc' dir='ltr'><strong>Α.</strong></span> <span class='ocrx_word' id='word_1_548' title='bbox 3450 1063 3555 1119; x_wconf 87' lang='lat' dir='ltr'><strong>Non</strong></span> <span class='ocrx_word' id='word_1_549' title='bbox 3577 1067 3723 1123; x_wconf 87' lang='lat' dir='ltr'><strong>viden-</strong></span> 
     </span>
    </p>
   </div>
   <div class='ocr_carea' id='block_1_71' title="bbox 2203 1148 3744 1218">
    <p class='ocr_par' dir='ltr' id='par_1_71' title="bbox 2203 1148 3744 1218">
     <span class='ocr_line' id='line_1_71' title="bbox 2203 1148 3744 1218; baseline 0.008 -16"><span class='ocrx_word' id='word_1_550' title='bbox 2203 1157 2304 1203; x_wconf 88' lang='lat' dir='ltr'><strong>tur.</strong></span> <span class='ocrx_word' id='word_1_551' title='bbox 2336 1148 2402 1203; x_wconf 86' lang='lat' dir='ltr'><strong>R.</strong></span> <span class='ocrx_word' id='word_1_552' title='bbox 2431 1149 2566 1218; x_wconf 88' lang='lat' dir='ltr'><strong>Quid</strong></span> <span class='ocrx_word' id='word_1_553' title='bbox 2596 1151 2762 1206; x_wconf 88' lang='lat' dir='ltr'><strong>illud?</strong></span> <span class='ocrx_word' id='word_1_554' title='bbox 2789 1151 2996 1207; x_wconf 88' lang='lat' dir='ltr'><strong>videtur</strong></span> <span class='ocrx_word' id='word_1_555' title='bbox 3027 1152 3117 1207; x_wconf 90' lang='lat' dir='ltr'><strong>tibi</strong></span> <span class='ocrx_word' id='word_1_556' title='bbox 3158 1153 3399 1210; x_wconf 85' lang='lat' dir='ltr'><strong>sensibus</strong></span> <span class='ocrx_word' id='word_1_557' title='bbox 3433 1155 3504 1210; x_wconf 85' lang='lat' dir='ltr'><strong>uti</strong></span> <span class='ocrx_word' id='word_1_558' title='bbox 3536 1156 3654 1213; x_wconf 86' lang='lat' dir='ltr'><strong>Deus</strong></span> <span class='ocrx_word' id='word_1_559' title='bbox 3673 1161 3744 1215; x_wconf 80' lang='lat' dir='ltr'><strong>ad-</strong></span> 
     </span>
    </p>
   </div>
   <div class='ocr_carea' id='block_1_72' title="bbox 2201 1242 3726 1311">
    <p class='ocr_par' dir='ltr' id='par_1_72' title="bbox 2201 1242 3726 1311">
     <span class='ocr_line' id='line_1_72' title="bbox 2201 1242 3726 1311; baseline 0.007 -17"><span class='ocrx_word' id='word_1_560' title='bbox 2201 1254 2289 1294; x_wconf 90' lang='lat' dir='ltr'><strong>res</strong></span> <span class='ocrx_word' id='word_1_561' title='bbox 2315 1242 2745 1311; x_wconf 88' lang='lat' dir='ltr'><strong>cognoscendas?</strong></span> <span class='ocrx_word' id='word_1_562' title='bbox 2774 1243 2835 1298; x_wconf 79' lang='grc' dir='ltr'><strong>Α.</strong></span> <span class='ocrx_word' id='word_1_563' title='bbox 2864 1243 3003 1298; x_wconf 82' lang='lat' dir='ltr'><strong>Nihil</strong></span> <span class='ocrx_word' id='word_1_564' title='bbox 3041 1245 3212 1300; x_wconf 87' lang='lat' dir='ltr'><strong>audeo</strong></span> <span class='ocrx_word' id='word_1_565' title='bbox 3249 1245 3317 1301; x_wconf 91' lang='lat' dir='ltr'><strong>de</strong></span> <span class='ocrx_word' id='word_1_566' title='bbox 3351 1246 3445 1302; x_wconf 90' lang='lat' dir='ltr'><strong>hac</strong></span> <span class='ocrx_word' id='word_1_567' title='bbox 3479 1263 3535 1303; x_wconf 87' lang='lat' dir='ltr'><strong>re</strong></span> <span class='ocrx_word' id='word_1_568' title='bbox 3567 1258 3726 1306; x_wconf 85' lang='lat' dir='ltr'><strong>temere</strong></span> 
     </span>
    </p>
   </div>
   <div class='ocr_carea' id='block_1_73' title="bbox 2201 1331 3727 1406">
    <p class='ocr_par' dir='ltr' id='par_1_73' title="bbox 2201 1331 3727 1406">
     <span class='ocr_line' id='line_1_73' title="bbox 2201 1331 3727 1406; baseline 0.007 -21"><span class='ocrx_word' id='word_1_569' title='bbox 2201 1331 2499 1399; x_wconf 89' lang='lat' dir='ltr'><strong>afﬁrmare;</strong></span> <span class='ocrx_word' id='word_1_570' title='bbox 2531 1333 2623 1389; x_wconf 91' lang='lat' dir='ltr'><strong>sed</strong></span> <span class='ocrx_word' id='word_1_571' title='bbox 2653 1344 2908 1404; x_wconf 87' lang='lat' dir='ltr'><strong>quantum</strong></span> <span class='ocrx_word' id='word_1_572' title='bbox 2939 1336 3205 1406; x_wconf 89' lang='lat' dir='ltr'><strong>conjicere</strong></span> <span class='ocrx_word' id='word_1_573' title='bbox 3236 1331 3410 1404; x_wconf 71' lang='lat' dir='ltr'><strong>ﬂatur,</strong></span> <span class='ocrx_word' id='word_1_574' title='bbox 3448 1339 3578 1394; x_wconf 92' lang='lat' dir='ltr'><strong>nullo</strong></span> <span class='ocrx_word' id='word_1_575' title='bbox 3603 1342 3727 1396; x_wconf 84' lang='lat' dir='ltr'><strong>modo</strong></span> 
     </span>
    </p>
   </div>
   <div class='ocr_carea' id='block_1_74' title="bbox 2204 1425 3726 1498">
    <p class='ocr_par' dir='ltr' id='par_1_74' title="bbox 2204 1425 3726 1498">
     <span class='ocr_line' id='line_1_74' title="bbox 2204 1425 3726 1498; baseline 0.004 -20"><span class='ocrx_word' id='word_1_576' title='bbox 2204 1425 2342 1479; x_wconf 87' lang='lat' dir='ltr'><strong>Deus</strong></span> <span class='ocrx_word' id='word_1_577' title='bbox 2370 1425 2534 1480; x_wconf 91' lang='lat' dir='ltr'><strong>utitur</strong></span> <span class='ocrx_word' id='word_1_578' title='bbox 2564 1427 2831 1481; x_wconf 90' lang='lat' dir='ltr'><strong>sensibus.</strong></span> <span class='ocrx_word' id='word_1_579' title='bbox 2861 1426 2928 1480; x_wconf 84' lang='lat' dir='ltr'><strong>R.</strong></span> <span class='ocrx_word' id='word_1_580' title='bbox 2969 1428 3110 1498; x_wconf 84' lang='lat' dir='ltr'><strong>Ergo</strong></span> <span class='ocrx_word' id='word_1_581' title='bbox 3137 1427 3491 1486; x_wconf 70' lang='lat' dir='ltr'><strong>concludimus</strong></span> <span class='ocrx_word' id='word_1_582' title='bbox 3512 1446 3607 1485; x_wconf 90' lang='lat' dir='ltr'><strong>non</strong></span> <span class='ocrx_word' id='word_1_583' title='bbox 3629 1448 3726 1486; x_wconf 73' lang='lat' dir='ltr'><strong>seu.</strong></span> 
     </span>
    </p>
   </div>
   <div class='ocr_carea' id='block_1_75' title="bbox 2205 1518 3726 1596">
    <p class='ocr_par' dir='ltr' id='par_1_75' title="bbox 2205 1518 3726 1596">
     <span class='ocr_line' id='line_1_75' title="bbox 2205 1518 3726 1596; baseline 0.007 -26"><span class='ocrx_word' id='word_1_584' title='bbox 2205 1518 2303 1573; x_wconf 91' lang='lat' dir='ltr'><strong>tire</strong></span> <span class='ocrx_word' id='word_1_585' title='bbox 2334 1534 2490 1589; x_wconf 87' lang='lat' dir='ltr'><strong>posse</strong></span> <span class='ocrx_word' id='word_1_586' title='bbox 2514 1520 2614 1574; x_wconf 91' lang='lat' dir='ltr'><strong>nisi</strong></span> <span class='ocrx_word' id='word_1_587' title='bbox 2638 1522 2889 1576; x_wconf 84' lang='lat' dir='ltr'><strong>animam.</strong></span> <span class='ocrx_word' id='word_1_588' title='bbox 2915 1522 2976 1576; x_wconf 86' lang='grc' dir='ltr'><strong>Α.</strong></span> <span class='ocrx_word' id='word_1_589' title='bbox 3005 1522 3272 1578; x_wconf 91' lang='lat' dir='ltr'><strong>Conclude</strong></span> <span class='ocrx_word' id='word_1_590' title='bbox 3297 1523 3492 1580; x_wconf 90' lang='lat' dir='ltr'><strong>interim</strong></span> <span class='ocrx_word' id='word_1_591' title='bbox 3519 1537 3726 1596; x_wconf 83' lang='lat' dir='ltr'><strong>quantum</strong></span> 
     </span>
    </p>
   </div>
   <div class='ocr_carea' id='block_1_76' title="bbox 2205 1609 3722 1686">
    <p class='ocr_par' dir='ltr' id='par_1_76' title="bbox 2205 1609 3722 1686">
     <span class='ocr_line' id='line_1_76' title="bbox 2205 1609 3722 1686; baseline 0.005 -23"><span class='ocrx_word' id='word_1_592' title='bbox 2205 1609 2546 1677; x_wconf 88' lang='lat' dir='ltr'><strong>probabiliter</strong></span> <span class='ocrx_word' id='word_1_593' title='bbox 2577 1612 2716 1666; x_wconf 88' lang='lat' dir='ltr'><strong>licet.</strong></span> <span class='ocrx_word' id='word_1_594' title='bbox 2748 1611 2814 1665; x_wconf 84' lang='lat' dir='ltr'><strong>R.</strong></span> <span class='ocrx_word' id='word_1_595' title='bbox 2845 1612 2982 1679; x_wconf 86' lang='lat' dir='ltr'><strong>Quid</strong></span> <span class='ocrx_word' id='word_1_596' title='bbox 3015 1613 3183 1668; x_wconf 91' lang='lat' dir='ltr'><strong>illud?</strong></span> <span class='ocrx_word' id='word_1_597' title='bbox 3209 1613 3370 1669; x_wconf 88' lang='lat' dir='ltr'><strong>dasne</strong></span> <span class='ocrx_word' id='word_1_598' title='bbox 3407 1614 3551 1669; x_wconf 88' lang='lat' dir='ltr'><strong>istum</strong></span> <span class='ocrx_word' id='word_1_599' title='bbox 3583 1619 3722 1686; x_wconf 85' lang='lat' dir='ltr'><strong>parie-</strong></span> 
     </span>
    </p>
   </div>
   <div class='ocr_carea' id='block_1_77' title="bbox 2205 1703 3724 1776">
    <p class='ocr_par' dir='ltr' id='par_1_77' title="bbox 2205 1703 3724 1776">
     <span class='ocr_line' id='line_1_77' title="bbox 2205 1703 3724 1776; baseline 0.005 -22"><span class='ocrx_word' id='word_1_600' title='bbox 2205 1710 2340 1766; x_wconf 90' lang='lat' dir='ltr'><strong>tem,</strong></span> <span class='ocrx_word' id='word_1_601' title='bbox 2386 1703 2430 1758; x_wconf 91' lang='lat' dir='ltr'><strong>si</strong></span> <span class='ocrx_word' id='word_1_602' title='bbox 2473 1718 2630 1758; x_wconf 84' lang='lat' dir='ltr'><strong>verus</strong></span> <span class='ocrx_word' id='word_1_603' title='bbox 2656 1705 2829 1773; x_wconf 88' lang='lat' dir='ltr'><strong>paries</strong></span> <span class='ocrx_word' id='word_1_604' title='bbox 2858 1721 2961 1759; x_wconf 91' lang='lat' dir='ltr'><strong>non</strong></span> <span class='ocrx_word' id='word_1_605' title='bbox 2988 1706 3086 1770; x_wconf 90' lang='lat' dir='ltr'><strong>sit,</strong></span> <span class='ocrx_word' id='word_1_606' title='bbox 3123 1721 3228 1760; x_wconf 91' lang='lat' dir='ltr'><strong>non</strong></span> <span class='ocrx_word' id='word_1_607' title='bbox 3258 1720 3374 1762; x_wconf 87' lang='lat' dir='ltr'><strong>esse</strong></span> <span class='ocrx_word' id='word_1_608' title='bbox 3401 1708 3655 1776; x_wconf 82' lang='lat' dir='ltr'><strong>parietem?</strong></span> <span class='ocrx_word' id='word_1_609' title='bbox 3677 1711 3724 1762; x_wconf 77' lang='grc' dir='ltr'><strong>Α.</strong></span> 
     </span>
    </p>
   </div>
   <div class='ocr_carea' id='block_1_78' title="bbox 2205 1792 3726 1868">
    <p class='ocr_par' dir='ltr' id='par_1_78' title="bbox 2205 1792 3726 1868">
     <span class='ocr_line' id='line_1_78' title="bbox 2205 1792 3726 1868; baseline 0.006 -23"><span class='ocrx_word' id='word_1_610' title='bbox 2205 1792 2342 1846; x_wconf 82' lang='lat' dir='ltr'><strong>Nihil</strong></span> <span class='ocrx_word' id='word_1_611' title='bbox 2379 1793 2478 1848; x_wconf 92' lang='lat' dir='ltr'><strong>hoc</strong></span> <span class='ocrx_word' id='word_1_612' title='bbox 2518 1793 2720 1849; x_wconf 82' lang='lat' dir='ltr'><strong>facilius</strong></span> <span class='ocrx_word' id='word_1_613' title='bbox 2763 1795 3021 1850; x_wconf 85' lang='lat' dir='ltr'><strong>dederim.</strong></span> <span class='ocrx_word' id='word_1_614' title='bbox 3063 1797 3132 1852; x_wconf 82' lang='lat' dir='ltr'><strong>R.</strong></span> <span class='ocrx_word' id='word_1_615' title='bbox 3175 1795 3354 1867; x_wconf 90' lang='lat' dir='ltr'><strong>Neque</strong></span> <span class='ocrx_word' id='word_1_616' title='bbox 3391 1798 3726 1868; x_wconf 85' lang='lat' dir='ltr'><strong>quidquam,si</strong></span> 
     </span>
    </p>
   </div>
   <div class='ocr_carea' id='block_1_79' title="bbox 2209 1888 3825 1959">
    <p class='ocr_par' dir='ltr' id='par_1_79' title="bbox 2209 1888 3825 1959">
     <span class='ocr_line' id='line_1_79' title="bbox 2209 1888 3825 1959; baseline 0.004 -21"><span class='ocrx_word' id='word_1_617' title='bbox 2209 1900 2393 1939; x_wconf 83' lang='lat' dir='ltr'><strong>verum</strong></span> <span class='ocrx_word' id='word_1_618' title='bbox 2428 1901 2620 1956; x_wconf 92' lang='lat' dir='ltr'><strong>corpus</strong></span> <span class='ocrx_word' id='word_1_619' title='bbox 2663 1903 2768 1941; x_wconf 90' lang='lat' dir='ltr'><strong>non</strong></span> <span class='ocrx_word' id='word_1_620' title='bbox 2808 1889 2904 1954; x_wconf 90' lang='lat' dir='ltr'><strong>sit,</strong></span> <span class='ocrx_word' id='word_1_621' title='bbox 2935 1903 3130 1959; x_wconf 88' lang='lat' dir='ltr'><strong>corpus</strong></span> <span class='ocrx_word' id='word_1_622' title='bbox 3157 1888 3318 1944; x_wconf 82' lang='lat' dir='ltr'><strong>esse?</strong></span> <span class='ocrx_word' id='word_1_623' title='bbox 3358 1890 3420 1941; x_wconf 79' lang='grc' dir='ltr'><strong>Α.</strong></span> <span class='ocrx_word' id='word_1_624' title='bbox 3459 1889 3573 1944; x_wconf 86' lang='lat' dir='ltr'><strong>Tale</strong></span> <span class='ocrx_word' id='word_1_625' title='bbox 3603 1890 3726 1945; x_wconf 86' lang='lat' dir='ltr'><strong>ctiam</strong></span> <span class='ocrx_word' id='word_1_626' title='bbox 3824 1949 3825 1956; x_wconf 30' lang='grc' dir='ltr'><strong>η</strong></span> 
     </span>
    </p>
   </div>
   <div class='ocr_carea' id='block_1_80' title="bbox 2205 1972 3825 2049">
    <p class='ocr_par' dir='ltr' id='par_1_80' title="bbox 2205 1972 3825 2049">
     <span class='ocr_line' id='line_1_80' title="bbox 2205 1972 3825 2049; baseline 0.006 -20"><span class='ocrx_word' id='word_1_627' title='bbox 2205 1973 2304 2030; x_wconf 87' lang='lat' dir='ltr'><strong>hoc</strong></span> <span class='ocrx_word' id='word_1_628' title='bbox 2333 1987 2434 2031; x_wconf 91' lang='lat' dir='ltr'><strong>est.</strong></span> <span class='ocrx_word' id='word_1_629' title='bbox 2477 1972 2546 2033; x_wconf 72' lang='lat' dir='ltr'><strong>R.</strong></span> <span class='ocrx_word' id='word_1_630' title='bbox 2578 1979 2718 2049; x_wconf 76' lang='lat' dir='ltr'><strong>Ergo</strong></span> <span class='ocrx_word' id='word_1_631' title='bbox 2759 1980 2802 2034; x_wconf 92' lang='lat' dir='ltr'><strong>si</strong></span> <span class='ocrx_word' id='word_1_632' title='bbox 2843 1980 2972 2034; x_wconf 89' lang='lat' dir='ltr'><strong>nihil</strong></span> <span class='ocrx_word' id='word_1_633' title='bbox 3014 1996 3198 2049; x_wconf 87' lang='lat' dir='ltr'><strong>vcrurp</strong></span> <span class='ocrx_word' id='word_1_634' title='bbox 3227 1988 3340 2047; x_wconf 88' lang='lat' dir='ltr'><strong>est,</strong></span> <span class='ocrx_word' id='word_1_635' title='bbox 3369 1980 3464 2036; x_wconf 86' lang='lat' dir='ltr'><strong>nisi</strong></span> <span class='ocrx_word' id='word_1_636' title='bbox 3502 1982 3564 2035; x_wconf 87' lang='lat' dir='ltr'><strong>ita</strong></span> <span class='ocrx_word' id='word_1_637' title='bbox 3603 1983 3660 2037; x_wconf 86' lang='lat' dir='ltr'><strong>sit</strong></span> <span class='ocrx_word' id='word_1_638' title='bbox 3686 1992 3728 2038; x_wconf 82' lang='lat' dir='ltr'><strong>ut</strong></span> <span class='ocrx_word' id='word_1_639' title='bbox 3824 1977 3825 2049; x_wconf 64' lang='grc' dir='ltr'>ξ</span> 
     </span>
    </p>
   </div>
   <div class='ocr_carea' id='block_1_81' title="bbox 2207 2066 3825 2148">
    <p class='ocr_par' dir='ltr' id='par_1_81' title="bbox 2207 2066 3825 2148">
     <span class='ocr_line' id='line_1_81' title="bbox 2207 2066 3825 2148; baseline 0.005 -29"><span class='ocrx_word' id='word_1_640' title='bbox 2207 2066 2442 2130; x_wconf 88' lang='lat' dir='ltr'><strong>videtur;</strong></span> <span class='ocrx_word' id='word_1_641' title='bbox 2474 2083 2570 2124; x_wconf 90' lang='lat' dir='ltr'><strong>nec</strong></span> <span class='ocrx_word' id='word_1_642' title='bbox 2591 2070 2875 2140; x_wconf 88' lang='lat' dir='ltr'><strong>quidquam</strong></span> <span class='ocrx_word' id='word_1_643' title='bbox 2895 2087 3212 2141; x_wconf 86' lang='lat' dir='ltr'><strong>corporeum</strong></span> <span class='ocrx_word' id='word_1_644' title='bbox 3233 2070 3394 2126; x_wconf 87' lang='lat' dir='ltr'><strong>videri</strong></span> <span class='ocrx_word' id='word_1_645' title='bbox 3417 2071 3510 2126; x_wconf 87' lang='lat' dir='ltr'><strong>nisi</strong></span> <span class='ocrx_word' id='word_1_646' title='bbox 3529 2073 3728 2127; x_wconf 79' lang='lat' dir='ltr'><strong>sensibus</strong></span> 
     </span>
    </p>
   </div>
   <div class='ocr_carea' id='block_1_82' title="bbox 2206 2149 3825 2234">
    <p class='ocr_par' dir='ltr' id='par_1_82' title="bbox 2206 2149 3825 2234">
     <span class='ocr_line' id='line_1_82' title="bbox 2206 2149 3825 2234; baseline 0.006 -24"><span class='ocrx_word' id='word_1_647' title='bbox 2206 2165 2406 2224; x_wconf 87' lang='lat' dir='ltr'><strong>potest;</strong></span> <span class='ocrx_word' id='word_1_648' title='bbox 2437 2174 2532 2214; x_wconf 90' lang='lat' dir='ltr'><strong>nec</strong></span> <span class='ocrx_word' id='word_1_649' title='bbox 2559 2161 2778 2224; x_wconf 89' lang='lat' dir='ltr'><strong>sentire,</strong></span> <span class='ocrx_word' id='word_1_650' title='bbox 2808 2161 2907 2216; x_wconf 91' lang='lat' dir='ltr'><strong>nisi</strong></span> <span class='ocrx_word' id='word_1_651' title='bbox 2935 2162 3146 2226; x_wconf 90' lang='lat' dir='ltr'><strong>anima;</strong></span> <span class='ocrx_word' id='word_1_652' title='bbox 3181 2177 3300 2227; x_wconf 90' lang='lat' dir='ltr'><strong>nec,</strong></span> <span class='ocrx_word' id='word_1_653' title='bbox 3323 2163 3366 2216; x_wconf 89' lang='lat' dir='ltr'><strong>si</strong></span> <span class='ocrx_word' id='word_1_654' title='bbox 3390 2177 3553 2218; x_wconf 80' lang='lat' dir='ltr'><strong>verum</strong></span> <span class='ocrx_word' id='word_1_655' title='bbox 3575 2179 3726 2234; x_wconf 86' lang='lat' dir='ltr'><strong>corpus</strong></span> 
     </span>
    </p>
   </div>
   <div class='ocr_carea' id='block_1_83' title="bbox 2199 2251 3722 2322">
    <p class='ocr_par' dir='ltr' id='par_1_83' title="bbox 2199 2251 3722 2322">
     <span class='ocr_line' id='line_1_83' title="bbox 2199 2251 3722 2322; baseline 0.005 -21"><span class='ocrx_word' id='word_1_656' title='bbox 2199 2265 2310 2310; x_wconf 86' lang='lat' dir='ltr'><strong>non</strong></span> <span class='ocrx_word' id='word_1_657' title='bbox 2337 2251 2425 2315; x_wconf 87' lang='lat' dir='ltr'><strong>sit,</strong></span> <span class='ocrx_word' id='word_1_658' title='bbox 2453 2267 2645 2322; x_wconf 89' lang='lat' dir='ltr'><strong>corpus</strong></span> <span class='ocrx_word' id='word_1_659' title='bbox 2670 2268 2789 2308; x_wconf 81' lang='lat' dir='ltr'><strong>esse</strong></span> <span class='ocrx_word' id='word_1_660' title='bbox 2813 2271 2825 2304; x_wconf 88' lang='lat'><strong>:</strong></span> <span class='ocrx_word' id='word_1_661' title='bbox 2854 2263 3019 2309; x_wconf 89' lang='lat' dir='ltr'><strong>restat</strong></span> <span class='ocrx_word' id='word_1_662' title='bbox 3043 2263 3102 2308; x_wconf 90' lang='lat' dir='ltr'><strong>ut</strong></span> <span class='ocrx_word' id='word_1_663' title='bbox 3126 2268 3320 2322; x_wconf 88' lang='lat' dir='ltr'><strong>corpus</strong></span> <span class='ocrx_word' id='word_1_664' title='bbox 3337 2268 3450 2308; x_wconf 86' lang='lat' dir='ltr'><strong>esse</strong></span> <span class='ocrx_word' id='word_1_665' title='bbox 3469 2269 3562 2308; x_wconf 92' lang='lat' dir='ltr'><strong>non</strong></span> <span class='ocrx_word' id='word_1_666' title='bbox 3580 2256 3722 2322; x_wconf 79' lang='lat' dir='ltr'><strong>possit,</strong></span> 
     </span>
    </p>
   </div>
   <div class='ocr_carea' id='block_1_84' title="bbox 2207 2343 3728 2415">
    <p class='ocr_par' dir='ltr' id='par_1_84' title="bbox 2207 2343 3728 2415">
     <span class='ocr_line' id='line_1_84' title="bbox 2207 2343 3728 2415; baseline 0 -17"><span class='ocrx_word' id='word_1_667' title='bbox 2207 2343 2307 2398; x_wconf 90' lang='lat' dir='ltr'><strong>nisi</strong></span> <span class='ocrx_word' id='word_1_668' title='bbox 2346 2345 2520 2397; x_wconf 86' lang='lat' dir='ltr'><strong>anima</strong></span> <span class='ocrx_word' id='word_1_669' title='bbox 2563 2344 2742 2399; x_wconf 89' lang='lat' dir='ltr'><strong>fuerit.</strong></span> <span class='ocrx_word' id='word_1_670' title='bbox 2784 2345 2846 2397; x_wconf 80' lang='grc' dir='ltr'><strong>Α.</strong></span> <span class='ocrx_word' id='word_1_671' title='bbox 2889 2344 3059 2399; x_wconf 88' lang='lat' dir='ltr'><strong>Nimis</strong></span> <span class='ocrx_word' id='word_1_672' title='bbox 3097 2359 3283 2415; x_wconf 84' lang='lat' dir='ltr'><strong>urges,</strong></span> <span class='ocrx_word' id='word_1_673' title='bbox 3313 2353 3367 2400; x_wconf 92' lang='lat' dir='ltr'><strong>et</strong></span> <span class='ocrx_word' id='word_1_674' title='bbox 3391 2344 3508 2414; x_wconf 85' lang='lat' dir='ltr'><strong>quid</strong></span> <span class='ocrx_word' id='word_1_675' title='bbox 3533 2345 3728 2400; x_wconf 80' lang='lat' dir='ltr'><strong>resistam</strong></span> 
     </span>
    </p>
   </div>
   <div class='ocr_carea' id='block_1_85' title="bbox 2207 2436 2526 2492">
    <p class='ocr_par' dir='ltr' id='par_1_85' title="bbox 2207 2436 2526 2492">
     <span class='ocr_line' id='line_1_85' title="bbox 2207 2436 2526 2492; baseline 0 -2"><span class='ocrx_word' id='word_1_676' title='bbox 2207 2453 2309 2491; x_wconf 91' lang='lat' dir='ltr'><strong>non</strong></span> <span class='ocrx_word' id='word_1_677' title='bbox 2342 2436 2526 2492; x_wconf 87' lang='lat' dir='ltr'><strong>habeo.</strong></span> 
     </span>
    </p>
   </div>
   <div class='ocr_carea' id='block_1_86' title="bbox 2555 2527 3432 2600">
    <p class='ocr_par' dir='ltr' id='par_1_86' title="bbox 2555 2527 3432 2600">
     <span class='ocr_line' id='line_1_86' title="bbox 2555 2527 3432 2600; baseline 0.001 -18"><span class='ocrx_word' id='word_1_678' title='bbox 2555 2529 2780 2584; x_wconf 79' lang='lat' dir='ltr'><strong>CAPUT</strong></span> <span class='ocrx_word' id='word_1_679' title='bbox 2822 2529 2886 2584; x_wconf 87' lang='lat' dir='ltr'><strong>V.</strong></span> <span class='ocrx_word' id='word_1_680' title='bbox 2911 2527 3183 2583; x_wconf 71' lang='grc' dir='ltr'>-νεηιηι</span> <span class='ocrx_word' id='word_1_681' title='bbox 3209 2529 3331 2600; x_wconf 81' lang='lat' dir='ltr'><strong>quid</strong></span> <span class='ocrx_word' id='word_1_682' title='bbox 3352 2529 3432 2585; x_wconf 75' lang='lat' dir='ltr'><strong>sit.</strong></span> 
     </span>
    </p>
   </div>
   <div class='ocr_carea' id='block_1_87' title="bbox 2278 2619 3720 2693">
    <p class='ocr_par' dir='ltr' id='par_1_87' title="bbox 2278 2619 3720 2693">
     <span class='ocr_line' id='line_1_87' title="bbox 2278 2619 3720 2693; baseline 0.003 -21"><span class='ocrx_word' id='word_1_683' title='bbox 2278 2621 2328 2673; x_wconf 90' lang='grc'><strong>7.</strong></span> <span class='ocrx_word' id='word_1_684' title='bbox 2360 2619 2438 2673; x_wconf 85' lang='lat' dir='ltr'><strong>R.‘</strong></span> <span class='ocrx_word' id='word_1_685' title='bbox 2460 2621 2688 2675; x_wconf 79' lang='lat' dir='ltr'><strong>Attende</strong></span> <span class='ocrx_word' id='word_1_686' title='bbox 2715 2621 2765 2675; x_wconf 92' lang='lat' dir='ltr'><strong>in</strong></span> <span class='ocrx_word' id='word_1_687' title='bbox 2793 2624 2890 2676; x_wconf 89' lang='lat' dir='ltr'><strong>ista</strong></span> <span class='ocrx_word' id='word_1_688' title='bbox 2916 2622 3246 2693; x_wconf 82' lang='lat' dir='ltr'><strong>diligentius.</strong></span> <span class='ocrx_word' id='word_1_689' title='bbox 3275 2622 3337 2675; x_wconf 83' lang='lat' dir='ltr'><strong>A.</strong></span> <span class='ocrx_word' id='word_1_690' title='bbox 3365 2623 3438 2676; x_wconf 84' lang='lat' dir='ltr'><strong>En</strong></span> <span class='ocrx_word' id='word_1_691' title='bbox 3462 2621 3648 2676; x_wconf 83' lang='lat' dir='ltr'><strong>Adsum.</strong></span> <span class='ocrx_word' id='word_1_692' title='bbox 3671 2621 3720 2676; x_wconf 81' lang='lat' dir='ltr'><strong>ll.</strong></span> 
     </span>
    </p>
   </div>
   <div class='ocr_carea' id='block_1_88' title="bbox 2207 2710 3722 2784">
    <p class='ocr_par' dir='ltr' id='par_1_88' title="bbox 2207 2710 3722 2784">
     <span class='ocr_line' id='line_1_88' title="bbox 2207 2710 3722 2784; baseline 0.002 -17"><span class='ocrx_word' id='word_1_693' title='bbox 2207 2710 2361 2767; x_wconf 88' lang='lat' dir='ltr'><strong>Certe</strong></span> <span class='ocrx_word' id='word_1_694' title='bbox 2389 2713 2472 2767; x_wconf 91' lang='lat' dir='ltr'><strong>hic</strong></span> <span class='ocrx_word' id='word_1_695' title='bbox 2499 2715 2631 2784; x_wconf 85' lang='lat' dir='ltr'><strong>lapis</strong></span> <span class='ocrx_word' id='word_1_696' title='bbox 2659 2725 2773 2781; x_wconf 89' lang='lat' dir='ltr'><strong>est;</strong></span> <span class='ocrx_word' id='word_1_697' title='bbox 2802 2724 2855 2770; x_wconf 88' lang='lat' dir='ltr'><strong>et</strong></span> <span class='ocrx_word' id='word_1_698' title='bbox 2885 2717 2953 2770; x_wconf 92' lang='lat' dir='ltr'><strong>ita</strong></span> <span class='ocrx_word' id='word_1_699' title='bbox 2982 2731 3140 2771; x_wconf 91' lang='lat' dir='ltr'><strong>verus</strong></span> <span class='ocrx_word' id='word_1_700' title='bbox 3171 2726 3283 2784; x_wconf 89' lang='lat' dir='ltr'><strong>est,</strong></span> <span class='ocrx_word' id='word_1_701' title='bbox 3325 2717 3369 2772; x_wconf 93' lang='lat' dir='ltr'><strong>si</strong></span> <span class='ocrx_word' id='word_1_702' title='bbox 3405 2732 3500 2773; x_wconf 91' lang='lat' dir='ltr'><strong>non</strong></span> <span class='ocrx_word' id='word_1_703' title='bbox 3537 2733 3586 2771; x_wconf 87' lang='lat' dir='ltr'><strong>se</strong></span> <span class='ocrx_word' id='word_1_704' title='bbox 3606 2717 3722 2772; x_wconf 79' lang='lat' dir='ltr'><strong>habet</strong></span> 
     </span>
    </p>
   </div>
   <div class='ocr_carea' id='block_1_89' title="bbox 2205 2805 3720 2877">
    <p class='ocr_par' dir='ltr' id='par_1_89' title="bbox 2205 2805 3720 2877">
     <span class='ocr_line' id='line_1_89' title="bbox 2205 2805 3720 2877; baseline 0.003 -20"><span class='ocrx_word' id='word_1_705' title='bbox 2205 2805 2360 2860; x_wconf 87' lang='lat' dir='ltr'><strong>aliter</strong></span> <span class='ocrx_word' id='word_1_706' title='bbox 2393 2822 2456 2860; x_wconf 91' lang='lat' dir='ltr'><strong>ac</strong></span> <span class='ocrx_word' id='word_1_707' title='bbox 2491 2807 2732 2873; x_wconf 89' lang='lat' dir='ltr'><strong>videtur;</strong></span> <span class='ocrx_word' id='word_1_708' title='bbox 2766 2817 2820 2862; x_wconf 90' lang='lat' dir='ltr'><strong>et</strong></span> <span class='ocrx_word' id='word_1_709' title='bbox 2844 2808 2978 2877; x_wconf 89' lang='lat' dir='ltr'><strong>lapis</strong></span> <span class='ocrx_word' id='word_1_710' title='bbox 3005 2825 3110 2863; x_wconf 91' lang='lat' dir='ltr'><strong>non</strong></span> <span class='ocrx_word' id='word_1_711' title='bbox 3139 2820 3227 2864; x_wconf 83' lang='lat' dir='ltr'><strong>est</strong></span> <span class='ocrx_word' id='word_1_712' title='bbox 3247 2850 3262 2876; x_wconf 96' lang='lat'><strong>,</strong></span> <span class='ocrx_word' id='word_1_713' title='bbox 3293 2809 3336 2863; x_wconf 89' lang='lat' dir='ltr'><strong>si</strong></span> <span class='ocrx_word' id='word_1_714' title='bbox 3362 2825 3507 2865; x_wconf 88' lang='lat' dir='ltr'><strong>verus</strong></span> <span class='ocrx_word' id='word_1_715' title='bbox 3531 2825 3618 2863; x_wconf 88' lang='lat' dir='ltr'><strong>non</strong></span> <span class='ocrx_word' id='word_1_716' title='bbox 3637 2817 3720 2872; x_wconf 85' lang='lat' dir='ltr'><strong>est;</strong></span> 
     </span>
    </p>
   </div>
   <div class='ocr_carea' id='block_1_90' title="bbox 2205 2897 3720 2974">
    <p class='ocr_par' dir='ltr' id='par_1_90' title="bbox 2205 2897 3720 2974">
     <span class='ocr_line' id='line_1_90' title="bbox 2205 2897 3720 2974; baseline 0.002 -25"><span class='ocrx_word' id='word_1_717' title='bbox 2205 2904 2258 2949; x_wconf 89' lang='lat' dir='ltr'><strong>et</strong></span> <span class='ocrx_word' id='word_1_718' title='bbox 2284 2911 2389 2950; x_wconf 89' lang='lat' dir='ltr'><strong>non</strong></span> <span class='ocrx_word' id='word_1_719' title='bbox 2418 2897 2516 2951; x_wconf 91' lang='lat' dir='ltr'><strong>nisi</strong></span> <span class='ocrx_word' id='word_1_720' title='bbox 2544 2899 2786 2974; x_wconf 69' lang='lat' dir='ltr'><strong>scnsibps</strong></span> <span class='ocrx_word' id='word_1_721' title='bbox 2816 2897 2978 2954; x_wconf 87' lang='lat' dir='ltr'><strong>videri</strong></span> <span class='ocrx_word' id='word_1_722' title='bbox 3019 2909 3220 2969; x_wconf 87' lang='lat' dir='ltr'><strong>potest.</strong></span> <span class='ocrx_word' id='word_1_723' title='bbox 3259 2901 3321 2954; x_wconf 85' lang='grc' dir='ltr'><strong>Α.</strong></span> <span class='ocrx_word' id='word_1_724' title='bbox 3358 2899 3532 2955; x_wconf 85' lang='lat' dir='ltr'><strong>Etiam.</strong></span> <span class='ocrx_word' id='word_1_725' title='bbox 3557 2901 3611 2956; x_wconf 80' lang='lat' dir='ltr'><strong>It.</strong></span> <span class='ocrx_word' id='word_1_726' title='bbox 3634 2899 3720 2956; x_wconf 77' lang='lat' dir='ltr'><strong>Non</strong></span> 
     </span>
    </p>
   </div>
   <div class='ocr_carea' id='block_1_91' title="bbox 2204 2987 3784 3062">
    <p class='ocr_par' dir='ltr' id='par_1_91' title="bbox 2204 2987 3784 3062">
     <span class='ocr_line' id='line_1_91' title="bbox 2204 2987 3784 3062; baseline 0.003 -23"><span class='ocrx_word' id='word_1_727' title='bbox 2204 2997 2327 3040; x_wconf 92' lang='lat' dir='ltr'><strong>sunt</strong></span> <span class='ocrx_word' id='word_1_728' title='bbox 2369 2987 2526 3057; x_wconf 87' lang='lat' dir='ltr'><strong>igitur</strong></span> <span class='ocrx_word' id='word_1_729' title='bbox 2555 2987 2755 3058; x_wconf 86' lang='lat' dir='ltr'><strong>lapides</strong></span> <span class='ocrx_word' id='word_1_730' title='bbox 2796 2990 2846 3043; x_wconf 92' lang='lat' dir='ltr'><strong>in</strong></span> <span class='ocrx_word' id='word_1_731' title='bbox 2882 2989 3222 3045; x_wconf 86' lang='lat' dir='ltr'><strong>abditissimo</strong></span> <span class='ocrx_word' id='word_1_732' title='bbox 3249 3002 3401 3046; x_wconf 72' lang='lat' dir='ltr'><strong>terra:</strong></span> <span class='ocrx_word' id='word_1_733' title='bbox 3434 2991 3720 3062; x_wconf 83' lang='lat' dir='ltr'><strong>gremio,nec</strong></span> <span class='ocrx_word' id='word_1_734' title='bbox 3773 2999 3784 3014; x_wconf 86' lang='lat'><strong><em>&#39;</em></strong></span> 
     </span>
    </p>
   </div>
   <div class='ocr_carea' id='block_1_92' title="bbox 2205 3079 3715 3154">
    <p class='ocr_par' dir='ltr' id='par_1_92' title="bbox 2205 3079 3715 3154">
     <span class='ocr_line' id='line_1_92' title="bbox 2205 3079 3715 3154; baseline 0 -20"><span class='ocrx_word' id='word_1_735' title='bbox 2205 3079 2423 3135; x_wconf 91' lang='lat' dir='ltr'><strong>omnino</strong></span> <span class='ocrx_word' id='word_1_736' title='bbox 2447 3081 2533 3135; x_wconf 91' lang='lat' dir='ltr'><strong>ubi</strong></span> <span class='ocrx_word' id='word_1_737' title='bbox 2559 3091 2662 3135; x_wconf 84' lang='lat' dir='ltr'><strong>nou</strong></span> <span class='ocrx_word' id='word_1_738' title='bbox 2682 3082 2912 3153; x_wconf 89' lang='lat' dir='ltr'><strong>suntqui</strong></span> <span class='ocrx_word' id='word_1_739' title='bbox 2938 3083 3178 3137; x_wconf 89' lang='lat' dir='ltr'><strong>sentiant</strong></span> <span class='ocrx_word' id='word_1_740' title='bbox 3203 3102 3215 3136; x_wconf 93' lang='lat'>:</span> <span class='ocrx_word' id='word_1_741' title='bbox 3241 3100 3340 3139; x_wconf 90' lang='lat' dir='ltr'><strong>nec</strong></span> <span class='ocrx_word' id='word_1_742' title='bbox 3361 3084 3454 3139; x_wconf 87' lang='lat' dir='ltr'><strong>iste</strong></span> <span class='ocrx_word' id='word_1_743' title='bbox 3471 3084 3578 3154; x_wconf 86' lang='lat' dir='ltr'><strong>lapis</strong></span> <span class='ocrx_word' id='word_1_744' title='bbox 3592 3091 3715 3144; x_wconf 84' lang='lat' dir='ltr'><strong>esset,</strong></span> 
     </span>
    </p>
   </div>
   <div class='ocr_carea' id='block_1_93' title="bbox 2205 3173 3712 3245">
    <p class='ocr_par' dir='ltr' id='par_1_93' title="bbox 2205 3173 3712 3245">
     <span class='ocr_line' id='line_1_93' title="bbox 2205 3173 3712 3245; baseline 0.001 -20"><span class='ocrx_word' id='word_1_745' title='bbox 2205 3173 2305 3226; x_wconf 86' lang='lat' dir='ltr'><strong>nisi</strong></span> <span class='ocrx_word' id='word_1_746' title='bbox 2350 3189 2470 3228; x_wconf 91' lang='lat' dir='ltr'><strong>eum</strong></span> <span class='ocrx_word' id='word_1_747' title='bbox 2521 3173 2851 3241; x_wconf 84' lang='lat' dir='ltr'><strong>videremus;</strong></span> <span class='ocrx_word' id='word_1_748' title='bbox 2899 3189 2999 3230; x_wconf 91' lang='lat' dir='ltr'><strong>nec</strong></span> <span class='ocrx_word' id='word_1_749' title='bbox 3035 3176 3176 3245; x_wconf 87' lang='lat' dir='ltr'><strong>lapis</strong></span> <span class='ocrx_word' id='word_1_750' title='bbox 3204 3176 3306 3231; x_wconf 87' lang='lat' dir='ltr'><strong>erit</strong></span> <span class='ocrx_word' id='word_1_751' title='bbox 3343 3191 3459 3231; x_wconf 88' lang='lat' dir='ltr'><strong>cum</strong></span> <span class='ocrx_word' id='word_1_752' title='bbox 3479 3175 3712 3230; x_wconf 61' lang='lat' dir='ltr'><strong>discesseri-</strong></span> 
     </span>
    </p>
   </div>
   <div class='ocr_carea' id='block_1_94' title="bbox 2207 3266 3717 3337">
    <p class='ocr_par' dir='ltr' id='par_1_94' title="bbox 2207 3266 3717 3337">
     <span class='ocr_line' id='line_1_94' title="bbox 2207 3266 3717 3337; baseline 0.001 -18"><span class='ocrx_word' id='word_1_753' title='bbox 2207 3282 2355 3326; x_wconf 79' lang='lat' dir='ltr'><strong>mus,</strong></span> <span class='ocrx_word' id='word_1_754' title='bbox 2389 3283 2650 3336; x_wconf 87' lang='lat' dir='ltr'><strong>nemoque</strong></span> <span class='ocrx_word' id='word_1_755' title='bbox 2687 3269 2819 3322; x_wconf 90' lang='lat' dir='ltr'><strong>alius</strong></span> <span class='ocrx_word' id='word_1_756' title='bbox 2857 3283 2978 3322; x_wconf 90' lang='lat' dir='ltr'><strong>cum</strong></span> <span class='ocrx_word' id='word_1_757' title='bbox 3019 3283 3262 3337; x_wconf 72' lang='lat' dir='ltr'><strong>prmsrns</strong></span> <span class='ocrx_word' id='word_1_758' title='bbox 3304 3268 3506 3324; x_wconf 86' lang='lat' dir='ltr'><strong>videbit.</strong></span> <span class='ocrx_word' id='word_1_759' title='bbox 3537 3267 3648 3331; x_wconf 79' lang='lat' dir='ltr'><strong>Nec,</strong></span> <span class='ocrx_word' id='word_1_760' title='bbox 3679 3266 3717 3320; x_wconf 84' lang='lat' dir='ltr'><strong>si</strong></span> 
     </span>
    </p>
   </div>
   <div class='ocr_carea' id='block_1_95' title="bbox 2205 3357 3717 3431">
    <p class='ocr_par' dir='ltr' id='par_1_95' title="bbox 2205 3357 3717 3431">
     <span class='ocr_line' id='line_1_95' title="bbox 2205 3357 3717 3431; baseline -0.001 -19"><span class='ocrx_word' id='word_1_761' title='bbox 2205 3358 2403 3413; x_wconf 91' lang='lat' dir='ltr'><strong>loculos</strong></span> <span class='ocrx_word' id='word_1_762' title='bbox 2431 3360 2562 3413; x_wconf 91' lang='lat' dir='ltr'><strong>bene</strong></span> <span class='ocrx_word' id='word_1_763' title='bbox 2581 3359 2816 3421; x_wconf 85' lang='lat' dir='ltr'><strong>claudas,</strong></span> <span class='ocrx_word' id='word_1_764' title='bbox 2840 3359 3079 3428; x_wconf 90' lang='lat' dir='ltr'><strong>quamvis</strong></span> <span class='ocrx_word' id='word_1_765' title='bbox 3106 3361 3278 3431; x_wconf 69' lang='lat' dir='ltr'><strong>multa</strong></span> <span class='ocrx_word' id='word_1_766' title='bbox 3311 3361 3362 3415; x_wconf 93' lang='lat' dir='ltr'><strong>in</strong></span> <span class='ocrx_word' id='word_1_767' title='bbox 3392 3362 3464 3416; x_wconf 89' lang='lat' dir='ltr'><strong>eis</strong></span> <span class='ocrx_word' id='word_1_768' title='bbox 3486 3357 3717 3422; x_wconf 70' lang='lat' dir='ltr'><strong>incluseris,</strong></span> 
     </span>
    </p>
   </div>
   <div class='ocr_carea' id='block_1_96' title="bbox 2203 3448 3719 3523">
    <p class='ocr_par' dir='ltr' id='par_1_96' title="bbox 2203 3448 3719 3523">
     <span class='ocr_line' id='line_1_96' title="bbox 2203 3448 3719 3523; baseline -0.003 -19"><span class='ocrx_word' id='word_1_769' title='bbox 2203 3449 2401 3519; x_wconf 86' lang='lat' dir='ltr'><strong>aliquid</strong></span> <span class='ocrx_word' id='word_1_770' title='bbox 2443 3450 2731 3504; x_wconf 84' lang='lat' dir='ltr'><strong>habelmnt.</strong></span> <span class='ocrx_word' id='word_1_771' title='bbox 2768 3451 2874 3505; x_wconf 87' lang='lat' dir='ltr'><strong>Nec</strong></span> <span class='ocrx_word' id='word_1_772' title='bbox 2905 3466 3124 3520; x_wconf 82' lang='lat' dir='ltr'><strong>prorsus</strong></span> <span class='ocrx_word' id='word_1_773' title='bbox 3159 3452 3333 3523; x_wconf 88' lang='lat' dir='ltr'><strong>ipsum</strong></span> <span class='ocrx_word' id='word_1_774' title='bbox 3361 3451 3538 3522; x_wconf 87' lang='lat' dir='ltr'><strong>lignum</strong></span> <span class='ocrx_word' id='word_1_775' title='bbox 3573 3448 3719 3503; x_wconf 87' lang='lat' dir='ltr'><strong>intrin-</strong></span> 
     </span>
    </p>
   </div>
   <div class='ocr_carea' id='block_1_97' title="bbox 2205 3538 3720 3614">
    <p class='ocr_par' dir='ltr' id='par_1_97' title="bbox 2205 3538 3720 3614">
     <span class='ocr_line' id='line_1_97' title="bbox 2205 3538 3720 3614; baseline -0.002 -19"><span class='ocrx_word' id='word_1_776' title='bbox 2205 3557 2360 3595; x_wconf 80' lang='lat' dir='ltr'><strong>secus</strong></span> <span class='ocrx_word' id='word_1_777' title='bbox 2387 3542 2585 3610; x_wconf 82' lang='lat' dir='ltr'><strong>lignum</strong></span> <span class='ocrx_word' id='word_1_778' title='bbox 2619 3550 2719 3595; x_wconf 87' lang='lat' dir='ltr'><strong>est.</strong></span> <span class='ocrx_word' id='word_1_779' title='bbox 2756 3540 2903 3611; x_wconf 83' lang='lat' dir='ltr'><strong>Fugit</strong></span> <span class='ocrx_word' id='word_1_780' title='bbox 2935 3542 3075 3594; x_wconf 89' lang='lat' dir='ltr'><strong>enim</strong></span> <span class='ocrx_word' id='word_1_781' title='bbox 3104 3557 3298 3597; x_wconf 88' lang='lat' dir='ltr'><strong>omnes</strong></span> <span class='ocrx_word' id='word_1_782' title='bbox 3323 3558 3502 3598; x_wconf 87' lang='lat' dir='ltr'><strong>sensus</strong></span> <span class='ocrx_word' id='word_1_783' title='bbox 3523 3538 3720 3614; x_wconf 80' lang='lat' dir='ltr'><strong>quidquid</strong></span> 
     </span>
    </p>
   </div>
   <div class='ocr_carea' id='block_1_98' title="bbox 2202 3629 3721 3705">
    <p class='ocr_par' dir='ltr' id='par_1_98' title="bbox 2202 3629 3721 3705">
     <span class='ocr_line' id='line_1_98' title="bbox 2202 3629 3721 3705; baseline -0.002 -18"><span class='ocrx_word' id='word_1_784' title='bbox 2202 3634 2253 3687; x_wconf 89' lang='lat' dir='ltr'><strong>in</strong></span> <span class='ocrx_word' id='word_1_785' title='bbox 2293 3634 2570 3688; x_wconf 88' lang='lat' dir='ltr'><strong>altitudine</strong></span> <span class='ocrx_word' id='word_1_786' title='bbox 2609 3644 2690 3688; x_wconf 87' lang='lat' dir='ltr'><strong>est</strong></span> <span class='ocrx_word' id='word_1_787' title='bbox 2737 3635 2977 3705; x_wconf 87' lang='lat' dir='ltr'><strong>corporis</strong></span> <span class='ocrx_word' id='word_1_788' title='bbox 3016 3635 3238 3690; x_wconf 86' lang='lat' dir='ltr'><strong>minime</strong></span> <span class='ocrx_word' id='word_1_789' title='bbox 3269 3635 3592 3705; x_wconf 88' lang='lat' dir='ltr'><strong>perlucentis,</strong></span> <span class='ocrx_word' id='word_1_790' title='bbox 3616 3629 3721 3702; x_wconf 86' lang='lat' dir='ltr'><strong>quod</strong></span> 
     </span>
    </p>
   </div>
   <div class='ocr_carea' id='block_1_99' title="bbox 2202 3725 3723 3794">
    <p class='ocr_par' dir='ltr' id='par_1_99' title="bbox 2202 3725 3723 3794">
     <span class='ocr_line' id='line_1_99' title="bbox 2202 3725 3723 3794; baseline -0.002 -17"><span class='ocrx_word' id='word_1_791' title='bbox 2202 3740 2306 3778; x_wconf 90' lang='lat' dir='ltr'><strong>non</strong></span> <span class='ocrx_word' id='word_1_792' title='bbox 2332 3740 2450 3779; x_wconf 84' lang='lat' dir='ltr'><strong>esse</strong></span> <span class='ocrx_word' id='word_1_793' title='bbox 2480 3725 2697 3779; x_wconf 89' lang='lat' dir='ltr'><strong>omnino</strong></span> <span class='ocrx_word' id='word_1_794' title='bbox 2726 3727 2948 3794; x_wconf 80' lang='lat' dir='ltr'><strong>cogitur.</strong></span> <span class='ocrx_word' id='word_1_795' title='bbox 2987 3725 3200 3780; x_wconf 83' lang='lat' dir='ltr'><strong>Etenim</strong></span> <span class='ocrx_word' id='word_1_796' title='bbox 3230 3727 3276 3781; x_wconf 88' lang='lat' dir='ltr'><strong>si</strong></span> <span class='ocrx_word' id='word_1_797' title='bbox 3302 3735 3464 3792; x_wconf 59' lang='lat' dir='ltr'><strong>esset,</strong></span> <span class='ocrx_word' id='word_1_798' title='bbox 3485 3740 3640 3779; x_wconf 88' lang='lat' dir='ltr'><strong>verum</strong></span> <span class='ocrx_word' id='word_1_799' title='bbox 3657 3739 3723 3775; x_wconf 75' lang='grc' dir='ltr'><strong>ες-</strong></span> 
     </span>
    </p>
   </div>
   <div class='ocr_carea' id='block_1_100' title="bbox 2201 3817 3724 3887">
    <p class='ocr_par' dir='ltr' id='par_1_100' title="bbox 2201 3817 3724 3887">
     <span class='ocr_line' id='line_1_100' title="bbox 2201 3817 3724 3887; baseline -0.003 -16"><span class='ocrx_word' id='word_1_800' title='bbox 2201 3825 2312 3879; x_wconf 90' lang='lat' dir='ltr'><strong>set;</strong></span> <span class='ocrx_word' id='word_1_801' title='bbox 2363 3832 2460 3872; x_wconf 86' lang='lat' dir='ltr'><strong>nec</strong></span> <span class='ocrx_word' id='word_1_802' title='bbox 2503 3832 2685 3870; x_wconf 89' lang='lat' dir='ltr'><strong>verum</strong></span> <span class='ocrx_word' id='word_1_803' title='bbox 2729 3817 3014 3886; x_wconf 87' lang='lat' dir='ltr'><strong>quidquam</strong></span> <span class='ocrx_word' id='word_1_804' title='bbox 3059 3827 3174 3883; x_wconf 88' lang='lat' dir='ltr'><strong>est,</strong></span> <span class='ocrx_word' id='word_1_805' title='bbox 3209 3819 3312 3872; x_wconf 89' lang='lat' dir='ltr'><strong>nisi</strong></span> <span class='ocrx_word' id='word_1_806' title='bbox 3349 3817 3483 3887; x_wconf 90' lang='lat' dir='ltr'><strong>quod</strong></span> <span class='ocrx_word' id='word_1_807' title='bbox 3518 3818 3579 3870; x_wconf 88' lang='lat' dir='ltr'><strong>ita</strong></span> <span class='ocrx_word' id='word_1_808' title='bbox 3599 3822 3724 3870; x_wconf 86' lang='lat' dir='ltr'><strong>estut</strong></span> 
     </span>
    </p>
   </div>
   <div class='ocr_carea' id='block_1_101' title="bbox 2200 3907 3726 3980">
    <p class='ocr_par' dir='ltr' id='par_1_101' title="bbox 2200 3907 3726 3980">
     <span class='ocr_line' id='line_1_101' title="bbox 2200 3907 3726 3980; baseline 0.002 -21"><span class='ocrx_word' id='word_1_809' title='bbox 2200 3907 2408 3963; x_wconf 89' lang='lat' dir='ltr'><strong>videtur</strong></span> <span class='ocrx_word' id='word_1_810' title='bbox 2436 3926 2449 3962; x_wconf 91' lang='lat'><strong>:</strong></span> <span class='ocrx_word' id='word_1_811' title='bbox 2474 3907 2600 3962; x_wconf 89' lang='lat' dir='ltr'><strong>illud</strong></span> <span class='ocrx_word' id='word_1_812' title='bbox 2638 3917 2814 3963; x_wconf 85' lang='lat' dir='ltr'><strong>autem</strong></span> <span class='ocrx_word' id='word_1_813' title='bbox 2843 3923 2949 3964; x_wconf 87' lang='lat' dir='ltr'><strong>non</strong></span> <span class='ocrx_word' id='word_1_814' title='bbox 2978 3907 3225 3972; x_wconf 86' lang='lat' dir='ltr'><strong>videtur;</strong></span> <span class='ocrx_word' id='word_1_815' title='bbox 3251 3924 3358 3964; x_wconf 90' lang='lat' dir='ltr'><strong>non</strong></span> <span class='ocrx_word' id='word_1_816' title='bbox 3385 3921 3461 3965; x_wconf 89' lang='lat' dir='ltr'><strong>est</strong></span> <span class='ocrx_word' id='word_1_817' title='bbox 3496 3909 3631 3980; x_wconf 82' lang='lat' dir='ltr'><strong>igitur</strong></span> <span class='ocrx_word' id='word_1_818' title='bbox 3660 3923 3726 3962; x_wconf 84' lang='lat' dir='ltr'><strong>vc-</strong></span> 
     </span>
    </p>
   </div>
   <div class='ocr_carea' id='block_1_102' title="bbox 2201 3999 3727 4071">
    <p class='ocr_par' dir='ltr' id='par_1_102' title="bbox 2201 3999 3727 4071">
     <span class='ocr_line' id='line_1_102' title="bbox 2201 3999 3727 4071; baseline -0.001 -18"><span class='ocrx_word' id='word_1_819' title='bbox 2201 4015 2315 4053; x_wconf 89' lang='lat' dir='ltr'><strong>rum</strong></span> <span class='ocrx_word' id='word_1_820' title='bbox 2347 4017 2360 4053; x_wconf 88' lang='lat'><strong>:</strong></span> <span class='ocrx_word' id='word_1_821' title='bbox 2392 3999 2492 4053; x_wconf 92' lang='lat' dir='ltr'><strong>nisi</strong></span> <span class='ocrx_word' id='word_1_822' title='bbox 2518 3999 2641 4069; x_wconf 91' lang='lat' dir='ltr'><strong>quid</strong></span> <span class='ocrx_word' id='word_1_823' title='bbox 2665 3999 2827 4054; x_wconf 87' lang='lat' dir='ltr'><strong>habes</strong></span> <span class='ocrx_word' id='word_1_824' title='bbox 2851 4000 2917 4054; x_wconf 91' lang='lat' dir='ltr'><strong>ad</strong></span> <span class='ocrx_word' id='word_1_825' title='bbox 2947 4001 3060 4055; x_wconf 64' lang='lat' dir='ltr'><strong>haec</strong></span> <span class='ocrx_word' id='word_1_826' title='bbox 3083 4001 3227 4070; x_wconf 90' lang='lat' dir='ltr'><strong>quod</strong></span> <span class='ocrx_word' id='word_1_827' title='bbox 3253 4001 3578 4071; x_wconf 86' lang='lat' dir='ltr'><strong>respondeas.</strong></span> <span class='ocrx_word' id='word_1_828' title='bbox 3596 4000 3647 4056; x_wconf 77' lang='grc' dir='ltr'><strong>Δ.</strong></span> <span class='ocrx_word' id='word_1_829' title='bbox 3672 3999 3727 4052; x_wconf 86' lang='lat' dir='ltr'><strong>De</strong></span> 
     </span>
    </p>
   </div>
   <div class='ocr_carea' id='block_1_103' title="bbox 2200 4089 3728 4161">
    <p class='ocr_par' dir='ltr' id='par_1_103' title="bbox 2200 4089 3728 4161">
     <span class='ocr_line' id='line_1_103' title="bbox 2200 4089 3728 4161; baseline 0 -17"><span class='ocrx_word' id='word_1_830' title='bbox 2200 4089 2266 4144; x_wconf 91' lang='lat' dir='ltr'><strong>iis</strong></span> <span class='ocrx_word' id='word_1_831' title='bbox 2289 4089 2500 4161; x_wconf 86' lang='lat' dir='ltr'><strong>quidem</strong></span> <span class='ocrx_word' id='word_1_832' title='bbox 2529 4106 2648 4160; x_wconf 72' lang='lat' dir='ltr'><strong>qua:</strong></span> <span class='ocrx_word' id='word_1_833' title='bbox 2671 4091 2933 4154; x_wconf 88' lang='lat' dir='ltr'><strong>concessi,</strong></span> <span class='ocrx_word' id='word_1_834' title='bbox 2962 4089 3064 4146; x_wconf 88' lang='lat' dir='ltr'><strong>hoc</strong></span> <span class='ocrx_word' id='word_1_835' title='bbox 3103 4100 3286 4146; x_wconf 89' lang='lat' dir='ltr'><strong>natum</strong></span> <span class='ocrx_word' id='word_1_836' title='bbox 3324 4109 3442 4148; x_wconf 89' lang='lat' dir='ltr'><strong>esse</strong></span> <span class='ocrx_word' id='word_1_837' title='bbox 3475 4093 3634 4154; x_wconf 86' lang='lat' dir='ltr'><strong>video;</strong></span> <span class='ocrx_word' id='word_1_838' title='bbox 3658 4089 3728 4144; x_wconf 82' lang='lat' dir='ltr'><strong>sed</strong></span> 
     </span>
    </p>
   </div>
   <div class='ocr_carea' id='block_1_104' title="bbox 2197 4180 3825 4252">
    <p class='ocr_par' dir='ltr' id='par_1_104' title="bbox 2197 4180 3825 4252">
     <span class='ocr_line' id='line_1_104' title="bbox 2197 4180 3825 4252; baseline -0.001 -18"><span class='ocrx_word' id='word_1_839' title='bbox 2197 4180 2480 4235; x_wconf 89' lang='lat' dir='ltr'><strong>absurdum</strong></span> <span class='ocrx_word' id='word_1_840' title='bbox 2510 4180 2579 4235; x_wconf 90' lang='lat' dir='ltr'><strong>ita</strong></span> <span class='ocrx_word' id='word_1_841' title='bbox 2613 4189 2712 4244; x_wconf 88' lang='lat' dir='ltr'><strong>est,</strong></span> <span class='ocrx_word' id='word_1_842' title='bbox 2747 4188 2804 4235; x_wconf 91' lang='lat' dir='ltr'><strong>ut</strong></span> <span class='ocrx_word' id='word_1_843' title='bbox 2827 4181 3080 4252; x_wconf 89' lang='lat' dir='ltr'><strong>quidquid</strong></span> <span class='ocrx_word' id='word_1_844' title='bbox 3110 4183 3193 4237; x_wconf 90' lang='lat' dir='ltr'><strong>vis</strong></span> <span class='ocrx_word' id='word_1_845' title='bbox 3223 4183 3430 4238; x_wconf 87' lang='lat' dir='ltr'><strong>illorum</strong></span> <span class='ocrx_word' id='word_1_846' title='bbox 3457 4183 3636 4237; x_wconf 80' lang='lat' dir='ltr'><strong>facilius</strong></span> <span class='ocrx_word' id='word_1_847' title='bbox 3659 4196 3729 4233; x_wconf 76' lang='grc' dir='ltr'><strong>ηε·</strong></span> <span class='ocrx_word' id='word_1_848' title='bbox 3824 4217 3825 4220; x_wconf 59' lang='grc' dir='ltr'><strong>η</strong></span> 
     </span>
    </p>
   </div>
   <div class='ocr_carea' id='block_1_105' title="bbox 2195 4271 3729 4350">
    <p class='ocr_par' dir='ltr' id='par_1_105' title="bbox 2195 4271 3729 4350">
     <span class='ocr_line' id='line_1_105' title="bbox 2195 4271 3729 4350; baseline -0.001 -23"><span class='ocrx_word' id='word_1_849' title='bbox 2195 4287 2314 4340; x_wconf 79' lang='lat' dir='ltr'><strong>gem</strong></span> <span class='ocrx_word' id='word_1_850' title='bbox 2335 4313 2350 4338; x_wconf 97' lang='lat'><strong>,</strong></span> <span class='ocrx_word' id='word_1_851' title='bbox 2377 4286 2531 4342; x_wconf 89' lang='lat' dir='ltr'><strong>quam</strong></span> <span class='ocrx_word' id='word_1_852' title='bbox 2575 4271 2676 4326; x_wconf 90' lang='lat' dir='ltr'><strong>hoc</strong></span> <span class='ocrx_word' id='word_1_853' title='bbox 2703 4287 2886 4326; x_wconf 86' lang='lat' dir='ltr'><strong>verum</strong></span> <span class='ocrx_word' id='word_1_854' title='bbox 2917 4288 3036 4328; x_wconf 88' lang='lat' dir='ltr'><strong>esse</strong></span> <span class='ocrx_word' id='word_1_855' title='bbox 3061 4275 3374 4330; x_wconf 88' lang='lat' dir='ltr'><strong>concedam.</strong></span> <span class='ocrx_word' id='word_1_856' title='bbox 3407 4271 3630 4350; x_wconf 78' lang='lat' dir='ltr'><strong>R.-Nihil</strong></span> <span class='ocrx_word' id='word_1_857' title='bbox 3663 4288 3729 4326; x_wconf 85' lang='lat' dir='ltr'><strong>re-</strong></span> 
     </span>
    </p>
   </div>
   <div class='ocr_carea' id='block_1_106' title="bbox 2197 4361 3727 4434">
    <p class='ocr_par' dir='ltr' id='par_1_106' title="bbox 2197 4361 3727 4434">
     <span class='ocr_line' id='line_1_106' title="bbox 2197 4361 3727 4434; baseline 0 -21"><span class='ocrx_word' id='word_1_858' title='bbox 2197 4377 2390 4432; x_wconf 86' lang='lat' dir='ltr'><strong>pugno.</strong></span> <span class='ocrx_word' id='word_1_859' title='bbox 2441 4361 2574 4416; x_wconf 83' lang='lat' dir='ltr'><strong>Vide</strong></span> <span class='ocrx_word' id='word_1_860' title='bbox 2619 4377 2746 4433; x_wconf 86' lang='lat' dir='ltr'><strong>ergo</strong></span> <span class='ocrx_word' id='word_1_861' title='bbox 2788 4363 2914 4433; x_wconf 91' lang='lat' dir='ltr'><strong>quid</strong></span> <span class='ocrx_word' id='word_1_862' title='bbox 2957 4363 3138 4420; x_wconf 89' lang='lat' dir='ltr'><strong>dicere</strong></span> <span class='ocrx_word' id='word_1_863' title='bbox 3183 4366 3315 4420; x_wconf 86' lang='lat' dir='ltr'><strong>velis</strong></span> <span class='ocrx_word' id='word_1_864' title='bbox 3349 4384 3362 4420; x_wconf 89' lang='lat'><strong>:</strong></span> <span class='ocrx_word' id='word_1_865' title='bbox 3392 4380 3621 4434; x_wconf 78' lang='lat' dir='ltr'><strong>corporea</strong></span> <span class='ocrx_word' id='word_1_866' title='bbox 3653 4363 3727 4416; x_wconf 61' lang='lat' dir='ltr'><strong>ubi</strong></span> 
     </span>
    </p>
   </div>
   <div class='ocr_carea' id='block_1_107' title="bbox 2195 4439 3730 4524">
    <p class='ocr_par' dir='ltr' id='par_1_107' title="bbox 2195 4439 3730 4524">
     <span class='ocr_line' id='line_1_107' title="bbox 2195 4439 3730 4524; baseline 0.001 -17"><span class='ocrx_word' id='word_1_867' title='bbox 2195 4454 2436 4509; x_wconf 89' lang='lat' dir='ltr'><strong>sensibus</strong></span> <span class='ocrx_word' id='word_1_868' title='bbox 2462 4454 2625 4509; x_wconf 88' lang='lat' dir='ltr'><strong>vidcri</strong></span> <span class='ocrx_word' id='word_1_869' title='bbox 2656 4439 2829 4524; x_wconf 84' lang='lat' dir='ltr'><strong>posse,</strong></span> <span class='ocrx_word' id='word_1_870' title='bbox 2855 4472 2920 4509; x_wconf 91' lang='lat' dir='ltr'><strong>an</strong></span> <span class='ocrx_word' id='word_1_871' title='bbox 2946 4458 3146 4512; x_wconf 86' lang='lat' dir='ltr'><strong>sentire</strong></span> <span class='ocrx_word' id='word_1_872' title='bbox 3174 4459 3275 4514; x_wconf 90' lang='lat' dir='ltr'><strong>nisi</strong></span> <span class='ocrx_word' id='word_1_873' title='bbox 3293 4460 3541 4524; x_wconf 76' lang='lat' dir='ltr'><strong>animam,</strong></span> <span class='ocrx_word' id='word_1_874' title='bbox 3560 4474 3618 4512; x_wconf 90' lang='lat' dir='ltr'><strong>an</strong></span> <span class='ocrx_word' id='word_1_875' title='bbox 3638 4471 3730 4509; x_wconf 74' lang='lat' dir='ltr'><strong>esse</strong></span> 
     </span>
    </p>
   </div>
   <div class='ocr_carea' id='block_1_108' title="bbox 2194 4543 3727 4628">
    <p class='ocr_par' dir='ltr' id='par_1_108' title="bbox 2194 4543 3727 4628">
     <span class='ocr_line' id='line_1_108' title="bbox 2194 4543 3727 4628; baseline 0.003 -30"><span class='ocrx_word' id='word_1_876' title='bbox 2194 4545 2418 4614; x_wconf 87' lang='lat' dir='ltr'><strong>lapidem</strong></span> <span class='ocrx_word' id='word_1_877' title='bbox 2441 4547 2522 4600; x_wconf 92' lang='lat' dir='ltr'><strong>vel</strong></span> <span class='ocrx_word' id='word_1_878' title='bbox 2546 4547 2671 4628; x_wconf 86' lang='lat' dir='ltr'><strong>quid</strong></span> <span class='ocrx_word' id='word_1_879' title='bbox 2698 4547 2863 4613; x_wconf 90' lang='lat' dir='ltr'><strong>aliud,</strong></span> <span class='ocrx_word' id='word_1_880' title='bbox 2892 4548 2986 4603; x_wconf 89' lang='lat' dir='ltr'><strong>sed</strong></span> <span class='ocrx_word' id='word_1_881' title='bbox 3018 4565 3200 4606; x_wconf 86' lang='lat' dir='ltr'><strong>verum</strong></span> <span class='ocrx_word' id='word_1_882' title='bbox 3224 4543 3329 4606; x_wconf 79' lang='lat' dir='ltr'><strong>non</strong></span> <span class='ocrx_word' id='word_1_883' title='bbox 3353 4567 3484 4616; x_wconf 82' lang='lat' dir='ltr'><strong>esse,</strong></span> <span class='ocrx_word' id='word_1_884' title='bbox 3507 4569 3568 4607; x_wconf 90' lang='lat' dir='ltr'><strong>au</strong></span> <span class='ocrx_word' id='word_1_885' title='bbox 3592 4552 3727 4621; x_wconf 85' lang='lat' dir='ltr'><strong>ipsum</strong></span> 
     </span>
    </p>
   </div>
   <div class='ocr_carea' id='block_1_109' title="bbox 2196 4641 3728 4718">
    <p class='ocr_par' dir='ltr' id='par_1_109' title="bbox 2196 4641 3728 4718">
     <span class='ocr_line' id='line_1_109' title="bbox 2196 4641 3728 4718; baseline 0.003 -27"><span class='ocrx_word' id='word_1_886' title='bbox 2196 4655 2375 4693; x_wconf 85' lang='lat' dir='ltr'><strong>verum</strong></span> <span class='ocrx_word' id='word_1_887' title='bbox 2405 4641 2558 4694; x_wconf 87' lang='lat' dir='ltr'><strong>aliter</strong></span> <span class='ocrx_word' id='word_1_888' title='bbox 2581 4656 2700 4694; x_wconf 85' lang='lat' dir='ltr'><strong>esse</strong></span> <span class='ocrx_word' id='word_1_889' title='bbox 2729 4641 3107 4696; x_wconf 85' lang='lat' dir='ltr'><strong>deﬁniendum.</strong></span> <span class='ocrx_word' id='word_1_890' title='bbox 3138 4643 3203 4698; x_wconf 84' lang='grc' dir='ltr'><strong>Α.</strong></span> <span class='ocrx_word' id='word_1_891' title='bbox 3246 4642 3421 4702; x_wconf 78' lang='lat' dir='ltr'><strong>[sume</strong></span> <span class='ocrx_word' id='word_1_892' title='bbox 3449 4647 3601 4718; x_wconf 83' lang='lat' dir='ltr'><strong>ipsum</strong></span> <span class='ocrx_word' id='word_1_893' title='bbox 3619 4686 3631 4710; x_wconf 94' lang='lat'><strong>,</strong></span> <span class='ocrx_word' id='word_1_894' title='bbox 3655 4658 3728 4696; x_wconf 84' lang='lat' dir='ltr'><strong>oro</strong></span> 
     </span>
    </p>
   </div>
   <div class='ocr_carea' id='block_1_110' title="bbox 2193 4730 3196 4809">
    <p class='ocr_par' dir='ltr' id='par_1_110' title="bbox 2193 4730 3196 4809">
     <span class='ocr_line' id='line_1_110' title="bbox 2193 4730 3196 4809; baseline -0.007 -26"><span class='ocrx_word' id='word_1_895' title='bbox 2193 4738 2265 4794; x_wconf 90' lang='lat' dir='ltr'><strong>te,</strong></span> <span class='ocrx_word' id='word_1_896' title='bbox 2290 4730 2532 4785; x_wconf 90' lang='lat' dir='ltr'><strong>ultimum</strong></span> <span class='ocrx_word' id='word_1_897' title='bbox 2566 4730 2855 4786; x_wconf 86' lang='lat' dir='ltr'><strong>videamus.</strong></span> <span class='ocrx_word' id='word_1_898' title='bbox 3151 4771 3156 4776; x_wconf 79' lang='lat'><strong>.</strong></span> <span class='ocrx_word' id='word_1_899' title='bbox 3178 4772 3196 4809; x_wconf 19' lang='grc' dir='ltr'><strong>ι.</strong></span> 
     </span>
    </p>
   </div>
   <div class='ocr_carea' id='block_1_111' title="bbox 2262 4819 3725 4896">
    <p class='ocr_par' dir='ltr' id='par_1_111' title="bbox 2262 4819 3725 4896">
     <span class='ocr_line' id='line_1_111' title="bbox 2262 4819 3725 4896; baseline -0.001 -20"><span class='ocrx_word' id='word_1_900' title='bbox 2262 4821 2316 4876; x_wconf 89' lang='grc'><strong>8.</strong></span> <span class='ocrx_word' id='word_1_901' title='bbox 2347 4819 2409 4874; x_wconf 85' lang='lat' dir='ltr'><strong>R.</strong></span> <span class='ocrx_word' id='word_1_902' title='bbox 2438 4821 2604 4876; x_wconf 89' lang='lat' dir='ltr'><strong>Deﬁui</strong></span> <span class='ocrx_word' id='word_1_903' title='bbox 2632 4836 2760 4891; x_wconf 91' lang='lat' dir='ltr'><strong>ergo</strong></span> <span class='ocrx_word' id='word_1_904' title='bbox 2781 4836 2985 4877; x_wconf 90' lang='lat' dir='ltr'><strong>verum.</strong></span> <span class='ocrx_word' id='word_1_905' title='bbox 3014 4824 3078 4877; x_wconf 82' lang='grc' dir='ltr'><strong>Α.</strong></span> <span class='ocrx_word' id='word_1_906' title='bbox 3111 4824 3312 4881; x_wconf 87' lang='lat' dir='ltr'><strong>Verum</strong></span> <span class='ocrx_word' id='word_1_907' title='bbox 3341 4836 3421 4882; x_wconf 85' lang='lat' dir='ltr'><strong>est</strong></span> <span class='ocrx_word' id='word_1_908' title='bbox 3448 4825 3575 4896; x_wconf 88' lang='lat' dir='ltr'><strong>quod</strong></span> <span class='ocrx_word' id='word_1_909' title='bbox 3597 4825 3654 4879; x_wconf 86' lang='lat' dir='ltr'><strong>ita</strong></span> <span class='ocrx_word' id='word_1_910' title='bbox 3679 4838 3725 4876; x_wconf 86' lang='lat' dir='ltr'><strong>sc</strong></span> 
     </span>
    </p>
   </div>
   <div class='ocr_carea' id='block_1_112' title="bbox 2191 4911 3724 4992">
    <p class='ocr_par' dir='ltr' id='par_1_112' title="bbox 2191 4911 3724 4992">
     <span class='ocr_line' id='line_1_112' title="bbox 2191 4911 3724 4992; baseline 0.001 -27"><span class='ocrx_word' id='word_1_911' title='bbox 2191 4911 2352 4966; x_wconf 87' lang='lat' dir='ltr'><strong>habet</strong></span> <span class='ocrx_word' id='word_1_912' title='bbox 2378 4921 2436 4966; x_wconf 90' lang='lat' dir='ltr'><strong>ut</strong></span> <span class='ocrx_word' id='word_1_913' title='bbox 2473 4913 2732 4982; x_wconf 79' lang='lat' dir='ltr'><strong>cognitori</strong></span> <span class='ocrx_word' id='word_1_914' title='bbox 2772 4912 2994 4977; x_wconf 84' lang='lat' dir='ltr'><strong>videtur,</strong></span> <span class='ocrx_word' id='word_1_915' title='bbox 3028 4914 3072 4968; x_wconf 90' lang='lat' dir='ltr'><strong>si</strong></span> <span class='ocrx_word' id='word_1_916' title='bbox 3112 4916 3535 4992; x_wconf 2' lang='lat' dir='ltr'><strong>velnquossitquc</strong></span> <span class='ocrx_word' id='word_1_917' title='bbox 3559 4929 3724 4985; x_wconf 83' lang='lat' dir='ltr'><strong>cogno-</strong></span> 
     </span>
    </p>
   </div>
   <div class='ocr_carea' id='block_1_113' title="bbox 2190 5003 3816 5082">
    <p class='ocr_par' dir='ltr' id='par_1_113' title="bbox 2190 5003 3816 5082">
     <span class='ocr_line' id='line_1_113' title="bbox 2190 5003 3816 5082; baseline 0 -24"><span class='ocrx_word' id='word_1_918' title='bbox 2190 5018 2356 5061; x_wconf 82' lang='lat' dir='ltr'><strong>scere.</strong></span> <span class='ocrx_word' id='word_1_919' title='bbox 2389 5003 2454 5058; x_wconf 87' lang='lat' dir='ltr'><strong>R.</strong></span> <span class='ocrx_word' id='word_1_920' title='bbox 2489 5003 2603 5081; x_wconf 86' lang='lat' dir='ltr'><strong>Non</strong></span> <span class='ocrx_word' id='word_1_921' title='bbox 2629 5004 2728 5058; x_wconf 84' lang='lat' dir='ltr'><strong>erit</strong></span> <span class='ocrx_word' id='word_1_922' title='bbox 2756 5005 2914 5074; x_wconf 88' lang='lat' dir='ltr'><strong>igitur</strong></span> <span class='ocrx_word' id='word_1_923' title='bbox 2931 5020 3118 5082; x_wconf 85' lang='lat' dir='ltr'><strong>verum</strong></span> <span class='ocrx_word' id='word_1_924' title='bbox 3141 5008 3282 5076; x_wconf 86' lang='lat' dir='ltr'><strong>quod</strong></span> <span class='ocrx_word' id='word_1_925' title='bbox 3308 5019 3461 5062; x_wconf 82' lang='lat' dir='ltr'><strong>nemo</strong></span> <span class='ocrx_word' id='word_1_926' title='bbox 3480 5015 3634 5077; x_wconf 75' lang='lat' dir='ltr'><strong>potest</strong></span> <span class='ocrx_word' id='word_1_927' title='bbox 3649 5019 3720 5058; x_wconf 83' lang='grc' dir='ltr'><strong>εο-</strong></span> <span class='ocrx_word' id='word_1_928' title='bbox 3789 5033 3816 5082; x_wconf 41' lang='lat'><strong>&#39;-</strong></span> 
     </span>
    </p>
   </div>
   <div class='ocr_carea' id='block_1_114' title="bbox 2188 5085 3718 5172">
    <p class='ocr_par' dir='ltr' id='par_1_114' title="bbox 2188 5085 3718 5172">
     <span class='ocr_line' id='line_1_114' title="bbox 2188 5085 3718 5172; baseline 0.001 -20"><span class='ocrx_word' id='word_1_929' title='bbox 2188 5098 2479 5171; x_wconf 88' lang='lat' dir='ltr'><strong>guoscere?</strong></span> <span class='ocrx_word' id='word_1_930' title='bbox 2507 5098 2724 5164; x_wconf 79' lang='lat' dir='ltr'><strong>Deinde,</strong></span> <span class='ocrx_word' id='word_1_931' title='bbox 2753 5099 2802 5151; x_wconf 86' lang='lat' dir='ltr'><strong>si</strong></span> <span class='ocrx_word' id='word_1_932' title='bbox 2825 5100 3014 5154; x_wconf 89' lang='lat' dir='ltr'><strong>falsum</strong></span> <span class='ocrx_word' id='word_1_933' title='bbox 3036 5085 3118 5154; x_wconf 59' lang='lat' dir='ltr'><strong>est</strong></span> <span class='ocrx_word' id='word_1_934' title='bbox 3142 5102 3282 5172; x_wconf 88' lang='lat' dir='ltr'><strong>quod</strong></span> <span class='ocrx_word' id='word_1_935' title='bbox 3309 5102 3458 5157; x_wconf 89' lang='lat' dir='ltr'><strong>aliter</strong></span> <span class='ocrx_word' id='word_1_936' title='bbox 3478 5115 3618 5171; x_wconf 90' lang='lat' dir='ltr'><strong>quam</strong></span> <span class='ocrx_word' id='word_1_937' title='bbox 3639 5092 3718 5153; x_wconf 81' lang='lat' dir='ltr'><strong>est.</strong></span> 
     </span>
    </p>
   </div>
   <div class='ocr_carea' id='block_1_115' title="bbox 2186 5185 3718 5264">
    <p class='ocr_par' dir='ltr' id='par_1_115' title="bbox 2186 5185 3718 5264">
     <span class='ocr_line' id='line_1_115' title="bbox 2186 5185 3718 5264; baseline -0.003 -20"><span class='ocrx_word' id='word_1_938' title='bbox 2186 5191 2426 5255; x_wconf 87' lang='lat' dir='ltr'><strong>videtur;</strong></span> <span class='ocrx_word' id='word_1_939' title='bbox 2457 5191 2602 5261; x_wconf 86' lang='lat' dir='ltr'><strong>quid,</strong></span> <span class='ocrx_word' id='word_1_940' title='bbox 2629 5190 2672 5242; x_wconf 90' lang='lat' dir='ltr'><strong>si</strong></span> <span class='ocrx_word' id='word_1_941' title='bbox 2703 5189 2858 5244; x_wconf 88' lang='lat' dir='ltr'><strong>alteri</strong></span> <span class='ocrx_word' id='word_1_942' title='bbox 2880 5191 3118 5246; x_wconf 87' lang='lat' dir='ltr'><strong>videatur</strong></span> <span class='ocrx_word' id='word_1_943' title='bbox 3143 5193 3229 5248; x_wconf 88' lang='lat' dir='ltr'><strong>hic</strong></span> <span class='ocrx_word' id='word_1_944' title='bbox 3248 5193 3398 5264; x_wconf 87' lang='lat' dir='ltr'><strong>lapis,</strong></span> <span class='ocrx_word' id='word_1_945' title='bbox 3424 5192 3570 5262; x_wconf 86' lang='lat' dir='ltr'><strong>lapis;</strong></span> <span class='ocrx_word' id='word_1_946' title='bbox 3593 5185 3718 5243; x_wconf 83' lang='lat' dir='ltr'><strong>alteri</strong></span> 
     </span>
    </p>
   </div>
   <div class='ocr_carea' id='block_1_116' title="bbox 2187 5284 3718 5354">
    <p class='ocr_par' dir='ltr' id='par_1_116' title="bbox 2187 5284 3718 5354">
     <span class='ocr_line' id='line_1_116' title="bbox 2187 5284 3718 5354; baseline 0.001 -17"><span class='ocrx_word' id='word_1_947' title='bbox 2187 5284 2421 5354; x_wconf 89' lang='lat' dir='ltr'><strong>lignum?</strong></span> <span class='ocrx_word' id='word_1_948' title='bbox 2451 5285 2636 5341; x_wconf 89' lang='lat' dir='ltr'><strong>eadem</strong></span> <span class='ocrx_word' id='word_1_949' title='bbox 2679 5303 2765 5342; x_wconf 91' lang='lat' dir='ltr'><strong>res</strong></span> <span class='ocrx_word' id='word_1_950' title='bbox 2797 5299 2848 5343; x_wconf 90' lang='lat' dir='ltr'><strong>et</strong></span> <span class='ocrx_word' id='word_1_951' title='bbox 2883 5289 3011 5344; x_wconf 79' lang='lat' dir='ltr'><strong>falsa</strong></span> <span class='ocrx_word' id='word_1_952' title='bbox 3047 5301 3101 5345; x_wconf 91' lang='lat' dir='ltr'><strong>et</strong></span> <span class='ocrx_word' id='word_1_953' title='bbox 3124 5307 3245 5346; x_wconf 90' lang='lat' dir='ltr'><strong>vera</strong></span> <span class='ocrx_word' id='word_1_954' title='bbox 3274 5291 3408 5347; x_wconf 86' lang='lat' dir='ltr'><strong>erit?</strong></span> <span class='ocrx_word' id='word_1_955' title='bbox 3429 5290 3488 5344; x_wconf 80' lang='grc' dir='ltr'><strong>Α.</strong></span> <span class='ocrx_word' id='word_1_956' title='bbox 3515 5285 3627 5343; x_wconf 85' lang='lat' dir='ltr'><strong>Illud</strong></span> <span class='ocrx_word' id='word_1_957' title='bbox 3648 5298 3718 5339; x_wconf 83' lang='lat' dir='ltr'><strong>me</strong></span> 
     </span>
    </p>
   </div>
   <div class='ocr_carea' id='block_1_117' title="bbox 2185 5377 3712 5455">
    <p class='ocr_par' dir='ltr' id='par_1_117' title="bbox 2185 5377 3712 5455">
     <span class='ocr_line' id='line_1_117' title="bbox 2185 5377 3712 5455; baseline -0.001 -24"><span class='ocrx_word' id='word_1_958' title='bbox 2185 5378 2353 5450; x_wconf 87' lang='lat' dir='ltr'><strong>magis</strong></span> <span class='ocrx_word' id='word_1_959' title='bbox 2381 5378 2625 5447; x_wconf 89' lang='lat' dir='ltr'><strong>superius</strong></span> <span class='ocrx_word' id='word_1_960' title='bbox 2650 5389 2844 5446; x_wconf 86' lang='lat' dir='ltr'><strong>movet,</strong></span> <span class='ocrx_word' id='word_1_961' title='bbox 2872 5383 3138 5452; x_wconf 88' lang='lat' dir='ltr'><strong>quomodo</strong></span> <span class='ocrx_word' id='word_1_962' title='bbox 3164 5383 3208 5437; x_wconf 91' lang='lat' dir='ltr'><strong>si</strong></span> <span class='ocrx_word' id='word_1_963' title='bbox 3236 5382 3356 5455; x_wconf 90' lang='lat' dir='ltr'><strong>quid</strong></span> <span class='ocrx_word' id='word_1_964' title='bbox 3383 5377 3712 5451; x_wconf 54' lang='lat' dir='ltr'><strong>Commium</strong></span> 
     </span>
    </p>
   </div>
   <div class='ocr_carea' id='block_1_118' title="bbox 2188 5469 3710 5550">
    <p class='ocr_par' dir='ltr' id='par_1_118' title="bbox 2188 5469 3710 5550">
     <span class='ocr_line' id='line_1_118' title="bbox 2188 5469 3710 5550; baseline -0.003 -25"><span class='ocrx_word' id='word_1_965' title='bbox 2188 5479 2383 5541; x_wconf 87' lang='lat' dir='ltr'><strong>potest,</strong></span> <span class='ocrx_word' id='word_1_966' title='bbox 2412 5486 2478 5525; x_wconf 90' lang='lat' dir='ltr'><strong>eo</strong></span> <span class='ocrx_word' id='word_1_967' title='bbox 2505 5471 2594 5525; x_wconf 89' lang='lat' dir='ltr'><strong>ﬁat</strong></span> <span class='ocrx_word' id='word_1_968' title='bbox 2623 5481 3024 5550; x_wconf 65' lang='lat' dir='ltr'><strong>ubvcrum‘uon</strong></span> <span class='ocrx_word' id='word_1_969' title='bbox 3045 5477 3129 5530; x_wconf 88' lang='lat' dir='ltr'><strong>sit.</strong></span> <span class='ocrx_word' id='word_1_970' title='bbox 3159 5473 3289 5530; x_wconf 82' lang='lat' dir='ltr'><strong>Nam</strong></span> <span class='ocrx_word' id='word_1_971' title='bbox 3313 5473 3447 5546; x_wconf 87' lang='lat' dir='ltr'><strong>quod</strong></span> <span class='ocrx_word' id='word_1_972' title='bbox 3471 5469 3610 5527; x_wconf 78' lang='lat' dir='ltr'><strong>simul</strong></span> <span class='ocrx_word' id='word_1_973' title='bbox 3629 5481 3710 5522; x_wconf 84' lang='lat' dir='ltr'><strong>una</strong></span> 
     </span>
    </p>
   </div>
   <div class='ocr_carea' id='block_1_119' title="bbox 2185 5549 3706 5634">
    <p class='ocr_par' dir='ltr' id='par_1_119' title="bbox 2185 5549 3706 5634">
     <span class='ocr_line' id='line_1_119' title="bbox 2185 5549 3706 5634; baseline -0.001 -14"><span class='ocrx_word' id='word_1_974' title='bbox 2185 5581 2306 5630; x_wconf 58' lang='lat' dir='ltr'><strong>res,</strong></span> <span class='ocrx_word' id='word_1_975' title='bbox 2339 5577 2392 5620; x_wconf 91' lang='lat' dir='ltr'><strong>ct</strong></span> <span class='ocrx_word' id='word_1_976' title='bbox 2425 5577 2547 5621; x_wconf 86' lang='lat' dir='ltr'><strong>vera</strong></span> <span class='ocrx_word' id='word_1_977' title='bbox 2576 5574 2631 5621; x_wconf 88' lang='lat' dir='ltr'><strong>et</strong></span> <span class='ocrx_word' id='word_1_978' title='bbox 2659 5549 2796 5620; x_wconf 57' lang='lat' dir='ltr'><strong>falﬂ</strong></span> <span class='ocrx_word' id='word_1_979' title='bbox 2811 5559 2893 5622; x_wconf 78' lang='lat' dir='ltr'><strong>est</strong></span> <span class='ocrx_word' id='word_1_980' title='bbox 2912 5610 2926 5634; x_wconf 94' lang='lat'><strong>,</strong></span> <span class='ocrx_word' id='word_1_981' title='bbox 2952 5549 3061 5624; x_wconf 81' lang='lat' dir='ltr'><strong>non</strong></span> <span class='ocrx_word' id='word_1_982' title='bbox 3093 5569 3410 5624; x_wconf 77' lang='lat' dir='ltr'><strong>nimis’curo.</strong></span> <span class='ocrx_word' id='word_1_983' title='bbox 3440 5564 3624 5623; x_wconf 77' lang='lat' dir='ltr'><strong>Etenim</strong></span> <span class='ocrx_word' id='word_1_984' title='bbox 3646 5560 3706 5614; x_wconf 77' lang='lat' dir='ltr'><strong>vi-</strong></span> 
     </span>
    </p>
   </div>
   <div class='ocr_carea' id='block_1_120' title="bbox 2183 5651 3700 5730">
    <p class='ocr_par' dir='ltr' id='par_1_120' title="bbox 2183 5651 3700 5730">
     <span class='ocr_line' id='line_1_120' title="bbox 2183 5651 3700 5730; baseline -0.003 -18"><span class='ocrx_word' id='word_1_985' title='bbox 2183 5657 2284 5712; x_wconf 88' lang='lat' dir='ltr'><strong>deo</strong></span> <span class='ocrx_word' id='word_1_986' title='bbox 2311 5674 2466 5712; x_wconf 82' lang='lat' dir='ltr'><strong>unum</strong></span> <span class='ocrx_word' id='word_1_987' title='bbox 2494 5674 2612 5712; x_wconf 84' lang='lat' dir='ltr'><strong>rent</strong></span> <span class='ocrx_word' id='word_1_988' title='bbox 2627 5658 2850 5713; x_wconf 85' lang='lat' dir='ltr'><strong>diversis</strong></span> <span class='ocrx_word' id='word_1_989' title='bbox 2863 5671 3237 5730; x_wconf 84' lang='lat' dir='ltr'><strong>comparatam,</strong></span> <span class='ocrx_word' id='word_1_990' title='bbox 3259 5651 3406 5716; x_wconf 80' lang='lat' dir='ltr'><strong>simul</strong></span> <span class='ocrx_word' id='word_1_991' title='bbox 3423 5668 3474 5714; x_wconf 86' lang='lat' dir='ltr'><strong>et</strong></span> <span class='ocrx_word' id='word_1_992' title='bbox 3489 5653 3700 5724; x_wconf 77' lang='lat' dir='ltr'><strong>majorem</strong></span> 
     </span>
    </p>
   </div>
   <div class='ocr_carea' id='block_1_121' title="bbox 2182 5741 3700 5840">
    <p class='ocr_par' dir='ltr' id='par_1_121' title="bbox 2182 5741 3700 5840">
     <span class='ocr_line' id='line_1_121' title="bbox 2182 5741 3700 5840; baseline -0.001 -36"><span class='ocrx_word' id='word_1_993' title='bbox 2182 5756 2237 5804; x_wconf 88' lang='lat' dir='ltr'><strong>et</strong></span> <span class='ocrx_word' id='word_1_994' title='bbox 2261 5750 2526 5834; x_wconf 67' lang='lat' dir='ltr'><strong>minoreiq</strong></span> <span class='ocrx_word' id='word_1_995' title='bbox 2549 5766 2686 5805; x_wconf 90' lang='lat' dir='ltr'><strong>esse.</strong></span> <span class='ocrx_word' id='word_1_996' title='bbox 2718 5750 2822 5805; x_wconf 79' lang='lat' dir='ltr'><strong>Sed</strong></span> <span class='ocrx_word' id='word_1_997' title='bbox 2855 5768 2917 5808; x_wconf 79' lang='lat' dir='ltr'><strong>ex</strong></span> <span class='ocrx_word' id='word_1_998' title='bbox 2950 5767 3016 5808; x_wconf 87' lang='lat' dir='ltr'><strong>eo</strong></span> <span class='ocrx_word' id='word_1_999' title='bbox 3046 5752 3179 5840; x_wconf 42' lang='grc' dir='ltr'>ξενιυὰ</span> <span class='ocrx_word' id='word_1_1000' title='bbox 3208 5751 3466 5822; x_wconf 82' lang='lat' dir='ltr'><strong>contingit,</strong></span> <span class='ocrx_word' id='word_1_1001' title='bbox 3491 5743 3613 5819; x_wconf 75' lang='lat' dir='ltr'><strong>quod</strong></span> <span class='ocrx_word' id='word_1_1002' title='bbox 3631 5741 3700 5840; x_wconf 66' lang='lat' dir='ltr'><strong>tli-</strong></span> 
     </span>
    </p>
   </div>
   <div class='ocr_carea' id='block_1_122' title="bbox 2076 5834 3690 5942">
    <p class='ocr_par' dir='ltr' id='par_1_122' title="bbox 2076 5834 3690 5942">
     <span class='ocr_line' id='line_1_122' title="bbox 2076 5834 3690 5942; baseline -0.004 -42"><span class='ocrx_word' id='word_1_1003' title='bbox 2076 5834 2112 5900; x_wconf 59' lang='grc' dir='ltr'><strong>δ’</strong></span> <span class='ocrx_word' id='word_1_1004' title='bbox 2183 5841 2257 5895; x_wconf 88' lang='lat' dir='ltr'><strong>hil</strong></span> <span class='ocrx_word' id='word_1_1005' title='bbox 2285 5857 2379 5911; x_wconf 90' lang='lat' dir='ltr'><strong>per</strong></span> <span class='ocrx_word' id='word_1_1006' title='bbox 2418 5855 2490 5920; x_wconf 57' lang='grc' dir='ltr'><strong>ις</strong></span> <span class='ocrx_word' id='word_1_1007' title='bbox 2511 5841 2684 5942; x_wconf 50' lang='grc' dir='ltr'>ηιῇυε</span> <span class='ocrx_word' id='word_1_1008' title='bbox 2714 5851 2802 5899; x_wconf 90' lang='lat' dir='ltr'><strong>aut</strong></span> <span class='ocrx_word' id='word_1_1009' title='bbox 2835 5845 3011 5900; x_wconf 89' lang='lat' dir='ltr'><strong>minus</strong></span> <span class='ocrx_word' id='word_1_1010' title='bbox 3036 5834 3132 5902; x_wconf 67' lang='lat' dir='ltr'><strong>est.</strong></span> <span class='ocrx_word' id='word_1_1011' title='bbox 3161 5842 3547 5916; x_wconf 74' lang='lat' dir='ltr'><strong>Comparationis</strong></span> <span class='ocrx_word' id='word_1_1012' title='bbox 3575 5834 3690 5894; x_wconf 79' lang='lat' dir='ltr'><strong>enim</strong></span> 
     </span>
    </p>
   </div>
  </div>
