3882 6274
141 376 216 433 ω
1348 360 1550 418 LIBER
1587 360 1958 421 SECUNDUS.

137 501 223 552 sunt
241 490 320 546 ista
340 484 555 542 nomina.
583 483 655 539 Β.
685 482 756 538 Αι
780 482 826 537 si
850 479 985 537 dicis
1011 478 1146 537 nihil
1172 493 1294 537 esse
1319 493 1503 535 verum
1531 493 1626 549 per

135 604 198 648 se,
221 595 304 634 uou
328 577 466 632 times
492 591 555 629 ne
581 583 828 644 sequatur
851 581 912 626 ιιι
947 570 1077 625 nihil
1120 570 1191 625 sit
1230 585 1324 640 per
1356 569 1449 625 se?
1474 568 1625 626 Unde

134 674 234 730 enim
256 669 422 739 lignum
449 672 530 720 est
554 662 656 717 hoc
674 703 689 726 ,
731 661 854 717 inde
892 660 1051 716 etiam
1080 675 1269 714 verum
1292 655 1490 730 lignum
1520 668 1622 714 est.

135 765 209 820 Nec
227 761 316 816 ﬁeri
337 766 495 828 petest
520 763 577 809 ut
602 769 698 826 per
724 755 984 824 seipsum,
1013 752 1067 808 id
1089 763 1171 808 est
1209 753 1326 808 sine
1352 754 1626 823 cognitore

135 859 278 927 lignum
312 853 389 916 sit,
424 858 475 903 et
511 862 691 903 verum
728 847 924 916 lignum
954 860 1058 900 non
1091 845 1182 901 sit.
1212 845 1277 899 Α.
1316 845 1458 917 Ergo
1497 844 1624 900 illud

26 935 61 1004 Ι
134 951 215 1004 dico
235 955 276 999 ut
294 945 358 997 sic
379 940 585 1004 definio,
613 953 710 993 nec
728 952 917 993 vereor
939 952 1006 991 ne
1029 935 1269 992 deﬁnitio
1289 952 1405 991 mea
1426 935 1498 992 ob
1523 936 1626 992 hoc

134 1036 396 1108 utipiubetur,
423 1031 559 1103 quod
597 1029 758 1085 nimis
786 1028 960 1084 brevis
984 1038 1066 1083 est
1092 1046 1107 1083 :
1129 1043 1251 1083 nam
1282 1043 1467 1084 verum
1496 1028 1625 1082 mihi

26 1117 61 1192 I
134 1132 402 1184 vident-esse
434 1123 483 1177 id
521 1120 661 1192 quod
688 1130 789 1176 est.
831 1119 901 1175 Β.
940 1117 1080 1175 Nihil
1109 1135 1239 1191 ergo
1263 1121 1365 1175 erit
1401 1118 1624 1186 falsum,

136 1224 213 1292 quia
234 1216 447 1290 quidquid
468 1223 568 1281 est,
593 1229 778 1269 verum
804 1222 908 1269 est.
937 1214 1000 1268 Α.
1030 1213 1087 1269 In
1113 1228 1331 1285 magnas
1355 1212 1627 1283 angustias

28 1303 63 1378 Ι
138 1334 188 1368 me
206 1309 450 1378 ronjecisti,
477 1322 576 1362 nec
602 1306 814 1360 invenio
848 1319 1066 1375 prorsus
1093 1304 1218 1376 quid
1249 1303 1621 1374 respondeam.

136 1406 180 1457 lla
199 1403 429 1457 litoteum
464 1398 617 1453 aliter
646 1397 827 1452 doceri
864 1397 1026 1451 nolim
1065 1411 1226 1466 quam
1253 1396 1370 1451 istis
1395 1398 1622 1452 interro-

128 1496 372 1570 ptionihus,
394 1507 570 1548 verear
586 1491 698 1560 jam
727 1502 900 1545 tamen
931 1489 1266 1560 interrogari.

327 1582 535 1641 CAPUT
567 1582 655 1638 Vl.
683 1612 758 1623 ——
784 1581 931 1636 Unde
958 1581 1178 1652 falsitas,
1204 1591 1250 1635 et
1275 1580 1379 1635 tibi.

176 1682 215 1737 9.
237 1678 289 1733 Ii.
314 1678 435 1732 Deus
463 1674 547 1730 cui
588 1689 689 1729 nos
727 1673 1126 1737 commisimus,
1156 1673 1273 1727 sine
1301 1671 1627 1728 dubitatione

26 1762 65 1839 ,Ι
131 1773 199 1826 ten
218 1785 366 1839 opem,
388 1777 432 1822 et
461 1767 526 1821 de
554 1765 639 1821 bis
661 1763 920 1834 angustiis
946 1763 1139 1819 liberat
1165 1778 1283 1827 nos,
1320 1762 1480 1818 modo
1504 1778 1624 1820 cre-

131 1867 285 1928 damus,
308 1864 355 1918 et
377 1877 489 1914 eum
528 1874 780 1929 rogemus
819 1856 1181 1913 devotissime.
1208 1854 1275 1909 Α.
1300 1853 1441 1947 Biibil
1471 1856 1627 1925 plane

132 1957 307 2013 libentius
327 1953 417 2008 hoc
442 1953 558 2007 loco
583 1950 836 2013 fecerim;
866 1964 988 2003 nam
1020 1962 1277 2018 nusquam
1307 1956 1507 2002 tantam
1539 1962 1627 2001 ca-

132 2050 280 2117 liginem
313 2043 503 2116 pertuli.
545 2042 720 2105 Deus,
766 2040 922 2095 Pater
960 2048 1164 2104 noster,
1192 2040 1282 2110 qui
1318 2047 1376 2093 ut
1413 2054 1626 2093 oremus

134 2137 320 2198 hortaris,
344 2137 422 2205 qui
446 2144 500 2190 et
534 2132 636 2188 hoc
660 2132 803 2203 quod
837 2131 1040 2201 rogaris
1080 2139 1332 2202 pra:stas;
1364 2130 1624 2201 siquidem

132 2243 213 2285 cura
225 2238 265 2284 te
281 2241 521 2296 rogamus,
544 2225 737 2280 melius
756 2224 1003 2287 vivimus,
1026 2221 1379 2292 melioresque
1405 2237 1622 2277 sumus:

26 2311 69 2386 Ι
132 2319 261 2375 exaudi
280 2332 350 2372 tne
376 2317 711 2386 palpitantem
740 2313 794 2369 in
825 2313 907 2367 bis
932 2311 1188 2378 tenebris,
1214 2320 1270 2365 et
1294 2311 1423 2365 mihi
1444 2312 1628 2366 dexte-

132 2426 206 2465 tam
226 2409 413 2479 porrige.
444 2405 722 2461 Prattende
750 2404 878 2459 mihi
905 2404 1082 2459 lumen
1118 2411 1262 2457 tuum
1279 2444 1295 2469 ,
1323 2417 1512 2457 revoca
1540 2418 1627 2457 me

136 2500 178 2554 ab
198 2500 442 2564 erroribus;
471 2508 521 2551 te
544 2497 685 2553 duce
710 2497 762 2551 in
794 2511 881 2552 me
917 2495 1130 2551 redeam
1161 2502 1215 2550 et
1240 2496 1292 2548 iit
1329 2503 1401 2549 te.
1432 2499 1621 2551 Anien.

136 2590 179 2646 li.
196 2591 265 2647 llic
281 2603 378 2647 esto
401 2596 651 2660 quantum
685 2598 855 2657 potes,
886 2594 941 2642 et
961 2585 1365 2656 vigilantissime
1388 2585 1624 2641 attende.

133 2682 273 2745 Μὴ.
294 2697 474 2753 quise,
504 2682 547 2736 si
574 2679 704 2750 quid
734 2678 823 2734 tibi
848 2688 1157 2748 suggestum
1184 2686 1301 2743 est,
1339 2691 1406 2732 ne
1436 2690 1625 2746 perea-

134 2786 223 2828 mus.
252 2773 306 2828 R.
352 2774 437 2828 llic
479 2781 617 2828 esto.
672 2773 735 2825 Α.
784 2771 920 2825 Ecce
967 2769 1132 2824 habes
1176 2782 1267 2823 me
1312 2767 1442 2823 nihil
1484 2766 1625 2822 aliud

136 2880 318 2939 agentem.

118 2966 123 2977 ‘
178 2958 240 3015 l0.
262 2957 315 3013 ll.
344 2957 480 3013 Prius
513 2957 643 3028 quid
690 2954 759 3010 sit
806 2954 996 3009 falsum
1019 2994 1035 3019 ,
1076 2953 1236 3008 etiam
1276 2959 1436 3022 atque
1461 2951 1623 3006 etiam

134 3050 384 3107 ventileuius.
412 3048 470 3104 Α.
515 3049 686 3105 Miror
714 3048 760 3103 si
788 3046 1075 3119 quidquam
1113 3044 1258 3101 aliud
1302 3044 1438 3110 erit,
1467 3059 1626 3115 quant

134 3141 230 3213 quod
242 3159 325 3199 Ion
340 3134 402 3198 iti
420 3152 497 3199 est
513 3152 575 3198 ut
591 3142 826 3197 videtur.
848 3139 920 3196 Β.
943 3139 1170 3195 Attende
1190 3138 1385 3209 potius,
1408 3146 1461 3193 ct
1485 3137 1628 3207 ipsos

135 3250 267 3291 salsus
285 3237 405 3307 prius
428 3237 834 3305 interrogemus.
864 3232 995 3289 Nam
1035 3242 1179 3288 certe
1208 3231 1347 3301 quod
1377 3230 1515 3286 oculi
1544 3231 1626 3286 vi-

132 3323 237 3391 dent,
255 3326 532 3381 nou‘dicitur
558 3325 782 3400 falsum,
812 3325 912 3379 nisi
943 3322 1137 3378 habeat
1163 3324 1394 3392 aliquam
1434 3323 1625 3378 simili—

134 3417 307 3472 tudinem
324 3417 432 3473 γετί.
469 3416 535 3474 Ut
558 3416 715 3472 verbi
739 3430 917 3479 causa,
943 3413 1104 3468 homo
1122 3428 1279 3484 quem
1307 3412 1546 3467 videmus
1574 3413 1625 3469 in

141 3508 304 3572 somnis,
318 3521 477 3565 nonest
499 3510 692 3580 utique
712 3522 873 3564 verus
896 3507 1078 3572 homo,
1101 3506 1193 3562 sed
1218 3505 1401 3572 falsus,
1423 3520 1489 3562 eo
1512 3505 1627 3575 ipso

141 3598 244 3667 quod
263 3598 379 3656 habet
409 3604 511 3659 veri
548 3601 972 3658 similitudinem.
1000 3601 1128 3669 Quis
1154 3603 1295 3655 enim
1328 3617 1518 3656 canent
1546 3602 1622 3656 vi-

134 3690 244 3756 deat,
263 3702 304 3747 et
320 3706 441 3751 recte
470 3711 528 3751 se
554 3697 704 3750 dicat
742 3693 1010 3749 hominem
1035 3693 1368 3749 somniasse?
1410 3694 1548 3764 Ergo
1573 3704 1628 3750 et

132 3782 193 3838 illc
206 3782 332 3841 fabas
344 3789 474 3843 canis
491 3798 592 3854 cst,
623 3802 696 3842 ex
719 3802 784 3841 eo
808 3785 951 3856 quod
979 3785 1168 3841 similis
1188 3800 1312 3840 vero
1335 3795 1432 3841 est.
1462 3786 1522 3839 Α.
1550 3786 1623 3840 lta

134 3884 190 3928 est
214 3886 256 3931 ut
282 3880 407 3934 dicis.
450 3881 512 3935 ll.
557 3879 702 3949 Quid
721 3920 735 3942 ,
774 3878 998 3949 vigilans
1025 3878 1248 3949 quisque
1276 3879 1318 3932 si
1350 3878 1462 3932 viso
1486 3893 1625 3949 equo

133 3976 298 4033 putatae
321 3970 563 4027 hominem
602 3970 830 4025 videre?
866 3983 1042 4024 nonne
1066 3983 1134 4024 eo
1173 3968 1369 4023 fallitur
1405 3969 1544 4040 quod
1575 3971 1624 4025 ei

133 4069 315 4125 appareat
334 4061 489 4132 aliqua
513 4061 752 4117 hominis
785 4059 1112 4114 similitudo?
1148 4060 1279 4115 Nam
1319 4061 1363 4115 si
1402 4060 1529 4115 nihil
1572 4061 1623 4117 ei

134 4157 335 4234 apparuit,
466 4153 586 4224 equi
626 4151 835 4223 species
852 4192 867 4212 .
896 4166 999 4207 non
1028 4160 1202 4221 potest
1225 4152 1468 4207 arbitrari
1504 4167 1624 4208 sese

134 4232 550 4298 bomiocni’iilére.
584 4243 651 4296 Δ.
697 4241 925 4297 Prorsus
953 4241 1105 4297 cedo.
1140 4242 1206 4297 Il.
1238 4242 1468 4297 Dicimus
1497 4244 1622 4298 item

132 4321 261 4381 ltitiam
282 4321 402 4386 arbti

130 4416 225 4472 ciem
241 4436 338 4491 qua:
358 4423 418 4480 de
436 4428 654 4495 Speculo
676 4424 935 4491 redditur,
964 4436 1017 4480 et
1048 4424 1236 4479 falsum
1259 4427 1478 4479 turrium
1509 4441 1616 4480 mo-

131 4513 209 4559 ιιιω
237 4512 588 4583 navigantibus,
618 4512 908 4586 falsamque
946 4514 1315 4570 infractionetn
1355 4517 1518 4580 remi,
1551 4518 1622 4571 ob

131 4595 235 4652 aliud
251 4601 350 4658 nihil
370 4604 460 4659 nisi
477 4606 616 4677 quod
636 4606 941 4663 verisimilia
963 4614 1106 4661 sunt.
1130 4607 1195 4660 Α.
1219 4606 1429 4662 Fateor.
1454 4604 1520 4661 R.
1546 4608 1620 4662 ita

130 4697 171 4740 et
199 4688 237 4745 in
262 4695 455 4759 geminis
489 4697 737 4763 fallimur,
768 4696 836 4751 ita
867 4697 919 4752 in
944 4699 1087 4761 ovis,
1116 4700 1186 4752 ita
1212 4697 1266 4752 in
1297 4698 1520 4767 singulis
1548 4699 1621 4753 si-

132 4779 233 4847 gillis
256 4800 342 4840 uno
363 4790 546 4844 annulo
575 4790 879 4860 impressis,
906 4798 962 4845 et
995 4790 1048 4844 in
1076 4790 1285 4845 caeteris
1312 4791 1521 4846 talibus.
1553 4790 1618 4845 Α.

129 4868 279 4941 Sequor
305 4880 500 4937 omnino
538 4890 695 4955 atque
729 4882 985 4938 concedo.
1028 4882 1094 4938 Β.
1134 4882 1433 4938 Similitudo
1464 4883 1622 4954 igitur

130 4974 261 5020 rem
278 4984 378 5038 qua:
397 4973 458 5027 ad
480 4976 659 5031 oculos
686 4975 935 5045 pertinet,
964 4983 1135 5029 mater
1151 4984 1233 5028 est
1262 4975 1519 5031 falsitatis.
1550 4975 1614 5030 Α.

102 5042 281 5124 Ἔφη
302 5077 393 5119 non
416 5079 639 5134 pomum.
688 5042 701 5045 ﬁ
802 5064 817 5079 °

182 5148 324 5207 ιω.
351 5155 445 5213 Sed
469 5157 579 5215 lucc
601 5161 772 5216 omnis
797 5160 951 5226 silva,
980 5159 1081 5215 nisi
1118 5176 1203 5216 nte
1241 5160 1393 5227 fallit,
1435 5164 1485 5217 in
1513 5163 1619 5220 duo

128 5248 273 5303 enim
292 5244 433 5301 dividi
469 5259 651 5318 potest.
677 5251 809 5308 Nam
832 5252 1024 5324 partim
1046 5252 1336 5322 (equalibus
1362 5254 1414 5307 iii
1436 5254 1614 5321 rebus,

289 5351 398 5393 vero
420 5339 467 5396 in
486 5341 830 5400 deterioribus
853 5354 951 5401 est.
978 5342 1223 5414 liqualia
1243 5357 1385 5412 sunt,
1406 5349 1619 5425 quando

98 5418 105 5423 ·
132 5423 211 5511 tam
231 5421 314 5482 hoc
337 5429 404 5486 illi
436 5446 583 5502 quam
620 5435 743 5492 illud
780 5435 901 5492 huic
926 5437 1099 5493 simile
1123 5451 1244 5493 esse
1274 5418 1532 5507 dicimus,
1559 5418 1618 5511 ιιι

131 5503 183 5611 ξιτ
399 5523 587 5583 dictum
610 5537 709 5596 est,
738 5529 821 5586 vel
851 5518 920 5586 de
948 5522 1385 5611 imprﬂiionibus
1412 5503 1622 5604 min,

133 5590 176 5695 lii
191 5597 487 5695 deterioribus
500 5590 926 5690 autem,'quando
947 5590 1076 5675 illud
1095 5602 1236 5691 quod
1258 5621 1491 5678 deterius
1510 5590 1612 5691 est:

132 5688 389 5785 Similem
418 5702 628 5766 dicimus
660 5688 882 5767 meliori.
922 5712 1053 5780 Quis
1080 5688 1223 5768 enim
1252 5712 1307 5769 in
1338 5688 1613 5785 speculum

132 5782 332 5857 “le-ta.
347 5799 544 5857 euecto
560 5800 695 5859 dicat
718 5819 776 5861 se
799 5818 919 5861 esse
944 5804 1019 5863 illi
1041 5806 1254 5875 imagini
1282 5782 1528 5875 similem,
1549 5824 1615 5865 ac

530 4348 690 4404 quam
720 4333 915 4402 pictam
941 4332 1215 4411 videmus,
1243 4342 1299 4387 et
1325 4332 1508 4390 falsam
1540 4333 1622 4389 fa-
1696 4349 1700 4352 ‘

3205 371 3312 437 890

1715 465 1837 537 non
1863 481 2043 552 potius
2068 481 2211 538 illam
2240 484 2377 541 sibi?
2406 485 2520 543 Hoc
2545 496 2724 546 autem
2746 503 2915 562 genus
2937 484 3130 563 partim
3154 501 3238 550 est
3263 494 3319 553 in

1731 588 1799 629 eo
1829 572 1971 643 quod
1997 573 2173 628 anima
2212 576 2429 645 patitur,
2470 579 2660 649 partim
2685 596 2815 637 vero
2842 580 2897 637 in
2922 581 2988 640 iis
3013 583 3172 640 rebus
3195 601 3318 657 qua:

1731 668 1995 725 videntur.
2018 670 2124 728 Sed
2152 672 2323 742 ipsum
2344 673 2484 744 quod
2510 674 2686 731 anima
2712 676 2933 749 patitur,
2960 680 3127 734 autin
3154 694 3318 738 sensu

1730 760 1946 829 patitur,
1971 771 2029 817 ut
2061 763 2224 818 turris
2255 775 2457 820 motum
2477 765 2570 836 qui
2594 767 2773 823 nullus
2803 778 2919 835 est;
2949 778 3043 825 aut
3071 772 3211 844 apud
3236 789 3321 829 sc-

1730 854 1900 924 ipsam
1926 871 1995 911 ex
2018 871 2085 913 eo
2108 858 2248 927 quod
2274 859 2477 929 accepit
2500 875 2530 914 a
2557 861 2822 930 sensibus,
2850 863 3026 933 qualia
3054 874 3182 921 sunt
3205 867 3316 924 visa

1731 950 2130 1014 somniantium,
2158 960 2213 1007 et
2240 950 2483 1009 fortassis
2509 955 2667 1011 etiam
2695 954 3007 1015 furentium.
3033 959 3202 1018 Porro
3230 962 3317 1019 illa

1730 1057 1850 1112 qua:
1876 1041 1927 1096 in
1956 1042 2087 1111 ipsis
2112 1044 2274 1100 rebus
2298 1060 2430 1115 quas
2460 1046 2703 1104 videmus
2730 1060 3016 1121 apparent,
3040 1054 3141 1111 alia
3168 1072 3197 1111 a
3228 1074 3319 1112 na-

1734 1141 1847 1189 tura
1867 1176 1882 1199 ,
1912 1145 2103 1192 caetera
2131 1138 2201 1193 ab
2224 1138 2579 1196 animantibus
2605 1143 2976 1211 exprimuntur
3014 1157 3176 1220 atque
3217 1154 3319 1206 liii-

1729 1235 1944 1295 guntur.
1980 1226 2177 1283 Natura
2206 1230 2472 1300 gignendo
2501 1230 2585 1287 vel
2611 1234 2916 1291 resultando
2947 1237 3320 1299 similitudines

1730 1317 2027 1375 deteriores
2067 1318 2211 1376 facit.
2252 1319 2564 1391 Gignendo,
2602 1338 2725 1379 cum
2771 1330 3075 1395 parentibus
3116 1333 3321 1392 similes

1731 1420 2053 1477 nascuntur;
2093 1412 2433 1479 resultando,
2472 1425 2530 1470 ut
2567 1415 2636 1472 de
2668 1419 2901 1488 speculis
2936 1422 3319 1493 cuiuscemodi.

1731 1501 1983 1570 Quamvis
2008 1505 2149 1559 enim
2178 1505 2434 1577 pleraque
2458 1508 2674 1577 Speculo
2702 1508 2945 1565 homines
2970 1510 3185 1582 faciant,
3210 1532 3320 1576 non

1734 1600 1911 1649 tamen
1939 1595 2038 1667 ipsi
2058 1595 2318 1667 efﬁngunt
2335 1610 2429 1652 eas
2446 1613 2566 1669 qua:
2587 1598 2883 1657 redduntur
2901 1601 3177 1675 imagines.
3200 1606 3318 1664 Jam

1733 1701 1862 1742 vero
1890 1687 2238 1743 animantium
2264 1704 2426 1760 opera
2456 1699 2583 1747 sunt
2611 1691 2663 1747 in
2698 1693 2947 1763 picturis,
2983 1705 3040 1752 et
3075 1697 3323 1769 hujusce-

1733 1780 1877 1835 modi
1921 1780 2219 1852 quibusque
2265 1781 2533 1853 figmentis
2574 1800 2589 1837 :
2631 1785 2684 1839 in
2730 1802 2838 1857 quo
2882 1802 3079 1859 genere
3124 1790 3321 1849 includi

1731 1872 1891 1927 etiam
1920 1871 2008 1928 illa
2036 1884 2294 1943 possunt,
2323 1874 2367 1929 si
2397 1884 2572 1931 tamen
2605 1876 2764 1943 fiunt,
2792 1893 2912 1949 qua:
2944 1878 3217 1939 daemones
3244 1882 3324 1940 fa-

1730 1963 1894 2017 ciunt.
1922 1961 2137 2020 Umbra:
2164 1974 2340 2020 autem
2368 1981 2676 2037 corporum,
2699 1969 2824 2039 quia
2851 1985 2955 2025 non
2985 1971 3146 2029 nimis
3169 1974 3237 2030 ab
3262 1991 3322 2032 re

1730 2053 1881 2111 abest
1904 2056 1920 2087 ⁸
1951 2064 2008 2110 ιιι
2047 2056 2361 2127 corporibus
2405 2058 2609 2115 similes
2644 2070 2697 2115 et
2729 2062 2879 2131 quasi
2923 2063 3053 2119 falsa
3096 2080 3321 2137 corpora

1730 2144 1995 2212 dicantur,
2024 2163 2123 2202 nec
2147 2147 2213 2202 ad
2241 2149 2518 2204 oculorum
2541 2149 2796 2219 judicium
2824 2153 3095 2225 pertinere
3124 2172 3323 2229 negan-

1731 2238 1814 2295 da:
1842 2248 1999 2304 sunt;
2033 2240 2085 2296 in
2114 2240 2208 2297 illo
2237 2256 2330 2298 eas
2358 2258 2552 2313 genere
2591 2243 2715 2314 poni
2747 2244 2953 2315 placet,
2980 2248 3123 2318 quod
3151 2250 3322 2307 resul.

1734 2331 1898 2387 tando
1922 2347 1953 2386 a
1984 2340 2168 2388 natura
2196 2333 2273 2388 tit.
2304 2335 2540 2389 Besultat
2562 2336 2703 2390 enim
2731 2352 2887 2392 omne
2913 2353 3106 2409 corpus
3133 2341 3321 2401 lumini

1731 2422 2019 2493 obiectum.
2042 2420 2167 2479 etin
2189 2425 2507 2480 contrariam
2529 2435 2731 2495 partem
2756 2428 2996 2484 umbram
3017 2430 3211 2489 reddit.
3236 2434 3320 2490 An

1734 2514 1827 2571 tibi
1857 2515 2056 2587 aliquid
2079 2516 2547 2571 contradicendum
2574 2518 2817 2573 videtur?
2837 2518 2900 2573 Α.
2928 2519 3053 2576 Mihi
3081 2538 3208 2579 vero
3237 2524 3321 2579 ni-

1732 2606 1828 2662 hil.
1858 2604 1964 2663 Sed
1992 2623 2221 2679 quonam
2249 2607 2348 2662 ista
2379 2607 2616 2674 tendant,
2639 2610 2984 2668 vehementer
3007 2624 3280 2684 exspecto.

1803 2698 1891 2754 12.
1934 2698 2002 2753 R.
2044 2699 2201 2769 Atqui
2226 2708 2436 2769 oportet
2462 2702 2722 2769 patienter
2746 2702 2996 2767 feramus,
3028 2704 3199 2762 donec
3226 2724 3321 2763 no-

1734 2789 1815 2845 bis
1844 2791 2021 2845 caiteri
2065 2805 2255 2845 sensus
2298 2791 2605 2847 renuntient
2632 2793 2685 2848 in
2714 2794 2824 2849 veri
2852 2795 3195 2851 similitudine
3224 2798 3318 2852 ha-

1732 2881 1902 2937 bitare
1929 2881 2234 2938 falsitatem.
2259 2879 2391 2937 Nam
2417 2893 2473 2937 et
2509 2883 2562 2939 in
2602 2885 2717 2954 ipso
2747 2886 2926 2940 auditu
2959 2887 3176 2943 totidem
3210 2888 3320 2944 fere

1731 2988 1924 3044 genera
1968 2973 2188 3029 veniunt
2231 2974 2631 3031 similitudinum
2661 2995 2676 3032 :
2708 2978 2869 3034 veluti
2904 2994 3025 3036 cum
3055 2981 3320 3052 loquentis

1732 3081 1936 3129 vocem,
1967 3081 2123 3136 quem
2155 3082 2258 3121 tton
2286 3065 2544 3127 videmus.
2565 3068 2861 3134 audientes,
2889 3077 3133 3141 putamus
3155 3071 3316 3128 alium

1732 3158 2056 3229 quempiam,
2079 3160 2163 3212 cui
2190 3174 2320 3215 voce
2345 3159 2532 3214 similis
2556 3170 2671 3223 est;
2701 3171 2859 3233 atque
2885 3163 2936 3217 in
2964 3163 3316 3221 deterioribus

1732 3250 1817 3304 vel
1843 3249 1976 3304 echo
2006 3249 2158 3305 testis
2182 3257 2295 3314 est,
2333 3249 2415 3304 vel
2448 3250 2668 3306 tinnitus
2694 3251 2782 3307 ille
2815 3255 3047 3321 ipsarum
3074 3254 3279 3311 aurium
3301 3298 3316 3321 ,

1732 3342 1814 3397 vel
1848 3343 1898 3397 in
1931 3342 2216 3413 horologiis
2245 3343 2462 3398 merula:
2490 3354 2580 3399 aut
2610 3345 2754 3400 corvi
2785 3347 3024 3416 quoidam
3056 3348 3315 3418 imitatio,

1731 3436 1813 3489 vel
1839 3452 1955 3505 qua:
1985 3434 2085 3489 sibi
2114 3436 2439 3492 somniantes
2459 3446 2546 3491 aut
2578 3438 2811 3495 furentes
2837 3439 3085 3497 videntur
3109 3440 3314 3499 audire.

1733 3526 1903 3581 Falsa:
1929 3535 2104 3601 autem
2133 3528 2332 3583 vocula:
2358 3545 2477 3600 qua:
2506 3529 2755 3585 dicuntur
2775 3547 2805 3587 a
2828 3533 3065 3601 musicis,
3090 3534 3319 3592 incredi-

1732 3616 1837 3670 bile
1864 3592 2223 3689 est'quantum
2248 3592 2566 3676 atttrstaiitur
2588 3622 2817 3689 veritati,
2845 3592 3131 3696 quodpost
3156 3642 3318 3700 appa-

1731 3710 1869 3765 rebit
1902 3728 1915 3765 :
1947 3720 2122 3768 tamen
2166 3713 2323 3768 etiam
2365 3714 2525 3784 ipsa,
2567 3716 2707 3787 quod
2756 3726 2839 3772 sat
2874 3727 2960 3775 est
3005 3737 3178 3787 nunc,
3209 3738 3319 3780 non

1731 3802 1923 3856 absunt
1948 3802 2016 3857 ab
2044 3819 2225 3859 earum
2256 3805 2601 3863 similitudine
2635 3824 2766 3880 quas
2795 3826 2950 3866 veras
2978 3823 3187 3869 vocant.
3215 3814 3317 3871 Sc-

1729 3892 1908 3962 queris
1934 3890 2089 3948 haec?
2118 3892 2179 3947 Α.
2214 3894 2280 3950 Et
2308 3895 2677 3953 libentissime.
2717 3898 2848 3953 Nam
2882 3900 3014 3957 nihil
3045 3902 3229 3956 laboro
3256 3914 3316 3959 ut

1729 3982 2040 4053 intelligam.
2072 3982 2139 4038 R.
2171 3984 2335 4056 Ergo,
2376 4001 2443 4042 ne
2477 4004 2765 4051 moremur,
2793 3988 3068 4045 videturne
3099 3992 3191 4048 tibi
3221 4006 3316 4049 aut

1731 4071 1894 4126 lilium
1922 4092 1949 4125 a
1982 4074 2091 4130 lilio
2120 4090 2274 4145 posse
2299 4077 2482 4143 odore,
2508 4087 2599 4132 aut
2622 4077 2729 4133 mel
2756 4077 3052 4149 tbytninum
3088 4097 3119 4137 a
3155 4084 3316 4141 melle

1731 4163 1969 4234 thymino
2000 4164 2068 4221 de
2098 4166 2322 4221 diversis
2361 4168 2604 4223 alveariis
2641 4185 2857 4241 sapore,
2902 4178 2995 4226 aut
3034 4173 3313 4232 mollitudo

1728 4255 2026 4324 plumarum
2065 4256 2217 4328 cycni
2260 4258 2329 4313 ab
2370 4258 2576 4314 anseris
2619 4269 2757 4316 tactu
2800 4260 2953 4319 facile
2994 4263 3313 4333 diiudicari?

1728 4346 1791 4401 Α.
1818 4347 1933 4402 Non
1968 4335 2197 4404 videtur.
2231 4349 2295 4405 Β.
2324 4350 2482 4418 Quid,
2514 4366 2635 4407 cum
2675 4351 2796 4408 talia
2823 4369 2921 4408 nos
2948 4354 3031 4410 vel
3061 4354 3310 4421 olfacere,

1726 4440 1808 4493 vel
1839 4448 2071 4511 gustare,
2101 4441 2181 4495 vel
2221 4450 2434 4511 tangere
2472 4443 2837 4500 somniamus?
2865 4459 3042 4500 nonne
3067 4445 3314 4503 similitu—

1726 4529 1848 4586 dine
1877 4522 2181 4602 imaginum“
2198 4547 2264 4587 co
2287 4533 2553 4589 deteriore
2577 4549 2685 4606 quo
2722 4535 2959 4591 inaniora
2984 4535 3312 4608 decipimur?

1727 4623 1790 4676 Α.
1815 4622 2009 4679 Verum
2035 4624 2189 4679 dicis.
2215 4623 2284 4679 Β.
2309 4624 2451 4696 Ergo
2474 4634 2693 4696 apparet
2719 4641 2818 4682 nos
2842 4627 2894 4682 in
2914 4628 3160 4685 omnibus
3185 4645 3279 4687 seu
3296 4663 3311 4675 -

1682 4768 1693 4780 ,
1726 4714 1871 4770 sibus
1904 4715 2017 4771 sive
2050 4715 2370 4787 aiqnalibus,
2398 4718 2511 4773 sive
2539 4717 2591 4771 in
2622 4717 2979 4775 deterioribus
3002 4721 3193 4788 rebus,
3218 4735 3311 4779 aut

1696 4806 2066 4861 "similitudine
2107 4805 2443 4862 lenocinante
2482 4806 2625 4873 falli;
2654 4818 2747 4864 aut
2774 4810 2980 4866 etiamsi
3022 4826 3127 4867 non
3171 4813 3308 4870 falli-

1723 4912 1845 4953 mur
1890 4897 2275 4968 suspendentes
2326 4900 2770 4969 consensionem,
2817 4917 2911 4958 seu
2958 4903 3333 4983 dilfcrentiain-

1723 4981 2091 5053 dignoscentes
2106 5023 2122 5048 ,
2151 4991 2328 5041 tamen
2348 4997 2441 5039 eas
2465 4998 2554 5039 res
2578 4984 2738 5039 falsas
2763 4987 3039 5043 nominare
3062 5004 3197 5059 quas
3222 5007 3311 5045 ve-

1725 5073 1975 5128 risimiles
1993 5073 2463 5143 deprehendimus.
2491 5074 2551 5129 Α.
2580 5076 2832 5132 Dubitare
2859 5093 2964 5133 non
2996 5093 3234 5149 possunt.

1722 5164 1945 5222 CAPUT
1986 5164 2093 5220 VII.
2114 5195 2186 5206 --
2206 5165 2284 5222 De
2309 5183 2422 5221 vero
2438 5177 2484 5222 et
2505 5167 2680 5225 simili.
2711 5168 2994 5243 Salt'loquia
3026 5188 3117 5226 cur
3152 5174 3305 5227 dicta.

1793 5258 1880 5314 15.
1909 5256 1978 5311 R.
2008 5256 2160 5313 Nunc
2194 5257 2431 5326 attende,
2458 5258 2584 5314 dum
2612 5258 2800 5316 eadem
2831 5277 3041 5318 rursum
3072 5264 3303 5317 recurri-

1721 5362 1876 5413 mus,
1907 5364 2011 5420 quo
2055 5348 2143 5402 ﬁat
2182 5350 2418 5420 apertius
2441 5349 2583 5421 quod
2620 5366 2877 5407 conamur
2902 5344 3204 5406 ostendere.
3236 5353 3298 5404 Α.

1724 5439 1939 5506 Eccum,
1970 5441 2186 5511 loquere
2205 5431 2346 5512 qhod
2368 5441 2471 5496 vis.
2500 5440 2633 5497 Nam
2662 5457 2762 5514 ego
2785 5442 3112 5497 circumitum
3142 5442 3300 5497 istum

1721 5533 1887 5589 semel
1912 5534 2069 5588 statui
2091 5533 2341 5600 toleras,
2373 5549 2545 5604 neque
2564 5535 2617 5589 in
2641 5549 2707 5590 eo
2728 5532 3012 5588 defatisear
3034 5546 3129 5599 spe
3156 5542 3298 5587 tanta

1721 5624 2061 5697 perveniendi
2086 5639 2192 5695 quo
2233 5608 2328 5678 nos
2369 5624 2585 5680 tendere
2628 5623 2817 5677 sentio.
2861 5620 2927 5674 ιι.
2958 5620 3101 5674 Bene
3145 5620 3293 5677 facis.

1719 5713 1825 5771 Sed
1853 5715 2065 5769 attende
2091 5705 2384 5796 utruQitihi
2411 5714 2668 5797 videatur,
2703 5725 2824 5766 cum
2861 5725 2960 5766 ova
2995 5709 3189 5795 similia
3220 5712 3297 5768 vi-

1782 5818 1807 5866 ι
1822 5813 2020 5869 Altam.
2031 5818 2170 5881 juxta
2186 5824 2293 5869 t.ov.
2320 5825 2372 5869 at.
