3880 6384
601 362 700 430 891

598 480 821 545 demus,
851 476 1063 551 aliquod
1090 492 1275 535 eorum
1321 475 1508 539 falsttnt
1535 486 1659 535 esse
1696 481 1841 529 recte
1884 485 1981 526 nos
2027 482 2183 538 posse

598 570 798 631 dicere.
838 571 903 627 Α.
940 570 1096 628 Nullo
1137 570 1298 629 modo
1324 569 1549 625 videtur.
1592 564 1782 623 Omnia
1821 562 1961 617 enim
2004 559 2046 619 si
2084 574 2185 618 ova

596 674 751 731 sunt,
780 679 903 719 vera
926 678 1025 717 ova
1052 673 1193 719 sunt.
1225 662 1289 725 Β.
1319 660 1455 729 Quid
1477 703 1492 729 ,
1520 674 1641 715 cum
1672 658 1739 715 de
1766 655 1983 728 speculo
2013 651 2184 709 resul-

598 763 715 811 tare
760 754 1044 827 imaginem
1092 753 1372 811 videmus?
1403 752 1594 823 quibus
1638 750 1804 822 signis
1836 749 2021 804 falsam
2066 760 2186 808 esse

596 847 1139 919 comprehendimus?
1168 846 1230 907 Α.
1272 844 1488 903 Scilicet
1519 842 1659 912 quod
1689 857 1793 906 non
1820 848 2052 904 ten"tnr,
2080 852 2184 895 non

597 948 771 998 sonat.
801 955 902 993 non
932 955 1026 1011 per
1043 954 1103 996 se
1126 948 1387 1003 movetur,
1412 952 1517 993 non
1542 934 1687 997 vivit,
1714 942 1768 996 et
1790 931 2000 987 ca‘leris
2026 930 2183 985 innu-

598 1024 971 1091 merabilibus,
1004 1040 1122 1097 quae
1162 1022 1408 1093 prosequi
1449 1019 1661 1091 longum
1693 1026 1792 1075 est.
1829 1014 1896 1070 R.
1931 1014 2099 1070 Video
2134 1024 2187 1068 te

598 1116 743 1172 nolle
768 1116 1059 1184 immorari,
1083 1122 1138 1172 et
1166 1109 1521 1183 properationi
1540 1120 1642 1165 tum
1667 1125 1783 1163 mos
1802 1106 2064 1178 gerendus
2080 1111 2181 1161 est.

595 1205 811 1278 Itaque,
840 1223 906 1261 ne
932 1205 1141 1278 singula
1183 1212 1454 1273 repetam,
1497 1204 1541 1257 si
1580 1211 1634 1257 et
1664 1200 1737 1255 illi
1770 1199 2012 1255 homines
2051 1210 2185 1268 quos

595 1300 838 1354 videmus
866 1298 1161 1362 insomnis,
1185 1297 1386 1362 vivere,
1409 1293 1576 1368 loqui,
1600 1291 1768 1349 teneri
1796 1307 1825 1345 a
1850 1287 2186 1364 vigilantibus

596 1400 833 1463 possent,
861 1391 1097 1463 nihilque
1122 1388 1261 1447 inter
1287 1389 1431 1463 ipSﬂS
1455 1384 1711 1450 dill‘erret,
1733 1393 1787 1437 et
1815 1396 1909 1438 eos
1934 1396 2067 1454 quos
2092 1395 2186 1435 ex-

597 1480 881 1555 pergefacti
910 1497 973 1536 ac
1001 1480 1113 1535 sani
1151 1477 1471 1549 alloquimur
1495 1485 1548 1531 et
1576 1474 1816 1531 videmus
1836 1515 1853 1543 ,
1897 1468 2185 1545 numquid-

596 1592 721 1631 nam
752 1591 846 1631 eos
886 1574 1047 1631 falsos
1074 1570 1410 1631 diceremus?
1438 1569 1501 1624 Α.
1531 1569 1649 1649 Quo
1679 1577 1834 1640 pacto
1874 1564 2011 1621 istud
2044 1572 2189 1623 recte

597 1669 897 1727 diceretur?
927 1667 990 1723 Β.
1015 1667 1152 1738 Ergo
1176 1667 1220 1724 si
1248 1680 1313 1721 eo
1336 1664 1449 1721 veri
1477 1672 1676 1730 essent,
1708 1676 1812 1733 quo
1840 1657 1951 1714 veri
1978 1658 2186 1713 similli-

599 1764 670 1819 mi
698 1770 1053 1835 apparerent,
1100 1761 1339 1831 nihilque
1377 1757 1518 1815 inter
1558 1771 1651 1813 eos
1690 1765 1743 1810 et
1784 1768 1940 1809 veros
1968 1752 2188 1806 omnino

598 1853 835 1917 distaret,
868 1869 1038 1925 eoque
1067 1850 1182 1907 falsi
1210 1866 1317 1923 quo
1344 1866 1437 1921 per
1462 1849 1581 1905 illas
1605 1848 1687 1911 vel
1710 1847 1839 1900 alias
1861 1844 2188 1900 dill'erentias

599 1944 886 2001 dissimiles
910 1942 1383 2006 convincerentur;
1418 1955 1596 1996 nonne
1620 1937 2018 1993 similitudinem
2046 1934 2188 1990 veri-

598 2034 723 2091 tatis
750 2043 991 2098 tnatrem,
1017 2040 1072 2087 et
1095 2031 1575 2089 dissimilitudinem
1608 2028 1847 2087 falsitatis
1872 2043 1993 2083 esse
2020 2024 2192 2081 faten-

600 2130 725 2187 dum
751 2127 873 2186 est?
898 2127 960 2182 Α.
994 2127 1106 2183 Non
1136 2125 1305 2181 habeo
1328 2124 1453 2196 quid
1483 2123 1679 2191 dicam,
1710 2129 1764 2176 et
1787 2120 1947 2193 pudet
1969 2136 2057 2175 me
2083 2128 2191 2179 tam

605 2222 900 2281 temeraria:
926 2220 1293 2276 consensionis
1324 2233 1455 2272 mete
1477 2215 1786 2285 superioris.

675 2315 861 2377 14.11.
892 2313 1193 2373 Ridiculum
1236 2320 1315 2366 est
1360 2310 1405 2367 si
1453 2320 1505 2366 te
1551 2306 1744 2379 pudet,
1777 2306 1925 2378 quasi
1972 2320 2076 2359 non
2122 2290 2193 2359 ob

602 2410 831 2480 idipsum
863 2407 1180 2477 elegerimus
1209 2402 1508 2472 ltujusmodi
1540 2400 2013 2458 scrmociuatinncs
2038 2417 2049 2452 :
2073 2414 2194 2469 quae

602 2502 852 2574 quoniam
881 2515 1000 2555 cum
1032 2498 1163 2554 solis
1187 2497 1340 2553 nobis
1370 2496 1656 2566 loquimur,
1681 2492 1973 2565 Soliloquia
2012 2492 2193 2547 vocari

604 2603 657 2649 et
686 2592 902 2649 inscribi
930 2590 1084 2657 volo;
1117 2604 1255 2644 novo
1279 2586 1491 2657 quidem
1521 2596 1576 2641 et
1603 2584 1826 2645 fortasse
1852 2584 1984 2637 duro
2019 2582 2194 2647 nomi-

605 2701 707 2749 ne,
740 2684 832 2740 sed
876 2683 942 2738 ad
980 2698 1091 2739 rem
1120 2679 1587 2741 demonstrandam
1632 2678 1764 2735 satis
1808 2675 2017 2732 idoneo.
2060 2675 2195 2731 Cum

603 2777 746 2833 enim
775 2790 946 2848 neque
976 2773 1165 2829 melius
1190 2772 1355 2846 qumri
1386 2770 1581 2828 veritas
1611 2770 1802 2839 possit.
1833 2783 1991 2839 quant
2021 2768 2190 2823 inter-

603 2869 839 2941 rogando
865 2878 919 2925 et
950 2865 1353 2937 respondendo,
1385 2872 1441 2921 et
1467 2864 1549 2918 vix
1582 2863 1861 2935 quisquam
1895 2860 2197 2916 inveniatur

602 2976 762 3032 quem
795 2976 898 3016 non
936 2958 1132 3031 pudeat
1159 2956 1401 3015 convinci
1437 2955 1830 3025 diSputantent,
1864 2968 2036 3022 eoque
2062 2966 2199 3023 pene

605 3067 820 3123 semper
850 3050 1060 3108 eveniat
1089 3058 1148 3105 ut
1175 3063 1289 3107 rem
1321 3047 1457 3103 bene
1486 3045 1754 3101 inductam
1796 3044 1863 3109 ad
1906 3042 2199 3107 discutien-

605 3146 733 3203 dum
782 3145 1083 3201 inconditus
1129 3142 1441 3217 pervicacize
1487 3140 1691 3199 clamor
1724 3135 2006 3208 explodat,
2040 3136 2200 3189 etiam

606 3253 727 3294 cum
761 3237 1085 3292 laceratione
1114 3235 1409 3289 animorum
1431 3273 1447 3299 ,
1481 3231 1794 3302 plerumque
1833 3228 2196 3292 dissitttttlata,

610 3329 873 3383 interdum
902 3336 958 3384 et
984 3338 1201 3397 aperta;
1234 3324 1567 3396 pacatissimo
1587 3365 1602 3390 ,
1636 3332 1692 3375 ut
1719 3321 1933 3390 opinor,
1968 3328 2021 3375 et
2049 3334 2199 3374 com-

610 3418 923 3475 modissime
970 3417 1196 3487 placuit,
1238 3430 1270 3472 a
1315 3414 1519 3487 meipso
1550 3414 1927 3483 interrogatum
1965 3410 2202 3482 mihique

611 3509 1041 3581 respondentem,
1068 3510 1175 3564 Deo
1194 3508 1499 3579 adjuvante,
1522 3521 1705 3561 verum
1728 3519 1969 3576 quarrere
1997 3522 2009 3557 :
2034 3520 2202 3576 quare

612 3601 745 3662 nihil
772 3610 852 3658 est
881 3600 1020 3672 quod
1050 3615 1285 3665 vereare,
1314 3599 1483 3655 sicubi
1520 3608 1570 3652 te
1598 3607 1799 3653 temere
1830 3595 2039 3667 illigasti
2062 3637 2077 3662 ,
2112 3611 2199 3651 re-

540 3704 543 3705 '
612 3692 730 3749 dire
745 3702 901 3764 atque
916 3691 1214 3755 resolvere;
1237 3690 1390 3746 aliter
1408 3688 1529 3745 hinc
1549 3688 1689 3743 enim
1707 3688 1857 3742 evadi
1883 3704 1984 3741 non
2006 3695 2197 3757 potest.

800 3786 1026 3846 CAPUT
1072 3785 1200 3843 VIII.
1221 3815 1295 3826 —-
1317 3783 1463 3841 Unde
1491 3798 1661 3838 verum
1684 3792 1771 3835 aut
1800 3781 2007 3854 falsum.

684 3881 771 3940 l5.
796 3882 857 3935 Α.
888 3880 1050 3935 Recte
1073 3878 1244 3944 dicis;
1274 3876 1367 3932 sed
1395 3875 1519 3948 quid
1552 3874 1687 3929 male
1711 3872 2072 3928 concesserim
2096 3887 2201 3926 non

610 3975 770 4047 plane
796 3972 987 4028 video:
1015 3970 1114 4026 nisi
1145 3968 1280 4024 forte
1311 3967 1362 4022 id
1394 3976 1538 4022 recte
1563 3964 1670 4021 dici
1696 3963 1888 4021 falsum
1928 3964 2071 4035 quod
2103 3963 2203 4018 lta-

613 4067 737 4123 beat
763 4066 992 4137 aliquam
1022 4062 1131 4118 veri
1161 4059 1561 4117 similitudinem
1583 4099 1600 4124 ,
1644 4072 1767 4111 cum
1809 4071 2029 4128 prorsus
2075 4055 2203 4110 tnihi

613 4158 744 4214 nihil
770 4155 910 4211 aliud
951 4156 1165 4226 dignum
1201 4151 1317 4207 falsi
1360 4150 1573 4205 nomine
1602 4158 1882 4214 occurrat;
1924 4155 1980 4203 et
2021 4162 2205 4202 rursus

610 4259 791 4305 tamen
817 4262 980 4315 cogor
1009 4245 1157 4301 fateri
1185 4258 1251 4300 eo
1276 4242 1407 4299 falsa
1436 4241 1612 4295 vocari
1648 4256 1765 4311 qua:
1791 4247 2069 4304 vocantur,
2098 4252 2205 4308 quo

608 4359 637 4395 a
669 4341 809 4397 veris
835 4338 1104 4394 differunt.
1136 4337 1211 4392 Ex
1241 4352 1346 4409 quo
1384 4334 1664 4391 coniicitur
1691 4348 1809 4389 cam
1850 4334 2013 4403 ipsam
2045 4331 2203 4386 dissi-

613 4432 963 4488 militudinem
989 4444 1207 4485 causam
1238 4443 1357 4484 esse
1385 4425 1650 4482 falsitatis.
1676 4425 1855 4495 Itaque
1875 4423 2201 4488 conturbor;

611 4540 719 4581 non
763 4523 906 4579 cuiut
950 4521 1078 4587 mihi
1126 4519 1279 4585 facile
1323 4517 1609 4593 quidquam
1652 4517 1797 4572 venit
1837 4516 1888 4571 in
1931 4522 2203 4581 mentem,

612 4615 751 4689 quod
778 4614 1060 4681 contrariis
1087 4616 1264 4675 causis
1287 4610 1552 4683 gignatur.
1576 4608 1643 4663 Β.
1666 4606 1826 4675 Quid,
1849 4608 1891 4661 si
1916 4604 2017 4664 hoc
2041 4621 2204 4660 unum

617 4716 702 4768 est
726 4707 777 4761 itt
804 4721 981 4765 rerum
1012 4715 1200 4761 natura
1226 4719 1417 4776 genu~,
1439 4713 1495 4765 et
1519 4702 1690 4757 solum
1715 4699 1857 4772 quod
1878 4698 1949 4761 ita
1977 4698 2087 4763 sit?
2124 4700 2206 4765 An

616 4798 859 4868 ignoras,
900 4811 1021 4863 eum
1065 4812 1160 4870 per
1201 4794 1509 4850 animalium
1559 4790 1966 4847 innumerabilia
2012 4804 2207 4859 genera

615 4886 933 4955 cucurri-ris,
964 4886 1134 4941 solum
1165 4886 1489 4951 crocodilum
1515 4882 1739 4951 inveniri
1761 4882 1847 4954 qui
1878 4880 2208 4951 superiorem

618 4978 671 5032 in
702 4976 1001 5039 mandendo
1027 4988 1235 5048 partem
1276 4986 1525 5044 moveat;
1563 4976 1861 5047 praesertim
1907 4989 2028 5031 cum
2073 4988 2209 5045 pene

618 5068 841 5139 reperiri
870 5068 997 5124 nihil
1037 5078 1194 5140 queat
1237 5070 1306 5133 ita
1346 5070 1537 5140 cuique
1563 5069 1637 5131 rei
1663 5068 1868 5136 simile,
1912 5077 1968 5122 ut
2006 5082 2111 5125 non
2152 5066 2207 5131 in

618 5165 797 5234 aliquo
821 5163 981 5225 etiam
1007 5162 1264 5229 dissimile
1288 5163 1397 5223 sit?
1416 5164 1479 5223 Α.
1507 5162 1671 5221 Video
1697 5162 1910 5233 quidem
1951 5160 2087 5227 ista;
2114 5160 2209 5215 sed

620 5272 741 5312 cum
768 5253 1053 5315 considero
1083 5254 1210 5319 illud
1238 5254 1380 5326 quod
1420 5255 1609 5313 falsum
1638 5267 1891 5309 vocamus
1910 5293 1927 5320 ,
1957 5262 2009 5308 et
2035 5253 2211 5307 simile

618 5347 819 5421 aliquid
857 5347 1057 5410 habere
1084 5346 1196 5407 veri
1225 5356 1280 5405 et
1305 5346 1565 5407 dissimile
1584 5386 1597 5411 ,
1627 5360 1693 5401 ex
1724 5360 1827 5416 qua
1854 5346 2032 5416 potius
2054 5355 2209 5416 parte

620 5442 878 5501 meruerit
903 5440 1017 5499 falsi
1047 5454 1240 5497 nomen
1259 5480 1279 5506 .
1304 5453 1409 5497 non
1440 5438 1589 5495 valeo
1611 5438 1936 5497 discernere.
1976 5435 2032 5495 Si
2066 5438 2209 5499 enim

623 5552 690 5594 ex
732 5550 799 5590 eo
847 5533 987 5605 quod
1036 5532 1295 5591 dissimile
1327 5540 1443 5598 est,
1482 5530 1700 5593 dixero;
1752 5528 1886 5591 nihil
1932 5530 2032 5587 erit
2069 5530 2210 5601 quod

520 5690 527 5698 ,
629 5645 736 5685 non
766 5627 957 5686 falsum
1008 5626 1113 5684 diei
1169 5626 1335 5696 possit
1366 5643 1380 5679 :
1408 5622 1540 5681 nihil
1585 5623 1727 5679 enim
1778 5630 1861 5677 est
1905 5622 2044 5691 qttod
2102 5639 2206 5675 non

628 5720 784 5775 alicui
840 5722 914 5776 rei
961 5719 1220 5776 dissimile
1265 5719 1363 5782 sit,
1413 5730 1572 5787 quam
1623 5729 1803 5768 veram
1849 5728 1968 5773 esse
2012 5728 2206 5775 conce-

625 5810 820 5866 dimus.
846 5809 998 5880 Item,
1023 5811 1068 5867 si
1094 5812 1278 5869 dixero
1307 5826 1372 5867 eo
1398 5808 1539 5885 quod
1564 5808 1737 5872 simile
1764 5814 1865 5873 est,
1899 5807 2099 5878 falsum.
2120 5821 2213 5876 ap—

1709 342 2266 422 SOLILOQUIORUM
2299 342 2359 402 8.
2401 344 2767 407 AUGUSTIN!
3691 361 3768 429 ω

2290 459 2591 531 pellandum
2612 478 2628 528 ;
2648 478 2752 518 non
2784 461 2958 522 solum
2979 477 3080 518 ova
3101 462 3187 525 illa
3210 466 3539 531 reclamabant
3561 490 3658 545 quat
3674 493 3766 538 vera

2289 566 2353 607 eo
2385 552 2499 622 ipso
2536 563 2657 609 sunt
2684 570 2791 625 quo
2830 554 3129 615 simillima.
3161 557 3251 614 sed
3278 558 3426 615 etiam
3461 563 3531 619 sic
3564 581 3650 622 non
3671 571 3770 629 επα-

2289 644 2428 718 giam
2458 662 2580 701 eum
2610 646 2699 717 qui
2728 662 2814 702 me
2842 649 3075 719 coegerit
3102 645 3227 703 falsa
3254 665 3367 707 esse
3392 655 3547 709 omnia
3573 662 3769 731 conﬁteri.

2289 739 2431 811 quod
2476 739 2652 794 omnia
2682 739 2781 796 sibi
2809 755 2874 795 ex
2903 740 3078 811 aliqua
3114 751 3261 813 parte
3300 744 3475 800 similia
3507 762 3609 805 esse
3632 768 3773 824 negare
3836 792 3837 799 η

2289 848 2395 886 non
2425 846 2663 904 possum.
2694 832 2801 889 Sed
2847 831 2929 890 fac
2970 848 3057 890 me
3097 850 3198 889 non
3230 844 3453 895 metuere
3480 840 3588 897 illud
3615 859 3774 914 feﬁptln-
3836 836 3837 889 ἶ

2289 920 2440 986 dere,
2468 922 2867 980 similitudinem
2892 940 2954 980 ac
2972 923 3440 983 dissimilitudinem
3466 931 3601 987 simul
3622 912 3776 996 efﬁcere
3836 912 3837 927 χ

2292 1021 2351 1070 ut
2376 1013 2577 1085 aliquid
2618 1014 2811 1071 falsum
2852 1024 2998 1073 recte
3039 1017 3369 1087 nominetur;
3394 1037 3536 1093 quam
3563 1026 3667 1082 mihi
3688 1045 3775 1086 θη.
3836 1062 3837 1095 ξ

2289 1107 2452 1165 dendi
2499 1108 2636 1163 viaut
2682 1108 2871 1165 dabis?
2914 1108 3199 1166 lnstabitur
3241 1111 3379 1169 enim
3427 1114 3713 1174 nihilominus
3741 1134 3778 1179 ut
3836 1114 3837 1137 ξ

2290 1200 2466 1255 omnia
2497 1200 2627 1257 falsa
2652 1216 2775 1257 esse
2801 1201 3130 1265 renuntiem;
3150 1202 3339 1275 quippe
3358 1207 3521 1262 omnia
3544 1208 3727 1275 sibimet,
3743 1225 3781 1269 ut

2291 1307 2449 1364 Supra
2478 1293 2679 1350 dictum
2705 1303 2808 1360 est,
2836 1304 2889 1353 et
2916 1293 3109 1352 similia
3137 1296 3359 1365 quadam
3385 1312 3445 1354 ex
3472 1309 3617 1368 parte
3641 1312 3683 1358 et
3704 1303 3780 1359 dis-

2291 1384 2481 1441 similia
2505 1385 2861 1457 rcpcriuntur.
2886 1384 3131 1441 Restaret
3153 1394 3208 1442 ut
3228 1387 3353 1442 nihil
3378 1389 3508 1447 aliud
3532 1390 3685 1448 falsum
3701 1410 3782 1450 esse
3836 1374 3837 1383 χ

2292 1476 2549 1542 dicerem,
2583 1477 2681 1532 nisi
2712 1476 2853 1546 quod
2879 1477 3035 1535 aliter
3063 1493 3120 1533 se
3149 1479 3366 1536 haberet
3398 1491 3541 1551 atque
3565 1484 3781 1552 videretur.

2294 1568 2346 1623 tti
2377 1584 2593 1625 vererer
2617 1570 2701 1624 illa
2724 1577 2801 1627 tot
2830 1578 3063 1625 monstra
3090 1586 3207 1643 quae
3236 1587 3318 1627 nte
3345 1572 3527 1629 dudum
3550 1577 3783 1647 enavigasse

2291 1659 2609 1717 arbitrabar.
2640 1658 2775 1716 Nam
2803 1676 2870 1717 eo
2899 1677 3109 1718 rursum
3148 1663 3375 1732 repellor
3406 1666 3631 1736 vertigine
3660 1668 3785 1737 inopi-

2292 1758 2450 1817 nata,
2494 1760 2547 1805 ut
2586 1766 2769 1806 verum
2818 1750 2871 1809 id
2913 1767 3033 1811 esse
3060 1751 3233 1807 dicant
3265 1752 3399 1823 quod
3439 1753 3501 1809 ita
3526 1770 3578 1811 sc
3610 1757 3787 1815 habetat
3836 1738 3837 1767 ‘

2292 1842 2521 1899 videtur.
2550 1842 2628 1897 Ex
2655 1858 2760 1913 quo
2786 1846 2949 1900 contit
2976 1844 3091 1901 sine
3114 1822 3385 1915 cognitore
3406 1846 3521 1902 nihil
3541 1864 3786 1907 verumeste

2296 1951 2452 2007 posse
2479 1953 2495 1990 :
2523 1936 2609 1991 ubi
2637 1937 2767 1993 mihi
2799 1937 3129 2009 naufragium
3159 1938 3213 1994 in
3248 1940 3469 2009 scopulis
3498 1940 3786 1998 occultissimi:

2294 2027 2684 2088 formidandum
2713 2040 2817 2098 est,
2854 2031 2943 2103 qui
2976 2031 3088 2089 veri
3117 2043 3273 2101 sunt,
3312 2034 3505 2090 etiamsi
3543 2036 3785 2092 nesciantur.

2299 2123 2431 2188 Aut,
2461 2123 2504 2177 si
2537 2138 2718 2183 verum
2746 2137 2865 2178 esse
2895 2122 2946 2177 id
2985 2123 3126 2193 quod
3164 2133 3251 2180 est
3289 2123 3493 2191 dixero,
3530 2124 3684 2182 l'alsum
3714 2143 3786 2183 non

2296 2229 2418 2271 esse
2458 2215 2662 2286 uspiam
2700 2215 3066 2283 concludetur,
3097 2217 3289 2287 quovis
3324 2226 3635 2291 repugnante.
3662 2219 3786 2289 Itaque

2300 2307 2525 2363 redeunt
2554 2308 2625 2363 illi
2656 2316 2850 2378 :estns,
2876 2324 2977 2365 nec
3002 2308 3291 2381 quidquam
3318 2318 3455 2365 tanta
3488 2310 3693 2382 patientia
3710 2326 3787 2368 uto-

2298 2414 2477 2455 rarum
2507 2410 2715 2457 tuarum
2749 2401 3075 2470 processisse
3102 2416 3192 2458 me
3216 2400 3389 2457 video.

2336 2490 2562 2557 CAPUT
2602 2492 2695 2555 lx.
2729 2523 2801 2535 —
2838 2492 2973 2563 Quid
3025 2495 3222 2566 [αΐειιηι
3244 2534 3262 2563 ,
3300 2493 3419 2565 quid
3445 2493 3589 2564 [alios
3618 2501 3657 2551 α
3680 2492 3765 2567 quid

2971 2586 3217 2647 mettdax.

2374 2674 2461 2729 l6.
2494 2673 2558 2732 η.
2588 2673 2816 2741 Attende
2842 2676 3050 2745 potius;
3082 2692 3209 2730 nam
3234 2677 3375 2732 nullo
3394 2676 3537 2733 modo
3556 2676 3601 2735 in
3622 2676 3784 2735 animum
3836 2673 3837 2741 1

2302 2764 2548 2820 inducam
2570 2806 2583 2827 .
2626 2765 2818 2820 frustra
2861 2781 2957 2820 nos
2998 2766 3255 2823 auxilium
3285 2768 3507 2822 divitntm
3540 2767 3785 2839 implorasse.

2302 2855 2469 2911 Video
2494 2857 2668 2921 enim,
2700 2858 2913 2912 lentatis
2942 2868 3202 2927 quantum
3245 2859 3499 2929 potuimus
3520 2858 3713 2913 omnibus
3732 2871 3785 2913 η·
3836 2860 3837 2929 ξ

2301 2947 2421 3009 bus.
2438 2964 2541 3002 nou
2559 2948 2881 3005 remansisse
2896 2950 3034 3019 quod
3054 2948 3248 3006 falsum
3261 2950 3380 3020 jure
3394 2951 3589 3019 dicatur,
3602 2951 3679 3006 nisi
3690 2948 3787 3021 quod
3836 2978 3837 2989 ι

2302 3046 2395 3093 aut
2420 3052 2479 3093 se
2510 3038 2658 3111 lingit
2692 3054 2814 3094 esse
2850 3042 2990 3110 quod
3018 3050 3260 3107 nonest,
3287 3052 3377 3095 ant
3401 3042 3692 3097 omninoesse
3715 3050 3791 3095 ten-
3836 3064 3837 3095 ;

2304 3130 2381 3186 dit
2400 3141 2454 3185 et
2479 3140 2709 3189 nonest.
2733 3130 2838 3193 Sed
2863 3131 2987 3188 illud
3011 3134 3267 3202 superius
3294 3133 3406 3191 falsi
3425 3149 3574 3206 genus.
3592 3132 3654 3186 vel
3670 3131 3788 3185 fallax
3836 3138 3837 3141 ‘

2305 3225 2498 3293 etiam,
2529 3225 2612 3281 vel
2656 3226 2884 3282 mendax
2916 3235 3018 3283 est.
3063 3225 3205 3285 Nam
3244 3229 3402 3289 fallax
3437 3227 3479 3283 id
3515 3235 3624 3283 recte
3645 3222 3791 3279 dicitur
3836 3206 3837 3211 η

2304 3316 2444 3387 quod
2492 3315 2651 3372 habet
2688 3317 2973 3388 quemdam
3021 3317 3242 3375 fallendi
3291 3321 3583 3390 appetitum;
3612 3317 3681 3387 qtti
3710 3315 3794 3369 sine

2306 3407 2480 3461 anima
2534 3408 2754 3479 intelligi
2799 3425 2903 3463 non
2949 3394 3169 3482 potrst‘:
3203 3410 3298 3466 sed
3338 3412 3512 3480 partim
3544 3408 3701 3463 ratione
3730 3407 3790 3469 lit,

2306 3498 2498 3567 partim
2528 3510 2749 3567 natura;
2778 3500 3003 3568 ratione,
3034 3502 3083 3555 itt
3105 3501 3425 3557 animalibus
3451 3500 3740 3563 ralitlttailbll“,
3756 3507 3794 3550 ut

2306 3587 2358 3643 itt
2391 3589 2635 3657 homine;
2668 3602 2876 3656 natura,
2909 3591 2958 3645 itt
2990 3592 3199 3657 bestiis,
3235 3602 3474 3665 utnqnam
3503 3593 3545 3645 iu
3573 3587 3789 3659 vulpecula.
3836 3646 3837 3653 γ

2307 3682 2437 3739 illud
2465 3692 2641 3737 autem
2673 3683 2813 3759 quod
2852 3686 3078 3739 mendax
3118 3701 3285 3750 voco,
3329 3701 3358 3739 a
3401 3682 3714 3741 mentientibus
3742 3680 3793 3733 ﬁt.
3836 3740 3837 3743 η

2306 3774 2405 3844 Qui
2448 3773 2549 3829 hoc
2583 3774 2832 3829 dill'et'uut
2858 3790 2889 3829 a
2928 3774 3233 3839 fallacibus,
3264 3778 3400 3848 quod
3428 3777 3582 3829 omnis
3604 3773 3797 3839 lallaxnp-
3836 3780 3837 3848 ξ

2307 3864 2440 3935 petit
2477 3866 2691 3931 fallere;
2736 3882 2841 3921 non
2879 3876 3052 3920 autent
3081 3868 3262 3923 omnis
3291 3869 3401 3922 vult
3426 3866 3797 3933 fallerequintrn-

2309 3956 2477 4010 titur:
2511 3971 2630 4009 nam
2667 3965 2721 4011 et
2753 3957 2898 4011 mitni
2938 3968 2992 4012 et
3031 3959 3311 4015 cotnmdia:
3354 3969 3400 4014 et
3446 3958 3590 4012 multa
3626 3960 3797 4028 poennta

2307 4042 2709 4101 mendaciorum
2767 4046 2922 4117 plena
2970 4059 3128 4115 sunt,
3176 4048 3468 4104 delectandi
3513 4047 3656 4117 potius
3692 4056 3797 4113 quam

2308 4135 2520 4191 fallendi
2552 4138 2855 4200 voluntate,
2885 4147 2939 4193 et
2964 4155 3149 4195 omnes
3180 4141 3291 4196 fere
3329 4141 3415 4211 qni
3446 4141 3673 4209 iocantur.
3697 4148 3796 4188 ozen-

2308 4231 2532 4287 tiuntnr.
2574 4230 2679 4287 Sed
2714 4232 2870 4286 fallax
2912 4233 2993 4287 vel
3026 4234 3217 4289 fallens
3259 4234 3301 4289 is
3334 4245 3467 4289 recte
3500 4233 3678 4294 dicitur,
3699 4225 3798 4292 Cujus

2310 4326 2576 4396 negotium
2603 4335 2685 4381 est
2710 4333 2767 4379 ttt
2800 4326 3022 4399 quisque
3054 4326 3289 4389 fallatur.
3315 4327 3387 4381 llli
3410 4337 3569 4381 autem
3588 4323 3659 4391 qtti
3676 4334 3749 4374 non
3766 4314 3797 4369 id

2309 4426 2475 4488 agunt
2518 4424 2577 4471 ut
2613 4416 2911 4487 decipiant,
2952 4416 3044 4471 Sed
3088 4427 3267 4474 tamen
3303 4416 3491 4489 a'iquid
3533 4417 3721 4485 lingunt.
3748 4402 3800 4457 vel

2311 4506 2595 4562 mendaces
2633 4516 2858 4570 tantum,
2886 4506 2966 4563 vel
3000 4508 3045 4573 si
3087 4523 3153 4562 ne
3191 4508 3295 4565 ltoc
3323 4508 3542 4578 quidem,
3568 4501 3801 4559 ψαλῶ-ηυξ

2312 4608 2491 4655 tamen
2514 4600 2688 4655 vocari
2717 4615 2875 4656 nemo
2899 4598 3124 4673 antbigit
3146 4616 3160 4655 :
3182 4601 3286 4656 nisi
3308 4601 3429 4677 quid
3456 4597 3603 4665 babes
3615 4595 3803 4650 adversus

2310 4694 2411 4752 ista
2434 4694 2575 4765 quod
2602 4694 2768 4749 dicas.

2386 4788 2473 4843 l7.
2502 4787 2565 4851 Α.
2610 4787 2800 4859 Perge,
2829 4802 3044 4859 qureso;
3076 4803 3219 4844 nunc
3249 4787 3387 4843 enim
3415 4785 3613 4849 fortasse
3629 4778 3684 4843 de
3704 4771 3804 4830 falis

2314 4895 2419 4959 non
2449 4878 2579 4937 falsa
2606 4879 2799 4936 docere
2825 4881 3032 4951 coepisti
3060 4898 3073 4935 :
3100 4880 3194 4936 sed
3224 4881 3334 4951 jam
3361 4878 3480 4935 illud
3502 4888 3647 4947 genus
3663 4880 3801 4959 ωερε.

2312 4954 2400 5026 (Ξῑο
2423 4972 2578 5043 (1⁸⁸³1⁸
2620 4971 2691 5026 Silv
2725 4972 2866 5042 (1υού
2895 4972 3103 5039 dixisti,
3132 4988 3252 5029 esse
3278 4971 3441 5029 tendit
3463 4978 3512 5025 et
3538 4981 3626 5022 non
3648 4970 3727 5019 esu
3755 4954 3801 5011 li.

2314 5064 2505 5132 Quidni
2522 5065 2830 5135 exspectes?
2845 5064 3041 5119 Eadem
3057 5066 3142 5119 illa
3159 5075 3301 5132 sunt,
3314 5078 3524 5135 quorum
3539 5057 3675 5114 multa
3688 5060 3801 5118 supra

2314 5155 2747 5214 memoravimus.
2785 5157 2975 5211 Annon
3005 5156 3095 5210 tibi
3135 5156 3338 5210 videtur
3363 5154 3522 5222 imago
3548 5158 3621 5203 tua
3647 5143 3800 5205 despe'

2313 5249 2435 5305 culo
2454 5247 2603 5319 quasi
2626 5256 2681 5309 tu
2704 5247 2817 5319 ipse
2845 5247 2981 5301 velle
3006 5262 3146 5312 esse,
3168 5246 3263 5302 sed
3288 5246 3400 5303 ideo
3422 5256 3531 5301 esse
3552 5238 3681 5307 falsa.
3702 5222 3799 5299 ίιυοά

2315 5354 2423 5399 non
2449 5339 2564 5396 est?
2584 5338 2647 5403 Α.
2677 5338 2840 5403 Valde
2866 5337 2967 5401 hoc
2997 5337 3221 5394 videtur.
3246 5336 3313 5393 R.
3337 5333 3466 5405 Quid
3488 5328 3639 5395 omnis
3653 5323 3797 5396 pistori!

2315 5434 2403 5491 νει
2424 5432 2780 5506 cuiuscemodi
2808 5432 3168 5498 simulacrum,
3196 5439 3250 5489 ct
3273 5429 3325 5485 id
3348 5442 3509 5501 genus
3529 5419 3678 5487 omnia
3695 5408 3799 5506 opiﬁ-

2315 5504 2685 5593 cttnt?‘uonne
2717 5526 2845 5584 illud
2872 5542 2991 5582 esse
3024 5524 3364 5585 contendunt,
3392 5519 3454 5576 ad
3477 5519 3609 5587 cujus
3628 5504 3799 5593 quid‘l'je

2274 5606 2281 5611 ⁷
2316 5592 2716 5677 similitudinem
2760 5617 2957 5679 factum
3003 5616 3121 5673 est?
3159 5616 3222 5673 Α.
3261 5616 3472 5669 Prorsus
3507 5603 3718 5661 adducor.
3751 5589 3796 5645 li.

2315 5712 2431 5768 Jam
2464 5728 2525 5766 ea
2554 5712 2745 5783 quibus
2774 5710 2855 5765 vel
2884 5710 3209 5771 dornticutes
3248 5706 3329 5763 vel
3357 5703 3567 5759 furentes
3588 5691 3797 5783 falluntur.

2314 5769 2601 5874 concedis,
2629 5811 2686 5867 υι
2721 5804 2931 5875 Opinor,
2963 5802 3015 5859 in
3053 5769 3119 5867 eo
3156 5814 3274 5867 esse
3310 5807 3507 5871 genae,
3530 5769 3797 5855 Agnalia
3836 5864 3837 5883 γ
