3882 6274
1406 393 1611 464 LIBER
1643 391 2022 454 SECUNDUS.

119 525 240 594 magis
263 500 413 578 suam
439 518 581 576 nulla
607 516 775 592 magis
799 515 1017 571 tendunt
1043 513 1162 570 talia
1187 527 1326 573 esse.
1355 513 1526 592 qualia
1547 511 1631 567 vel

119 616 335 685 vigilantes
361 612 436 667 vel
475 611 588 664 sani
627 619 885 672 cernunt;
917 618 969 662 et
1005 623 1069 658 eo
1107 615 1282 660 tanien
1316 603 1443 658 falsa
1476 612 1632 668 sunt,

115 725 191 780 quo
214 708 252 763 id
276 706 400 777 quod
433 704 653 758 tendunt
693 717 813 757 esse
845 717 947 754 non
987 709 1230 771 possunt.
1265 697 1331 756 Β.
1363 697 1498 767 Quid
1525 697 1634 764 jam

15 787 28 844 ἴ
116 806 160 857 de
188 799 374 856 turrium
405 806 548 850 motu
570 839 586 855 .
615 795 694 850 vel
722 793 790 847 de
819 809 994 848 merso
1023 806 1200 857 remo,
1229 791 1312 846 vel
1339 791 1405 846 de
1435 789 1637 846 umbris

15 857 28 960 l
114 905 332 960 corporum
371 887 515 954 plura
545 883 758 940 dirznn?
791 883 1006 938 Planum
1036 891 1148 949 est,
1190 890 1248 935 ut
1287 879 1534 945 arbitror,
1568 894 1632 934 ex

17 949 28 1051 ξ
115 949 497 1051 Ιιπήνειιιιιέεδε
525 976 811 1031 metienda.
844 974 907 1028 Α.
940 972 1332 1028 Planissimum.
1362 969 1428 1024 Β.
1460 969 1635 1024 Taceo

33 1101 36 1104 ~
112 1070 348 1128 deca'teris
375 1067 652 1132 sotusibus;
684 1083 805 1120 nam
834 1079 990 1119 nemo
1019 1063 1365 1119 censiderans
1400 1077 1502 1116 non
1534 1058 1634 1115 hoc

25 1005 28 1012 '
115 1005 185 1038 ua:
209 1005 357 1051 rl'glua
382 1005 497 1032 εθδυ
525 1005 811 1031 ιιιυιιειιυει.
844 1005 907 1028 τι.
940 1005 1332 1028 run-samum".
1362 1005 1428 1024 ιι.
1471 1005 1634 1024 suum

33 1101 36 1104 ~
112 1070 348 1128 deca'teris
375 1067 652 1132 sotusibus;
684 1083 805 1120 nam
834 1079 990 1119 nemo
1019 1063 1365 1119 censiderans
1400 1077 1502 1116 non
1534 1058 1634 1115 hoc

112 1163 312 1218 inveniet,
341 1158 523 1212 falsum
565 1157 819 1226 appellari
862 1155 914 1210 in
952 1155 1112 1210 rebus
1155 1153 1283 1222 ipsis
1335 1166 1467 1222 quas
1511 1165 1634 1206 sen-

21 1246 32 1368 i
112 1255 243 1310 dmin.
270 1249 397 1322 quod
422 1263 543 1303 esse
572 1246 767 1318 aliquid
801 1246 968 1301 tendit
995 1255 1045 1299 et
1078 1259 1182 1298 non
1210 1252 1312 1298 est.

237 1341 440 1368 ιίιπῖτ
468 1339 511 1368 τ
675 1338 917 1368 n.....l.....
949 1353 1006 1368 ΔΛ
1031 1353 1146 1368 una
1176 1353 1273 1368 nun
1304 1340 1312 1368 l

25 1335 38 1408 ἰ
236 1341 440 1399 CAPUT
468 1339 539 1396 Χ.
573 1370 645 1382 -
674 1338 918 1406 Quaedam
947 1353 1006 1392 eo
1031 1353 1147 1392 vera
1174 1353 1273 1408 quo
1301 1335 1451 1403 falsa.

158 1437 225 1493 l8.
266 1436 318 1489 Α.
355 1433 519 1489 Rei-te
558 1432 696 1486 dicis
725 1449 738 1486 :
771 1429 865 1485 sed
898 1431 1063 1484 miror
1087 1443 1182 1484 cur
1205 1428 1272 1482 ab
1309 1425 1410 1481 hoc
1437 1440 1633 1500 genere

35 1519 46 1593 ἰ
108 1533 172 1586 tibi
193 1526 479 1584 srcemenda
515 1524 606 1579 illa
639 1531 878 1593 poetnala
906 1531 957 1575 et
985 1521 1105 1592 juca
1138 1519 1248 1574 visa
1277 1527 1437 1583 sunt,
1469 1527 1632 1572 caue-

106 1637 239 1694 raque
261 1618 481 1673 lallaciae.
515 1614 584 1670 Β.
616 1615 748 1684 Quia
778 1614 975 1670 scilicet
1007 1611 1148 1666 aliud
1176 1621 1258 1666 est
1296 1610 1484 1665 falsum
1514 1623 1634 1665 esse

105 1715 219 1772 velle.
244 1712 365 1767 aliud
397 1725 580 1766 verum
615 1723 736 1764 esse
765 1723 869 1762 non
909 1720 1083 1775 posse.
1119 1704 1297 1774 Imque
1329 1703 1436 1771 ipsa
1471 1716 1632 1770 opera

105 1805 316 1860 hominum
341 1799 475 1854 velut
505 1799 804 1855 comoedias
831 1805 919 1850 aut
950 1795 1261 1864 tragoedias,
1292 1803 1382 1848 aut
1411 1793 1629 1857 mimos,

29 1887 44 1976 ξ
108 1897 197 1953 etid
217 1909 357 1960 genus
379 1891 475 1945 alia
501 1911 513 1959 ι
535 1904 790 1945 οεκιιιιιιιδ
813 1888 1058 1959 operibus
1085 1887 1340 1956 pictorum
1365 1887 1634 1938 lictorum-

27 1977 48 2078 ί
110 1987 500 2060 quecoujungere.
544 1983 682 2037 'l'am
723 1983 863 2036 enim
892 1995 1052 2034 verus
1098 1993 1215 2033 esse
1264 1977 1432 2046 pictus
1473 1975 1633 2028 homo

111 2096 183 2134 non
202 2087 359 2147 pia-st,
381 2075 632 2145 quamvis
659 2073 710 2127 in
741 2073 972 2142 speciem
996 2069 1224 2124 lnnninis
1246 2067 1446 2131 tendat,
1473 2081 1631 2136 quam

110 2170 273 2240 illaque
293 2167 476 2236 scripta
509 2175 642 2218 sunt
669 2165 720 2218 in
749 2163 898 2217 libris
918 2162 1264 2217 comicorum.
1289 2159 1466 2230 Neque
1489 2158 1630 2212 enim

110 2257 202 2316 faba
224 2275 317 2314 esse
341 2261 540 2313 volunt.
568 2266 666 2311 aut
692 2253 796 2308 ullo
822 2255 1056 2325 appetitu
1080 2269 1177 2307 suo
1205 2250 1332 2306 falsa
1361 2259 1515 2314 sunt;
1539 2247 1633 2303 sed

109 2353 270 2422 puduit
299 2351 620 2404 necessitate
639 2389 654 2409 ,
687 2359 939 2417 quantum
973 2346 1215 2417 ﬁngentis
1243 2345 1514 2397 arbitrium
1544 2357 1633 2396 se-

25 2437 48 2526 l
110 2449 168 2520 qui
204 2457 472 2518 pduertlttl.
526 2449 603 2499 At
646 2459 772 2497 vero
815 2441 870 2497 iu
912 2456 1069 2496 set-na
1111 2440 1334 2494 Roscius
1363 2437 1635 2491 voluntate

111 2537 196 2595 falsi
221 2540 399 2594 Hecuba
423 2547 560 2603 erat,
595 2545 783 2589 natura
807 2550 964 2589 verus
995 2532 1186 2595 homo;
1218 2529 1308 2584 sed
1337 2529 1422 2583 illa
1452 2527 1638 2581 Vulnu-

111 2640 182 2687 tne
199 2632 326 2687 etiam
353 2646 506 2683 verus
535 2611 845 2700 tmgtedus,
865 2642 931 2680 eo
957 2624 1202 2678 videlicet
1226 2636 1332 2692 quo
1363 2620 1631 2690 implebat,

109 2723 336 2780 institutum
357 2741 372 2778 :
397 2721 562 2776 falsus
599 2731 780 2773 autem
809 2717 1067 2780 Priamus,
1101 2731 1166 2770 eo
1194 2713 1334 2784 quod
1367 2713 1634 2766 Priamum

43 2831 48 2838 '
110 2813 378 2872 assimilalxat,
406 2812 497 2866 sed
532 2812 660 2880 ipse
704 2814 967 2863 nouerat.
1011 2805 1090 2861 Ex
1120 2820 1225 2876 quo
1248 2804 1358 2874 jam
1403 2802 1637 2856 nascitur

35 2902 40 2978 ξ
113 2906 291 2977 quiddam
324 2905 604 2963 mirabile.
633 2903 770 2974 quod
809 2909 985 2956 tamen
1031 2900 1099 2954 ita
1145 2915 1202 2955 se
1244 2898 1436 2952 habere
1479 2911 1636 2951 nemo

29 2983 40 3067 ξ
111 3000 280 3071 uribigit.
306 2999 361 3052 Α.
391 2999 666 3067 Quidnam
696 2996 745 3050 id
781 2993 904 3050 est?
931 2993 996 3050 Β.
1029 2992 1162 3060 Quid
1195 3002 1364 3062 putas,
1395 2991 1492 3045 nisi
1523 2991 1636 3045 lucc

110 3104 234 3144 omna
264 3089 369 3144 inde
393 3103 510 3145 esse
539 3089 608 3142 in
634 3085 950 3157 quihusdam
984 3101 1135 3149 vera,
1167 3085 1306 3138 umle
1335 3083 1387 3137 iu
1415 3082 1633 3152 quibus-

109 3180 194 3236 dam
213 3183 315 3238 falsa
333 3195 466 3242 sunt,
489 3194 542 3237 et
573 3181 650 3235 :id
677 3193 829 3234 suum
859 3195 1039 3232 verum
1063 3178 1160 3231 hoc
1181 3159 1352 3230 solum
1375 3177 1452 3230 eis
1480 3174 1636 3246 prod-

110 3288 220 3338 esse,
244 3274 362 3344 quod
387 3274 448 3328 ad
481 3269 637 3328 aliud
669 3271 796 3326 falsa
826 3269 984 3324 sunt?
1013 3269 1163 3325 ljnde
1188 3270 1252 3323 ad
1283 3268 1330 3323 id
1354 3267 1494 3340 quod
1520 3282 1637 3322 esse

107 3365 338 3420 autvuluut
359 3377 440 3419 aut
465 3363 700 3426 debent,
727 3363 870 3417 nullo
891 3362 1048 3416 modo
1078 3362 1407 3432 perveniunt,
1433 3359 1476 3413 si
1505 3359 1635 3414 {3133

108 3459 406 3529 esselngiunt.
448 3459 573 3526 Quo
616 3468 768 3526 pacto
803 3456 944 3511 enim
984 3456 1083 3509 iste
1121 3470 1276 3524 quem
1307 3469 1635 3508 coannemo-

115 3548 235 3611 ravi,
262 3565 386 3604 verus
408 3548 690 3622 uagmhis
715 3557 882 3610 esset,
922 3546 968 3600 si
1010 3546 1169 3600 nollet
1200 3559 1319 3599 esse
1349 3544 1510 3598 falsus
1536 3544 1636 3599 lle-

110 3652 217 3704 cier,
244 3641 344 3695 falsa
376 3641 758 3698 Andromache
777 3681 792 3706 ,
827 3639 990 3692 falsus
1022 3637 1272 3693 Hercules
1291 3679 1305 3700 ,
1334 3648 1386 3691 et
1413 3638 1512 3692 alia
1553 3638 1636 3690 iu-

109 3733 406 3789 nummlaut
431 3733 586 3789 unde
617 3747 741 3787 vera
775 3731 974 3796 pictura
1003 3740 1172 3794 esset,
1207 3731 1248 3785 si
1281 3729 1444 3784 falsus
1469 3744 1636 3801 equus

105 3841 184 3881 non
210 3829 359 3883 esset?
394 3830 531 3885 unde
564 3828 626 3880 in
674 3825 891 3895 speculo
925 3839 1047 3879 vera
1090 3823 1318 3878 hominis-
1358 3825 1559 3893 imago,
1592 3823 1636 3905 si

109 3933 186 3971 non
204 3917 337 3974 falsus
362 3919 557 3973 homo?
588 3918 788 3984 Quare,
817 3917 860 3970 si
888 3914 1226 3986 quibusdam,
1254 3926 1312 3969 ut
1340 3931 1517 3969 verum
1541 3915 1637 3969 ali-

107 4113 196 4170 pere
215 4103 446 4160 falsitates
473 4101 853 4164 formidamus,
881 4109 932 4154 et
961 4115 1058 4170 pro
1088 4113 1278 4169 magno
1307 4101 1446 4154 bono
1470 4115 1635 4170 appe-

105 4192 223 4250 limus
256 4196 560 4252 veritatem?
612 4193 676 4250 Α.
719 4191 940 4255 Nescio,
973 4199 1027 4246 et
1067 4191 1287 4262 multum
1319 4191 1504 4258 miror,
1536 4192 1636 4247 nisi

106 4286 188 4352 quia
215 4289 259 4341 in
290 4288 542 4358 exemplis
573 4281 692 4341 istis
731 4283 862 4338 nihil
896 4282 1188 4337 imitatione
1213 4281 1428 4353 dignum
1459 4283 1632 4338 video.

101 4373 184 4434 Nan
201 4382 324 4436 enim
344 4391 594 4453 tauquam
625 4375 937 4440 histriones,
960 4384 1050 4430 aut
1070 4373 1136 4429 de
1159 4375 1390 4444 Specnlis
1414 4390 1636 4445 qumque

99 4467 362 4537 relucentia,
392 4480 485 4527 aut
513 4485 768 4540 tanquam
796 4466 1030 4539 Myronis
1065 4466 1268 4521 bucula:
1297 4481 1363 4521 ex
1396 4481 1532 4533 iure,
1562 4467 1634 4521 ita

99 4562 224 4620 etiam
244 4581 329 4623 nos
353 4575 409 4622 ut
437 4567 491 4621 in
533 4574 725 4621 nostro
753 4559 982 4631 qundam
1010 4558 1190 4614 habitu
1217 4559 1326 4614 veri
1354 4559 1538 4625 simus,
1568 4558 1635 4614 ad

97 4654 285 4712 alienum
319 4658 556 4714 habiturn
586 4653 890 4710 adumbrati
925 4663 1085 4724 atque
1121 4651 1433 4719 assimilati,
1474 4660 1530 4706 et
1566 4647 1635 4708 ob

98 4701 285 4712 νην-η...
321 4701 556 4714 .............
586 4701 890 4710 ..-υ...-.----
925 4701 1084 4724 _-.,_-
1122 4701 1433 4719 _-_-----_“--,
1480 4701 1528 4706 η
1572 4701 1629 4708 η-

95 4743 178 4805 hoc
213 4750 310 4808 falsi
345 4767 464 4810 esse
505 4751 804 4814 debemus;
844 4747 937 4801 sed
976 4745 1105 4802 illud
1146 4761 1329 4800 verum
1358 4761 1629 4814 qumrere,

95 4842 206 4910 quod
229 4859 324 4902 non
347 4845 495 4917 quasi
540 4843 773 4900 bifronte
804 4840 1010 4896 ratione
1048 4837 1255 4910 sibique
1296 4837 1629 4906 adversanti,

95 4940 140 4988 ut
168 4949 222 4992 ex
251 4937 412 5010 aliqua
457 4947 607 5010 parte
643 4951 829 4991 verum
869 4933 958 4997 sit,
989 4948 1056 4987 ex
1087 4930 1263 5002 aliqua
1291 4929 1480 4986 falsum
1507 4930 1629 4985 sit'.

97 5019 149 5077 ll.
175 5023 334 5097 Magna
372 5039 428 5085 et
459 5028 640 5084 divina
673 5025 915 5100 quaedam
955 5023 1199 5093 requiris.
1228 5022 1358 5092 Quae
1385 5014 1557 5077 tamen
1587 5023 1629 5078 si

15 5193 18 5202 Ι
95 5107 441 5186 invenerimus,
482 5133 661 5174 nonne
707 5117 986 5171 fatebimur
1019 5114 1103 5170 liis
1129 5113 1296 5185 ipsam
1325 5113 1548 5182 confici,
1581 5123 1629 5170 et

96 5205 214 5252 euasi
253 5210 460 5252 rmiﬂnri
507 5209 814 5252 vol-imlan
857 5223 886 5252 ιι
927 5223 1027 5252 mm
1067 5205 1440 5252 (immminalur
1475 5222 1629 5252 mnnn

8 5253 24 5628 ι

15 4139 36 4470 ἓ

11 4471 30 4694 l

95 4842 206 4910 quod
229 4859 324 4902 non
347 4845 495 4917 quasi
540 4843 773 4900 bifronte
804 4840 1010 4896 ratione
1048 4837 1255 4910 sibique
1296 4837 1630 4906 adversanti,

95 4940 140 4988 ut
168 4949 222 4992 ex
251 4937 412 5010 aliqua
457 4947 607 5010 parte
643 4951 829 4991 verum
869 4933 958 4997 sit,
989 4948 1056 4987 ex
1087 4930 1263 5002 aliqua
1291 4929 1480 4986 falsum
1507 4930 1629 4985 sit'.

97 5019 149 5077 ll.
175 5023 334 5097 Magna
372 5039 428 5085 et
459 5028 640 5084 divina
673 5025 915 5100 quaedam
955 5023 1199 5093 requiris.
1228 5022 1358 5092 Quae
1385 5014 1557 5077 tamen
1587 5023 1632 5078 si

95 5107 441 5186 invenerimus,
482 5133 661 5174 nonne
707 5117 986 5171 fatebimur
1019 5114 1103 5170 liis
1129 5113 1296 5185 ipsam
1325 5113 1511 5168 confici
1532 5154 1548 5182 ,
1581 5123 1634 5170 et

96 5205 214 5272 limi
253 5210 463 5284 ronllari
507 5209 816 5272 veritatem,
857 5223 888 5263 a
927 5223 1027 5280 qua
1067 5205 1440 5262 denominatur
1475 5222 1634 5261 omne

96 5297 208 5364 quod
226 5313 392 5360 verum
419 5315 635 5373 quoque
659 5300 820 5357 modo
845 5297 1186 5355 nominatur?
1211 5298 1275 5351 Α.
1300 5295 1416 5352 Non
1441 5297 1633 5352 invitus

95 5389 332 5446 Mller.
457 5389 464 5394 ’

8 5469 18 5558 i
96 5469 280 5538 ωιυτ
321 5481 411 5538 XI.
441 5511 515 5525 —-
548 5477 942 5558 Disciplinarum
985 5475 1206 5558 veritas:
1237 5479 1437 5538 Fabula
1487 5482 1628 5556 quid.

539 5555 670 5620 Quid
688 5555 761 5610 sit
789 5556 1138 5629 grammatica.

149 5639 229 5700 10.
263 5643 326 5700 ιι.
363 5645 502 5715 Quid
548 5647 640 5702 tibi
683 5661 812 5719 ergo
855 5641 1115 5702 videtur?
1145 5643 1424 5716 disciplina
1451 5644 1631 5717 dispu-

8 5741 12 5784 ἓ
93 5733 445 5804 “iuuene,
487 5749 557 5792 an
603 5737 729 5794 falsa
771 5739 900 5798 est,
927 5738 991 5794 Α.
1021 5738 1153 5824 Quis
1179 5738 1384 5795 dubitet
1410 5738 1630 5795 veram?

145 5841 707 5924 ίμιιιιηωοιιι.

103 4008 193 4078 quid
215 4012 333 4076 sint,
364 4012 586 4082 prodest
613 4018 672 4062 ut
706 4008 814 4061 sint
838 4006 1032 4076 aliquid
1076 4006 1261 4059 falsum
1287 4022 1302 4070 ;
1342 4022 1438 4060 cur
1466 4015 1639 4062 tardo-

3211 401 3318 462 ειη

1745 511 1845 565 Sed
1875 525 1997 564 vera
2027 519 2108 564 est
2135 511 2292 566 etiam
2335 515 2699 584 grannnatira.
2730 517 2798 574 Β.
2843 515 2986 575 itane
3013 527 3069 574 ut
3107 519 3233 575 illa?
3262 519 3330 575 Α.

1741 604 1858 658 Non
1889 605 2044 659 video
2073 605 2198 675 quid
2227 606 2297 660 sit
2322 624 2448 662 vero
2475 611 2672 665 verius.
2700 610 2762 665 Il.
2786 611 2916 666 Illud
2937 613 3170 681 profecto
3187 612 3329 683 quod

1743 696 1871 749 nihil
1897 696 2012 750 falsi
2035 696 2230 754 habet:
2255 699 2394 770 quod
2426 701 2638 757 intuens
2667 703 2820 772 paulo
2840 713 2964 759 ante
2985 703 3326 761 offendebare

1741 802 1807 842 cx
1855 787 1919 841 iis
1961 789 2120 842 rebus
2149 805 2267 859 qua:
2308 792 2486 845 nescio
2529 793 2793 863 quomodo
2821 795 2919 849 nisi
2952 794 3096 849 falsae
3125 805 3325 860 essent,

1741 894 1883 934 verae
1913 895 2033 936 esse
2080 897 2184 936 non
2218 892 2450 950 possent.
2485 883 2564 937 Au
2609 885 2820 953 ignoras
2847 886 3022 939 omnia
3054 887 3138 940 illa
3173 885 3326 941 fabu-

1739 971 1852 1028 losa
1879 985 1932 1027 et
1951 984 2134 1042 aperte
2157 974 2283 1028 fal~a
2306 974 2368 1027 ad
2396 975 2792 1045 grammaticam
2814 978 3112 1046 pertinere?
3132 980 3189 1032 Α.
3210 978 3326 1034 Non

1741 1065 1926 1134 ignoro
1953 1064 2089 1119 istud
2118 1064 2362 1136 quidem;
2393 1065 2508 1131 sed,
2543 1077 2597 1120 ut
2637 1068 2844 1135 opinor.
2878 1084 2982 1122 non
3016 1084 3110 1137 per
3144 1083 3325 1138 gram-

1740 1156 1985 1210 maticam
2018 1155 2144 1211 falsa
2170 1165 2312 1219 sunt,
2344 1156 2436 1211 sed
2471 1172 2564 1226 per
2591 1172 2708 1211 eam
2751 1159 3153 1229 qualiacumque
3178 1169 3322 1226 sunt,

1738 1245 2192 1302 demonstrantur.
2222 1245 2492 1318 Siquidem
2537 1257 2619 1302 est
2657 1247 2828 1302 fabula
2860 1251 3212 1318 compositum
3257 1250 3322 1305 ad

1735 1341 2017 1396 utilitatem
2063 1341 2538 1396 delectationemve
2589 1340 2944 1396 mendacium.
2998 1341 3094 1396 Est
3145 1351 3322 1398 autem

1735 1433 2081 1502 grammatica
2108 1432 2252 1486 vocis
2280 1433 2574 1487 articulatm
2598 1440 2783 1487 custos
2808 1444 2861 1487 et
2892 1433 3213 1488 moderatrix
3245 1435 3325 1490 di-

1735 1523 1958 1593 sciplina
1981 1539 1993 1576 :
2017 1523 2168 1592 cujus
2196 1522 2538 1592 professionis
2559 1522 2878 1577 necessitate
2909 1524 3116 1594 cogitur
3140 1521 3325 1578 Imma-

1734 1628 1820 1668 πω
1843 1613 2035 1684 lingua:
2062 1613 2238 1668 omnia
2269 1615 2428 1668 etiam
2460 1613 2710 1685 figmenta
2738 1614 3008 1683 colligere,
3051 1630 3169 1684 qua!
3211 1627 3327 1671 me-

1735 1707 1920 1760 muriae
1947 1706 2241 1774 litterisque
2267 1704 2512 1760 mandata
2546 1714 2690 1772 smn,
2723 1721 2825 1760 non
2853 1723 2912 1761 ea
2946 1705 3073 1762 falsa
3102 1705 3323 1773 faciens,

1738 1800 1828 1854 sed
1849 1799 1914 1854 de
1938 1799 2018 1855 bis
2047 1815 2224 1854 veram
2254 1799 2538 1868 quamdam
2569 1798 2768 1854 docens
2791 1814 3144 1871 asserensque
3173 1801 3328 1856 ratio—

1738 1907 1880 1946 nem.
1916 1892 1978 1948 R.
2017 1893 2177 1948 flecte
2204 1907 2366 1946 sane:
2396 1891 2524 1946 nihil
2557 1907 2697 1946 nunc
2736 1905 2885 1957 curo,
2916 1900 3092 1946 utrum
3137 1891 3232 1947 abs
3272 1905 3328 1949 te

1735 1983 1836 2038 ista
1855 1985 1988 2040 bene
2008 1983 2224 2038 definita
2245 1994 2402 2053 atque
2421 1982 2667 2037 distincta
2692 1983 2826 2048 sint;
2846 1983 2938 2037 sed
2963 1982 3090 2037 illud
3117 1999 3322 2052 qua-ro,

1737 2085 1912 2132 utrum
1945 2076 2045 2130 hoc
2071 2076 2140 2129 ita
2167 2090 2288 2130 esse
2318 2076 2430 2143 ipsa
2455 2075 2820 2145 grammatica,
2849 2091 2915 2129 an
2959 2091 3085 2130 vero
3127 2075 3210 2131 illa
3243 2076 3326 2134 di-

1737 2167 1957 2235 sciplina
1985 2165 2356 2235 disputationis
2385 2165 2647 2220 ostendat.
2676 2165 2739 2219 Α.
2770 2164 2883 2220 Non
2926 2181 3062 2234 nego
3087 2166 3194 2220 vim
3228 2181 3324 2236 pe-

1737 2257 2016 2326 ritiamqne
2056 2255 2364 2317 definiendi,
2395 2272 2496 2325 qua
2535 2271 2674 2310 nunc
2703 2271 2802 2326 ego
2831 2257 2926 2310 ista
2955 2271 3205 2326 separare
3231 2272 3327 2313 co-

1736 2357 1892 2402 natus
1917 2363 2057 2414 sum,
2087 2346 2450 2416 disputatoria:
2472 2347 2570 2400 arti
2600 2347 2781 2402 tribui.

1805 2439 1894 2495 20.
1941 2437 2006 2492 li.
2049 2438 2185 2507 Quid
2228 2438 2337 2508 ipsa
2368 2439 2746 2506 grammatica?
2776 2454 2950 2494 nonne
2988 2439 3034 2494 si
3062 2455 3186 2495 vera
3216 2445 3324 2506 est,

1736 2547 1802 2588 eo
1833 2548 1951 2586 vera
1981 2543 2064 2588 est
2102 2549 2207 2603 quo
2241 2531 2515 2601 disciplina
2544 2533 2662 2587 est?
2691 2533 2972 2599 Disciplina
3011 2533 3153 2587 enim
3190 2547 3219 2586 a
3246 2533 3330 2587 di-

1737 2625 1937 2679 scendo
1964 2625 2103 2679 dicta
2147 2633 2263 2679 est:
2296 2639 2452 2678 nemo
2477 2633 2654 2679 autem
2685 2640 2804 2696 qua:
2833 2625 3018 2679 didicit
3056 2641 3118 2680 ac
3157 2635 3324 2690 tenet,

1739 2717 1947 2771 nescire
1969 2717 2068 2770 diei
2098 2726 2298 2786 potest;
2319 2727 2370 2771 et
2389 2732 2547 2772 nemo
2563 2719 2663 2772 scit
2679 2718 2830 2773 falsa.
2853 2717 3040 2774 Omnis
3056 2733 3182 2789 ergo
3203 2733 3328 2775 vera

1737 2819 1820 2864 est
1843 2809 1895 2862 di
1926 2809 2141 2879 ciplina.
2173 2809 2236 2863 Α.
2263 2809 2378 2864 Non
2410 2811 2563 2864 video
2589 2809 2804 2881 quidem
2841 2810 2966 2882 quid
3013 2813 3066 2866 in
3107 2813 3202 2867 ista
3237 2827 3328 2867 ra-

1739 2901 1970 2956 tiuncula
2015 2911 2216 2956 temere
2251 2901 2590 2956 concedatur.
2625 2901 2792 2956 Movet
2824 2918 2908 2958 me
2933 2911 3108 2958 tamen
3139 2920 3204 2958 ne
3234 2920 3328 2974 per

1739 2994 1896 3048 istam
1927 2993 2155 3062 cuipiam
2186 2993 2427 3048 videatur
2448 2995 2606 3049 etiam
2634 2993 2748 3048 illas
2771 2993 2975 3050 fabulas
2995 3011 3146 3050 veras
3165 3011 3319 3062 esse;

1739 3101 1861 3140 nam
1891 3094 1944 3141 et
1980 3086 2075 3140 has
2116 3085 2373 3142 discimus
2410 3095 2466 3140 et
2514 3095 2773 3140 tenemus.
2827 3084 2893 3142 Β.
2936 3085 3327 3158 Numquidnam

1742 3178 1991 3247 magister
2021 3186 2200 3231 no~ter
2231 3178 2444 3232 nolebat
2481 3194 2578 3231 nos
2604 3177 2828 3233 credere
2854 3194 2972 3244 quae
2997 3178 3242 3240 ducebat.
3272 3188 3328 3235 et

1741 3269 1938 3325 nosse?
1967 3269 2030 3323 Α.
2060 3269 2170 3325 lmo
2202 3271 2545 3326 vehementer
2573 3279 2631 3324 ut
2670 3284 2950 3326 nossemus
2977 3273 3223 3326 instabat.
3260 3272 3324 3327 fl.

1737 3359 2005 3433 Numquid
2045 3361 2328 3431 aliquando
2366 3362 2555 3418 institit
2583 3371 2642 3417 ut
2673 3361 2941 3418 Da'dalum
2979 3365 3185 3422 volasse
3213 3381 3335 3422 cre—

1739 3454 2025 3510 deremus?
2050 3455 2112 3508 Α.
2144 3455 2256 3510 Hoc
2284 3455 2497 3526 quidem
2543 3472 2834 3527 nunquam.
2884 3455 2990 3513 Sed
3033 3460 3188 3529 plane
3229 3459 3329 3514 nisi

1740 3551 2043 3603 teneremus
2088 3545 2340 3610 fabulam,
2371 3547 2456 3602 vix
2506 3562 2605 3602 nos
2652 3563 2808 3618 posse
2851 3548 3048 3619 aliquid
3084 3550 3328 3606 manibus

1739 3645 1925 3693 tenere
1977 3637 2218 3692 faciebat.
2268 3638 2331 3693 Β.
2362 3638 2444 3692 Tu
2473 3655 2600 3711 ergo
2629 3654 2790 3709 negas
2819 3657 3002 3695 verum
3040 3655 3158 3696 esse
3183 3641 3325 3712 quod

1738 3730 1838 3786 ista
1871 3729 2044 3784 fabula
2069 3731 2159 3797 sit,
2188 3741 2240 3786 et
2270 3731 2409 3801 quod
2433 3731 2501 3785 ita
2524 3733 2593 3786 sit
2615 3732 2857 3786 Dmdalus
2891 3732 3231 3788 diffamatus?
3261 3733 3325 3788 Α.

1739 3823 1854 3880 Hoc
1880 3840 1984 3879 non
2013 3840 2150 3895 nego
2175 3841 2358 3880 verum
2389 3839 2527 3879 esse.
2559 3822 2626 3878 Β.
2671 3824 2785 3879 Non
2815 3839 2978 3898 negas
3005 3840 3134 3895 ergo
3173 3837 3223 3881 te
3251 3827 3334 3880 di—

1744 3915 1941 3974 dieisse
1965 3933 2170 3983 verum,
2194 3933 2312 3972 cum
2336 3919 2434 3973 ista
2459 3917 2730 3974 didiceris.
2755 3917 2885 3973 Nam
2915 3919 2958 3972 si
2987 3920 3192 3973 volasse
3217 3919 3332 3974 [he-

1739 4007 1917 4064 dalum
1946 4026 2128 4064 verum
2151 4020 2254 4072 est,
2281 4009 2453 4063 ethoc
2475 4011 2620 4080 pueri
2652 4026 2743 4080 pro
2771 4011 2889 4064 lieta
2921 4009 3095 4064 fabula
3124 4011 3330 4080 arcipe-

1739 4106 1861 4153 rent
1877 4110 2034 4169 atque
2052 4100 2354 4163 redderent,
2377 4115 2443 4153 eo
2466 4100 2578 4168 ipso
2601 4098 2725 4152 falsa
2749 4099 3057 4160 retinerent,
3080 4113 3184 4170 quo
3206 4113 3329 4155 vera

1741 4202 1920 4246 easent
1946 4191 2031 4244 illa
2051 4208 2168 4262 quzu
2188 4190 2488 4246 redderent.
2518 4192 2648 4246 lliue
2664 4193 2804 4246 enim
2825 4190 3026 4245 exstitit
3045 4191 3168 4244 illud
3187 4193 3328 4260 quod

1739 4281 1984 4352 superius
2013 4281 2355 4348 mirabamur,
2388 4281 2455 4337 de
2477 4282 2650 4337 volatu
2685 4281 2876 4336 D.rdali
2902 4296 3074 4336 veram
3101 4282 3328 4339 fabu'am

1739 4385 1859 4427 case
1885 4388 1991 4427 non
2023 4373 2274 4442 potuisse,
2308 4373 2408 4427 nisi
2443 4372 2710 4427 Dzedalum
2734 4373 2940 4427 volasse
2958 4372 3328 4428 falsumeSs-et.

1739 4460 1807 4517 Α.
1846 4464 1963 4519 Jam
1992 4472 2148 4519 teneo
2179 4464 2349 4528 istud;
2378 4464 2470 4518 sed
2500 4463 2625 4534 quid
2664 4480 2728 4519 ex
2768 4477 2834 4518 eo
2862 4465 3197 4534 proficiamus
3234 4481 3330 4521 ex-

1739 4565 1941 4625 specto.
1979 4555 2023 4610 Ii
2073 4554 2228 4623 Quid.
2255 4555 2355 4612 nisi
2388 4571 2494 4610 non
2520 4571 2636 4609 esse
2663 4553 2848 4610 falsam
2881 4556 3023 4610 illam
3050 4559 3329 4626 rationein,

1739 4659 1841 4716 qua
1858 4646 2168 4716 collegimus
2192 4644 2547 4714 disciplinam,
2583 4646 2679 4700 nisi
2710 4661 2831 4700 vera
2859 4646 3067 4710 doceat,
3097 4648 3333 4720 discipli-

1739 4751 1862 4791 nam
1889 4751 2009 4792 esse
2031 4752 2137 4790 non
2166 4735 2359 4806 pussei
2383 4736 2446 4790 Α.
2478 4737 2544 4790 Et
2569 4735 2672 4792 hoc
2693 4738 2817 4808 quid
2844 4740 2908 4792 ad
2929 4739 3079 4793 rem?
3114 4740 3175 4792 Il.
3199 4743 3333 4808 Quia

1739 4829 1861 4882 volo
1888 4829 2034 4882 dicas
2057 4827 2184 4883 mihi
2214 4827 2352 4883 unde
2378 4830 2446 4883 sit
2481 4828 2755 4899 disciplina
2794 4817 3174 4903 grammatica:
3210 4835 3332 4894 inde

1739 4921 1884 4976 enim
1907 4936 2030 4974 vera
2057 4931 2160 4986 est,
2195 4920 2332 4974 unde
2362 4921 2639 4990 disciplina
2661 4931 2762 4976 est.
2787 4922 2848 4976 Α.
2873 4921 3066 4979 Nescio
3091 4925 3215 4996 quid
3240 4931 3334 4982 tilii

1706 5016 1708 5019 ’
1738 5014 2111 5084 respondeam.
2146 5013 2212 5068 Il.
2243 5011 2431 5070 Nonne
2459 5015 2548 5068 tibi
2581 5014 2805 5081 videtur,
2844 5017 2886 5070 si
2916 5019 3046 5072 nihil
3075 5020 3125 5074 in
3153 5037 3213 5073 ea
3235 5022 3332 5077 dc-

1738 5107 1944 5162 liuitum
1975 5116 2136 5170 esset,
2167 5115 2219 5160 et
2250 5104 2382 5160 nihil
2411 5106 2461 5159 in
2488 5121 2682 5177 genera
2707 5116 2760 5162 et
2786 5118 2966 5179 partes
2993 5110 3332 5167 distributum

1738 5210 1899 5270 atque
1923 5198 2253 5262 distinctum,
2296 5215 2412 5252 eam
2460 5200 2604 5252 nullo
2644 5202 2803 5254 modo
2843 5201 3174 5272 disciplinam
3212 5220 3334 5260 esse

1739 5291 2012 5360 potuisse?
2043 5290 2106 5343 Α.
2157 5289 2274 5345 lam
2318 5289 2559 5362 intelligo
2586 5291 2709 5361 quid
2740 5293 2912 5352 dicas:
2947 5311 3044 5350 nec
3075 5295 3174 5349 ulla
3205 5296 3330 5348 mihi

1737 5383 1971 5438 occurrit
2007 5381 2244 5453 cujusvis
2273 5382 2437 5439 facies
2466 5382 2784 5452 disciplinw,
2815 5385 2866 5439 in
2896 5400 2997 5454 qua
3027 5399 3127 5438 noo
3153 5383 3332 5438 delini-

1737 5473 1914 5531 tioncs
1936 5489 2000 5530 ac
2025 5474 2314 5530 divisiones
2336 5483 2389 5528 et
2411 5474 2864 5540 ratiocinationes,
2888 5475 3012 5528 dum
3035 5472 3158 5542 quid
3186 5473 3332 5541 quid-

1738 5581 1844 5638 que
1868 5566 1934 5622 sit
1966 5565 2288 5630 declaratur,
2316 5561 2443 5620 dum
2486 5565 2603 5621 sine
2641 5564 2948 5620 confusione
2976 5563 3201 5634 partium
3235 5579 3330 5619 sua

1739 5662 1930 5731 cuique
1952 5660 2266 5723 redduntur,
2287 5659 2412 5714 dum
2440 5659 2568 5712 nihil
2591 5656 3009 5726 pnetermittitur
3034 5655 3324 5723 proprium,

1738 5753 1870 5812 nihil
1898 5763 2281 5808 annumeratur
2308 5753 2560 5815 alienum,
2591 5759 2755 5806 totum
2785 5749 2885 5802 hoe
2911 5748 3082 5815 ipsum
3111 5763 3217 5816 quo
3243 5750 3325 5804 di-

1741 5846 1962 5918 sciplina
1986 5843 2178 5901 dicitur
2205 5845 2425 5916 egerint.
2453 5844 2522 5901 Β.
2551 5843 2693 5915 Ergo
2733 5849 2787 5898 et
2813 5850 2979 5898 totum
3016 5840 3190 5912 ipsum
3217 5855 3328 5924 quo
