3880 6410
623 479 729 539 895

584 592 589 597 ’
625 611 751 653 vera
772 593 986 652 dicitur.
1017 592 1079 649 Α.
1104 590 1272 648 Video
1300 587 1578 661 consequi.

696 688 789 745 2|.
831 688 897 745 Β.
924 686 1208 758 Responde
1235 699 1377 742 nunc
1401 699 1519 755 quae
1540 680 1814 753 disciplina
1836 676 2105 734 contineat
2123 672 2217 728 dc-

627 780 947 845 Iinitionum,
987 778 1328 845 divisionum,
1377 774 1824 846 partitionumqne
1865 770 2112 824 rationes.
2147 764 2211 820 Α.

622 873 742 932 Jam
770 874 1014 945 superius
1052 872 1250 928 dictant
1281 880 1362 926 est
1389 870 1505 926 htee
1527 866 1829 939 disputandi
1858 864 2054 937 regulis
2079 878 2212 917 con-

624 965 801 1022 tineri.
859 966 927 1025 R.
974 966 1326 1024 Grannnatica
1360 964 1517 1036 igitur
1541 963 1728 1020 eadem
1760 972 1874 1016 arte
1901 967 2075 1015 creata
2107 966 2210 1021 est,

628 1067 689 1115 ut
709 1057 1010 1129 disciplina,
1034 1068 1084 1113 et
1113 1067 1170 1113 ut
1192 1074 1316 1113 vera
1342 1067 1506 1123 esset,
1536 1070 1654 1126 quae
1672 1064 1753 1110 est
1780 1051 1874 1106 abs
1895 1062 1945 1106 te
1969 1049 2214 1120 superius

621 1170 655 1212 ι
682 1153 911 1210 falsitate
926 1152 1165 1211 defensa.
1192 1151 1344 1221 Quod
1369 1166 1474 1207 non
1500 1150 1569 1206 de
1594 1165 1696 1203 una
1721 1146 2063 1220 grammatici
2082 1142 2212 1198 mibi

624 1246 755 1302 licet
785 1244 1124 1312 concludere,
1151 1244 1244 1301 sed
1279 1257 1495 1313 prorsus
1523 1242 1589 1297 de
1624 1239 1869 1295 omnibus
1897 1234 2208 1306 disciplinis.

625 1337 760 1396 Nam
800 1337 998 1404 dixisti,
1029 1354 1261 1408 vereque
1289 1336 1491 1401 dixisti,
1523 1336 1717 1390 nullam
1743 1333 2076 1402 disciplinam
2119 1329 2212 1385 tibi

625 1447 931 1502 occurrere,
962 1435 1014 1489 in
1035 1450 1136 1505 qua
1157 1450 1260 1488 non
1280 1431 1565 1488 definiendi
1581 1431 1669 1502 jus
1684 1440 1843 1500 atque
1859 1425 2213 1482 distribucndi

598 1524 875 1598 ,idipsum,
906 1536 962 1582 ut
987 1527 1262 1596 disciplina
1288 1526 1374 1581 sit.
1409 1526 1613 1580 iecerit.
1638 1524 1724 1588 At,
1754 1521 1797 1575 si
1828 1536 1894 1575 eo
1921 1536 2060 1574 verte
2088 1525 2213 1572 sunt

621 1633 730 1690 quo
766 1626 890 1675 sunt
927 1618 1244 1689 disciplina},
1288 1617 1569 1686 negabitne
1607 1613 1890 1685 quispiam,
1934 1610 2210 1666 veritatem

622 1710 791 1783 ipsam
822 1725 941 1766 esse
971 1726 1065 1781 per
1089 1726 1247 1783 quam
1278 1724 1464 1763 omnes
1491 1724 1628 1762 verae
1649 1713 1774 1760 sunt
1801 1700 2209 1772 disciplin:e?A.

624 1804 798 1877 Prope
821 1812 907 1860 est
934 1804 1152 1860 omnino
1181 1812 1239 1857 ut
1259 1802 1552 1859 assrntiar:
1582 1798 1674 1854 sed
1717 1796 1843 1853 illud
1887 1811 1972 1850 me
2012 1800 2207 1858 movet,

621 1897 761 1968 quod
792 1897 950 1950 etiam
993 1896 1253 1952 rationem
1294 1892 1597 1965 disputandi
1628 1891 1766 1946 inter
1794 1888 2008 1944 easdem
2047 1887 2211 1942 disci-

624 1985 797 2055 plinas
834 2001 1194 2057 numeramus.
1225 1986 1400 2053 Quare
1439 1983 1581 2038 illam
1620 1982 1792 2052 potius
1818 1980 2066 2035 existimo
2094 1993 2212 2034 esse

627 2076 926 2143 veritatem,
959 2092 1059 2148 qua
1086 2086 1139 2134 et
1178 2077 1276 2131 ista
1306 2076 1416 2146 ipsa
1447 2074 1583 2130 ratio
1609 2089 1732 2129 vera
1759 2081 1862 2128 est.
1892 2070 1958 2127 R.
2005 2070 2215 2143 Optime

628 2170 845 2224 omnino
882 2184 947 2226 ac
976 2169 1378 2241 vigilantissime
1410 2184 1425 2220 :
1454 2166 1548 2222 sed
1579 2181 1684 2221 non
1712 2180 1893 2236 negas,
1918 2172 1974 2218 ut
2000 2165 2210 2234 Opinor,

624 2276 692 2317 eo
721 2276 898 2318 veram
926 2275 1047 2317 esse
1071 2275 1178 2332 quo
1210 2258 1488 2330 disciplina
1509 2267 1611 2314 est.
1641 2259 1704 2312 A.
1740 2256 1850 2312 lmo
1876 2256 2102 2326 idipsum
2131 2264 2215 2312 est

622 2353 767 2425 quod
786 2369 873 2409 me
893 2364 1089 2408 movet.
1120 2353 1337 2408 Adverti
1362 2353 1505 2408 enim
1526 2352 1686 2407 etiam
1711 2350 2045 2420 disciplinam
2068 2366 2210 2416 esse,

623 2455 678 2502 et
696 2445 767 2499 ob
793 2444 893 2500 hoc
916 2460 1097 2499 veram
1116 2443 1243 2499 dici.
1266 2444 1337 2500 Β.
1359 2442 1495 2512 Quid
1517 2441 1680 2513 ergo?
1706 2442 1859 2496 istam
1887 2450 2042 2510 putas
2062 2442 2217 2496 aliter

625 2538 961 2608 disciplinam
986 2552 1106 2593 esse
1121 2538 1377 2608 potuisse,
1398 2536 1499 2591 nisi
1524 2534 1700 2591 omnia
1729 2535 1781 2589 in
1801 2550 1863 2590 ea
1890 2534 2105 2591 delinita
2130 2549 2218 2590 cs-

627 2642 748 2685 scnt
769 2640 820 2686 et
849 2629 1163 2685 distributa?
1189 2630 1254 2684 Α.
1295 2628 1437 2684 Niitil
1474 2628 1615 2684 aliud
1648 2626 1818 2682 habeo
1841 2626 1984 2698 quod
2013 2626 2211 2684 dicam.

628 2720 697 2776 Ιί-
729 2722 819 2786 Αι,
845 2721 889 2776 si
913 2721 980 2775 ad
1011 2736 1131 2776 eam
1169 2721 1400 2792 pertinet
1438 2719 1540 2775 hoc
1572 2717 1828 2783 ofﬁcium,
1863 2732 1957 2787 per
1983 2720 2215 2789 seipsam

628 2814 905 2884 disciplina
927 2830 1051 2869 vera
1076 2823 1176 2870 est.
1203 2815 1566 2884 Quisquamne
1589 2812 1749 2883 igitur
1771 2812 1964 2867 mirum
1988 2811 2213 2882 putabit,

625 2906 670 2961 si
692 2922 754 2961 ea
780 2922 881 2978 qua
909 2922 1030 2963 vera
1054 2915 1179 2962 sunt
1196 2907 1395 2971 omnia,
1416 2922 1508 2976 per
1531 2924 1590 2961 se
1614 2906 1725 2974 ipsa
1746 2914 1799 2961 et
1822 2903 1873 2960 in
1895 2904 2070 2975 seipse
2092 2919 2215 2959 vera

626 3002 696 3057 sit
722 3002 914 3062 veritas
937 3003 993 3056 ‘?
1022 3003 1084 3056 Α.
1113 3001 1255 3059 Nihil
1279 3003 1407 3059 mihi
1433 3003 1611 3059 obstat
1631 3003 1913 3073 quominus
1936 3009 2081 3057 recta
2098 3015 2218 3072 per-

626 3109 745 3163 gam
774 3093 826 3148 in
850 3095 1000 3151 istam
1028 3095 1366 3150 sententiam.
1994 3087 1998 3091 ’

726 3184 952 3241 CAPUT
992 3184 1107 3240 XII.
1124 3215 1195 3226 —
1218 3185 1349 3251 Quot
1370 3185 1534 3239 modis
1561 3184 1793 3254 quaedam
1816 3182 1917 3238 sint
1943 3182 1998 3237 in
2021 3183 2142 3238 alio.

700 3274 786 3329 22.
837 3275 901 3330 ιι.
944 3274 1087 3344 Ergo
1114 3275 1332 3329 attende
1360 3289 1522 3343 parma
1544 3290 1663 3345 quze
1692 3282 1911 3327 restant.
1940 3274 2001 3326 Α.
2033 3271 2218 3328 Profer

627 3365 671 3419 si
694 3363 819 3434 quid
847 3364 1029 3429 babes,
1058 3365 1217 3418 modo
1244 3364 1347 3419 tale
1372 3366 1439 3419 sit
1466 3365 1604 3435 quod
1627 3365 1936 3433 intelligam,
1966 3365 2212 3423 libenter-

626 3471 733 3525 que
759 3455 1067 3510 concedam.
1123 3456 1188 3511 R.
1235 3456 1368 3511 Esse
1406 3456 1607 3526 aliquid
1655 3455 1711 3512 in
1752 3457 1951 3526 aliquo,
1983 3473 2089 3513 non
2118 3473 2217 3513 nos

628 3544 762 3612 fugit
781 3544 989 3601 duobus
1014 3546 1186 3621 modis
1213 3545 1337 3602 dici.
1367 3544 1486 3603 Uno
1510 3562 1615 3616 quo
1644 3546 1712 3602 ita
1742 3554 1844 3614 est,
1875 3548 2109 3602 utetiam
2132 3563 2219 3604 se-

622 3636 773 3708 jnngi
802 3644 962 3702 atque
1000 3636 1122 3692 alibi
1164 3652 1285 3693 esse
1330 3637 1517 3707 possit,
1562 3646 1620 3692 ut
1661 3637 1761 3693 ltoc
1797 3637 1998 3708 lignum
2031 3637 2083 3693 in
2116 3637 2218 3694 ltoc

634 3728 772 3788 loco.
805 3736 862 3783 ut
884 3727 967 3784 sol
1003 3727 1055 3783 in
1081 3729 1323 3785 oriente:
1351 3728 1523 3785 altero
1553 3738 1730 3786 autem
1762 3746 1867 3801 quo
1895 3729 1968 3786 ita
2006 3738 2089 3786 est
2114 3731 2215 3786 ali-

629 3820 756 3891 quid
785 3820 836 3876 in
864 3821 1126 3889 subjecto,
1161 3830 1216 3877 ut
1238 3822 1306 3876 ab
1331 3838 1398 3878 eo
1430 3832 1657 3893 nequeat
1682 3824 1940 3895 separari,
1965 3835 2022 3878 ut
2042 3824 2093 3879 in
2116 3823 2218 3881 hoc

568 3956 573 3961 .
629 3910 771 3980 ligno
803 3910 968 3965 forma
996 3920 1050 3966 ct
1071 3912 1278 3981 species
1310 3928 1468 3983 quam
1503 3913 1763 3978 videmus,
1796 3923 1853 3968 ut
1880 3913 1932 3968 in
1958 3914 2074 3969 sole
2102 3914 2214 3981 Ius,

630 4013 684 4056 ut
713 4002 762 4056 in
794 4003 914 4073 igne
941 4002 1103 4067 calor,
1131 4013 1186 4059 ut
1213 4004 1264 4057 in
1290 4005 1471 4058 animo
1490 4004 1789 4073 disciplina,
1818 4014 1873 4062 et
1898 4006 1942 4059 si
1971 4022 2071 4075 qua
2092 4015 2218 4062 sunt

625 4094 727 4148 alia
758 4095 969 4152 similia.
1004 4097 1084 4151 An
1114 4097 1204 4151 tibi
1235 4097 1389 4152 aliter
1417 4097 1659 4153 videtur?
1683 4098 1744 4152 Α.
1776 4097 1879 4153 Ista
1900 4101 2113 4171 quidem
2132 4116 2215 4157 ve-

628 4190 921 4244 tustissima
951 4198 1074 4245 sunt
1103 4190 1277 4254 nobis,
1307 4198 1361 4244 et
1385 4190 1452 4244 ab
1475 4191 1692 4246 ineunte
1711 4190 2068 4246 adulescentia
2098 4202 2215 4246 stu-

627 4278 930 4334 diosissime
968 4292 1214 4350 percepta
1241 4288 1295 4334 et
1323 4281 1530 4351 cognita
1554 4299 1567 4335 :
1596 4296 1762 4352 quare
1782 4296 1888 4336 non
1912 4295 2128 4353 possunt
2148 4281 2217 4338 de

628 4369 710 4426 his
737 4371 1112 4442 interrogatus,
1144 4372 1270 4443 quin
1298 4387 1360 4426 ea
1390 4372 1505 4427 sine
1544 4372 1649 4427 ulla
1680 4371 2061 4428 deliberatione
2085 4387 2215 4430 eon-

626 4464 832 4517 cedam.
867 4461 934 4517 Β.
963 4463 1098 4531 Quid
1127 4462 1290 4519 illud?
1327 4480 1502 4518 nonne
1528 4463 1797 4528 cencedis,
1838 4463 1980 4534 quod
2007 4465 2058 4519 in
2089 4464 2217 4519 sub-

624 4554 765 4625 jecto
794 4564 877 4609 est
906 4555 1346 4627 inseparabiliter,
1375 4555 1417 4610 si
1447 4553 1745 4625 subjectum
1776 4557 1949 4627 ipsum
1972 4571 2076 4611 non
2104 4572 2218 4613 rna-

627 4656 768 4708 neat,
793 4661 1010 4701 manere
1032 4664 1137 4703 non
1167 4649 1358 4716 posse?
1380 4650 1442 4704 Α.
1469 4649 1579 4705 Hoc
1606 4664 1818 4721 quoque
1846 4650 2002 4706 video
2032 4665 2218 4708 neces-

626 4740 852 4813 sarium;
907 4753 1028 4791 nam
1077 4748 1326 4795 manente
1366 4740 1626 4810 subjecto,
1681 4756 1837 4812 posse
1882 4741 1934 4796 id
1977 4741 2120 4813 quod
2161 4742 2213 4797 in

626 4811 866 4895 subjecto
892 4838 975 4881 cst
1000 4844 1104 4883 non
1133 4846 1369 4895 manere,
1404 4833 1646 4904 quisquis
1681 4811 1964 4904 diligenter
1997 4811 2086 4889 res
2123 4834 2214 4888 ad—

628 4919 807 4983 vertit,
839 4918 1100 4990 intelligit.
1125 4919 1397 4993 Siquidem
1422 4924 1577 4993 hujus
1601 4925 1842 4995 corporis
1868 4925 2018 4982 color
2043 4935 2216 4996 potest

628 5008 708 5061 vel
732 5008 1049 5065 valetudinis
1069 5011 1272 5069 ratione
1298 5014 1381 5070 vel
1404 5024 1561 5070 aetate
1587 5016 1878 5082 immutari,
1899 5031 2021 5072 cum
2038 5016 2210 5089 ipsum

626 5111 823 5168 corpus
871 5100 1094 5157 necdum
1139 5103 1416 5161 interierit.
1459 5106 1528 5162 Et
1570 5106 1674 5163 hoc
1717 5122 1823 5163 non
1872 5124 2120 5179 peraeque
2160 5111 2214 5165 in

629 5190 879 5248 omnibus
904 5192 1062 5262 valet,
1091 5197 1185 5253 sed
1215 5200 1270 5253 in
1299 5198 1380 5253 bis
1407 5200 1458 5254 in
1488 5200 1701 5271 quibus,
1734 5216 1841 5256 non
1872 5211 1929 5258 ut
1954 5204 2063 5258 sint
2100 5202 2215 5273 ipsa

628 5281 888 5354 subjecta,
934 5299 996 5341 ea
1042 5304 1161 5358 qua:
1209 5290 1261 5344 in
1308 5291 1561 5361 subjectis
1587 5300 1714 5347 sunt
1737 5294 2058 5349 coexistunt.
2097 5293 2213 5350 Non

625 5373 770 5429 ettim
802 5383 858 5430 ut
882 5377 946 5432 sit
980 5377 1081 5435 iste
1108 5379 1303 5449 paries,
1336 5381 1514 5451 paries
1541 5387 1641 5437 hoc
1664 5383 1844 5438 colore
1873 5383 1950 5451 fit,
1978 5399 2135 5455 quem
2164 5386 2214 5442 in

628 5480 695 5520 eo
726 5466 998 5533 videmus;
1034 5484 1155 5524 eum
1182 5472 1341 5525 etiam
1366 5472 1410 5526 si
1438 5487 1545 5542 quo
1569 5487 1696 5527 casu
1727 5472 1991 5544 nigrescat
2012 5483 2104 5529 aut
2135 5476 2216 5531 al-

632 5556 832 5626 bescat,
846 5560 943 5627 vel
964 5562 1193 5632 aliquem
1214 5563 1375 5618 alium
1399 5571 1567 5619 mutet
1585 5564 1841 5630 colorem,
1870 5565 2218 5625 nihilominus

633 5662 814 5710 tamen
843 5664 1059 5711 maneat
1086 5656 1262 5727 paries
1286 5670 1347 5711 ac
1373 5655 1598 5712 dicatur.
1632 5659 1699 5712 At
1735 5674 1863 5714 vero
1897 5660 2033 5732 ignis
2057 5662 2099 5717 si
2124 5677 2215 5718 ca-

621 5849 1221 5963 ςθωῦρεϐυεναεαπᾴεὶα
1249 5849 1358 5921 ἀρεὰ
1385 5853 1451 5909 sit
1480 5849 1672 5910 υένίιαε,
1694 5849 1847 5910 ε-είο
1878 5849 2218 5914 Μὶῇηᾶ

1050 5805 1053 5806 ν
1088 5721 1104 5727 ’
1412 5798 1424 5806 _
1583 5794 1596 5806 _
1914 5721 1944 5732 ⁷
2018 5802 2027 5806 Δ
2175 5798 2189 5806 _
2323 5731 2621 5802 disciplina.
2654 5731 2885 5790 Necesse
2908 5742 2992 5789 est
3016 5733 3175 5805 ip'tur
3208 5745 3408 5800 semper
3432 5735 3482 5782 ut

691 5791 802 5861 ﬁsic
811 5798 917 5843 uss.
932 5796 991 5842 At
1005 5798 1134 5844 tam:
1144 5792 1326 5861 pirum
1338 5791 1541 5861 putabit,
1551 5794 1596 5861 si
1608 5807 1668 5847 ea
1682 5802 2044 5861 maerorum,
2058 5798 2219 5853 omnia

1749 460 2301 533 SOLILOQUIORUM
2339 460 2396 518 S.
2437 461 2805 523 AUGUSTINI
3200 499 3205 503 η
3722 479 3802 540 εκ

2326 577 2437 632 lere
2458 588 2659 643 careat.
2689 594 2756 635 ne
2776 579 2917 650 ignis
2943 580 3154 652 quidem
3181 583 3307 650 erit;
3343 600 3435 643 nec
3464 588 3616 647 nivem
3636 607 3801 668 vocare,

2322 672 2423 727 nisi
2447 673 2749 739 candidam,
2785 690 3085 744 possumus.

2414 763 2642 822 CAPUT
2682 764 2820 821 XIII.
2836 796 2909 809 ε-
2932 765 3291 827 Immortalitos
3316 774 3487 830 animi:
3508 776 3733 849 colligitur.

2390 855 2481 910 23.
2525 854 2653 911 Illud
2687 873 2814 913 vero
2857 858 2996 928 quod
3027 860 3374 933 interrogasti,
3402 865 3509 936 quis
3531 874 3799 941 concesserit,

2319 956 2411 1001 aut
2434 947 2519 1002 cui
2552 963 2706 1017 posse
2735 949 2848 1004 fieri
2887 950 3143 1019 videatur,
3193 963 3251 1008 ut
3290 954 3339 1008 id
3379 956 3507 1026 quod
3543 957 3587 1012 in
3624 961 3801 1031 subjecto

2320 1046 2423 1105 est,
2472 1050 2685 1095 maneat
2727 1042 2842 1111 ipso
2872 1043 3167 1099 intereante
3209 1046 3469 1115 subjecto?
3494 1049 3801 1112 Monstruosmu

2319 1132 2459 1187 enim
2487 1143 2541 1189 et
2568 1150 2599 1189 a
2629 1134 2848 1191 veritate
2890 1136 3272 1193 alienissimum
3315 1149 3410 1207 est,
3449 1150 3502 1195 ut
3523 1141 3569 1197 id
3594 1145 3705 1215 quod
3722 1162 3797 1204 non

2319 1237 2461 1282 esset
2488 1228 2586 1282 nisi
2616 1228 2669 1283 in
2714 1230 2828 1299 ipso
2871 1239 3035 1296 esset,
3067 1232 3225 1287 etiam
3253 1248 3367 1287 eum
3403 1234 3558 1304 ipsum
3584 1253 3669 1292 non
3693 1239 3801 1297 fuerit

2320 1317 2489 1387 possit
2515 1333 2652 1374 esse.
2681 1320 2749 1375 Β.
2780 1320 2912 1375 Illud
2941 1321 3101 1391 igitur
3123 1321 3264 1393 quod
3304 1326 3638 1394 qurerebamus
3668 1329 3802 1386 inven-

2322 1416 2430 1462 tum
2458 1418 2558 1464 est.
2592 1410 2653 1464 .4.
2680 1410 2817 1479 Quid
2843 1413 3064 1470 narras?
3088 1412 3158 1468 R.
3187 1413 3241 1468 Id
3261 1416 3395 1486 quod
3418 1418 3572 1474 audis.
3596 1419 3648 1473 Α.
3669 1421 3821 1480 Iamne

2319 1514 2447 1570 ergo
2468 1501 2666 1572 liquido
2686 1511 2898 1559 constat
2925 1504 3160 1559 animum
3189 1520 3308 1562 esse
3340 1507 3679 1566 immortalem?
3694 1512 3742 1567 li.
3764 1514 3821 1570 Si

2319 1608 2380 1647 ea
2402 1608 2521 1664 qua:
2545 1596 2855 1652 concessisti
2895 1611 3021 1655 vera
3061 1598 3191 1663 sint,
3234 1599 3585 1670 liquidissime:
3612 1604 3691 1659 nisi
3710 1606 3805 1663 forte

2319 1684 2553 1739 animum
2572 1684 2723 1751 dicis,
2743 1687 2949 1743 etiamsi
2968 1689 3244 1755 moriatur,
3267 1691 3489 1747 animum
3506 1708 3623 1749 esse.
3642 1696 3690 1748 Α.
3704 1695 3807 1752 Nun—

2319 1789 2478 1845 quam
2504 1776 2752 1845 equidem
2784 1777 2884 1833 boc
2911 1779 3174 1845 dixerim;
3203 1780 3295 1835 sed
3320 1796 3383 1836 eo
3407 1782 3511 1853 ipso
3548 1800 3636 1856 quo
3660 1786 3803 1855 interit,

2322 1865 2435 1920 ﬁeri
2463 1876 2519 1921 ut
2544 1868 2757 1923 animus
2785 1885 2889 1923 non
2917 1870 3006 1935 sit,
3042 1869 3183 1925 dico.
3207 1870 3314 1927 Nec
3333 1887 3414 1928 me
3437 1874 3600 1929 abbae
3614 1879 3805 1932 sententia

2320 1969 2559 2025 revocat,
2590 1960 2733 2030 quod
2764 1976 2791 2013 ιι
2825 1961 3030 2032 magnis
3059 1962 3382 2033 philosophis
3409 1964 3586 2022 dictum
3623 1978 3702 2032 est,
3721 1984 3803 2025 eam

2321 2064 2433 2104 rem
2458 2065 2595 2120 qum,
2619 2065 2956 2122 quocumque
2981 2054 3209 2118 venerit,
3238 2054 3390 2109 vitam
3414 2066 3620 2127 prastat,
3642 2070 3821 2125 mortem,

2321 2139 2375 2195 in
2404 2157 2464 2197 se
2492 2143 2773 2199 admittere
2802 2159 2907 2200 non
2937 2160 3112 2215 posse.
3148 2147 3394 2213 Quamvis
3411 2149 3539 2203 enim
3556 2149 3698 2205 lumen
3712 2134 3821 2221 quo-i

2321 2247 2548 2305 cumque
2577 2234 2776 2290 intrare
2802 2237 3053 2305 potuerit,
3078 2236 3240 2293 faciat
3265 2238 3316 2293 id
3338 2239 3519 2302 lucere,
3538 2220 3821 2313 tenebrasque}

2320 2324 2461 2381 inse
2485 2335 2705 2396 propter
2733 2328 3137 2385 memorabilem
3187 2329 3330 2407 illam
3373 2332 3470 2386 vim
3507 2333 3821 2391 contrarioruzu‘

2322 2433 2430 2474 non
2474 2419 2640 2489 possit
2683 2419 2996 2485 admittere;
3046 2430 3224 2477 tamen
3256 2423 3597 2493 exstinguitur,
3620 2425 3821 2494 locusque}

2322 2511 2412 2566 ille
2436 2513 2700 2567 exstincto
2727 2513 2925 2567 lumine
2954 2513 3283 2569 tenebratur.
3313 2514 3383 2569 Ita
3406 2513 3522 2571 illud
3556 2522 3668 2586 quod
3698 2523 3821 2575 ιειιεη

2322 2605 2432 2660 bris
2459 2605 2761 2672 resistebat,
2795 2621 2966 2676 neque
2996 2606 3108 2661 ullo
3136 2606 3298 2663 modo
3338 2608 3389 2662 in
3432 2622 3485 2662 se
3521 2607 3714 2663 tenebras
3733 2607 3821 2685 aii-1

2322 2696 2487 2763 misit,
2516 2707 2571 2753 et
2613 2698 2691 2753 sic
2729 2698 2808 2753 eis
2838 2698 3157 2754 intereundo
3202 2699 3375 2754 locum
3414 2698 3541 2766 fecit,
3576 2708 3623 2753 ut
3655 2698 3821 2769 poterat’

2322 2789 2481 2844 etiam
2511 2788 2853 2845 discedendo.
2889 2789 3067 2861 Itaque
3096 2791 3264 2847 timeo
3289 2807 3355 2847 ne
3378 2805 3508 2846 mors
3532 2792 3590 2846 ita
3605 2780 3821 2858 coiitingat‘

2322 2881 2553 2951 corpori,
2579 2889 2631 2936 ut
2660 2881 2891 2936 tenebrae
2918 2881 3057 2945 loco,
3088 2882 3375 2954 aliquando
3395 2881 3653 2939 discedente
3673 2881 3796 2933 animo

2323 2981 2380 3025 ut
2409 2972 2630 3038 lumine,
2657 2974 2940 3043 aliquando
2972 2983 3155 3030 autem
3189 2974 3379 3030 ibidem
3407 2974 3650 3035 exstincto;
3669 2982 3709 3025 ut
3717 2971 3798 3041 jam

2325 3082 2429 3120 non
2457 3065 2523 3121 de
2552 3067 2697 3121 omni
2724 3076 2895 3120 tnorte
2915 3068 3162 3137 corporis
3188 3068 3440 3123 securitas
3460 3065 3534 3129 sit,
3558 3060 3795 3132 sedatiquod

2324 3172 2493 3227 genus
2521 3157 2708 3211 mortis
2729 3146 2801 3211 sit
2825 3157 3142 3227 optandum,
3173 3174 3281 3229 quo
3306 3159 3470 3213 anima
3491 3173 3539 3212 ex
3554 3170 3719 3225 corpore
3736 3156 3798 3207 iu-

2324 3248 2551 3302 columis
2579 3246 2854 3311 educatur,
2888 3249 3317 3319 perduraturque
3342 3250 3407 3305 ad
3430 3249 3588 3313 locum,
3603 3246 3639 3300 si
3657 3253 3719 3299 est
3737 3244 3801 3297 ul-

2323 3337 2408 3392 lus
2433 3338 2552 3392 talis
2580 3338 2747 3405 locus,
2768 3338 2853 3393 ubi
2873 3355 2976 3394 non
3001 3340 3170 3409 possit
3195 3342 3467 3411 exstingui.
3486 3343 3586 3404 Aut,
3606 3337 3641 3391 si
3659 3351 3709 3390 ne
3729 3335 3800 3388 Inc
3820 3380 3821 3411 ἦ

2323 3428 2535 3499 quidem
2566 3439 2758 3498 potest,
2782 3439 2940 3501 atque
2964 3432 3014 3486 in
3045 3431 3166 3502 ipso
3193 3448 3416 3503 corpore
3440 3432 3587 3486 anima
3611 3426 3724 3500 quasi
3742 3426 3799 3478 lu-

2324 3538 2446 3577 men
2485 3524 2811 3590 accenditur,
2860 3538 2960 3581 nec
3000 3525 3129 3581 alibi
3180 3535 3352 3596 potest
3377 3525 3566 3590 durare,
3600 3520 3821 3599 annosque}

2324 3630 2471 3670 mors
2498 3625 2579 3671 est
2620 3616 2904 3672 exstinctio
2943 3616 3189 3688 quaedam
3233 3617 3420 3673 animm
3461 3618 3506 3671 in
3546 3628 3718 3683 corpore
3745 3610 3821 3688 rei;

2322 3711 2479 3775 νὶιωῖ
2505 3711 2717 3782 aliquod
2747 3727 2916 3783 genus
2935 3712 3246 3783 eligendum
3272 3721 3353 3768 est
3370 3720 3593 3782 quantum
3615 3707 3732 3761 homo
3748 3704 3798 3756 sic

2322 3804 2486 3869 nitur,
2531 3821 2637 3874 quo
2668 3805 2895 3875 idipsum
2940 3805 3085 3876 quod
3124 3807 3341 3871 vivitur,
3386 3819 3497 3862 cum
3522 3800 3739 3856 securitate
3758 3798 3821 3876 aut

2323 3897 2702 3967 tranquillitate
2760 3898 2998 3965 \ivatur,
3051 3915 3355 3971 quanquam
3400 3895 3559 3953 nescio
3610 3888 3798 3961 quomodo

2323 3987 2462 4043 ismd
2492 3989 2658 4057 possit
2688 3988 2800 4044 ﬁeri
2831 3990 2874 4045 si
2911 3990 3087 4044 anima
3114 3991 3357 4045 moritur.
3381 3988 3424 4046 Ο
3448 3987 3637 4043 multum
3658 3984 3797 4042 b62105.

2322 4080 2513 4148 quibus
2534 4081 2646 4135 sive
2674 4082 2741 4135 ab
2780 4081 2928 4151 ipsis,
2956 4082 3069 4137 sive
3092 4081 3193 4138 abs
3222 4082 3467 4153 quolibet,
3496 4094 3586 4135 non
3608 4090 3700 4132 esse
3722 4087 3798 4126 mc-

2322 4171 2570 4227 tuendam
2598 4182 2845 4237 mortem,
2883 4174 3090 4228 etiamsi
3121 4175 3297 4229 anima
3326 4174 3551 4237 intereat,
3577 4175 3796 4239 persuasum

2321 4263 2432 4318 est!
2466 4264 2534 4318 At
2564 4262 2691 4317 milii
2720 4265 2915 4319 misero
2952 4265 3114 4321 nulla:
3152 4265 3327 4322 adhuc
3350 4264 3581 4329 rationes,
3600 4258 3699 4316 nulli
3719 4250 3797 4309 libn'

2323 4354 2646 4422 persuadere
2682 4362 2984 4422 potuerunt.
3520 4346 3526 4351 ’

2392 4443 2482 4499 24.
2511 4444 2580 4499 R.
2609 4444 2725 4500 Noli
2751 4460 2965 4517 gemere
2983 4489 2998 4514 ,
3028 4446 3341 4506 immortalis
3367 4454 3445 4503 est
3468 4445 3643 4499 animus
3669 4439 3798 4493 ιιιιιιιι-

2320 4550 2442 4591 ιιιιε.
2476 4537 2537 4589 Α.
2572 4535 2723 4593 Unde
2751 4537 2853 4593 hoc
2882 4539 3114 4609 probas?
3139 4540 3187 4597 R
3235 4541 3315 4598 Ex
3347 4539 3406 4595 iis
3421 4554 3529 4610 qua:
3551 4549 3650 4599 cum
3669 4542 3797 4599 lli-‘8'“

2321 4627 2587 4691 cautione,
2626 4638 2681 4683 ut
2723 4629 2975 4697 arbitror,
3029 4631 3274 4701 superius
3314 4626 3612 4687 concessisti.
3635 4616 3796 4680 Adita!

2321 4717 2535 4789 quidem
2566 4735 2651 4774 me
2680 4710 2856 4775 minus
2880 4722 3167 4792 vigilanter
3195 4720 3521 4794 interroganti
3548 4716 3625 4773 tibi
3647 4708 3799 4770 memini

2321 4807 2535 4865 dedisse
2567 4828 2582 4863 :
2611 4810 2713 4865 sed
2745 4812 2933 4883 collige
2973 4812 3083 4882 jam
3131 4814 3296 4884 ipsam
3341 4825 3605 4874 summam,
3642 4818 3715 4859 oro
3736 4808 3796 4858 ίεέ

2324 4900 2596 4956 videamus
2619 4917 2726 4974 quo
2749 4904 3241 4985 tantisambagibus
3265 4903 3638 4976 pervenerimus,
3658 4908 3729 4950 nec
3745 4904 3799 4944 me

2315 4990 2427 5061 jam
2465 4992 2762 5065 interroges
2783 4995 2925 5050 volo.
2952 4995 3009 5053 Si
3048 4999 3191 5052 enim
3216 5013 3279 5053 ea
3319 4997 3532 5053 breviter
3549 4992 3799 5048 annuente

2321 5101 2415 5141 rus
2439 5101 2499 5142 es
2527 5102 2645 5157 qua:
2674 5088 2941 5155 concessi,
2972 5104 3203 5161 quonam
3249 5106 3423 5146 rursus
3467 5080 3695 5156 responsio
3719 5088 3794 5130 mea

2321 5176 2694 5233 desideratur?
2714 5180 2795 5233 An
2822 5187 2881 5234 ut
2907 5196 3085 5236 moras
3113 5182 3413 5251 gaudiorum
3438 5177 3553 5234 mihi
3577 5174 3727 5230 frustra
3745 5163 3795 5219 in-

2323 5266 2485 5336 feras,
2513 5268 2559 5325 si
2579 5269 2707 5339 quid
2739 5269 2863 5325 boni
2894 5269 3032 5327 forte
3054 5250 3411 5329 confecimus?
3428 5269 3490 5325 Β.
3509 5264 3681 5323 Faciam
3696 5250 3790 5328 qunti

2324 5369 2377 5415 te
2397 5359 2534 5415 velle
2562 5359 2739 5427 video,
2767 5360 2860 5416 sed
2888 5362 3105 5420 attende
3125 5361 3519 5436 diligentissime.
3545 5356 3601 5411 Δ.
3620 5351 3790 5421 lautum

2317 5452 2453 5524 jam,
2474 5453 2561 5509 liic
2587 5467 2706 5508 sum
2730 5453 2891 5523 ;quid
2905 5455 3132 5513 caecas?
3151 5455 3215 5510 Β.
3229 5455 3391 5527 Omne
3406 5449 3532 5522 quod
3557 5448 3602 5507 in
3619 5440 3788 5509 59W

2321 5552 2436 5610 est,
2465 5544 2512 5600 si
2539 5558 2754 5616 semper
2772 5553 2974 5612 manet,
3005 5546 3175 5617 ipsum
3198 5546 3350 5602 etiam
3368 5542 3627 5611 subjectum
3642 5528 3788 5630 manui

2324 5652 2541 5709 semper
2570 5652 2795 5695 necesse
2822 5646 2925 5696 est.
2954 5640 3024 5696 Et
3046 5640 3218 5696 omnis
3245 5640 3296 5697 in
3320 5636 3539 5706 subjecto
3568 5636 3637 5689 est
3662 5628 3787 5678 vim”

2324 5800 2477 5890 neat,
2517 5824 2563 5879 si
2607 5838 2820 5894 semper
2854 5800 3346 5896 manet'disciplina.
3384 5817 3470 5875 Est
3490 5819 3638 5871 am

2325 5916 2470 5986 plina
2498 5892 2793 5982 veritam—et
2821 5931 3053 5988 semper,
3084 5923 3143 5973 ut
3165 5892 3217 5973 in
3255 5911 3394 5970 initio
3416 5903 3525 5965 libri
3543 5896 3668 5971 liusz
3686 5892 3783 5947 ratio

3454 6266 3469 6287 ι
3534 6234 3691 6309 ,ιι
