3882 6274
126 184 204 242 397
1414 173 1616 233 LIBER
1642 177 2014 236 SECUNDUS.

123 303 356 379 persuasit,
385 301 590 356 veritas
611 307 807 355 manet.
840 297 1063 368 Semper
1089 296 1247 369 igitur
1289 298 1499 352 animus
1538 312 1652 351 ma-

121 411 206 456 net.
231 411 316 451 nec
342 395 558 449 animus
583 403 819 449 mortuus
848 392 1061 448 dicitur.
1109 391 1466 456 Immortalem
1497 392 1657 462 igitur

119 494 310 551 animum
341 487 486 545 solus
529 503 634 543 non
678 487 908 545 absurde
951 497 1136 559 negat,
1181 485 1652 558 quisuperiorum

83 595 89 606 π
116 581 274 654 aliquid
301 597 400 635 non
427 590 583 636 recte
606 595 916 636 concessum
944 594 1068 636 esse
1097 580 1382 635 convincit.

91 731 94 752 1
177 673 376 732 CAPUT
412 672 556 729 XIV.
583 704 654 715 —
683 673 950 728 Excutitur
971 674 1202 744 superior
1237 673 1579 746 syllogismus.

91 759 98 808 ¹
168 767 240 822 25.
266 767 322 820 Α.
349 764 468 820 1am
511 781 602 821 me
619 766 747 820 ’volo
774 766 824 820 in
849 764 1040 836 gaudia
1067 765 1298 832 mittere,
1325 765 1418 820 sed
1447 765 1653 820 duabus

95 838 391 930 tiliqmntum
419 873 646 912 revocor
671 857 866 912 causis.
907 856 1038 912 Nam
1085 857 1314 925 primum
1346 872 1432 912 me
1476 865 1654 913 movet

122 952 226 1024 quod
249 950 461 1005 circuitu
497 959 648 1004 tanto
674 949 752 1003 usi
792 964 1001 1012 smnus,
1044 950 1224 1005 nescio
1250 964 1408 1020 quam
1439 949 1652 1004 ratioci-

29 1070 32 1102 ξ
119 1048 336 1103 nationum
357 1053 602 1099 catenam
624 1051 928 1114 sequentes,
951 1057 1071 1097 cum
1097 1053 1202 1096 tam
1232 1041 1463 1098 breviter
1485 1052 1650 1098 totum

25 1117 28 1209 ξ
117 1139 162 1194 de
184 1152 273 1209 quo
296 1137 572 1207 agebatur,
600 1135 960 1191 demonstrari
999 1136 1260 1204 potuerit,
1307 1150 1466 1205 quam
1511 1150 1652 1190 nunc

115 1232 481 1287 dumustralutn
527 1237 634 1283 est.
675 1227 883 1296 Quare,
926 1242 1014 1282 me
1040 1226 1325 1281 sollicitum
1356 1225 1484 1280 facit
1509 1225 1650 1296 quod

115 1321 292 1376 tamdiu
321 1318 468 1388 quasi
517 1319 588 1374 ad
633 1317 991 1374 insidiandum
1043 1317 1404 1372 obambulavit
1453 1317 1647 1371 oratio.

113 1410 270 1468 Deinde
287 1426 384 1464 non
412 1409 569 1463 video
589 1408 860 1478 quomodo
886 1408 939 1462 in
965 1409 1145 1462 animo
1164 1421 1378 1477 semper
1401 1408 1470 1462 sit
1490 1408 1652 1463 disci-

111 1505 235 1573 plina,
264 1501 550 1572 pmsertim
578 1500 905 1571 disputandi,
939 1515 1063 1554 cum
1109 1510 1160 1555 et
1208 1509 1315 1554 tant
1357 1501 1506 1569 pauci
1535 1501 1651 1569 ejus

113 1595 227 1664 gnari
249 1593 376 1656 sint,
412 1603 466 1646 et
493 1593 742 1664 quisquis
780 1607 897 1648 eam
943 1592 1118 1658 novit,
1162 1601 1309 1646 tanto
1335 1591 1402 1644 ab
1433 1592 1650 1648 infantia

115 1696 301 1754 tempore
325 1683 480 1739 fuerit
524 1683 795 1739 indoctus.
835 1683 951 1739 Non
980 1684 1123 1740 enim
1169 1698 1453 1754 possumus
1471 1684 1650 1740 dicere

115 1785 178 1831 aut
200 1775 540 1846 imperitorum
570 1776 784 1830 animos
828 1790 932 1830 nou
976 1790 1096 1830 esse
1136 1775 1364 1843 animos,
1395 1784 1487 1830 aut
1530 1791 1650 1832 esse

117 1868 154 1922 in
185 1867 333 1921 animo
369 1881 487 1921 eam
521 1881 688 1938 quam
735 1868 974 1923 nesciant
1017 1867 1369 1938 disciplinam.
1413 1867 1565 1936 Quod
1602 1870 1649 1926 si

117 1961 395 2015 vehementer
424 1959 725 2014 absurdum
767 1967 869 2023 est,
900 1969 1066 2015 restat
1105 1969 1272 2014 utaut
1300 1977 1406 2016 non
1435 1976 1650 2033 semper

41 2092 44 2114 ;
121 2054 159 2107 itt
174 2053 320 2105 animo
338 2052 405 2104 sit
427 2051 657 2114 veritas,
685 2059 777 2105 aut
798 2051 1074 2120 disciplina
1094 2051 1181 2104 illa
1203 2051 1399 2106 veritas
1429 2068 1534 2106 non
1555 2053 1643 2106 sit.

167 2141 320 2196 26.1l.
359 2141 520 2197 Vides
556 2157 722 2213 quam
772 2157 875 2196 non
927 2140 1124 2196 frustra
1172 2150 1348 2197 tantos
1396 2143 1648 2200 circuitus

119 2234 241 2302 egerit
263 2241 426 2286 nostra
455 2232 817 2286 ratiocinatio.
847 2231 1228 2298 Quaerebamus
1252 2232 1394 2287 enim
1418 2233 1544 2302 quid
1574 2236 1645 2288 sit

115 2325 277 2391 veritas,
299 2325 432 2394 quod
473 2339 544 2379 ne
589 2327 730 2379 ntinc
758 2324 972 2394 quidem
1011 2323 1064 2378 in
1111 2323 1210 2378 hac
1247 2324 1470 2394 quadam
1514 2325 1646 2380 silva

39 2420 44 2432 ‘
119 2433 278 2480 rerum,
313 2416 561 2471 omnibus
615 2431 749 2486 pene
789 2417 1013 2472 callibus
1051 2416 1331 2479 oberratis,
1365 2417 1519 2473 video
1550 2434 1647 2475 nos

117 2510 364 2578 investigare
401 2509 668 2579 potuisse.
705 2509 809 2565 Sed
849 2510 975 2580 quid
1003 2510 1266 2565 facimus?
1295 2513 1374 2566 An
1416 2511 1646 2584 incoepta

118 2601 380 2666 omittimus,
427 2609 484 2656 et
536 2613 917 2670 exspectamus
963 2603 1151 2674 ecquid
1200 2603 1355 2660 nobis
1392 2605 1644 2660 librorum

43 2669 46 2680 ’
117 2691 339 2746 alienorum
366 2692 414 2745 itt
442 2707 644 2746 manus
671 2692 885 2758 incidat,
919 2693 1058 2763 quod
1095 2693 1216 2748 huic
1245 2696 1524 2764 quarstioui
1553 2712 1643 2752 sa-

29 2782 38 2851 ἔ·
120 2780 318 2837 tislaciat?
341 2781 468 2838 Nam
486 2792 547 2839 et
563 2783 767 2838 multos
785 2793 907 2838 ante
926 2794 1158 2839 nosrratn
1181 2793 1396 2840 aetatem
1418 2786 1644 2856 scriptos

120 2876 435 2944 etsearbitror,
476 2892 622 2947 quos
659 2892 767 2932 non
805 2877 1086 2948 legimus:
1123 2889 1178 2934 et
1215 2895 1375 2946 nunc,
1420 2891 1475 2935 ut
1514 2881 1642 2936 nihil

29 2976 34 3037 ζ
119 2964 216 3034 quod
244 2968 488 3023 nescimus
531 2967 845 3038 Opinemur,
877 2969 1215 3026 manifestum
1249 2972 1506 3028 habemus
1528 3016 1544 3042 ,
1586 2984 1643 3031 et

116 3057 290 3112 tat-mine
308 3057 368 3113 dc
393 3059 488 3114 bac
512 3075 583 3114 rc
611 3061 792 3124 scribi,
819 3070 874 3115 et
901 3062 1071 3116 soluta
1098 3063 1372 3130 oratione;
1401 3073 1454 3118 et
1479 3065 1548 3118 ab
1577 3065 1641 3121 iis

31 3170 36 3212 ;.
117 3147 208 3202 viris
225 3137 418 3219 quorum
445 3166 548 3207 nec
579 3152 776 3222 scripta
804 3153 970 3208 latere
998 3169 1097 3208 nos
1119 3165 1360 3224 possunt,
1377 3163 1434 3210 et
1455 3171 1638 3212 eorum

117 3238 272 3308 ingenia
298 3243 404 3297 talia
431 3245 721 3310 novimus,
759 3253 816 3300 ut
845 3260 941 3301 nos
969 3245 1022 3300 in
1054 3261 1239 3301 eorum
1279 3248 1470 3304 litteris
1498 3251 1640 3319 quod

115 3331 328 3401 volumus,
356 3333 664 3391 inventuros
693 3335 980 3406 desperare
1019 3352 1124 3392 non
1163 3340 1468 3409 possimus:
1499 3358 1637 3410 prte-

121 3424 263 3478 sert'un
297 3440 394 3482 eum
427 3427 512 3484 hic
560 3439 688 3484 ante
725 3429 910 3484 oculos
941 3441 1150 3485 nostros
1175 3434 1244 3485 sit
1274 3433 1382 3498 ille,
1430 3434 1482 3488 in
1531 3451 1638 3505 quo

123 3511 256 3580 ipsam
278 3516 601 3590 eloquentiam
631 3537 792 3592 quam
826 3532 1088 3578 mortuam
1133 3522 1480 3592 dolebamus,
1513 3543 1633 3596 per-

118 3602 270 3660 fectant
286 3612 505 3669 revixisse
527 3615 886 3684 cognovimus
909 3615 1007 3688 (α).
1037 3615 1195 3670 lllenc
1221 3633 1318 3670 nos
1335 3617 1492 3678 siuet.
1514 3634 1635 3674 cum

116 3697 276 3768 scriptis
297 3703 390 3758 suis
415 3706 634 3761 vivendi
675 3707 892 3762 modum
937 3708 1196 3770 docuerit.
1235 3709 1442 3765 vivendi
1484 3712 1634 3781 igno-

116 3801 204 3842 me
237 3797 485 3852 naturam?
515 3799 589 3852 Α.
628 3797 746 3853 Non
791 3799 1024 3854 arbitror
1052 3799 1300 3870 equidem
1327 3812 1382 3856 et
1411 3802 1634 3856 multum

118 3873 206 3933 inde
234 3897 400 3953 spero,
440 3888 540 3942 sed
575 3904 738 3941 unum
767 3889 924 3944 doleo
961 3889 1102 3960 quod
1137 3890 1220 3944 vel
1255 3906 1380 3961 erga
1413 3907 1508 3956 se,
1552 3892 1636 3947 vel

117 3980 202 4038 erga
225 3975 508 4042 sapientiam
549 3978 786 4033 studium
817 3987 1056 4034 nostrum
1087 3995 1195 4034 non
1214 3983 1262 4036 ei
1291 3993 1348 4035 ut
1369 3983 1632 4051 volumus,

18 4058 28 4140 ι
115 4058 293 4119 valemus
316 4069 543 4137 aperire.
577 4070 708 4125 Nam
741 4071 980 4140 profecto
1008 4073 1095 4128 ille
1121 4073 1463 4130 misereretur
1489 4075 1632 4130 sitim

116 4167 311 4228 nostram,
337 4173 388 4218 et
423 4166 721 4222 exuntlaret
772 4167 940 4221 multo
967 4167 1122 4222 citius
1158 4181 1318 4238 quam
1346 4183 1487 4224 nunc
1534 4169 1634 4224 Se-

116 4260 228 4306 curus
249 4253 372 4308 enim
401 4267 480 4312 est
502 4298 518 4321 ,
555 4257 698 4328 quod
737 4259 837 4313 sibi
876 4259 986 4328 jam
1020 4269 1186 4315 totum
1215 4259 1284 4316 de
1311 4265 1502 4316 anima:
1529 4261 1633 4316 im-

116 4345 367 4403 mortalitate
399 4352 704 4423 persuasit,
735 4367 837 4408 nec
860 4353 959 4407 scit
984 4352 1195 4423 aliquos
1226 4368 1346 4410 esse
1370 4353 1630 4423 fortasse,

113 4434 176 4500 qui
196 4435 323 4508 hujus
335 4433 676 4512 ignoratioitis
706 4442 974 4498 miseriam
1003 4445 1132 4498 satis
1158 4455 1542 4515 eOgnoverunt,
1580 4458 1636 4501 et

115 4525 258 4594 quibus
283 4537 563 4602 praisertim
608 4534 919 4606 rogantibus
957 4551 1062 4590 non
1101 4537 1386 4592 subvenire
1421 4538 1635 4594 crudele

117 4617 183 4670 sit.
213 4619 286 4677 Ille
315 4637 483 4683 autem
532 4628 670 4683 alius
711 4626 862 4683 novit
900 4628 1113 4698 quidem
1151 4645 1248 4699 pro
1278 4627 1634 4686 familiaritate

116 4711 306 4770 ardorem
346 4731 610 4786 nostrum;
640 4722 735 4777 sed
775 4729 847 4777 ita
877 4723 1032 4793 longe
1073 4725 1244 4790 abest,
1293 4734 1348 4779 et
1394 4725 1464 4779 ita
1495 4741 1635 4780 nunc

116 4807 328 4863 constituti
352 4826 546 4879 sumus,
564 4823 622 4870 ut
640 4816 726 4869 vix
751 4803 817 4869 ad
840 4831 962 4870 eum
987 4815 1068 4872 vel
1097 4816 1336 4886 epistola:
1363 4817 1634 4873 mittenda:

21 4914 28 4980 ᾗ
119 4891 290 4970 incultas
305 4904 366 4957 Sit
387 4906 476 4975 (ὁ).
499 4906 669 4974 Quem
696 4907 857 4962 credo
875 4908 984 4977 jam
1005 4910 1114 4963 otio
1140 4908 1491 4979 Transalpino
1514 4926 1633 4980 per-

120 4982 262 5044 fecisse
279 5006 475 5051 carmen
504 5013 609 5068 quo
632 4999 823 5054 mortis
850 5011 1027 5056 metus
1053 5011 1365 5057 excantatus
1395 5003 1630 5074 etl‘ugiat,

8 5081 26 5165 ξ*
123 5083 162 5128 τί
189 5081 366 5153 “liqua
409 5088 570 5158 glacie
622 5090 840 5146 duratus
887 5093 1079 5147 animte
1128 5103 1314 5164 stupor
1364 5093 1634 5165 frigusque

8 5175 20 5259 ί
123 5168 311 5232 Pellatur.
338 5175 434 5236 Sed
471 5183 679 5239 interim
723 5184 848 5240 dum
899 5186 999 5240 ista
1048 5188 1385 5258 proveniunt,
1431 5205 1549 5259 quin
1579 5188 1632 5244 in

124 5270 260 5324 ωειη
281 5280 521 5338 potestate
546 5291 648 5332 non
677 5288 820 5344 sunt,
853 5295 1028 5334 nonne
1050 5281 1413 5351 turpissimum
1434 5291 1516 5337 est
1539 5297 1632 5352 pe-

167 5391 502 5477 (αὶμὶξῑοδίιβ,
523 5419 579 5477 ut
598 5411 809 5473 videtur,
832 5413 914 5477 qui
954 5411 1107 5464 libros
1127 5414 1191 5465 de
1211 5414 1388 5466 O'ﬂciis
1408 5416 1630 5477 scripsit;

126 5455 342 5565 ara
1405 5455 1475 5527 εί
1488 5455 1636 5529 τίπτέ

211 5528 408 5600 951p},
427 5548 473 5582 n.
494 5535 562 5600 3;,
581 5547 632 5600 et
651 5528 859 5600 cap.'lt,
879 5537 1027 5587 n.18.

3251 193 3358 252 898

1764 296 1872 351 rire
1895 297 2061 351 otium
2088 308 2350 361 nostrum,
2363 307 2416 353 et
2431 306 2598 356 totum
2624 302 2797 374 ipsum
2813 304 3048 363 animum
3063 322 3130 365 ex
3148 309 3355 370 incerto

1763 388 1983 443 arbitrio
2007 388 2242 458 pendere
2271 389 2591 462 deligatum?

2030 481 2256 538 CAPUT
2281 482 2395 538 XV.
2422 515 2492 526 —-
2522 484 2638 541 Veri
2663 497 2710 543 et
2732 491 2854 559 falsi
2882 501 3082 548 natura.

1829 571 1920 628 27.
1951 572 2053 629 Ubi
2085 583 2167 628 est
2194 573 2336 645 quod
2366 575 2530 632 Deum
2567 589 2619 633 et
2649 582 2948 652 rogavimus
2978 594 3032 639 et
3058 601 3307 658 rogamus
3330 631 3346 658 ,

1760 673 1819 719 ut
1860 663 2010 718 nobis
2054 679 2158 719 non
2187 665 2432 731 divitias,
2470 683 2574 723 non
2600 674 2842 740 corporis
2881 674 3210 746 voluptates,
3238 695 3345 736 non

1759 755 2046 824 p0pulares
2074 766 2355 828 suggestus
2388 769 2549 828 atque
2580 759 2832 828 honores,
2864 763 2957 819 sed
2984 767 3213 822 animam
3244 782 3345 824 no.

1759 858 1922 902 Stram
1963 863 2128 920 seque
2169 849 2342 919 ipsum
2378 852 2776 920 quarrentibus,
2809 855 2910 910 iter
2933 860 3177 928 aperiat?
3199 859 3348 919 Itane

1759 954 1857 994 nos
1886 939 2130 1005 deseret,
2165 949 2255 994 aut
2281 957 2310 995 a
2339 941 2494 996 nobis
2519 941 2827 1000 deseretur?
2852 944 2918 1001 R.
2948 949 3344 1009 Alienissimum

1758 1031 1968 1102 quidem
1994 1031 2063 1086 ab
2091 1032 2206 1102 ipso
2232 1041 2315 1087 est
2354 1041 2410 1086 ut
2455 1048 2549 1089 eos
2587 1035 2674 1104 qui
2710 1037 2830 1092 talia
2857 1037 3161 1096 desiderant
3184 1042 3342 1100 dese-

1757 1133 1841 1178 rat
1873 1143 1884 1177 z
1920 1123 2060 1178 unde
2086 1141 2112 1178 a
2143 1125 2295 1179 nobis
2319 1140 2530 1196 quoque
2556 1127 2789 1182 alienum
2815 1144 2932 1185 esse
2956 1130 3113 1187 debet
3139 1144 3196 1188 ut
3223 1144 3342 1190 tan-

1761 1224 1870 1268 tum
1912 1213 2101 1270 ducem
2144 1215 2472 1272 deseramus.
2506 1215 2702 1286 Quare,
2736 1220 2780 1274 si
2809 1220 3014 1289 placet,
3044 1234 3346 1294 repetamus

1757 1304 1988 1359 breviter
2017 1305 2156 1361 unde
2187 1307 2272 1361 illa
2298 1307 2405 1362 duo
2428 1311 2666 1363 confecta
2695 1310 2822 1375 sint,
2861 1322 2950 1366 aut
2988 1328 3201 1385 Semper
3227 1333 3344 1373 ma-

1759 1416 1887 1456 nere
1923 1403 2201 1456 veritatem
2223 1445 2238 1470 ,
2283 1413 2375 1457 aut
2418 1404 2695 1460 veritatem
2727 1420 2846 1461 esse
2874 1407 2891 1438 ί
2920 1406 3221 1478 disputandi
3263 1427 3348 1467 ra-

1757 1492 1978 1547 tionem.
2031 1493 2154 1550 "me
2195 1495 2340 1551 enim
2385 1496 2634 1552 vacillare
2673 1497 2876 1567 dixisti,
2905 1515 3014 1571 quo
3043 1501 3219 1558 minus
3249 1519 3347 1560 nos

1756 1582 1912 1637 faciat
1966 1585 2125 1640 totius
2171 1586 2248 1640 rei
2298 1602 2505 1642 summa
2555 1602 2792 1644 securos.
2847 1591 2929 1644 An
2989 1595 3163 1661 potius
3216 1593 3344 1650 illud

1754 1689 2074 1742 quaeremus,
2101 1675 2372 1746 quomodo
2413 1692 2534 1734 esse
2587 1682 2754 1750 possit
2791 1681 2846 1735 in
2885 1681 3131 1754 imperito
3160 1686 3342 1743 animo

1754 1765 2052 1837 disciplina,
2083 1785 2240 1840 quem
2272 1785 2374 1826 non
2405 1786 2686 1840 possumus
2722 1788 2830 1828 non
2859 1775 3094 1831 animum
3120 1777 3343 1837 dicere?

1753 1857 1887 1914 Hinc
1918 1861 2059 1915 enim
2098 1873 2397 1918 commotus
2426 1863 2677 1920 videbare
2699 1908 2713 1930 ,
2745 1875 2804 1922 ut
2828 1866 2896 1923 de
2926 1868 3030 1925 illis
3069 1887 3188 1942 qua:
3216 1888 3345 1929 con-

1754 1963 2013 2016 cesseras,
2041 1951 2283 2008 dubitare
2309 1969 2492 2009 rursus
2517 1970 2738 2011 necesse
2765 1956 2940 2012 fuerit.
2961 1959 3024 2013 A.
3043 1958 3154 2016 lmo
3169 1963 3346 2020 discu-

1755 2041 1947 2097 tiamus
1978 2044 2122 2112 prius
2153 2045 2260 2112 illa,
2290 2044 2484 2102 deinde
2511 2050 2612 2102 hoc
2635 2049 2791 2119 quale
2817 2051 2888 2106 sit
2915 2052 3231 2110 videbimus.
3265 2054 3344 2113 Ita

1753 2133 1917 2199 enim,
1949 2144 2003 2188 ut
2029 2135 2237 2206 opinor,
2270 2138 2412 2193 nulla
2438 2141 2798 2196 controversia
2828 2146 3142 2200 remanebit.
3177 2145 3241 2201 Β.
3265 2148 3342 2206 Ita

1752 2223 1861 2290 ﬁat,
1893 2227 1986 2281 sed
2025 2227 2210 2285 adesto
2252 2240 2394 2287 totus
2436 2242 2599 2304 atque
2643 2235 3002 2291 cautissimus.
3045 2237 3168 2294 Scio
3196 2240 3341 2297 enim

1751 2317 1875 2387 quid
1905 2319 1996 2373 tibi
2024 2323 2232 2376 eveniat
2251 2323 2570 2392 attendenti,
2588 2324 2714 2381 dum
2732 2326 2891 2382 nimis
2912 2327 3110 2397 pendes
3131 2329 3182 2384 in
3205 2345 3339 2387 con-

1751 2411 2070 2481 clusionem,
2098 2423 2153 2470 et
2177 2424 2232 2469 ut
2251 2416 2362 2486 jam
2387 2418 2604 2488 jamque
2647 2419 2905 2475 inferatur
2933 2433 3242 2492 exspectas,
3275 2441 3338 2483 ea

1750 2518 1869 2573 qua:
1901 2505 2294 2576 interrogantur
2311 2523 2415 2564 non
2438 2509 2724 2581 diligenter
2745 2513 3047 2568 examinata
3063 2515 3334 2572 concedis.

1750 2598 1814 2650 Α.
1845 2596 2041 2654 Verum
2070 2599 2294 2658 fortasse
2322 2602 2488 2665 dicis;
2520 2603 2614 2659 sed
2642 2605 2816 2660 enitar
2833 2615 3018 2660 contra
3047 2606 3148 2662 hoc
3169 2624 3335 2680 genus

1751 2691 1921 2746 morbi
1959 2703 2211 2762 quantum
2253 2711 2466 2766 possum
2497 2713 2511 2750 :
2543 2697 2704 2752 modo
2724 2697 2838 2769 jam
2869 2711 2925 2756 tu
2975 2701 3150 2774 incipe
3183 2719 3335 2776 quzc-

1748 2799 1890 2850 rcre,
1920 2801 1988 2840 ne
2013 2785 2300 2856 superﬂuis
2329 2788 2695 2845 immoremur.

1820 2873 1910 2930 28.
1955 2875 2020 2930 R.
2065 2876 2141 2931 Ex
2185 2893 2284 2944 eo,
2328 2888 2584 2953 quantum
2627 2881 2877 2950 memini,
2914 2883 3192 2941 veritatem
3229 2902 3337 2944 nou

1748 2981 1906 3037 posse
1937 2967 2158 3024 interire
2185 2970 2544 3026 conclusionis
2564 3013 2579 3038 ,
2611 2973 2750 3040 quod
2780 2989 2884 3028 non
2915 2975 3088 3031 solum
3117 2977 3162 3033 si
3195 2987 3338 3036 totus

1747 3059 1978 3115 mundus
2000 3061 2246 3128 intereat,
2267 3061 2361 3118 sed
2388 3062 2548 3118 etiam
2573 3063 2618 3117 si
2648 3063 2760 3133 ipsa
2790 3066 3007 3132 veritas,
3028 3083 3210 3123 verum
3233 3071 3338 3126 erit

1745 3161 1797 3207 et
1820 3153 2079 3207 mundum
2106 3163 2161 3208 et
2185 3155 2462 3210 veritatem
2494 3155 2760 3211 interisse.
2788 3156 2929 3212 Nihil
2953 3168 3128 3214 autem
3146 3177 3332 3216 verum

1745 3245 1862 3299 sine
1913 3244 2132 3300 veritate
2169 3264 2184 3300 :
2225 3245 2375 3301 nullo
2415 3245 2575 3302 modo
2614 3246 2776 3318 igitur
2816 3248 2994 3303 interit
3023 3251 3237 3305 veritas.
3262 3252 3327 3307 Α.

1746 3339 1990 3408 Agnosco
2013 3338 2132 3403 ista,
2156 3347 2211 3394 et
2244 3339 2469 3394 multum
2492 3339 2658 3394 miror
2681 3340 2726 3393 si
2757 3339 2888 3395 falsa
2910 3350 3053 3396 sunt.
3091 3341 3153 3396 Β.
3187 3341 3330 3414 Ergo

1743 3428 1876 3484 illud
1906 3431 2132 3485 alterum
2163 3431 2458 3486 videamus.
2491 3430 2554 3484 Α.
2585 3429 2713 3486 Sine
2741 3447 2827 3486 me
2855 3431 3126 3501 paululum
3150 3435 3333 3489 consi-

1745 3520 1953 3584 derare,
1986 3537 2083 3576 oro
2109 3530 2182 3588 te,
2206 3537 2273 3576 ne
2299 3521 2401 3578 huc
2425 3522 2616 3578 iterum
2641 3523 2866 3593 turpiter
2891 3523 3124 3580 redeam.
3147 3523 3212 3580 Β,
3234 3524 3334 3582 Er-

1745 3629 1883 3684 gone
1914 3615 2164 3671 interisse
2191 3615 2470 3670 veritatem
2501 3631 2683 3671 verum
2715 3632 2820 3671 non
2848 3616 2984 3672 erit?
3011 3616 3068 3672 Si
3096 3632 3199 3672 non
3230 3621 3335 3677 erit

1742 3722 1950 3774 verum,
1981 3723 2089 3762 non
2118 3723 2248 3778 ergo
2293 3708 2492 3765 interit.
2541 3706 2598 3764 Si
2640 3725 2821 3764 verum
2867 3710 3000 3776 erit,
3035 3711 3172 3766 untlc
3213 3723 3334 3782 post

1743 3813 1992 3854 occasum
2018 3799 2256 3854 veritatis
2282 3815 2465 3854 verum
2510 3799 2640 3866 erit,
2677 3816 2795 3855 cum
2824 3800 2934 3870 jam
2970 3803 3164 3857 veritas
3185 3804 3331 3861 nulla

1745 3882 1865 3938 est?
1892 3883 1956 3936 Α.
1984 3882 2125 3937 Nihil
2155 3881 2328 3938 habeo
2352 3882 2478 3953 quid
2502 3883 2622 3954 plus
2647 3885 2873 3954 cogitem
2900 3893 3058 3955 atque
3081 3886 3330 3942 conside-

1743 3990 1892 4041 rem;
1925 3990 2086 4046 perge
2125 3975 2192 4030 ad
2231 3975 2394 4030 aliud.
2421 3977 2578 4031 Certe
2610 3975 2884 4044 faciemus,
2915 3986 3170 4047 quantum
3201 3993 3330 4048 pos-

1744 4083 1950 4132 sumus,
1983 4075 2040 4121 ttt
2068 4066 2213 4121 docti
2242 4077 2401 4137 atque
2431 4067 2717 4136 prudentes
2744 4067 2842 4122 viri
2887 4069 3064 4139 legant
3106 4068 3240 4135 haec,
3273 4081 3330 4127 ct

1745 4171 2006 4225 nostram,
2034 4160 2077 4213 si
2107 4175 2209 4230 qua
2237 4169 2339 4226 est,
2367 4161 2637 4230 corrigaut
2667 4161 3017 4217 temeritatem
3051 4181 3063 4216 :
3093 4179 3215 4218 nam
3239 4181 3327 4222 me

1743 4266 1846 4305 nec
1876 4250 2067 4318 modo,
2120 4265 2219 4306 nec
2259 4249 2547 4321 aliquando
2587 4250 2822 4307 arbitror
2857 4251 2985 4324 quid
3012 4264 3197 4309 contra
3227 4255 3329 4313 hoc

1741 4345 1949 4402 dicatur
1980 4362 2138 4417 posse
2161 4348 2416 4403 invenire.

1815 4440 1906 4494 29.
1941 4441 2004 4496 R.
2035 4440 2423 4510 Numquidnam
2455 4455 2586 4511 ergo
2611 4439 2808 4496 dicitur
2833 4442 3053 4506 veritas,
3097 4445 3196 4500 nisi
3225 4463 3330 4518 qua

1742 4548 1926 4588 verum
1958 4543 2040 4586 est
2079 4532 2333 4602 quidquid
2374 4548 2558 4587 verum
2596 4534 2715 4588 est?
2747 4533 2810 4587 Α.
2847 4532 3003 4589 Nullo
3042 4535 3223 4592 modo.
3256 4538 3325 4595 R.

1741 4625 2135 4694 Numquidnam
2173 4635 2320 4680 recte
2358 4625 2554 4680 dicitur
2579 4641 2785 4694 verum,
2817 4629 2915 4682 nisi
2946 4628 3087 4699 quod
3115 4645 3220 4686 non
3248 4643 3333 4690 est

1740 4716 1976 4773 falsum?
2009 4718 2072 4770 Α.
2109 4715 2243 4770 Hinc
2264 4731 2390 4771 vero
2411 4717 2655 4773 dubitare
2679 4718 2948 4774 dementia
2971 4731 3071 4776 est.
3098 4720 3165 4777 Β.
3194 4722 3330 4781 Num

1742 4808 1933 4864 falsum
1957 4826 2061 4864 non
2082 4809 2324 4880 estquod
2353 4809 2421 4864 ad
2449 4809 2846 4868 similitudinem
2872 4813 3096 4884 alicujus
3119 4831 3332 4871 aceom-
3416 4835 3420 4840 ·

1741 4901 2012 4955 modattnn
2039 4910 2138 4966 est,
2169 4917 2341 4971 neque
2373 4900 2423 4955 id
2453 4910 2629 4956 tanten
2664 4911 2746 4957 est
2782 4904 2933 4973 cujus
2969 4906 3145 4962 simile
3169 4925 3332 4979 appa-

1741 4992 1935 5048 ret?A.
1954 4991 2096 5047 Nihil
2121 4992 2335 5063 quidem
2359 4993 2497 5047 aliud
2528 4994 2683 5049 video
2709 4996 2850 5065 quod
2878 4996 3128 5054 libentius
3143 5001 3331 5056 falsum

1741 5099 1948 5140 vocem.
1992 5083 2099 5140 Sed
2148 5093 2324 5140 tamen
2371 5086 2506 5139 solet
2553 5084 2747 5142 falsum
2785 5087 2912 5157 dici,
2939 5090 3096 5145 etiam
3128 5091 3268 5161 quod
3299 5108 3330 5147 a

1741 5179 1852 5234 veri
1885 5177 2233 5232 similitudine
2263 5178 2419 5250 longe
2445 5177 2610 5234 abest.
2645 5179 2708 5233 li.
2739 5179 2870 5250 Quis
2904 5185 3094 5254 negat?
3128 5183 3219 5238 sed
3251 5194 3332 5236 ta-

1743 5285 1866 5325 men
1891 5268 2031 5340 quod
2065 5269 2254 5324 habeat
2289 5269 2356 5322 ad
2390 5284 2575 5325 verum
2615 5272 2922 5327 nonnullam
2959 5273 3326 5327 imitationem.

1746 5363 1810 5415 Α.
1847 5361 2167 5432 Quomodo?
2192 5361 2308 5416 Non
2332 5362 2474 5417 enim
2504 5378 2626 5417 cum
2649 5363 2862 5428 dicitur,
2883 5363 3080 5433 junctis
3115 5363 3328 5418 alitibus

1743 5457 2004 5524 anguibus
2036 5456 2270 5512 Medeam
2292 5456 2516 5519 volasse,
2550 5455 2652 5507 ulla
2681 5471 2744 5508 ex
2765 5463 2911 5524 parte
2927 5452 3120 5506 resista
3141 5467 3324 5506 vertttn

1750 5547 2020 5611 imitatur;
2077 5551 2273 5620 quippe
2314 5565 2433 5619 quae
2485 5548 2625 5602 nulla
2656 5547 2745 5608 sit,
2777 5561 2873 5600 nec
2904 5544 3094 5597 imitari
3123 5543 3326 5614 aliquid

1808 5665 1824 5697 ³
1844 5663 2094 5715 luduobus
2108 5672 2232 5725 3:55.,
2252 5667 2334 5711 mit
2353 5674 2419 5712 rei
2434 5660 2595 5714 itarem
2609 5671 2702 5710 non
2715 5669 2833 5710 esse.
