3880 6408
607 316 715 376 905

598 431 820 502 dorjam
841 435 1142 503 subrutilat,
1167 437 1429 491 latissime
1447 445 1606 504 atque
1626 434 1934 505 plenissime
1955 434 2188 488 intuean-

599 531 703 578 tur.
722 522 827 580 Sed
848 541 914 580 ex
941 524 1023 580 bis
1041 525 1254 596 quidam
1273 525 1393 581 falsi
1409 525 1616 580 colores
1634 537 1794 596 atque
1815 524 2023 587 formae,
2040 524 2188 578 velut

595 614 648 670 in
676 617 948 685 speculum
978 619 1312 689 cogitationis
1337 634 1395 674 se
1420 617 1665 685 fundunt,
1691 617 1980 688 falluntque
2006 617 2182 689 inqui-

600 718 785 764 rcntes
813 723 954 779 szepe
976 750 990 776 ,
1021 725 1083 764 ac
1113 710 1384 782 decipiunt
1428 719 1673 782 putantes
1707 710 1833 766 illud
1869 721 2034 766 totum
2063 726 2184 768 esse

596 798 735 868 quod
768 809 964 854 norunt
999 802 1079 856 vel
1111 802 1250 872 quod
1284 803 1573 873 inquirttnt.
1603 802 1734 872 Ipsm
1764 811 1887 857 sunt
1915 801 2019 857 illa:
2047 804 2179 857 ima-

592 890 890 961 ginationcs
927 908 1115 965 magna
1157 896 1402 949 cautione
1443 895 1703 960 vitandae;
1733 894 1850 967 qua:
1882 895 2182 967 deprehen-

592 981 792 1038 duntur
819 982 1054 1050 fallaces,
1075 1000 1193 1040 cum
1219 987 1554 1057 cogitationis
1577 989 1776 1042 variato
1796 990 1947 1059 quasi
1963 989 2181 1057 Speculo

593 1075 886 1140 variantur,
905 1092 1023 1131 cum
1053 1078 1137 1132 illa
1169 1077 1333 1134 facies
1361 1073 1599 1136 vetitatis
1621 1096 1722 1133 una
1753 1089 1806 1135 et
1836 1080 2180 1136 immutabilis

592 1177 824 1220 maneat.
855 1167 989 1222 Tum
1015 1170 1155 1224 enim
1183 1170 1402 1226 alterius
1425 1182 1583 1240 atque
1611 1173 1825 1228 alterius
1853 1171 2176 1243 magnitudi-

593 1258 678 1311 nis
715 1259 1024 1328 quadratum
1065 1259 1165 1314 sibi
1207 1262 1458 1332 cogitatio
1495 1263 1761 1333 depingit,
1793 1273 1848 1318 et
1875 1263 2024 1334 quasi
2055 1271 2179 1319 ante

591 1350 774 1401 oculos
801 1349 1049 1420 prtefert;
1082 1352 1174 1407 sed
1204 1368 1354 1408 mens
1377 1353 1597 1408 interior
1622 1371 1737 1424 qum
1759 1355 1873 1408 vult
1897 1370 2082 1409 verum
2111 1355 2180 1410 vi-

591 1439 740 1505 dere,
763 1441 827 1494 ad
855 1442 978 1496 illttd
1003 1458 1063 1498 se
1089 1447 1262 1514 potius
1282 1457 1576 1510 convertat,
1599 1446 1642 1500 si
1669 1455 1862 1516 potest,
1883 1445 2175 1502 secundum

591 1531 730 1602 quod
768 1532 971 1602 judicat
1011 1534 1095 1589 illa
1139 1536 1317 1591 omnia
1357 1552 1475 1592 esse
1521 1538 1797 1608 quadrata.
1825 1541 1890 1593 Α.
1921 1527 2090 1606 Quid,
2130 1540 2176 1594 si

592 1625 745 1678 nobis
767 1626 1028 1694 quispiam
1049 1625 1191 1681 dicat
1213 1627 1503 1682 secundum
1533 1628 1583 1683 id
1611 1645 1729 1684 eam
1753 1629 2013 1699 judicare,
2035 1629 2176 1701 quod

589 1718 771 1772 videre
801 1717 971 1772 oculis
1000 1718 1173 1773 solet?
1205 1717 1270 1772 Β.
1311 1721 1487 1788 Quare
1515 1735 1641 1791 ergo
1664 1720 1894 1791 jtttlicat,
1925 1722 1968 1776 si
2000 1731 2175 1777 tamen

590 1805 725 1862 bene
753 1807 957 1862 erudita
988 1816 1070 1862 est
1090 1850 1104 1871 ,
1139 1811 1478 1878 quantamvis
1504 1811 1662 1882 pilam
1691 1827 1868 1866 veram
1903 1827 2024 1866 vera
2055 1811 2176 1881 pla-

591 1900 720 1955 nitie
759 1910 952 1971 puncto
991 1903 1170 1972 tangi?
1205 1902 1340 1970 Quid
1379 1905 1480 1958 tale
1516 1919 1745 1974 unquam
1794 1905 1980 1960 oculus
2009 1902 2170 1973 vidit,

591 2002 680 2047 aut
707 1991 886 2047 videre
912 2000 1114 2064 potest,
1142 2009 1262 2048 cum
1292 1996 1403 2066 ipsa
1431 1997 1804 2064 imaginatione
1833 1999 2172 2069 Cogitationis

593 2085 718 2154 litigi
763 2083 1045 2155 quidquam
1091 2084 1390 2154 hujusmodi
1437 2103 1540 2140 non
1591 2087 1800 2158 potest?
1841 2087 2030 2143 Annon
2077 2089 2177 2145 hoc

595 2175 900 2246 probamus,
922 2190 1043 2231 cum
1067 2203 1080 2230 ι
1099 2179 1226 2231 tiam
1250 2178 1526 2233 minimum
1555 2179 1810 2235 circulum
1840 2180 2175 2250 imaginando

591 2269 767 2320 atiitnn
797 2265 1171 2333 describimus,
1202 2278 1254 2324 et
1282 2269 1350 2323 ab
1374 2284 1438 2324 co
1469 2270 1634 2325 lineas
1659 2270 1724 2323 ad
1753 2282 1993 2325 centrum
2019 2271 2173 2326 duci-

591 2358 747 2413 ntus?
773 2357 905 2413 Nam
926 2375 1044 2414 cmn
1067 2361 1200 2416 duas
1220 2360 1548 2428 duxerimus,
1581 2364 1717 2418 inter
1742 2379 1875 2433 quas
1901 2366 2050 2434 quasi
2075 2380 2171 2419 aeu

589 2449 676 2502 vix
713 2450 868 2520 pungi
908 2451 1106 2520 possit,
1139 2454 1270 2508 alias
1300 2453 1409 2522 jam
1453 2453 1503 2507 in
1544 2454 1718 2508 medio
1754 2471 1857 2509 non
1895 2471 2174 2525 possumus

589 2540 703 2611 ipsa
725 2543 1041 2613 cogitatione
1062 2543 1370 2615 imaginaria
1394 2545 1608 2614 ducere,
1635 2556 1689 2601 ut
1709 2547 1774 2602 ad
1795 2557 2034 2602 centrum
2058 2549 2172 2603 sine

1096 315 1472 374 ADMONITIO
1517 315 1602 373 DE
1646 315 2131 386 SEQUENTIBUS‘
2159 311 2406 374 TRIBUS
2432 309 2702 371 CONTRA
2744 314 3170 374 ACADEMICOS
3201 314 3416 376 LIBRlS.
3677 331 3758 389 904

2291 433 2398 490 ulla
2421 435 2802 490 commixtione
2826 434 3168 506 perveniant;
3190 451 3300 491 cum
3321 437 3490 494 clamet
3509 441 3621 497 ratio
3643 444 3759 503 innu-

2289 525 2575 582 merabiles
2609 542 2768 597 posse
2805 526 2962 592 duci,
2989 541 3089 582 nec
3116 541 3230 584 sese
3256 528 3304 583 in
3329 528 3420 584 illis
3445 529 3764 595 incredibilibus

2290 620 2549 691 angustiis
2575 619 2674 674 nisi
2702 628 2889 674 centro
2917 633 3073 691 posse
3099 620 3413 691 contingere,
3435 622 3497 676 ita
3520 632 3574 678 ut
3591 626 3634 680 in
3656 632 3765 686 omni

2289 727 2470 767 earum
2497 711 2778 766 intervallo
2797 710 2958 767 scribi
2978 711 3136 767 etiam
3163 711 3377 768 circulus
3396 714 3554 782 possit.
3572 715 3662 772 Hoc
3676 733 3766 776 cum

2286 803 2374 858 illa
2400 802 2680 874 phantasia
2707 803 2930 874 implere
2955 818 3060 859 non
3086 803 3270 875 possit,
3291 805 3534 877 magisque
3553 823 3678 878 quam
3695 813 3769 882 ipsi

2284 896 2454 962 oculi,
2483 894 2726 962 deficiat,
2761 893 3022 965 siquidem
3050 909 3145 965 per
3169 895 3306 966 ipsos
3328 905 3403 950 est
3424 897 3578 951 animo
3602 898 3768 968 inﬂicta,

2285 987 2624 1042 manifestum
2648 996 2732 1043 est
2756 995 2810 1042 et
2837 987 3060 1042 multum
3091 1001 3206 1041 eam
3231 985 3430 1043 diﬂerre
3453 1003 3482 1043 a
3505 990 3712 1058 veritate,
3736 1003 3775 1048 ct

2283 1077 2448 1143 illam,
2475 1079 2601 1134 dum
2634 1079 2748 1133 lucc
2771 1078 3006 1145 videtur,
3038 1093 3142 1133 non
3170 1077 3350 1133 videri.

2356 1169 2445 1226 36.
2472 1169 2596 1224 lla-c
2617 1169 2862 1225 dicentur
2885 1167 3167 1239 operosius
3190 1179 3345 1239 atque
3366 1168 3600 1234 subtilius,
3616 1186 3712 1226 cum
3727 1172 3773 1228 de

2284 1260 2628 1332 intelligendo
2673 1259 2942 1316 disserere
2991 1259 3337 1330 cmperimus,
3373 1274 3484 1330 qua:
3522 1261 3649 1315 nobis
3685 1278 3774 1331 pars

2281 1353 2550 1422 proposita
2581 1361 2696 1418 est,
2723 1365 2845 1406 cum
2871 1351 2938 1406 de
2964 1352 3155 1405 anima:
3181 1349 3283 1404 vita
3310 1349 3540 1421 quidquid
3566 1351 3772 1416 sollicitat,

2281 1445 2440 1502 fuerit
2458 1453 2712 1514 quantum
2739 1445 2980 1500 valemus
3005 1444 3334 1499 enucleatum
3357 1453 3502 1514 atque
3519 1443 3770 1499 discussum.

2279 1535 2394 1592 Non
2416 1538 2562 1592 enim
2583 1536 2747 1593 credo
2769 1546 2820 1592 te
2845 1552 3029 1606 parum
3053 1535 3336 1591 formidare
3356 1551 3418 1590 ne
3435 1551 3565 1592 mors
3580 1535 3771 1600 humana,

2278 1629 2485 1685 etiamsi
2505 1644 2613 1683 non
2633 1628 2918 1683 interficiat
2932 1628 3186 1695 animam,
3202 1643 3373 1683 rerum
3395 1637 3554 1684 tatnen
3573 1627 3770 1693 omnium,

2279 1729 2332 1776 et
2364 1721 2549 1792 ipsius,
2578 1721 2621 1774 si
2650 1735 2752 1790 qua
2781 1728 3052 1789 comperta
3080 1717 3260 1786 fuerit,
3283 1719 3503 1774 veritatis
3524 1717 3773 1773 oblivionem

2280 1811 2491 1866 inferat.
2524 1811 2589 1865 Α.
2621 1810 2737 1865 Νοιι
2767 1820 2941 1881 potest
2967 1811 3100 1866 satis
3127 1808 3233 1865 dici
3257 1820 3495 1880 quantum
3521 1811 3606 1864 hoc
3626 1809 3774 1864 malum

2279 1903 2621 1959 metuendum
2651 1905 2739 1959 sit.
2773 1903 2956 1973 Qualis
2977 1905 3118 1959 enim
3146 1903 3251 1958 erit
3275 1903 3357 1957 illa
3385 1912 3560 1956 mterna
3582 1901 3695 1966 vita,
3714 1903 3773 1956 vel

2278 2009 2397 2065 qua:
2426 2010 2572 2050 mors
2601 2011 2704 2049 non
2737 1995 2784 2048 ei
2812 1993 3170 2065 prmponenda
3197 2002 3279 2048 est
3297 2035 3311 2059 ,
3336 1991 3471 2047 sisic
3497 1993 3605 2046 vivit
3626 1992 3772 2057 anima,

2279 2097 2337 2140 ut
2359 2085 2598 2140 videmus
2628 2101 2746 2140 eam
2774 2086 2955 2142 vivere
2985 2087 3036 2140 in
3061 2100 3233 2157 puero
3260 2101 3375 2140 mox
3406 2085 3553 2139 nato?
3576 2091 3623 2138 ut
3641 2083 3692 2137 de
3712 2083 3772 2136 iiii

2278 2179 2386 2233 vita
2424 2178 2557 2233 nihil
2581 2178 2756 2233 dicam
2785 2195 2902 2249 qua:
2930 2178 2981 2232 in
3015 2185 3169 2232 utero
3195 2178 3393 2248 agitur;
3425 2191 3519 2231 non
3545 2176 3661 2230 enim
3685 2187 3774 2245 puto

2278 2285 2397 2324 esse
2428 2270 2646 2324 nullam.
2669 2268 2738 2323 Β.
2762 2269 2910 2324 Βοιιο
2931 2267 3108 2323 animo
3133 2277 3287 2332 esto;
3309 2267 3440 2323 Deus
3458 2266 3622 2332 aderit,
3639 2274 3683 2318 ut
3695 2263 3771 2334 jam

2279 2365 2536 2417 sentimus
2554 2404 2568 2428 ,
2603 2362 2959 2432 quterentibus
2983 2362 3136 2416 nobis
3153 2402 3170 2427 ,
3201 2360 3289 2431 qui
3317 2358 3638 2414 beatissimum
3662 2355 3771 2426 quid.

2277 2455 2398 2510 dam
2424 2465 2539 2526 post
2559 2455 2658 2510 hoc
2675 2471 2889 2526 corpus,
2905 2463 2960 2510 et
2976 2455 3220 2510 veritatis
3244 2453 3578 2523 plenissimum
3595 2450 3685 2506 sine
3700 2449 3772 2503 ullo

2279 2548 2559 2603 mendacio
2585 2548 2882 2618 pollicetur.
2913 2546 2975 2600 Α.
3008 2545 3128 2601 Fiat
3154 2557 3213 2599 ut
3237 2558 3516 2615 speramus.

1126 2701 2002 2934 “ﬁl—13
2011 2703 3302 2933 Mai?“

1123 3018 1230 3080 DE
1272 3016 1800 3094 SEQUENTIBUS
1843 3019 2123 3082 TI’JBUS
2165 3018 2477 3081 CONTRA
2521 3014 3028 3080 ACADEMICOS
3068 3013 3353 3077 LIBRIS.

2036 3159 2404 3216 «oaeneon

680 3293 877 3349 [iectus
898 3293 1028 3347 ordo
1053 3293 1302 3363 postulat,
1322 3291 1519 3347 ut'libri
1537 3300 1719 3345 contra
1737 3290 2098 3358 Academicos,
2125 3292 2209 3361 qui
2232 3291 2385 3361 primi
2417 3290 2653 3343 omnium
2680 3288 2746 3342 ab
2771 3286 3064 3358 Augustino
3101 3286 3377 3354 recensiti,
3401 3294 3453 3341 et
3480 3291 3576 3339 ante
3594 3290 3768 3338 ceteros

600 3383 848 3455 (excepto
876 3399 1036 3456 opere
1063 3385 1132 3440 de
1156 3384 1383 3440 Pulchro
1407 3394 1460 3438 et
1489 3385 1648 3454 Apto,
1682 3384 1769 3454 qui
1802 3383 1940 3438 fctus
1966 3383 2258 3454 eojnniore
2286 3384 2457 3438 editus
2487 3382 2662 3436 statim
2694 3381 2985 3449 intercidit)
3015 3381 3083 3434 ab
3133 3395 3206 3435 eo
3241 3379 3454 3450 profecti
3488 3386 3603 3441 sunt,
3634 3372 3770 3428 bucin

607 3476 876 3545 ptoprium
905 3477 1078 3532 locum
1095 3477 1462 3531 restituantur.
1487 3476 1686 3546 {Nempe
1711 3491 1830 3530 cum
1856 3477 2289 3531 Academicorum
2310 3485 2492 3531 contra
2525 3476 2632 3528 veri
2658 3475 3048 3544 perceptionem
3078 3483 3394 3543 argumenta
3423 3481 3606 3527 sanetus
3627 3468 3769 3524 Doctor

599 3568 801 3623 dudmn
834 3570 1155 3637 itnbibisset;
1184 3586 1243 3625 ea
1273 3579 1382 3624 tum
1408 3570 1590 3635 etiam,
1624 3585 1742 3623 cmn
1764 3571 2038 3624 veritatem
2071 3571 2160 3625 Dei
2189 3573 2356 3640 gratia
2391 3571 2574 3624 fuisset
2600 3577 2898 3633 assecutus,
2915 3569 3234 3624 nonnullam
3261 3569 3359 3638 ipsi
3383 3576 3638 3623 molestiam
3658 3563 3778 3616 laces-

607 3661 796 3716 st-bant
822 3682 833 3716 :
865 3663 1057 3734 quibus
1085 3662 1368 3731 diluendis,
1397 3678 1501 3719 non
1533 3663 1691 3718 modo
1720 3664 1961 3733 privatim
1990 3665 2188 3719 sedulis
2215 3663 2652 3719 meditationibus
2670 3664 2937 3727 insistere,
2960 3665 3053 3718 sed
3083 3667 3247 3720 etiam
3279 3681 3395 3720 cum
3420 3663 3584 3720 amicis
3601 3660 3779 3730 disputa-

607 3755 804 3810 tionem
835 3757 1030 3812 habere
1055 3757 1234 3812 animo
1255 3758 1555 3812 destinavit.
1583 3758 1726 3812 llane
1757 3774 1913 3827 porro
1941 3759 2276 3814 Collationem
2297 3776 2390 3830 per
2404 3760 2602 3830 aliquot
2621 3759 2734 3814 dies
2757 3760 2986 3814 habitam
3016 3770 3125 3815 tres
3156 3761 3208 3815 in
3241 3761 3401 3815 libros
3427 3760 3622 3830 partitus
3635 3763 3712 3817 est.
3732 3760 3771 3805 ει

597 3845 641 3900 Β
668 3850 929 3902 unaniano
955 3865 1051 3902 suo
1071 3850 1270 3903 concivi
1301 3865 1364 3904 ac
1395 3847 1687 3914 Mil'CCIIllll,
1717 3865 1835 3903 cum
1858 3849 1922 3902 ad
1947 3848 2292 3919 pllllOSOphiiB
2318 3850 2550 3904 studium
2580 3850 2931 3916 adhortando,
2963 3851 3286 3906 transmisit.
3622 3865 3627 3869 '

670 3939 828 3995 Liber
859 3943 1059 4009 primus
1079 3943 1481 4012 congredientes
1503 3943 1639 3996 inter
1657 3959 1714 3996 se
1751 3941 2046 3996 Licentiutn
2074 3953 2127 3997 ct
2153 3942 2456 4015 Trygetium
2496 3941 2739 4008 exhibet,
2777 3943 2914 3997 hunc
2955 3952 3137 3997 contra
3166 3943 3524 4009 Academicos,
3565 3939 3681 3994 illum
3708 3945 3777 4004 pro

596 4032 925 4086 Academicis
953 4032 1308 4103 disputantem
1339 4053 1353 4086 :
1382 4050 1448 4088 an
1479 4034 1629 4088 beata
1658 4034 1760 4087 vita
1801 4034 1853 4087 in
1884 4034 2185 4102 cognitione
2232 4033 2374 4094 veri;
2409 4049 2478 4088 an
2519 4043 2702 4088 contra
2733 4034 2784 4088 in
2811 4035 2920 4090 sola
2954 4033 3094 4088 illius
3132 4034 3534 4105 investigatione
3572 4030 3630 4086 sit
3654 4026 3772 4083 collo-

593 4124 778 4177 cmda.
812 4125 911 4180 Ubi
938 4127 1063 4195 quid
1092 4127 1158 4179 sit
1189 4141 1361 4191 errcr,
1394 4127 1518 4197 quiti
1549 4126 1806 4196 sapientia
1836 4126 1947 4180 fuse
1974 4127 2283 4196 explicatur.

667 4215 722 4271 In
754 4217 888 4271 libro
905 4217 1141 4273 secundo
1169 4216 1224 4273 S.
1259 4220 1583 4287 Augustinus
1618 4229 1864 4274 reccnset
1893 4218 2079 4287 placita
2111 4217 2587 4284 Academicorum;
2616 4218 2953 4289 prosequitur
2983 4218 3208 4290 Alypius
3223 4226 3454 4274 veterem
3481 4215 3603 4270 inter
3623 4223 3783 4267 ηοηηιο
3814 4259 3815 4262 η

593 4325 696 4380 que
714 4310 1051 4366 Academiam
1076 4310 1402 4366 discrimina.
1421 4309 2005 4380 Exploditurseutentia
2031 4311 2217 4365 horum
2241 4310 2699 4382 philosophorum,
2725 4311 2944 4381 quicum
2967 4325 3155 4366 verum
3183 4310 3324 4365 haud
3358 4323 3505 4382 posse
3527 4299 3783 4375 deprehendi
3814 4355 3815 4372 η

596 4411 860 4472 putarent.
897 4411 1069 4457 tamen
1097 4403 1206 4458 veri
1238 4401 1414 4457 simile
1444 4401 1593 4472 sequi
1619 4417 1679 4456 se
1703 4402 2096 4472 profiterentur.
3814 4423 3815 4462 ι

663 4494 724 4550 ln
753 4497 908 4550 tertio
936 4495 1072 4549 libro
1097 4512 1278 4550 verum
1312 4495 1533 4549 inveniri
1565 4510 1663 4565 pro
1710 4495 1974 4566 susceptis
2011 4495 2248 4567 partibus
2290 4494 2548 4550 diffitetur
2585 4493 2842 4566 Alypius;
2873 4493 3411 4564 probatAugustinus
3434 4506 3461 4545 a
3499 4489 3702 4558 sapiente
3719 4497 3782 4535 co-

592 4588 796 4658 gnosci,
831 4597 886 4642 ut
912 4599 1033 4657 pote
1060 4588 1148 4658 qui
1182 4587 1368 4640 saltem
1396 4587 1710 4658 sapientiam
1739 4589 1966 4642 noverit.
1987 4587 2083 4643 llic
2108 4589 2219 4658 ipse
2245 4585 2438 4642 deinde
2464 4585 2694 4642 Zenonis
2715 4585 3077 4641 detinitiouem
3104 4585 3344 4652 discutit,
3366 4592 3421 4640 et
3441 4582 3539 4638 duo
3558 4580 3632 4635 illa
3651 4574 3782 4632 redar.

592 4683 707 4750 guit
739 4681 1180 4735 Academicorum
1237 4679 1392 4736 effata
1417 4699 1429 4734 :
1457 4678 1606 4734 Nihil
1625 4681 1817 4751 percipi
1844 4697 2008 4751 posse,
2041 4691 2115 4750 et,
2151 4679 2302 4736 Nulli
2327 4682 2399 4736 rei
2425 4679 2600 4735 debere
2614 4680 2865 4735 assentiri.
2897 4678 3034 4735 Dicit
3058 4677 3275 4734 demum
3295 4678 3454 4734 videri
3480 4673 3605 4744 sibi,
3628 4667 3782 4727 Acade-

596 4773 762 4827 mit-os
791 4789 895 4825 non
929 4773 1000 4826 ita
1030 4772 1262 4827 sensisse
1283 4773 1355 4826 uti
1386 4773 1543 4843 vulgo
1569 4773 1959 4828 existimantur.
3647 4768 3658 4779 ’

665 4865 1004 4934 Scripsitltos
1025 4863 1188 4918 libros
1215 4865 1366 4920 initio
1393 4881 1503 4921 suae
1533 4867 1898 4921 conversionis
1923 4867 1974 4921 in
2001 4881 2128 4937 agro
2153 4865 2470 4928 Cassiciaco,
2501 4864 2750 4936 pauculis,
2767 4872 2823 4919 ut
2850 4864 2948 4930 ait,
2975 4863 3147 4918 diebus
3171 4865 3468 4921 transactis.
3498 4866 3781 4930 ρθδιθθφωηί

596 4957 669 5012 ibi
693 4957 871 5011 vivere
893 4955 1202 5026 cmpit(Lib.
1236 4958 1284 5020 t,
1306 4973 1352 5010 c.
1386 4958 1438 5022 l,
1456 4975 1509 5011 n.
1537 4957 1629 5028 4);
1661 4958 1898 5028 adeoque
1924 4957 2022 5011 sub
2053 4957 2210 5013 finem
2238 4956 2362 5013 anni
2392 4955 2531 5022 586;
2559 4971 2666 5027 quo
2693 4954 2932 5010 abdicata
2959 4955 3242 5010 rhetoricae
3273 4953 3582 5024 professione
3603 4948 3704 5002 illuc
3721 4955 3784 4995 se-

598 5048 779 5113 cessit,
805 5056 860 5101 ut
890 5055 1031 5102 totus
1055 5047 1328 5119 purgando
1355 5050 1532 5105 animo
1576 5060 1811 5117 vacaret,
1839 5065 2064 5120 seseque
2088 5049 2154 5104 ad
2180 5064 2388 5106 sacrum
2416 5049 2683 5118 Baptisma
2727 5048 2885 5118 digne
2909 5057 3267 5118 compararet.
3295 5045 3518 5103 Consule
3542 5036 3780 5098 announc-

592 5157 714 5197 netn
741 5141 794 5196 in
818 5141 910 5196 lib.
937 5141 991 5210 5,
1013 5157 1063 5198 c.
1095 5141 1184 5197 ΞΟ.

1543 5229 1586 5269 s.
1629 5228 1968 5280 aoccsrtncs,
2015 5229 2181 5270 EPlS'l‘.
2225 5215 2278 5274 1.
2321 5229 2388 5268 AD
2425 5225 2890 5268 ιιειιιιοαειιιλκυιι.

667 5307 995 5362 Academicos
1017 5323 1106 5379 ego
1132 5324 1194 5362 ne
1224 5308 1351 5362 inter
1363 5308 1640 5379 jocandum
1683 5307 1883 5376 quidem
1911 5325 2131 5376 unquam
2152 5309 2395 5361 lacessere
2414 5306 2651 5359 auderem
2682 5323 2695 5337 ο
2730 5303 2933 5374 quando
2957 5304 3085 5358 enim
3126 5320 3206 5358 nae
3225 5313 3472 5358 tantorum
3489 5301 3681 5354 uirorum
3709 5305 3777 5343 ποτε

593 5409 808 5456 movent
833 5401 1126 5465 auctoritas,
1151 5401 1246 5454 nisi
1266 5417 1348 5454 eos
1371 5409 1596 5470 putarent
1625 5398 1769 5469 longe
1800 5399 1850 5451 in
1882 5398 2003 5457 alia,
2031 5415 2184 5468 quam
2210 5400 2358 5469 vulgo
2385 5399 2627 5452 creditum
2657 5407 2748 5459 est,
2775 5395 2932 5465 fuisse
2954 5395 3235 5450 sententia?
3263 5395 3429 5459 Quare
3451 5391 3602 5463 potius
3619 5380 3777 5441 casum"

593 5505 728 5550 tatus
747 5511 858 5549 sunt
886 5503 1130 5560 quantum
1159 5492 1316 5559 ualui,
1348 5509 1498 5564 quant
1521 5492 1818 5562 expugnavi,
1850 5491 1984 5560 quod
2011 5493 2214 5546 omnino
2235 5508 2334 5545 non
2357 5473 2496 5545 valeo
2551 5487 2757 5542 Videtur
2777 5490 2907 5542 enim
2927 5489 3050 5541 mihi
3075 5487 3198 5542 satis
3217 5487 3499 5557 congruissc
3518 5475 3774 5549 ιαιιροτὲὑω.

604 5597 660 5642 ιιι
703 5588 749 5641 si
770 5586 891 5658 quid
915 5587 1166 5640 sincerum
1196 5585 1257 5640 de
1279 5587 1414 5656 fonte
1432 5583 1696 5638 Platonico
1710 5583 1906 5653 ﬂueret,
1931 5584 2062 5638 inter
2091 5585 2324 5639 umbrosa
2350 5593 2396 5637 ct
2410 5583 2615 5653 spinosa
2635 5582 2838 5635 dumeta
2867 5582 3029 5651 potius
3055 5581 3104 5634 in
3132 5580 3410 5651 pastinum
3435 5571 3777 5645 patefacitth

592 5679 852 5734 hominum
879 5678 1165 5746 duceretur,
1187 5695 1336 5751 quam
1364 5694 1452 5749 per
1471 5686 1647 5749 aperta
1672 5694 1904 5744 manans,
1931 5678 2233 5733 irruentibus
2257 5678 2442 5749 passim
2484 5675 2742 5747 pecoribus
2768 5674 2907 5728 nullo
2931 5676 3080 5727 modo
3101 5681 3268 5744 posset
3287 5669 3522 5742 liquidum
3556 5668 3778 5751 ρυηιηιφίξ

590 5771 902 5829 servari..."
929 5769 1049 5829 Hoc
1068 5745 1234 5828 autem
1255 5745 1441 5828 arcula
1459 5745 1572 5827 cum
1592 5771 1706 5838 jam
1728 5771 1892 5828 nullos
1916 5770 2172 5826 rideamus
2190 5745 2538 5843 philosophos,
2569 5768 2665 5824 nisi
2685 5769 2816 5840 forte
2843 5768 3058 5823 amiculo
3079 5765 3323 5836 corporis,
3345 5778 3462 5836 quos
3479 5757 3652 5834 quidem
3672 5745 3778 5804 Ιιππα
