3880 6394
475 335 486 350 ”
547 374 649 436 90.1

543 497 684 553 bulte
707 501 759 552 te
784 506 889 550 non
906 484 1318 549 solum'civium.
1342 484 1435 547 sed
1464 485 1620 540 etiam
1645 483 1937 539 vicinorum
1962 491 2138 551 patro-

543 609 673 652 num
712 602 821 646 tt-rc
868 588 1170 659 signarent;
1201 583 1590 638 collocarentur
1616 589 1826 644 statum,
1860 578 2143 632 inﬂuereut

542 689 795 750 honores,
811 681 1132 738 adderentur
1142 677 1299 732 etiam
1319 684 1755 745 puteslates,qn:n
1768 669 2142 740 municipalem

540 783 782 841 habiturn
800 779 1292 846 enitet-crescerent;
1312 769 1570 826 conviviis
1590 765 1910 837 quotidianis
1939 778 2139 820 mensas

542 879 735 948 opimae
767 878 1136 930 struerentur;
1165 865 1306 936 quod
1339 865 1530 932 cuique
1556 871 1701 919 esset
1726 873 1965 924 necesse,
1996 855 2138 926 quod

540 971 802 1042 cujusque
837 968 996 1022 etiam
1033 963 1233 1018 delicia:
1268 961 1494 1020 sitirent,
1524 957 1881 1011 indubitanter
1909 960 2133 1022 peteret,

538 1064 901 1121 indubitanter
914 1055 1336 1123 hauriret,mulla
1350 1055 1506 1109 etiam
1523 1068 1625 1106 non
1642 1049 1941 1120 petentibus
1954 1045 2138 1100 funde-

538 1166 758 1217 rentur;
784 1167 973 1222 resque
997 1153 1109 1221 ipsa
1123 1148 1395 1204 familiaris
1410 1145 1690 1214 diligenter
1705 1158 1732 1198 a
1757 1142 1858 1196 tuis
1880 1139 2136 1194 ﬁdeliter.

537 1263 641 1321 que
658 1245 1044 1306 administrata,
1060 1242 1302 1297 idoneam
1321 1255 1378 1293 se
1391 1250 1402 1291 t
1413 1237 1548 1294 antis
1561 1233 1855 1304 stunptibus
1869 1241 2133 1302 paratam-

539 1357 644 1412 que
657 1340 922 1411 przeberet
939 1353 951 1366 α
973 1344 1026 1390 ιιι
1043 1342 1236 1389 interea
1256 1334 1459 1386 viveres
1474 1331 1523 1383 in
1543 1327 1886 1382 :ediiiciorum
1903 1324 2136 1394 exquisi-

535 1433 758 1489 tissimis
782 1429 1031 1493 molibus,
1056 1428 1107 1482 itt
1135 1427 1306 1482 nitore
1335 1424 1665 1484 balnearum,
1687 1419 1738 1474 in
1765 1417 1982 1473 tesseris
2002 1428 2134 1485 quas

534 1527 791 1582 honestas
818 1540 922 1577 non
944 1521 1164 1589 respuit,
1194 1520 1245 1572 in
1273 1516 1569 1579 venatibus,
1596 1514 1644 1566 in
1664 1511 1941 1567 conviviis.
1967 1510 2017 1562 in
2040 1524 2133 1564 ore

534 1618 828 1683 clientium,
869 1616 922 1670 in
953 1628 1046 1666 ore
1079 1611 1295 1675 civium,
1327 1609 1377 1662 iit
1405 1622 1500 1661 ore
1543 1605 1775 1674 denique
1815 1601 2132 1672 populorum

534 1713 970 1771 humanissimus,
1001 1705 1421 1767 liberalissimus,
1457 1699 1856 1760 mundissimus,
1901 1697 2133 1748 fortuna-

536 1807 796 1870 tiSsimus,
833 1810 889 1855 ut
918 1800 1056 1853 fuisti
1078 1789 1412 1866 hiemat-eris
1442 1805 1458 1848 ι
1485 1795 1764 1864 quisquam
1798 1789 1912 1851 tibi,
1941 1786 2132 1842 [ictum

531 1901 715 1966 niane,
756 1897 926 1952 beatae
953 1891 1172 1947 alterius
1199 1893 1340 1951 vitae,
1387 1905 1504 1957 qua.-
1526 1888 1636 1942 sola
1679 1885 1832 1939 beata
1859 1891 1959 1946 est,
1987 1881 2133 1948 quis-

531 2009 713 2066 quam,
755 2003 958 2060 quasso,
984 1985 1307 2040 mentionem
1349 1984 1524 2036 facere
1559 1977 1812 2034 auderet?
1854 1977 2130 2045 quisquam

533 2088 627 2143 tibi
659 2081 977 2156 persuadere
1008 2085 1206 2150 posset,
1254 2089 1358 2130 non
1389 2075 1562 2130 soltnn
1592 2074 1642 2127 te
1675 2071 1879 2127 felicem
1911 2083 2014 2122 non
2044 2081 2131 2120 es-

535 2197 624 2246 se;
657 2178 750 2234 sed
777 2192 842 2232 eo
869 2175 1097 2230 maxime
1117 2171 1392 2234 miserum,
1424 2183 1532 2237 quo
1562 2166 1652 2221 tibi
1683 2163 1902 2218 minime
1925 2160 2132 2214 videro-

531 2276 642 2332 ris?
669 2273 818 2329 Nunc
844 2287 972 2326 vero
1000 2283 1158 2338 quam
1187 2273 1238 2320 te
1279 2264 1512 2319 breviter
1549 2257 1942 2316 admonendum
1973 2263 2045 2309 tot
2080 2264 2136 2312 et

539 2377 704 2430 tanta,
737 2380 854 2435 quae
883 2360 1143 2432 pertulisti
1176 2357 1396 2410 adveI‘Sa
1431 2351 1704 2409 fecerunt?
1732 2350 1844 2404 Non
1866 2348 2007 2403 enim
2038 2345 2134 2402 tibi

535 2459 724 2516 alienis
744 2454 1002 2524 exemplis
1035 2446 1462 2520 persuadendum
1492 2453 1758 2512 estquam
1791 2440 1930 2492 fluxu
1957 2448 2010 2492 ot
2029 2436 2136 2496 fra-

529 2554 677 2625 gilia,
703 2559 757 2606 et
788 2549 939 2619 plena
965 2544 1324 2602 calamitatum
1348 2540 1453 2592 sint
1472 2537 1668 2600 omnia,
1688 2549 1806 2625 qua:
1829 2533 1962 2587 bona
1994 2545 2136 2586 ωσι·-

532 2621 667 2702 tales
693 2653 913 2715 putant;
940 2656 1062 2694 cum
1109 2638 1176 2692 ita
1211 2652 1277 2690 ex
1307 2633 1481 2703 aliqua
1514 2637 1662 2702 parte
1706 2621 1841 2683 bene
1884 2636 2134 2697 expertus

530 2740 626 2809 sis,
655 2747 712 2793 ιιι
736 2751 800 2794 ex
822 2744 872 2792 te
898 2732 1104 2791 cmleris
1133 2726 1451 2800 persuadere
1480 2724 1765 2794 poSsimus.

605 2833 658 2887 5.
690 2821 820 2884 Illud
847 2843 995 2896 ergo,
1025 2823 1150 2879 illud
1171 2832 1336 2884 tuum,
1366 2833 1471 2888 quo
1495 2832 1709 2886 semper
1737 2813 1929 2871 decora
1960 2822 2014 2867 et
2040 2813 2135 2866 ito-

529 2933 685 2982 nesta
709 2919 1054 2981 desiderasti;
1087 2932 1192 2986 quo
1215 2923 1265 2968 te
1294 2912 1566 2966 liberalem
1598 2909 1766 2978 magis
1802 2923 1962 2978 quam
1991 2905 2131 2960 divi-

535 3027 646 3074 tem
673 3030 796 3071 esse
821 3009 1085 3072 maluisti;
1118 3021 1224 3078 quo
1250 3019 1518 3074 nunquam
1563 3000 1858 3071 concupisti
1891 3016 2009 3054 esse
2035 3015 2132 3068 po-

534 3111 736 3166 tentior
761 3119 921 3178 quam
948 3102 1160 3173 justior,
1186 3113 1456 3167 nunquam
1493 3094 1902 3150 adversitnlibus
1930 3095 2130 3162 impro-

532 3202 893 3268 bitatibusquo
920 3193 1129 3250 cessisti
1159 3209 1172 3244 :
1206 3189 1333 3244 illud
1360 3190 1552 3257 ipsum,
1585 3187 1820 3256 inquam,
1845 3184 1985 3253 quod
2011 3185 2062 3237 in
2084 3191 2136 3238 te

533 3295 776 3352 divinum
803 3288 984 3345 nescio
1009 3297 1117 3357 quo
1140 3286 1262 3337 vitae
1286 3282 1445 3350 hujus
1474 3291 1666 3337 somno
1689 3288 2018 3348 veternoque
2042 3293 2132 3332 so-

535 3387 710 3458 pitum
747 3391 851 3446 est,
874 3378 1036 3433 variis
1068 3375 1176 3431 illis
1212 3373 1467 3440 durisque
1505 3369 1885 3439 jactationibus
1930 3378 2134 3424 secreta

535 3475 870 3552 providentia
895 3469 1131 3527 excitare
1156 3467 1408 3523 decrevit.
1442 3464 1660 3535 Evigila,
1683 3463 1891 3533 evigila,
1926 3478 2022 3518 oro
2047 3473 2128 3529 te;

537 3573 800 3636 multum,
842 3565 972 3622 mihi
1001 3563 1179 3629 crede,
1213 3559 1563 3632 gratulaberis
1605 3557 1746 3626 (μιυό
1797 3571 1932 3626 pene
1976 3555 2135 3610 nullis

537 3659 980 3737 prosperitatibus
1010 3655 1202 3725 quibus
1245 3659 1494 3708 tenentur
1524 3649 1735 3715 incauti,
1766 3649 1946 3703 mundi
1975 3647 2134 3714 hujus

539 3757 634 3812 tibi
665 3754 804 3809 dona
833 3750 1066 3806 blandita
1087 3753 1211 3802 sunt
1239 3763 1252 3800 :
1282 3759 1400 3815 qua:
1426 3742 1684 3812 tneipsum
1710 3751 1902 3810 capere
1947 3741 2132 3793 molie-

537 3849 736 3906 bantur
759 3842 999 3915 quelidie
1025 3841 1124 3895 ista
1145 3845 1468 3902 cantantem,
1495 3834 1596 3889 nisi
1617 3851 1702 3888 me
1731 3833 1963 3903 pectoris
1981 3831 2134 3887 dolor

535 3951 814 4001 ventosum
840 3939 1226 4011 professionem
1241 3933 1468 4004 abjicere
1484 3939 1534 3986 et
1562 3931 1614 3984 in
1640 3928 1988 3999 philosophia:
2016 3941 2135 3996 gre-

535 4038 700 4095 mium
728 4032 1014 4104 confugere
1038 4028 1317 4100 coegisset.
1359 4026 1473 4095 Ipsa
1490 4037 1574 4078 me
1601 4035 1740 4076 nunc
1760 4023 1812 4076 in
1839 4023 1967 4084 otio,
1990 4015 2134 4090 quod

537 4131 890 4188 vehementer
917 4125 1234 4196 aptavimus,
1264 4121 1425 4176 nutrit
1444 4133 1506 4174 ac
1527 4119 1666 4171 fovet
1694 4135 1705 4170 :
1739 4118 1848 4186 ipsa
1877 4132 1963 4170 me
1984 4115 2132 4185 peni-

538 4234 624 4278 tus
663 4221 731 4277 ab
755 4221 840 4274 illa
868 4216 1263 4290 superstitione,
1306 4213 1358 4266 in
1381 4227 1539 4282 quam
1567 4218 1618 4264 te
1647 4221 1858 4264 mecum
1893 4207 2133 4277 prtecipiat

537 4325 644 4372 tem
665 4313 939 4378 dederam,
969 4307 1211 4364 liberavit
1237 4304 1334 4377 (η).
1387 4303 1500 4374 ipsa
1528 4303 1668 4358 enim
1699 4301 1875 4367 docet,
1914 4305 1970 4354 et
2005 4314 2132 4355 vere

539 4408 699 4464 docet
717 4405 842 4458 nihil
866 4403 1085 4456 omnino
1099 4398 1382 4454 colendum
1403 4411 1544 4460 esse,
1571 4403 1843 4462 totumqtte
1862 4391 2132 4447 contemni

535 4508 802 4571 oportere,
832 4493 1085 4566 quidquid
1131 4490 1441 4546 mortalibus
1476 4487 1648 4542 oculis
1673 4486 1926 4553 cernitur,
1973 4484 2128 4554 quid-

534 4592 662 4664 quid
695 4591 836 4645 ttilus
875 4602 1063 4641 sensus
1092 4584 1296 4651 attingit
1322 4581 1455 4651 (Lib.
1497 4582 1512 4634 i
1543 4579 1790 4645 Retract.,
1813 4593 1858 4631 c.
1891 4580 1942 4642 l,
1965 4591 2016 4631 η.
2047 4577 2125 4649 9).

539 4685 657 4755 ipsa
690 4681 1024 4736 verissimum
1054 4683 1108 4732 et
1135 4675 1545 4731 secretissimum
1578 4674 1741 4727 Deum
1773 4673 2048 4742 perspicue
2071 4686 2129 4726 se

539 4775 1024 4830 demonstraturum
1057 4770 1333 4840 promittit,
1363 4776 1415 4821 et
1440 4767 1550 4837 jam
1583 4767 1800 4837 jamque
1842 4765 1991 4836 quasi
2035 4780 2130 4834 per

536 4867 742 4923 lucidos
769 4867 935 4920 nubes
959 4871 1225 4917 ostentare
1245 4862 1506 4931 dignatur.

609 4960 664 5015 4.
695 4959 750 5014 1η
781 4959 879 5012 hac
911 4963 1118 5011 mecum
1150 4954 1534 5009 studiosissime
1578 4953 1702 5006 vivit
1731 4962 1910 5008 noster
1937 4953 2124 5006 Licen-

537 5053 684 5107 tius:
712 5048 778 5103 ad
800 5063 918 5103 eam
944 5055 1086 5101 totus
1112 5063 1140 5100 a
1162 5046 1485 5116 juvenilibus
1536 5047 1800 5101 illecebris
1842 5047 2126 5116 voluptati—

603 5177 622 5208 ¹
649 5181 700 5223 in
719 5152 1312 5237 Mss.aliquotvetu_stis_,e_t
1330 5169 1378 5217 in
1398 5167 1505 5237 Bad.
1526 5176 1634 5237 Am._
1648 5171 1721 5216 Er.
1747 5167 1892 5237 deest
1908 5174 1958 5237 ut
1973 5161 2126 5237 fuisti.

535 5248 589 5290 tn
606 5237 716 5288 aliis
737 5231 933 5296 septeni
955 5240 1056 5280 MSS.
1082 5231 1383 5296 substituitur
1408 5235 1457 5279 ut
1490 5231 1663 5296 suam;
1696 5244 1806 5291 quze
1828 5231 1980 5282 lectio
2005 5233 2128 5281 forte

535 5302 633 5353 hoc
652 5292 815 5348 verior
837 5297 943 5353 est,
965 5305 1063 5355 quo
1085 5293 1147 5340 ab
1170 5305 1258 5341 usu
1281 5292 1474 5353 vulgato
1491 5293 1742 5342 remotior.

603 5383 676 5446 (α)
694 5387 802 5446 Erat
818 5377 942 5426 haud
962 5375 1112 5446 dubie
1130 5374 1439 5446 iiOlllatliﬂi'lUS
1458 5387 1519 5446 ev.
1557 5387 1726 5442 eorum
1751 5384 1953 5446 nti-mero
1971 5412 1986 5436 ,
2009 5384 2132 5439 quos

536 5448 590 5496 in
609 5437 970 5497 Μόιιίοὶιωοωω
985 5437 1211 5486 bzeresim
1233 5449 1398 5501 secum
1417 5437 1714 5501 pertraxisset
1739 5439 1904 5501 deiietg
1919 5437 2132 5501 Augusti.

535 5522 632 5560 nus
647 5507 730 5556 lib.
748 5505 922 5554 4Com".
951 5516 996 5552 c.
1030 5501 1075 5548 1.
1109 5506 1281 5548 verum
1313 5498 1352 5546 is
1379 5511 1573 5560 quoque
1602 5497 1661 5546 avi
1689 5511 1852 5548 sanam
1879 5497 2021 5549 iidem
2050 5501 2131 5551 ali-

535 5569 734 5634 quando
747 5581 803 5618 se
817 5565 1007 5627 recepit
1024 5577 1036 5634 f.
1053 5560 1234 5634 quippe
1248 5562 1332 5634 qui
1350 5563 1659 5634 angustiam}
1675 5575 1875 5634 semper
1883 5563 2031 5634 coluit
2045 5567 2131 5612 im-

543 5623 716 5690 dense,
735 5637 787 5680 et
801 5623 1124 5690 nuncupatum
1137 5623 1227 5673 sibi
1241 5633 1304 5672 an
1319 5626 1422 5686 ipso
1438 5623 1613 5690 librum
1627 5623 1691 5690 de
1706 5631 1828 5673 Vera
1847 5625 2100 5690 neligione
2112 5664 2129 5690 ,

538 5686 733 5759 aliaque
749 5686 1152 5759 ipsius_sci-ipta_in
1167 5699 1341 5759 magno
1356 5687 1511 5749 pretio
1534 5687 1728 5758 habuit;
1755 5700 1810 5738 ac
1830 5686 2026 5759 demum
2043 5686 2130 5752 peii

540 5749 732 5808 littei'as
755 5749 783 5803 ά
807 5753 998 5803 Paulino
1009 5749 1210 5815 ’tsfolensi
1238 5749 1493 5815 episeopo,
1532 5749 1616 5815 qui
1652 5761 1805 5815 lienes
1831 5749 2130 5815 eulogiarum

543 5820 739 5879 nomine
757 5815 918 5879 eidem
931 5814 1095 5879 mittit,
1111 5820 1339 5879 tractatur
1366 5812 1873 5878 honoriﬁcentissime,
1901 5812 2049 5879 athuc
2075 5823 2130 5868 ut

544 5883 616 5939 vi:
641 5878 784 5945 plane
808 5877 1096 5941 christianos
1115 5875 1385 5928 catholicus.

495 6000 554 6037 ιλ

1553 365 1829 424 CONTRA
1869 361 2318 434 ACADEMIGOS,
2357 365 2413 424 s.
2454 354 2822 425 AUGUSTINI
3699 373 3781 426 9m

2250 480 2455 552 basque
2483 497 2772 540 conversus
2811 491 2912 548 est,
2956 483 3028 540 ita
3070 495 3128 549 ut
3157 484 3276 545 eum
3306 501 3412 546 non
3450 497 3633 552 tamen
3665 505 3779 569 petii

2247 573 2478 630 audeam
2505 576 2817 632 innitendum
2848 592 3163 646 proponere.
3189 577 3516 648 Philosophia
3552 597 3625 642 est
3644 591 3779 657 ettitn.

2247 683 2276 721 a
2303 668 2454 737 cujus
2484 669 2736 732 uberibus
2760 684 2820 726 se
2849 669 2991 728 nulla
3018 679 3146 724 aetas
3167 679 3417 740 queretur
3444 673 3458 704 ¹
3481 675 3697 742 excludit
3727 682 3782 737 ad

2245 777 2403 832 quam
2431 762 2638 818 avidius
2667 762 2997 818 retinendam
3020 772 3074 820 et
3099 762 3436 824 hauriendum
3458 783 3556 838 quo
3593 779 3641 827 te
3677 773 3783 832 iacio

2247 864 2435 922 tarem,
2465 858 2709 928 quamvis
2738 866 2878 914 tuam
2905 859 3049 916 sitim
3072 859 3206 916 bene
3235 861 3485 926 noverint.
3512 870 3698 934 gustum
3717 880 3782 924 tit.-

2241 963 2363 1004 men
2393 949 2605 1004 mittere
2624 951 2785 1014 volui.
2818 965 2976 1020 quem
3007 951 3100 1010 tibi
3128 952 3516 1023 suavissimum.
3557 965 3626 1023 et;
3663 969 3711 1014 ut
3732 961 3784 1016 ita

2241 1039 2439 1106 dicam,-
2467 1041 2818 1098 induetorium
2852 1042 2983 1106 fore,
3014 1055 3138 1114 peto
3167 1059 3235 1098 ne
3271 1044 3459 1100 frustra
3485 1053 3780 1115 speraverim.

2239 1130 2372 1186 Nam
2399 1133 2813 1202 disputationem
2843 1150 3000 1204 quem
3034 1135 3170 1190 inter
3193 1151 3253 1192 se
3277 1136 3549 1207 Trygetius
3570 1149 3619 1195 et
3640 1139 3782 1197 Licen-

2240 1223 2346 1278 tius
2373 1223 2692 1292 habuerunt,
2735 1226 2955 1281 relatam
2999 1228 3050 1281 in
3094 1227 3318 1293 litteras.
3369 1228 3457 1282 tibi
3503 1231 3630 1284 misi.
3664 1232 3782 1288 illum

2239 1317 2382 1372 enim
2426 1333 2638 1387 quoque
2690 1317 3102 1382 adolescentem,
3151 1321 3304 1388 quasi
3352 1320 3416 1375 ad
3458 1320 3782 1392 detergendum

2237 1409 2510 1464 fastidium
2551 1409 2952 1480 disciplinarum
3005 1410 3330 1482 aliquantum
3383 1413 3480 1467 sibi
3529 1427 3782 1484 usurpasset

2237 1500 2445 1567 militia,
2486 1502 2554 1556 ita
2597 1501 2749 1556 nobis
2785 1517 3098 1572 magnarum
3147 1502 3583 1574 honestarumqtte
3627 1510 3778 1564 artium

2237 1591 2671 1646 ardentissimum
2693 1592 3176 1664 edacissimumqtte
3204 1595 3453 1649 restituit.
3484 1596 3697 1651 Pauculis
3712 1599 3778 1667 igi-

2241 1694 2326 1739 tur
2352 1684 2538 1738 diebus
2562 1688 2864 1751 transactis,
2894 1697 3238 1755 posteaquam
3278 1687 3330 1740 in
3357 1702 3481 1757 agro
3513 1690 3667 1742 vivere
3691 1705 3776 1744 tar-

2236 1777 2431 1849 pitnus,
2481 1781 2600 1832 enm
2641 1787 2734 1833 eos
2780 1769 2846 1833 ttd
2884 1770 3056 1834 studia
3105 1779 3328 1836 hortulis
3373 1789 3522 1850 atque
3565 1782 3775 1846 animans,

2239 1875 2371 1926 ultra
2423 1887 2576 1941 quam
2609 1882 2915 1942 optaverant
2955 1883 3167 1942 paratos
3209 1883 3263 1928 et
3313 1889 3518 1943 prorsus
3567 1874 3778 1929 inhiantes

2237 1953 2496 2027 viderem,
2539 1955 2676 2016 volui
2703 1963 2904 2018 tehlare
2937 1980 3031 2033 pro
3065 1973 3224 2019 aetate
3267 1965 3389 2034 quid
3419 1975 3648 2034 possent:
3677 1983 3776 2036 prs:-

2237 2056 2420 2110 scrtitn
2448 2071 2568 2108 cum
2592 2054 2905 2111 lion-tensius
2925 2055 3058 2111 liuet-
3083 2056 3360 2124 Ciceronis
3381 2057 3484 2124 jant
3507 2073 3591 2111 eos
3613 2072 3666 2112 ex
3689 2075 3774 2110 ma-

2237 2153 2342 2215 gna
2375 2158 2524 2214 parte
2549 2149 2862 2208 conciliasse
2890 2143 3243 2216 philosophth
3279 2147 3551 2204 videretur.
3577 2149 3773 2206 Adhibita

2241 2237 2424 2306 itaque
2443 2239 2668 2293 notario.
2687 2253 2757 2292 ne
2777 2255 2917 2291 aurae
2938 2239 3172 2292 laborem
3195 2248 3431 2293 nostrum
3457 2241 3770 2309 discerperent,

2241 2323 2373 2385 nihil
2400 2331 2574 2401 perire
2599 2332 2839 2404 permisi.
2862 2332 3056 2386 Sancin
3078 2331 3182 2387 hoc
3207 2333 3341 2386 libro
3372 2349 3452 2387 res
3472 2343 3522 2386 et
3544 2336 3772 2389 sententias

2240 2422 2480 2490 illorum.
2522 2439 2644 2480 mea
2669 2439 2793 2480 vero
2821 2434 2874 2480 et
2903 2423 3080 2495 Alypii
3109 2425 3276 2478 etiam
3314 2427 3469 2480 verba
3498 2426 3692 2482 lecturus
3712 2442 3767 2481 es.

2807 2538 3085 2573 DISPUTATIO
3109 2539 3274 2574 PRIMA.

2237 2599 2466 2670 CAPUT
2496 2598 2558 2662 li.
2589 2629 2662 2648 ιε-
2686 2605 2766 2662 Au
2793 2613 2860 2661 ad
2895 2610 3088 2663 beutatu
3121 2611 3279 2662 vitam
3323 2612 3584 2664 necessaria
3616 2612 3666 2665 sit
3695 2611 3768 2664 veri

2510 2701 2908 2770 carnpreltcusio,
2932 2719 3000 2759 (tu
3020 2701 3130 2756 sola
3163 2705 3278 2772 ejus
3301 2703 3560 2772 inquisitio.

2310 2795 2364 2854 5.
2409 2786 2540 2852 Cum
2590 2796 2746 2868 igitur"
2787 2805 2973 2852 omnes
3019 2795 3240 2852 hortatu
3288 2809 3408 2853 meo
3455 2807 3599 2852 unum
3632 2800 3675 2853 in
3708 2799 3765 2852 ie.

2239 2903 2361 2943 cum
2390 2888 2455 2943 ad
2487 2887 2587 2943 hoc
2615 2889 2921 2959 congregati
2948 2904 3191 2943 essemus
3212 2932 3226 2955 ,
3261 2891 3346 2944 ubi
3383 2899 3685 2960 opportunum
3711 2887 3763 2944 ri-

2240 2996 2355 3034 sum
2382 2989 2465 3035 est
2490 2998 2501 3032 :
2526 2979 2916 3050 Numquidnam
2943 2979 3223 3046 dubitatis,
3255 2981 3484 3049 inquam,
3513 2997 3663 3037 verum
3685 2996 3756 3036 nas

2240 3074 2377 3126 scire
2403 3070 2687 3140 oportere?
2716 3070 2928 3126 Minime
2947 3113 2962 3140 ,
3002 3072 3074 3125 ait
3119 3071 3407 3144 'l‘rygetius
3432 3093 3444 3128 :
3470 3074 3753 3143 cieteriquese

2237 3165 2386 3218 vultu
2426 3164 2542 3234 ipso
2584 3164 2909 3234 approbasse
2953 3163 3412 3235 signiticaverunt.
3455 3166 3562 3234 Quid
3591 3166 3652 3230 si,
3687 3165 3752 3219 itt-

2239 3271 2398 3325 quam
2417 3297 2432 3322 ,
2461 3255 2619 3310 etiam
2660 3271 2764 3310 non
2794 3254 3188 3325 comprehenso
3229 3272 3360 3313 vero
3390 3250 3514 3313 beati
3542 3271 3637 3312 esse
3660 3268 3757 3328 pos.

2239 3361 2456 3412 sumus;
2490 3347 2848 3404 necessariam
2885 3348 2991 3401 veri
3037 3339 3556 3418 comprehensionem
3586 3349 3760 3403 arbitra-

2239 3439 2409 3494 mini?
2437 3430 2534 3494 ilic
2559 3439 2779 3512 Alypius
2806 3456 2818 3492 ;
2847 3439 3012 3505 ilujus
3038 3443 3374 3510 quaestionis,
3404 3429 3762 3512 llifltlil,jlltii0t‘ill

2238 3545 2325 3586 me
2353 3530 2516 3585 tutius
2543 3539 2686 3600 puto.
2713 3531 2845 3584 Cum
2872 3531 3012 3586 enim
3045 3523 3146 3586 iter
3175 3531 3305 3588 mihi
3335 3533 3384 3588 in
3409 3533 3572 3589 urbem
3595 3531 3650 3586 sit
3669 3548 3764 3586 cott-

2239 3621 2502 3685 stitntum,
2534 3629 2749 3691 oportet
2778 3637 2864 3678 me
2893 3639 3055 3678 onere
3082 3613 3313 3695 alicujus
3341 3619 3652 3695 suscipienda:
3678 3639 3765 3694 par-

2239 3711 2307 3766 tis
2334 3713 2556 3768 reievari
2584 3729 2598 3776 ;
2631 3713 2786 3767 simul
2818 3715 2958 3784 quod
2987 3715 3197 3770 facilius
3223 3715 3414 3786 judieis
3445 3727 3624 3787 partes,
3645 3732 3760 3786 quam

2237 3802 2546 3871 cujusquam
2568 3802 2885 3870 defensoris,
2904 3805 3133 3874 cuipiam
3154 3799 3401 3878 delegare
3420 3803 3613 3877 possim.
3631 3804 3763 3875 Qttare

2237 3892 2430 3948 dehinc
2460 3910 2556 3963 pro
2593 3896 2844 3950 alterutra
2873 3906 3022 3968 parte
3053 3913 3119 3952 ne
3145 3915 3179 3953 a
3209 3917 3295 3954 me
3319 3895 3583 3970 quidquam
3615 3915 3760 3968 exspe-

2237 3990 2410 4042 ctetis.
2442 3986 2592 4054 Quod
2622 3988 2669 4043 ei
2711 4004 2829 4042 cum
2861 4004 3178 4045 concessum
3212 4001 3354 4046 esset
3379 3985 3442 4046 ab
3467 3989 3696 4052 omnibus,
3721 3998 3760 4042 ct

2236 4095 2335 4149 ego
2361 4081 2686 4150 rogationem
2729 4082 3040 4150 repetissem
3076 4101 3089 4136 :
3120 4085 3269 4139 Beati
3301 4095 3466 4150 certe,
3497 4086 3638 4155 inquit
3660 4075 3759 4152 Try-

2235 4173 2439 4243 getitts,
2473 4189 2591 4229 esse
2632 4174 2907 4242 volumus;
2938 4187 2991 4231 ct
3033 4177 3074 4232 si
3115 4173 3182 4232 ad
3224 4175 3358 4231 hanc
3396 4195 3501 4231 rem
3540 4189 3760 4246 possumus

2235 4265 2435 4336 absitue
2482 4268 2705 4322 veritate
2749 4269 3057 4337 pervenire,
3107 4271 3390 4339 quaerenda
3435 4269 3575 4324 nobis
3614 4268 3760 4322 veritas

2237 4374 2342 4412 non
2368 4367 2469 4413 est.
2500 4359 2634 4425 Quid
2661 4361 2759 4414 hoc
2787 4362 2979 4432 ipsum,
3013 4363 3266 4431 inquam?
3289 4357 3653 4418 Existimatisne
3671 4361 3760 4413 het-

2236 4460 2320 4507 tos
2347 4465 2444 4506 nos
2474 4467 2592 4506 esse
2621 4467 2798 4520 posse,
2829 4455 2986 4508 etiam
3021 4472 3123 4509 non
3153 4455 3362 4510 iuventa
3394 4455 3622 4512 veritate?
3648 4445 3757 4508 Tunc

2233 4541 2506 4600 Licentius
2530 4561 2542 4596 :
2574 4545 2884 4610 Possumus,
2912 4546 3094 4616 inquit.
3121 4548 3164 4602 si
3189 4565 3365 4604 verum
3387 4563 3665 4618 quaeramus.
3689 4545 3757 4597 iiic

2234 4649 2355 4689 cum
2381 4651 2478 4706 ego
2505 4645 2817 4690 ett-tororum
2843 4640 3160 4693 sententiam
3183 4649 3310 4694 nutu
3331 4640 3619 4710 ﬂagitassent
3643 4657 3654 4694 :
3675 4635 3756 4690 Μο-

2235 4735 2323 4781 vet
2347 4744 2467 4793 me,
2501 4728 2670 4798 inquit
2698 4728 2946 4794 Navigius
2972 4730 3241 4812 ((1),J|tt0d
3281 4748 3308 4786 a
3350 4731 3569 4787 Lieentio
3600 4731 3752 4782 dictum

2235 4829 2336 4876 est.
2366 4821 2548 4876 Potest
2575 4821 2715 4875 cttitn
2746 4823 2968 4878 fortasse
2996 4823 3095 4878 hoc
3118 4825 3285 4894 ipsum
3307 4841 3420 4880 esse
3440 4825 3576 4879 beate
3597 4824 3747 4882 virere,

2233 4914 2287 4969 in
2328 4915 2562 4969 veritatis
2594 4915 2932 4986 inquisitione
2962 4918 3157 4973 vivere.
3197 4919 3361 4974 Deiini
3389 4935 3535 4990 ergo,
3561 4918 3623 4971 ait
3645 4915 3748 4983 Try-

2231 5010 2424 5079 getius,
2449 5009 2574 5080 quid
2608 5011 2676 5065 sit
2712 5010 2864 5066 beata
2889 5012 3012 5078 vita,
3042 5020 3098 5066 ttt
3125 5027 3188 5068 ex
3220 5029 3283 5067 eo
3312 5012 3538 5083 colligam
3560 5007 3662 5077 quid
3685 5021 3746 5060 rc-

2233 5100 2497 5167 spoudere
2523 5105 2821 5158 conveniat.
2859 5105 2995 5172 Quid
3033 5121 3238 5172 censes,
3269 5108 3489 5178 inquam,
3515 5119 3616 5158 esse
3635 5098 3742 5157 aliud

2234 5197 2388 5252 beate
2413 5196 2608 5262 vivere,
2642 5197 2744 5251 nisi
2773 5199 3060 5252 secundum
3099 5200 3147 5254 id
3173 5200 3311 5270 quod
3350 5199 3397 5254 in
3429 5191 3616 5252 homine
3637 5191 3741 5262 opti-

2231 5302 2378 5342 mum
2399 5299 2501 5352 est,
2528 5289 2745 5345 vivere?
2772 5290 3015 5358 Temere,
3045 5293 3232 5363 inquit,
3255 5291 3405 5348 verba
3428 5291 3519 5345 non
3541 5286 3763 5364 fundatus

2234 5393 2355 5434 nam
2384 5380 2435 5435 id
2459 5383 2629 5450 ipsum
2649 5384 2906 5452 optimum
2927 5385 3050 5454 quid
3077 5385 3166 5452 sit,
3188 5384 3525 5441 deﬁniendum
3548 5380 3656 5434 milli
3669 5373 3764 5434 aliti

2235 5481 2289 5529 te
2329 5481 2475 5543 puto.
2505 5474 2668 5542 Quis,
2710 5475 2954 5545 inquam,
2985 5476 3330 5544 dubitaverit,
3353 5462 3476 5531 nihil
3495 5471 3620 5528 aliud
3647 5479 3735 5524 esse

2234 5563 2464 5619 hominis
2489 5567 2745 5637 optimum
2764 5610 2779 5636 ,
2807 5584 2963 5638 quam
2991 5584 3108 5625 eam
3140 5579 3336 5641 partem
3373 5566 3542 5628 animi,
3570 5558 3732 5619 caldo-

2233 5657 2458 5714 minanti
2481 5657 2849 5730 obtemperare
2877 5662 3124 5718 convenit
3161 5665 3346 5719 steterit
3369 5664 3564 5732 queritis
3588 5655 3632 5708 in
3653 5649 3729 5705 lto‘«

2299 5796 2314 5828 ί
2343 5797 2581 5858 atteritur,
2605 5798 2745 5860 juxta
2767 5797 2872 5848 ιον.
2929 5798 2966 5848 Μ

2302 5885 2374 5944 (u)
2395 5884 2641 5946 Augustini
2656 5882 2820 5934 frater.
