3880 6396
557 485 824 558 nequeat?
852 483 1035 540 Potest
1067 486 1242 533 autem
1273 477 1432 532 homo
1458 473 1614 530 beate
1637 475 1820 529 vivere
1838 515 1853 540 ,
1880 472 2139 543 siquidem

558 591 736 655 potest
763 576 1053 635 secundum
1093 587 1210 627 eam
1253 581 1454 642 partem
1480 569 1639 624 animi
1668 569 1846 623 vivere
1867 582 2022 636 quam
2048 565 2145 620 do-

557 674 749 731 minari
780 671 831 724 in
860 668 1074 723 homine
1110 664 1187 719 l‘as
1213 674 1313 719 est.
1350 663 1563 719 Potest'
1598 662 1756 734 igitur
1782 677 1964 717 verum
1994 662 2142 715 inve-

556 768 696 825 nire.
725 764 828 819 Ant
860 762 1072 832 colligat
1108 774 1188 823 se,
1232 770 1286 812 et
1330 772 1434 811 non
1474 756 1810 825 concupiscat
1838 769 2044 820 verum,
2078 769 2145 809 ne

556 876 678 918 eum
704 859 755 913 id
780 855 990 926 assequi
1031 870 1133 908 non
1168 852 1417 922 potuerit,
1449 849 1748 905 necessario
1774 848 1938 902 miser
1958 848 2046 901 sit.
2077 847 2147 901 At.

557 954 661 1011 hoc
694 952 865 1019 ipsum
891 957 972 1002 est
997 947 1207 1002 beatum
1237 942 1483 1006 botuinis,
1506 943 1580 996 ait
1608 942 1715 1006 ille,
1747 940 1976 1010 perfecte
1995 954 2142 1009 qua:-

539 1028 680 1100 irere
706 1040 981 1096 veritatem
1007 1055 1018 1089 :
1046 1038 1145 1090 hoc
1169 1046 1249 1089 est
1280 1034 1421 1088 enim
1465 1032 1740 1103 pervenire
1766 1031 1833 1084 ad
1861 1032 2039 1091 tinem.
2064 1029 2144 1083 nl-

559 1147 636 1191 tra
666 1149 824 1204 quetn
867 1146 972 1185 non
1020 1137 1193 1199 potest
1224 1108 1488 1197 progredi.
1528 1123 1779 1194 Quisquis
1803 1138 1931 1193 ergo
1970 1120 2144 1177 minus

554 1229 818 1284 instanter
842 1240 1000 1293 quam
1029 1229 1238 1289 oportet
1263 1218 1540 1273 veritatem
1572 1215 1784 1285 quarrit,
1812 1213 1858 1269 is
1885 1213 1950 1267 ad
1984 1215 2141 1267 linem

554 1319 787 1375 hominis
827 1333 929 1369 non
968 1311 1208 1384 pervenit
1235 1330 1247 1363 :
1272 1310 1512 1381 quisquis
1536 1320 1711 1363 autem
1746 1316 1949 1361 tantum
1971 1321 2142 1368 quau-

553 1424 665 1467 tum
703 1410 864 1464 homo
904 1413 1076 1477 potest
1108 1420 1172 1459 ac
1205 1403 1392 1464 debet,
1432 1400 1524 1456 dat
1564 1415 1779 1470 operam
1811 1398 2142 1453 invenienda:

553 1503 785 1561 veritati.
816 1501 858 1555 is
883 1497 1088 1553 etiamsi
1115 1512 1231 1550 eam
1270 1510 1372 1547 non
1403 1491 1655 1557 inveniat,
1688 1490 1873 1545 beatus
1909 1500 2024 1553 est;
2063 1500 2142 1543 io-

554 1608 665 1653 ttnn
696 1594 838 1650 enim
868 1591 1009 1651 facit.
1040 1588 1181 1659 quod
1212 1597 1271 1641 ut
1294 1584 1470 1649 faciat,
1496 1583 1565 1636 ita
1598 1592 1752 1635 natus
1774 1590 1874 1635 est.
1906 1579 2143 1635 Iuventio

552 1698 732 1744 autem
771 1686 814 1739 si
843 1683 1105 1743 defuerit,
1138 1678 1187 1733 id
1217 1676 1393 1732 deerit
1415 1674 1555 1746 quod
1595 1683 1782 1728 natura
1826 1688 1929 1726 non
1972 1672 2138 1727 dedit.

551 1779 832 1837 Postremo
857 1790 976 1829 cuin
1012 1772 1279 1826 hominem
1309 1782 1530 1822 necesse
1557 1766 1627 1820 sit
1660 1773 1750 1819 aut
1779 1767 1992 1819 beatum
2022 1780 2142 1820 esse

550 1880 646 1927 aut
667 1870 940 1928 miserum,
965 1878 1140 1917 nonne
1159 1859 1422 1913 dementis
1442 1866 1523 1912 est
1543 1872 1662 1911 eum
1686 1856 1772 1926 qui
1794 1855 1909 1911 dies
1934 1863 2143 1911 noctes-

552 1982 658 2037 que
689 1970 940 2030 quantum
974 1966 1151 2027 potest
1176 1955 1333 2009 instat
1362 1949 1742 2022 investiganda:
1769 1948 1999 2009 veritati.
2038 1948 2140 2003 mi-

552 2071 730 2113 scrnm
758 2050 968 2108 dicere?
994 2050 1185 2104 Beatus
1221 2046 1380 2115 igitur
1408 2043 1530 2099 erit.
1565 2042 1762 2097 Deinde
1793 2041 1879 2096 illa
1904 2042 2142 2097 delinith

550 2148 703 2213 mihi,
734 2156 787 2199 ut
817 2143 1065 2203 arbitror,
1098 2137 1314 2193 uberius
1352 2134 1672 2205 sum-agatur
1696 2151 1708 2186 ι
1734 2148 1854 2186 nam
1885 2133 1928 2186 si
1959 2133 2142 2187 beatus

548 2251 651 2300 ρει,
674 2234 827 2290 siculi
855 2245 957 2295 est,
984 2232 1073 2302 qui
1103 2227 1393 2285 secundum
1426 2242 1542 2280 eam
1572 2234 1776 2295 partem
1806 2224 1966 2277 animi
1993 2223 2138 2288 vivit,

547 2348 704 2404 quam
735 2343 958 2400 regnare
996 2324 1205 2377 raateris
1234 2318 1502 2384 convenit,
1531 2329 1580 2372 et
1608 2317 1721 2372 lure
1755 2331 1876 2385 pars
1900 2317 2034 2370 ratio
2055 2315 2138 2369 di-

546 2424 716 2483 citur;
749 2436 932 2491 quaero
979 2426 1156 2469 utrum
1203 2430 1308 2466 non
1348 2409 1641 2465 setnndum
1678 2407 1937 2462 rationem
1968 2407 2138 2474 vivat,

545 2516 635 2586 qui
664 2513 853 2581 qum-rit
878 2508 1110 2574 perfer-te
1133 2505 1439 2560 veritatem?
1464 2503 1615 2569 Qmid
1642 2501 1685 2556 si
1721 2499 2007 2555 absurdum
2035 2510 2133 2565 est,

547 2607 674 2679 quid
721 2604 1024 2657 dubitamus
1068 2600 1280 2653 beatum
1329 2597 1599 2651 hominem
1644 2595 1825 2650 dicere
1868 2594 1982 2650 sola
2025 2594 2138 2665 ipsa

548 2695 889 2769 inquisitimie
913 2689 1186 2745 Veritatis?

910 2781 1136 2840 CAPUT
1168 2780 1257 2836 IV.
1280 2810 1352 2821 —
1374 2777 1509 2844 Quid
1534 2779 1596 2832 si!
1620 2794 1776 2832 error.

620 2880 707 2937 10.
752 2877 910 2936 Mihi.
953 2878 1027 2929 ait
1077 2873 1197 2936 ille.
1250 2888 1348 2928 nec
1401 2870 1694 2926 secundum
1743 2869 2001 2926 rationem
2053 2871 2135 2926 vi-

546 2990 697 3040 vere,
728 2987 825 3027 nec
856 2971 1042 3025 iuratus
1070 2966 1309 3027 oumiuo,
1341 2964 1581 3035 quisquis
1603 2971 1746 3016 errat
1780 2964 2003 3016 videtur.
2032 2962 2132 3018 Er-

543 3078 627 3126 rat
650 3075 825 3121 autem
855 3062 1027 3116 ntttniw‘
1057 3060 1145 3130 qui
1174 3073 1387 3127 semper
1406 3058 1594 3126 qua-rit
1616 3072 1713 3109 nec.
1740 3055 1959 3110 invenit.
1987 3055 2137 3112 Unde

544 3163 638 3221 tibi
657 3179 814 3216 unum
829 3158 937 3228 jam
953 3172 982 3211 e
998 3156 1205 3210 duobus
1218 3148 1619 3205 monstrandum
1634 3159 1714 3204 est
1732 3167 1744 3201 :
1760 3160 1849 3202 aut
1866 3160 2132 3203 errantem

543 3255 759 3311 beatum
781 3264 900 3305 es~e
920 3264 1074 3317 posse
1094 3261 1109 3309 ;
1132 3254 1219 3296 aut
1244 3259 1363 3297 eum
1383 3242 1469 3309 qui
1495 3240 1632 3309 quod
1654 3241 1843 3310 qumrit
1867 3256 2132 3310 nunquam

542 3344 767 3403 invenit.
791 3357 893 3393 non
913 3353 1113 3391 errare.
1137 3334 1229 3389 llic
1248 3334 1335 3387 ille
1360 3351 1370 3382 ε
1399 3331 1592 3385 Beatus
1611 3347 1790 3385 errare
1812 3348 1913 3386 non
1938 3343 2129 3403 potest,

541 3437 614 3496 Et
648 3452 767 3490 cum
795 3433 886 3486 diu
930 3430 1163 3486 siluisset
1188 3446 1200 3481 :
1229 3427 1342 3482 Non
1373 3435 1550 3481 autem
1579 3435 1748 3491 errat,
1781 3427 1978 3491 inquit,
2011 3444 2131 3483 eum

541 3526 765 3598 qum-it;
794 3539 916 3594 qtlta
948 3531 1004 3575 ut
1026 3538 1127 3575 non
1156 3529 1318 3583 erret,
1350 3535 1429 3588 per
1446 3518 1579 3573 ferte
1606 3519 1811 3583 emerit.
1846 3519 1907 3573 Et
1934 3520 2134 3592 Tryge-

543 3619 650 3675 tius
682 3636 694 3669 :
729 3615 790 3672 Ut
824 3632 924 3669 non
954 3623 1092 3668 erret
1119 3612 1356 3682 quidem,
1390 3612 1579 3676 inquit,
1607 3612 1821 3680 quwrit;
1850 3612 1942 3665 sed
1964 3626 2127 3680 errat,

540 3724 659 3769 cum
702 3706 919 3762 minime
960 3706 1178 3758 invemt.
1213 3704 1282 3756 Ita
1313 3710 1490 3757 autem
1525 3703 1615 3755 tibi
1660 3703 1986 3771 profuturum
2028 3714 2134 3773 pu-’

539 3801 700 3863 tasti,
747 3796 889 3869 quod
930 3810 1111 3851 errare
1153 3795 1239 3847 ille
1280 3809 1386 3848 non
1430 3797 1565 3857 vnit,
1610 3794 1757 3864 quasi
1802 3810 1957 3849 nemo
1984 3804 2130 3850 erret

541 3892 757 3957 inritus,
781 3890 1170 3959 antquisquam
1193 3886 1409 3939 omnino
1428 3892 1590 3946 erret.
1620 3886 1718 3940 nisi
1749 3886 1959 3941 invitus.
1993 3886 2125 3941 'l'utn

537 4004 658 4061 ego.
689 4003 809 4041 cum
840 3985 929 4039 ilie
949 3983 1037 4037 diu
1065 3991 1403 4037 cunctaretur
1423 3980 1545 4051 quid
1576 3979 1917 4051 responderet
1945 3997 1957 4033 :
1985 3978 2126 4032 Deﬁ-

539 4079 790 4140 niendum
834 4076 985 4130 vobis
1018 4084 1120 4137 est,
1159 4077 1367 4143 inqttaltt
1390 4115 1406 4139 ,
1446 4073 1569 4143 quid
1606 4074 1674 4125 sit
1707 4089 1894 4127 error:
1920 4071 2127 4125 facilius

536 4173 679 4231 enim
712 4172 826 4240 ejus
858 4169 989 4223 lines
1035 4164 1253 4237 potestis
1284 4166 1486 4221 videre.
1516 4166 1564 4218 in
1592 4180 1748 4233 quem
1774 4163 1883 4233 jam
1918 4163 2126 4234 penitus

538 4266 758 4333 ingressi
787 4263 935 4319 estis.
969 4262 1107 4333 Ego,
1155 4258 1324 4330 iaquit
1355 4258 1653 4325 Licentius,
1675 4257 1898 4311 delinire
1926 4256 2124 4326 aliquid

532 4360 760 4416 ideneus
787 4373 890 4410 non
920 4370 1036 4410 sum
1068 4367 1347 4421 :quamvts
1368 4366 1602 4404 errorem
1631 4349 1855 4403 delinire
1890 4348 1959 4402 sit
1995 4347 2121 4402 faci-

530 4452 684 4507 cilius
710 4465 868 4520 quam
900 4448 1070 4500 linire.
1104 4444 1236 4515 Ego,
1271 4443 1344 4497 ait
1378 4443 1483 4505 ille,
1506 4442 1785 4505 deliniam;
1823 4440 1960 4511 quod
1994 4438 2120 4494 mibi

535 4543 844 4599 facillimum:
885 4550 985 4597 est.
1025 4554 1132 4593 non
1174 4536 1405 4603 ingenio,
1440 4535 1532 4588 sed
1559 4547 1714 4586 causa
1739 4534 1957 4602 optima.
1988 4532 2119 4588 N-m

465 4675 497 4697 κ
531 4652 716 4690 errare
738 4646 815 4687 est
839 4634 1017 4698 utique
1036 4647 1250 4700 semper
1269 4644 1529 4700 qmerere,
1560 4643 1825 4696 nunquam
1859 4626 2116 4681 invenire.

533 4726 665 4796 Ego,
696 4725 863 4794 inquit
891 4723 1175 4785 Licentius,
1209 4722 1252 4774 si
1282 4720 1364 4773 v'rl
1391 4720 1543 4774 istam
1576 4718 1935 4773 dclinititutem
1969 4718 2120 4773 facile

535 4831 744 4889 possem
779 4816 1037 4878 refellere,
1075 4815 1383 4881 jamdudum
1425 4830 1597 4867 causw
1631 4831 1763 4867 unae
1793 4830 1897 4869 tun
1922 4814 2121 4871 defuis-

530 4925 667 4965 sem.
713 4905 817 4962 Sed
853 4907 1103 4974 quoniam
1139 4914 1229 4959 :mt
1267 4921 1350 4959 res
1378 4907 1485 4977 ipsa
1515 4920 1608 4973 per
1632 4902 1877 4960 se'ardua
1901 4918 2001 4971 est,
2028 4916 2117 4963 aut

532 5000 607 5056 ita
641 4997 768 5053 inihi
796 5016 842 5062 a;
866 5007 1009 5066 paret
1035 5013 1049 5058 ;
1084 5007 1203 5059 peto
1241 5015 1267 5047 a
1302 4997 1451 5050 vobis
1479 5006 1528 5051 ul
1559 5014 1723 5066 usque
1753 4998 1804 5051 in
1831 5000 2115 5054 crastinam

527 5093 702 5150 lucem
733 5089 954 5157 quaestio
980 5086 1274 5153 dill‘eratur,
1302 5089 1346 5142 si
1376 5088 1502 5142 nihil
1533 5089 1691 5144 hodie
1715 5092 1858 5157 quod
1894 5106 2115 5160 respou-

528 5183 710 5247 deant,
742 5181 975 5251 reperire.
1006 5190 1245 5249 potuero,
1276 5198 1397 5233 eum
1444 5180 1494 5234 id
1538 5180 1722 5234 sedulo
1753 5198 1959 5237 mecum
2004 5185 2118 5253 ipse

529 5277 760 5331 Volvam.
792 5274 941 5343 Quod
982 5290 1101 5327 cum
1144 5273 1542 5328 eoin-edendum
1574 5284 1845 5340 putarem,
1888 5292 1991 5328 non
2034 5292 2119 5331 rc-

494 5386 501 5387 ’
532 5368 820 5425 nitentibus
844 5373 1086 5431 ueteris,
1119 5367 1508 5420 deambulatum
1534 5365 1609 5419 ire
1630 5368 1956 5420 surreximus
1984 5386 1999 5422 :
2022 5383 2118 5422 tto-

530 5461 720 5531 bisque
742 5462 880 5517 inter
900 5476 999 5516 nos
1027 5464 1185 5513 multa
1214 5460 1462 5526 vatiaqne
1496 5461 1996 5526 sermocinantibus,
2030 5462 2117 5517 iile

531 5551 584 5610 in
610 5554 929 5623 cogitatione
948 5551 1154 5605 deﬁxus
1182 5549 1297 5602 fuit.
1321 5549 1471 5615 Quod
1493 5565 1614 5602 cum
1643 5550 1833 5604 frustra
1859 5567 1977 5607 esse
1997 5566 2119 5608 sen-

535 5646 715 5709 sisset,
737 5646 976 5701 minitare
1007 5640 1238 5695 animum
1276 5640 1478 5705 maluit,
1509 5653 1559 5694 et
1597 5654 1775 5696 nostro
1800 5660 1859 5700 se
1883 5648 2115 5702 sermoni

528 5736 778 5792 miscere.
807 5735 993 5790 Postea
1015 5749 1133 5787 cum
1151 5733 1261 5803 jam
1287 5731 1772 5801 advesperasceret.
1796 5736 1848 5790 in
1869 5738 2115 5795 eumdem

593 5837 612 5871 ι
642 5843 768 5901 ρει-η
787 5842 872 5889 aug
889 5843 1038 5901 ροιεει
1058 5834 1387 5922 ἱρίᾱιν]¹8νηηι
1402 5835 1612 5890 ἰηιηηὶιέ
1635 5841 1975 5908 εαιιιεοιιίυαι.
2058 5852 2114 5896 id.

2475 224 2492 247 \

1538 357 1815 417 CONTRA
1854 351 2307 436 ACADEMICOS,
2346 356 2404 413 S.
2445 356 2810 417 AUGUSTINI
3652 369 3738 431 ιιι

2250 470 2554 527 conﬂictum
2572 474 2832 529 redierant
2851 489 2865 526 :
2881 473 2974 529 sed
2994 473 3201 529 modum
3220 475 3445 548 imposui,
3462 487 3741 558 persuasique

2253 572 2309 617 ut
2336 562 2389 617 in
2414 564 2575 618 alium
2597 564 2739 619 diem
2768 564 2969 619 dilferri
3000 574 3311 636 paterentur.
3336 569 3451 629 inde
3471 573 3528 629 ad
3552 575 3741 637 balneas.

2781 680 3056 718 DISPCTATIO
3076 680 3293 720 εεεσκω.

2326 748 2410 804 11.
2441 748 2702 805 Postridie
2728 761 2902 805 autem
2931 768 3050 808 cum
3078 755 3512 812 consedissemus:
3533 759 3744 831 Pmlerte,
3826 808 3827 817 χ

2252 840 2491 911 inquam,
2522 844 2660 913 quod
2694 843 2806 898 heri
2834 846 3136 914 cmpetatis.
3161 846 3290 902 Tum
3313 849 3585 906 Licentius:
3613 855 3750 911 Distu-
3826 846 3827 914 ξ

2249 932 2513 1002 leratnus,
2564 937 2766 1009 inquit,
2813 938 3242 1007 disputationem.
3283 943 3375 997 nisi
3415 944 3565 1011 fallor,
3604 961 3751 1017 rogatu

2250 1039 2391 1092 meo,
2423 1042 2543 1082 cum
2573 1029 2771 1083 erroris
2795 1029 3035 1105 deﬁnitio
3061 1031 3356 1088 difﬁcillima
3381 1035 3496 1090 mibi
3520 1050 3656 1094 essm.
3679 1039 3751 1096 llic
3826 1029 3827 1111 1

2251 1119 2430 1188 plane,
2448 1121 2686 1192 inquam,
2704 1138 2809 1176 non
2834 1138 3004 1190 erras,
3028 1125 3167 1195 quod
3192 1136 3246 1177 ut
3266 1126 3353 1180 tibi
3379 1144 3520 1184 omen
3542 1131 3669 1186 sitat]
3690 1150 3751 1188 re-

2250 1211 2413 1281 liqua,
2449 1213 2680 1269 libenter
2706 1217 2998 1285 optaverim
3025 1214 3161 1287 (Lib.
3184 1217 3209 1275 1
3233 1218 3463 1287 Retract.,
3491 1238 3533 1277 c.
3562 1223 3607 1290 l,
3628 1240 3671 1278 ιι.
3690 1224 3749 1296 2).

2248 1303 2387 1358 Audi
2410 1320 2562 1374 ergo,
2587 1306 2771 1376 inquit,
2797 1308 2938 1377 quod
2967 1308 3079 1362 beri
3107 1309 3264 1363 etiam
3295 1310 3389 1366 nisi
3411 1312 3750 1382 intercessises,

2248 1397 2609 1467 prolulissem.
2654 1398 2819 1454 Error
2856 1400 2985 1454 mibi
3028 1400 3234 1456 videtur
3269 1417 3382 1458 esse
3414 1401 3520 1459 l‘alsi
3551 1421 3630 1475 pro
3658 1424 3752 1462 vero

2248 1487 2593 1557 approbatio;
2618 1489 2670 1543 in
2692 1506 2851 1560 quem
2879 1490 3026 1545 nullo
3054 1503 3206 1560 pacto
3229 1492 3421 1558 incidit,
3440 1498 3518 1563 qui
3536 1496 3751 1553 veritatem

2247 1580 2589 1649 qu:erendam
2629 1597 2845 1654 semper
2882 1583 3191 1638 existimat:
3226 1583 3405 1639 falsum
3430 1587 3555 1641 enim
3582 1588 3753 1659 probare

2249 1686 2356 1725 non
2382 1681 2576 1742 potest,
2600 1673 2691 1741 qui
2716 1674 2903 1743 probat
2927 1674 3094 1741 nihil;
3125 1691 3229 1730 non
3257 1675 3405 1747 igitur
3426 1687 3578 1747 [uitest
3600 1694 3750 1736 errare.

2249 1766 2445 1822 Beatus
2470 1781 2646 1823 autem
2680 1767 2930 1823 facillime
2957 1784 3077 1823 esse
3106 1779 3313 1838 potest:
3344 1786 3456 1824 nam
3474 1811 3488 1834 ,
3517 1786 3574 1827 ne
3598 1772 3753 1843 longius

2247 1858 2433 1913 abeant
2455 1900 2471 1925 ,
2503 1859 2547 1914 si
2581 1860 2734 1914 nobis
2761 1860 2921 1930 ipsis,
2959 1870 3015 1914 ut
3048 1859 3165 1916 beri
3196 1861 3368 1926 licuit,
3396 1862 3601 1931 quotidie
3622 1863 3754 1919 vixere

2247 1949 2466 2012 liceret;
2506 1951 2635 2005 nihil
2674 1952 2802 2006 mibi
2845 1954 3081 2007 occurrit
3110 1969 3207 2007 cur
3235 1970 3329 2008 nos
3357 1953 3523 2009 beatos
3546 1956 3753 2024 appellare

2247 2042 2631 2100 dubitaremus.
2667 2044 2906 2100 Viximus
2933 2048 3075 2100 enim
3106 2062 3293 2116 magna
3322 2047 3502 2102 mentis
3522 2050 3752 2119 tranquilli-

2250 2144 2357 2191 tate
2376 2177 2392 2201 ,
2423 2137 2491 2190 ab
2518 2137 2663 2191 omni
2695 2140 2936 2206 corporis
2962 2139 3082 2195 labe
3110 2140 3343 2195 animum
3392 2140 3696 2207 vindicantes,
3715 2152 3752 2198 et

2248 2240 2277 2279 a
2296 2225 2641 2293 cupiditatum
2669 2228 2869 2283 lacibus
2892 2229 3203 2300 longissime
3224 2232 3426 2294 remoti,
3443 2232 3624 2298 dantes,
3638 2249 3737 2298 quan

2248 2325 2357 2371 tum
2387 2318 2586 2373 homini
2617 2319 2757 2384 licet,
2785 2337 3001 2390 operam
3030 2324 3258 2388 rationi;
3284 2322 3382 2379 hoc
3408 2335 3501 2389 est,
3525 2324 3748 2380 secundum

2247 2408 2392 2463 illam
2428 2410 2658 2464 divinam
2698 2423 2899 2481 partem
2937 2413 3101 2469 animi
3145 2415 3409 2482 viventes,
3435 2433 3574 2487 quam
3599 2418 3748 2472 beatam

2245 2501 2406 2556 vitam
2429 2518 2548 2557 esse
2574 2502 2820 2560 hesterna
2847 2505 2983 2561 inter
3008 2521 3108 2562 nos
3130 2507 3428 2564 delinitione
3449 2508 3678 2564 convenit:
3694 2518 3749 2561 at-

2245 2610 2370 2665 que,
2417 2604 2476 2651 ut
2514 2598 2736 2667 opinor,
2783 2598 2913 2652 nilnl
2960 2600 3292 2660 invenimus.
3333 2602 3420 2657 sed
3464 2600 3748 2655 tantummodo

2245 2688 2588 2757 qtuesivimus
2624 2691 2920 2744 veritatem.
2956 2672 3154 2746 Polest'
3173 2694 3325 2761 igitur
3352 2693 3456 2747 sola
3485 2691 3747 2763 lllQlllslllthe

2245 2780 2504 2845 Veritatis,
2529 2783 2735 2835 etiamsi
2764 2798 2882 2836 eam
2911 2784 3156 2839 invenire.
3182 2786 3396 2841 minime
3422 2785 3582 2854 possit,
3600 2783 3746 2839 homini

2242 2869 2398 2925 beata
2442 2872 2548 2925 vita
2585 2871 2914 2942 contingere.
2943 2872 3076 2928 Nam
3107 2874 3348 2930 definitio
3377 2884 3455 2930 tua
3484 2875 3581 2928 vide
3603 2881 3745 2943 quanta

2244 2961 2492 3017 facilitate
2521 2963 2836 3018 excludatur
2861 2966 3076 3020 notione
3106 2967 3394 3021 communi.
3422 2966 3597 3021 Etenim
3614 2979 3744 3019 enare

2243 3053 2423 3109 dixisti
2452 3070 2573 3109 esse
2596 3097 2611 3120 ,
2641 3056 2866 3124 Semper
2893 3072 3138 3126 qttasrere
3157 3100 3173 3125 ,
3204 3066 3259 3112 et
3284 3074 3525 3128 nunquam
3550 3056 3736 3111 itn'enire.

2241 3145 2378 3212 Quid
2407 3146 2451 3200 si
2478 3147 2757 3217 quisquam
2788 3147 2917 3200 nilnl
2945 3161 3177 3217 quarat,
3202 3158 3257 3204 et
3289 3151 3603 3219 interrogatus.
3628 3144 3732 3199 verbi

2239 3237 2447 3305 gratia,
2478 3248 2781 3293 utrummm
2822 3238 2979 3292 modo
3015 3239 3136 3295 dies
3176 3242 3283 3305 sit,
3314 3249 3495 3296 temere
3521 3238 3738 3306 stitimque

2243 3342 2454 3385 noetem
2491 3345 2610 3385 esse
2652 3331 2899 3401 npi;.etttr
2938 3343 3100 3401 atque
3143 3333 3485 3404 re~pondcatl
3510 3344 3645 3387 nonne
3671 3328 3740 3384 tibi

2239 3422 2455 3477 videtur
2486 3426 2704 3479 errare?
2725 3424 2837 3479 Hoc
2857 3425 3012 3495 igitur
3036 3428 3240 3481 erroris
3266 3443 3426 3498 genus
3446 3426 3519 3482 vel
3541 3424 3743 3479 immanis-

2240 3514 2458 3579 simum,
2490 3530 2591 3569 non
2618 3516 2893 3585 complexa
2920 3518 3278 3573 est-deﬁnitio
3303 3529 3403 3573 tua.
3430 3519 3547 3587 Quid
3568 3517 3603 3571 si
3626 3515 3744 3571 etiam

2239 3621 2344 3659 non
2378 3618 2617 3662 errantes
2644 3608 2918 3676 complexa
2936 3619 3037 3670 est,
3058 3620 3306 3679 potestne
3318 3591 3532 3665 delinitiu
3555 3609 3635 3662 ulla
3660 3620 3745 3661 esse

2238 3698 2518 3753 vitiosior?
2539 3698 2669 3753 Nam
2691 3701 2733 3753 si
2756 3715 2877 3769 quas
2900 3702 3277 3757 Alexandriam
3307 3714 3511 3773 qur-rat,
3531 3712 3576 3757 et
3591 3700 3642 3754 ad
3659 3714 3742 3753 eam

2236 3800 2386 3845 recto
2419 3800 2600 3861 pergat
2628 3790 2816 3845 itinere
2842 3808 2857 3856 ;
2891 3808 3029 3855 non,
3063 3795 3286 3863 opinor,
3316 3808 3458 3866 potes
3482 3808 3584 3848 eum
3605 3806 3743 3844 erran-

2238 3890 2343 3937 tem
2372 3898 2581 3939 vocare.
2614 3884 2748 3952 Quid
2777 3885 2820 3938 si
2849 3887 3093 3941 eamdem
3136 3890 3271 3942 viam
3292 3930 3308 3955 ,
3350 3890 3498 3943 variis
3529 3884 3744 3954 iuqietlitus

2234 3977 2431 4041 eausis,
2463 3977 2620 4049 longo
2646 3989 2766 4049 agat
2793 3989 3046 4048 tempore,
3078 3991 3133 4036 et
3160 3983 3212 4036 in
3242 3997 3301 4038 ea
3335 3994 3492 4037 morte
3516 3992 3742 4051 prazvema-

2236 4079 2356 4136 tur;
2406 4087 2586 4126 utmne
2629 4081 2686 4127 et
2737 4089 2949 4143 semper
2999 4076 3284 4145 qna-sivit,
3329 4087 3377 4132 et
3423 4089 3649 4144 utinquam
3684 4071 3741 4125 iu-

2233 4164 2413 4230 venit,
2461 4181 2559 4221 nec
2599 4168 2795 4222 erravit
2836 4168 3050 4222 tamen?
3083 4168 3233 4236 Non,
3269 4171 3430 4242 inquit
3461 4169 3558 4228 ille.
3586 4176 3742 4234 semper

2230 4257 2494 4327 qua-sivit.

2304 4348 2393 4403 12.
2440 4349 2603 4405 lter-te
2640 4350 2796 4415 dicis,
2835 4352 2909 4407 ait
2948 4352 3242 4420 Licentius,
3281 4363 3335 4411 et
3370 4354 3495 4409 bene
3524 4352 3737 4407 admones.

2230 4440 2360 4499 lude
2389 4445 2534 4499 enim
2564 4459 2781 4512 prorsus
2807 4445 2933 4501 nihil
2961 4447 3026 4502 ad
3051 4465 3089 4502 ro
3113 4466 3162 4502 ιιι
3189 4450 3411 4519 pertinet
3427 4446 3631 4503 deﬁnitio
3648 4457 3740 4496 tua:

2230 4552 2336 4592 non
2364 4539 2506 4592 enim
2537 4553 2636 4610 ego
2668 4539 2875 4593 beatum
2906 4556 3025 4597 νεεδ
3071 4541 3215 4605 dixi,
3249 4544 3347 4613 qui‘
3369 4556 3564 4611 semper
3586 4541 3739 4607 qua-nit

2228 4632 2529 4686 veritatem.
2563 4631 2712 4698 Quod
2747 4648 2812 4685 tte
2838 4632 2953 4686 lieri
2978 4633 3194 4702 quidem
3221 4643 3425 4705 potest:
3457 4631 3629 4701 primo.
3650 4624 3736 4697 quia

2229 4738 2337 4778 noo
2361 4738 2575 4793 semper
2604 4722 2763 4777 homo
2791 4733 2871 4776 est
2894 4740 2908 4787 ;
2938 4723 3154 4787 deinde,
3184 4725 3302 4794 quia
3329 4739 3428 4778 non
3451 4738 3509 4778 ex
3533 4737 3620 4790 quo
3641 4726 3737 4769 ιιίυο

2227 4830 2360 4887 pore
2409 4815 2592 4886 inripit
2638 4829 2757 4870 esse
2800 4813 2992 4879 homo,
3021 4833 3088 4869 eo
3132 4815 3242 4885 jam
3289 4818 3628 4888 pozest,a't:ttc
3661 4804 3734 4859 iut-

2227 4908 2497 4978 pediente,
2533 4924 2713 4962 verum
2743 4922 3003 4978 qmrrere.
3033 4909 3137 4963 Aut
3167 4909 3211 4963 si
3239 4922 3440 4977 semper
3464 4904 3508 4960 id
3534 4914 3656 4973 putas
3674 4895 3733 4950 di-

2225 4998 2490 5063 cendum,
2525 5000 2569 5053 si
2608 4997 2738 5052 nihil
2775 4997 3029 5068 temporis
3056 5014 3162 5066 quo
3193 4998 3300 5068 jam
3338 5012 3559 5068 qua-rere
3584 4997 3729 5065 potest.

2228 5094 2403 5163 perire
2442 5092 2671 5161 patitur;
2713 5106 2895 5145 rursus
2936 5092 3026 5146 tibi
3069 5092 3428 5148 Alexandriam
3465 5083 3730 5145 redeundum

2226 5195 2328 5241 est.
2362 5186 2468 5241 Fac
2496 5187 2638 5240 enim
2664 5201 3006 5256 quennpiam,
3037 5202 3101 5241 ex
3130 5201 3234 5256 quo
3262 5195 3483 5255 tempore
3510 5182 3595 5235 iter
3611 5186 3728 5247 agree

2225 5280 2308 5333 vel
2351 5287 2508 5333 aetate
2539 5279 2621 5333 vel
2650 5281 2865 5349 negotio
2898 5280 3118 5343 sinitur,
3152 5293 3365 5349 pergere
3390 5276 3601 5341 accipere
3622 5268 3726 5321 illam

2224 5372 2386 5433 viam.
2407 5382 2586 5442 atque,
2612 5382 2667 5425 ut
2691 5386 2851 5441 supra
2876 5372 3003 5439 dixi,
3030 5387 3148 5428 cum
3166 5370 3598 5438 devtetnu‘quam.
3615 5365 3727 5412 aele‘

2223 5480 2380 5534 quam
2406 5466 2686 5537 perveniat
2715 5475 2889 5521 uniten
2920 5466 3025 5521 vita
3051 5466 3335 5527 excedere;
3369 5466 3563 5515 uultum
3586 5448 3723 5548 Μοῖς’

2223 5569 2311 5613 cto
2358 5558 2594 5623 errabis,
2636 5557 2680 5612 si
2724 5557 2814 5614 tibi
2861 5573 3070 5614 errasSe
3108 5558 3206 5613 iste
3246 5552 3501 5615 videbitur,
3535 5552 3723 5616 quantus

2223 5653 2368 5708 omni
2399 5666 2506 5723 quo
2536 5652 2706 5721 potuit
2736 5663 2975 5719 tempore
2994 5693 3009 5718 ,
3043 5666 3138 5708 nec
3164 5666 3391 5721 quaerere
3412 5639 3627 5700 desierit.
3647 5644 3723 5688 nec

2224 5744 2465 5800 invenire
2489 5742 2718 5815 potuerit
2744 5760 2849 5814 quo
2872 5747 3139 5816 pergebat.
3162 5739 3491 5811 Quamobrem
3508 5731 3548 5787 si
3566 5737 3611 5784 et
3627 5736 3718 5816 nica

2224 5814 2513 5907 descriptio
2548 5852 2670 5892 vera
2704 5845 2821 5908 est,
2856 5814 2911 5893 et
2936 5834 3221 5894 secundum
3253 5847 3365 5892 eam
3391 5842 3484 5887 non
3507 5830 3627 5882 emt
3643 5814 3716 5876 11Ιῦ
