3882 6274
670 342 723 354 \ohv

129 409 214 468 9:3
670 346 723 354 ψ
922 346 935 389 ί
987 393 994 400 ’
1096 369 1110 378 ’
1459 389 1661 453 LIBER

1789 390 1970 450 lMUS.

129 524 202 594 qui
229 520 451 591 perfecte
476 521 689 591 quaerit,
717 521 951 591 quamvis
977 534 1080 573 non
1113 511 1343 571 inveniat
1369 514 1666 577 veritatem,

130 618 387 682 beatusque
408 624 490 669 est
514 614 586 667 oh
610 629 727 669 eam
756 630 897 677 rem,
924 611 1062 680 quod
1093 607 1381 665 Secundum
1413 607 1668 660 rationem

127 707 264 763 vivit:
304 715 388 759 tua
430 720 558 758 vero
601 705 839 759 deﬁnitio
875 712 930 756 et
967 704 1214 757 frustrata
1251 709 1350 759 est,
1390 705 1444 751 et
1480 697 1521 749 si
1566 711 1669 749 non

130 809 266 860 met,
290 796 416 851 nihil
443 812 563 851 eam
590 811 779 851 eurare
808 796 1077 858 deberem,
1099 796 1142 848 si
1167 810 1230 847 ex
1252 808 1315 845 eo
1336 792 1505 844 solum
1530 787 1672 858 quod

129 905 210 957 ego
229 889 453 945 deﬁnivi.
475 889 608 943 satis
631 904 788 944 causa
817 890 1017 942 ﬁrmata
1040 895 1152 940 est:
1182 900 1295 943 cur.
1319 896 1520 953 quarsn,
1545 896 1674 934 non-

129 982 232 1037 dum
256 989 333 1037 est
362 981 459 1035 ista
493 981 634 1034 inter
658 995 756 1034 nos
781 980 1001 1048 quaestio
1029 974 1320 1031 dissoluta?

335 1070 564 1127 CAPUT
607 1070 667 1123 γ.
697 1100 769 1111 —
798 1070 1049 1137 Quidnam
1075 1071 1139 1122 sit
1166 1066 1431 1135 sapientia.

188 1165 260 1220 l3.
300 1163 395 1217 llic
430 1163 753 1231 Trygetins:
785 1163 983 1226 Dasne,
1025 1161 1211 1228 inquit,
1234 1158 1541 1227 Sapientiam
1586 1171 1673 1211 re-

129 1268 246 1315 ctam
286 1258 422 1309 viam
468 1256 592 1309 vitze
649 1255 807 1310 esse?
845 1253 940 1313 Dn,
972 1252 1175 1319 inquit,
1213 1250 1327 1303 sine
1356 1249 1550 1303 dubio:
1582 1247 1673 1301 sed

132 1358 282 1404 tantm
305 1346 421 1397 volo
451 1343 579 1398 mihi
607 1345 916 1412 sapientiam
942 1342 1196 1407 deﬁnias,
1231 1350 1283 1394 ιιι
1314 1341 1476 1393 si-iam
1503 1350 1599 1391 utr:
1624 1354 1676 1392 m

130 1456 229 1509 (per
256 1438 376 1492 mihi
398 1479 412 1499 ,
439 1436 628 1491 cadem
662 1437 756 1491 tihi
790 1452 909 1489 esse
942 1436 1195 1488 videatur.
1233 1434 1294 1487 lit
1324 1434 1412 1485 ille
1439 1452 1449 1481 :
1485 1431 1675 1487 Parum

134 1533 228 1595 tibi,
253 1531 344 1590 ait,
375 1530 585 1583 videtur
612 1528 827 1582 deﬁnita
856 1526 954 1581 hoc
984 1542 1098 1593 ψει»
1122 1525 1261 1595 qned
1289 1539 1428 1577 nunc
1453 1522 1469 1576 i
1493 1532 1677 1575 uerru-

133 1619 378 1691 gamses?
414 1619 585 1673 litium
622 1617 762 1685 quod
800 1615 936 1669 volui
966 1614 1271 1669 conoess'isti
1322 1614 1374 1667 Si
1402 1612 1543 1666 enim
1574 1625 1676 1664 non

135 1712 295 1777 ﬁliar,
322 1726 426 1764 non
456 1710 589 1764 [alsit
616 1718 760 1764 recta
796 1708 875 1761 via
913 1707 1031 1760 vine
1069 1706 1322 1776 Sapientia
1358 1704 1676 1757 nominatur.

137 1805 246 1859 Tum
275 1803 536 1858 Licentius
562 1822 574 1854 :
604 1801 741 1856 Nihil
774 1800 899 1855 mihi
927 1809 1033 1855 Lam
1062 1798 1367 1857 ridiculum.
1396 1811 1552 1865 quam
1582 1795 1678 1850 ista

139 1897 344 1952 deﬁnitio
370 1897 580 1951 videtur
599 1937 614 1959 ,
642 1895 831 1964 inquit.
865 1893 1107 1947 Fortasse
1127 1933 1142 1946 .
1173 1892 1248 1944 ait
1276 1892 1361 1945 ille
1385 1908 1398 1943 :
1428 1890 1681 1958 ριςιιριοιιι-

142 1989 213 2045 tim
249 1999 417 2042 tamen
456 2002 676 2058 quaso,
713 1996 770 2040 ut
808 1986 942 2039 ratio
978 1983 1261 2051 pra-veniat
1301 1981 1461 2035 risum
1496 1990 1676 2032 tmun:

142 2082 244 2134 nihil
275 2082 413 2134 enim
447 2089 529 2132 est
556 2078 748 2134 [inditis
773 2078 882 2133 risu
920 2072 1505 2143 iriisionedignissitno.
1547 2069 1681 2139 Quid

143 2173 271 2232 enim,
298 2172 375 2225 ait
402 2171 514 2231 ille.
543 2185 721 2224 nonne
742 2168 922 2222 fateris
943 2167 1063 2221 vita:
1089 2176 1310 2219 mortem
1335 2179 1452 2219 esse
1472 2173 1685 2216 eontra-

146 2263 283 2318 riatu?
314 2262 536 2323 Fateor,
579 2261 673 2315 ait.
712 2260 836 2315 Mihi
866 2260 1052 2330 igitur,
1083 2258 1250 2329 inquit
1278 2258 1401 2315 ille.
1426 2258 1506 2309 via
1563 2257 1683 2310 vita:

144 2356 255 2409 nulla
279 2357 444 2424 ntagis
468 2354 710 2418 videtur,
736 2368 893 2423 quam
922 2367 983 2405 ea
1010 2366 1110 2420 qua
1143 2351 1365 2420 quisque.
1391 2347 1589 2418 pergit,
1619 2362 1684 2401 ne

145 2446 183 2499 in
208 2457 414 2500 mortem
444 2446 660 2501 incidat.
700 2443 1099 2499 Assentiebatur
1134 2441 1430 2512 Trygetius.
1469 2440 1605 2504 Ergo
1637 2439 1683 2494 si

146 2540 283 2592 tiatur
312 2538 571 2607 quispiam
610 2535 975 2591 diverticulum
1003 2534 1172 2587 vitans
1190 2572 1206 2596 ,
1233 2531 1374 2602 quod
1402 2547 1431 2583 a
1463 2530 1685 2584 latroni-

145 2629 221 2685 bus
239 2628 464 2684 obsideri
494 2628 742 2689 audierit,
764 2637 904 2681 recta
934 2625 1009 2679 ire
1042 2634 1242 2692 pergat.
1270 2631 1428 2689 atque
1458 2622 1528 2674 ita
1556 2634 1684 2675 eva-

146 2721 213 2776 dat
233 2723 525 2781 interitum;
552 2734 728 2774 nonne
747 2728 802 2775 et
836 2719 974 2772 viam
1002 2717 1142 2784 vine,
1169 2726 1219 2770 et
1250 2724 1446 2770 rectam
1474 2724 1685 2768 secutus

146 2823 232 2875 est;
271 2822 324 2867 et
364 2827 481 2866 eam
528 2809 842 2881 sapientiam
892 2809 1127 2863 nominat
1163 2806 1367 2861 nemo?
1409 2804 1686 2871 Quomodo

148 2905 272 2973 igitur
305 2904 479 2959 omnis
519 2915 664 2958 recta
703 2902 824 2956 vita:
863 2902 943 2955 via
981 2900 1237 2967 sapientia
1277 2898 1396 2953 est?
1437 2894 1685 2950 tioneessi

147 2996 257 3049 enim
282 3011 417 3057 esse,
443 2994 535 3050 sed
570 3009 675 3048 non
700 2993 889 3049 solam.
920 2990 1162 3046 Deﬁnitio
1184 2999 1361 3044 autem
1390 2988 1515 3041 nihil
1542 3001 1687 3041 enm-

147 3086 272 3155 plecti
289 3087 485 3146 debuit.
506 3084 647 3155 quod
668 3094 806 3139 esset
832 3084 1082 3138 alienum.
1104 3080 1282 3151 Itaque
1304 3095 1482 3133 rursus
1503 3077 1682 3144 deﬁni,

154 3178 182 3233 si
205 3179 374 3247 placet,
399 3178 523 3249 quid
554 3178 646 3233 tibi
675 3176 882 3232 videtur
906 3191 1024 3233 PsSe
1054 3175 1329 3244 sapientia.

209 3269 282 3323 14.
306 3269 393 3323 Diu
424 3269 507 3324 ille
535 3266 730 3329 tacuit;
760 3265 992 3321 deinde:
1026 3265 1123 3325 En.
1156 3266 1344 3334 inquit,
1378 3263 1566 3319 iterum
1589 3261 1687 3316 de-

152 3358 277 3425 ﬁnio,
298 3362 339 3416 si
364 3361 458 3417 hoc
480 3372 534 3415 tu
563 3375 834 3430 nunquam
860 3357 1010 3412 linire
1037 3355 1282 3413 statuisti.
1310 3356 1578 3424 Sapientia
1605 3363 1687 3409 est.

160 3453 230 3504 ττι
254 3462 406 3515 recta,
431 3469 551 3523 qua:
576 3451 643 3506 ad
670 3452 944 3506 veritatem
974 3449 1148 3504 durat.
1182 3448 1437 3503 Similiter
1465 3456 1519 3501 et
1548 3445 1649 3503 huc
1668 3488 1682 3511 ,

166 3541 310 3611 inquit
331 3544 420 3610 ille,
435 3543 727 3601 refellitur:
756 3558 876 3596 nam
892 3540 1017 3597 dum
1035 3539 1172 3611 apud
1204 3538 1471 3608 Virgilium
1500 3537 1685 3593 Ainezc

163 3632 328 3687 dictum
352 3645 419 3690 est
442 3652 471 3690 a
500 3646 671 3690 matre
695 3652 711 3690 :

256 3733 387 3791 Perge
405 3728 560 3789 modo,
586 3736 639 3779 et
659 3739 755 3791 qua
778 3734 829 3777 te
849 3726 981 3776 ducit
1002 3726 1077 3775 via
1097 3726 1255 3788 dirige
1277 3736 1516 3788 gressum.

916 3807 1148 3882 (/Eneid.
1179 3811 1231 3871 l,
1264 3808 1411 3880 401).)

154 3914 344 3969 sequens
364 3902 494 3958 banc
515 3903 658 3956 viam
687 3900 753 3955 ad
785 3900 834 3954 id
862 3900 1001 3971 quod
1029 3900 1222 3954 dictum
1247 3909 1393 3962 erat,
1427 3898 1476 3953 id
1508 3906 1590 3953 est
1617 3896 1684 3951 ad

151 4007 328 4053 rerum.
354 3996 608 4067 pervenit.
636 3993 931 4055 Contende,
960 3993 1003 4047 si
1038 3993 1202 4059 placet
1221 4034 1234 4055 ,
1267 3992 1354 4047 ubi
1384 3992 1566 4062 pedem
1598 3992 1684 4047 ille

153 4082 362 4141 incedens
401 4087 607 4155 posuit,
648 4084 958 4155 sapientiam
1004 4098 1159 4152 posse
1197 4082 1297 4137 diei
1333 4099 1346 4136 :
1385 4098 1681 4153 quanquam

153 4175 281 4232 stulte
318 4193 523 4246 prorsus
572 4176 726 4231 istim
773 4173 1178 4241 descriptionem
1224 4181 1363 4227 tuam
1406 4172 1683 4240 eﬁ‘ringere

152 4281 314 4333 ennor;
342 4288 455 4326 nam
476 4287 690 4326 causam
721 4284 890 4324 meam
914 4268 1051 4323 nulla
1081 4270 1197 4336 plus
1222 4267 1450 4335 adjuvat.
1476 4268 1681 4324 Etenim

154 4360 419 4428 sapientiam
462 4378 563 4417 non
606 4363 771 4431 ipsam
813 4361 1120 4421 veritatem,
1154 4358 1245 4411 sed
1289 4360 1423 4412 viam
1464 4377 1581 4429 qua:
1615 4359 1682 4415 ad

153 4465 245 4505 eam
266 4452 438 4515 ducat;
455 4469 571 4508 esse
598 4453 797 4508 dixisti.
822 4452 1071 4521 Quisquis
1093 4468 1217 4521 ergo
1244 4450 1342 4504 hac
1368 4452 1541 4529 utitur
1559 4452 1642 4507 via
1663 4494 1677 4516 ,

153 4544 364 4609 sapientia
391 4545 626 4617 przzfecto
654 4544 852 4604 utitur;
884 4552 935 4597 et
966 4543 1050 4611 qtti
1088 4543 1341 4610 sapientia
1371 4543 1565 4608 utitur,
1597 4558 1685 4597 sa-

160 4633 278 4699 piens
297 4642 353 4691 sit
378 4654 591 4691 arcesse
616 4644 695 4689 est
722 4654 734 4689 :
768 4635 978 4705 sapiens
1006 4633 1160 4703 igitur
1183 4634 1281 4689 erit
1312 4634 1419 4699 ille,
1451 4635 1538 4703 qui
1564 4650 1685 4705 per-

158 4722 265 4779 fecte
298 4729 546 4797 quzrsierit
587 4728 898 4788 Veritatem,
942 4726 1147 4779 etiamsi
1190 4725 1256 4779 ad
1295 4739 1409 4778 eam
1450 4727 1679 4781 nondum

158 4821 428 4882 pervenerit.
465 4818 596 4874 Nam
626 4820 707 4872 via
739 4833 857 4887 qure
889 4816 1033 4870 duri!
1063 4817 1127 4870 ad
1160 4816 1432 4871 veritatem
1458 4860 1473 4880 ,
1504 4818 1639 4871 nulla
1660 4860 1677 4885 ,

156 4906 214 4957 uti
232 4909 414 4977 opinor,
444 4911 751 4978 intelligitur
777 4907 960 4962 melius
987 4922 1142 4977 quam
1163 4905 1385 4974 diligens
1412 4908 1679 4976 inquisitio

156 5002 366 5054 vertatis.
402 5000 504 5055 Hae.
535 5002 692 5071 igitur
725 4999 834 5053 sola
873 4998 954 5051 via
996 5007 1149 5052 utens
1168 5040 1181 5057 .
1211 4999 1316 5065 jam
1346 4998 1444 5052 iste
1468 5000 1679 5068 sapiens

158 5087 262 5140 erit:
287 5097 335 5142 at
360 5106 509 5144 neruo
535 5090 746 5158 Sapiens
776 5088 971 5154 miser;
1003 5088 1175 5141 omnis
1204 5097 1375 5140 autent
1405 5087 1561 5142 homo
1586 5097 1679 5143 aut

160 5176 312 5241 miser,
343 5192 427 5234 aut
465 5180 651 5233 beatus
680 5196 693 5232 :
727 5179 935 5235 beatum
976 5180 1132 5249 igitur
1161 5177 1307 5231 faciet
1341 5195 1442 5233 non
1474 5189 1674 5235 tantum

158 5263 364 5335 iurentio,
391 5271 478 5327 Sed
509 5273 619 5341 ips:i
654 5287 747 5339 per
772 5287 829 5325 se
859 5271 1186 5340 investigatio
1216 5270 1469 5325 veritatis.

209 5359 278 5415 l5.
314 5361 437 5418 Tum
475 5364 562 5419 ille
597 5362 874 5417 arridens:
907 5361 1091 5416 Merito
1129 5361 1289 5421 mihi,
1333 5362 1528 5431 inquit,
1577 5363 1673 5419 ista

156 5450 450 5521 contingunt,
498 5454 623 5507 dum
672 5451 975 5508 adversario
1021 5453 1072 5507 in
1123 5468 1179 5506 re
1227 5468 1329 5506 non
1376 5457 1671 5509 neeessaria

158 5534 337 5595 “deum
357 5547 611 5599 assentior
631 5563 645 5599 :
665 5545 812 5613 quasi
838 5555 965 5597 vero
991 5559 1086 5612 rgo
1113 5544 1209 5596 sim
1244 5560 1461 5615 magnus-
1490 5545 1673 5601 deﬁni-

157 5632 233 5691 ιηι,
247 5642 325 5687 aut
336 5632 609 5705 quidquam
631 5637 680 5690 in
703 5635 1017 5704 disputando
1038 5638 1202 5703 magis
1223 5652 1667 5702 sepervacanenm

156 5728 313 5784 Ρυῑειιι.
337 5728 458 5793 Quis
484 5727 623 5782 enim
651 5727 837 5782 modus
856 5728 977 5787 erit.
1003 5730 1044 5781 si
1068 5743 1163 5794 ego
1186 5745 1369 5784 rursus
1400 5733 1551 5784 velim
1579 5734 1611 5785 d
1643 5764 1671 5775 -

154 5808 263 5870 ﬁniri
292 5817 377 5874 abs
410 5830 458 5876 te
490 5820 714 5892 aliquid,
753 5831 807 5875 et
852 5835 1032 5875 rursus
1068 5821 1304 5890 ejusdem
1346 5822 1667 5880 deﬁnitioois

3243 394 3346 452 9M

1779 509 1959 570 verha,
1986 519 2039 564 et
2062 511 2498 581 consequentium
2530 513 2652 567 item
2678 512 2977 582 singillatim
3005 514 3178 569 omnia
3200 554 3214 576 ,
3244 512 3346 570 ﬁn-

1778 618 1907 671 gens
1943 602 2083 672 qttod
2125 604 2251 658 nihil
2311 604 2634 671 intelligam,
2664 605 2868 660 deﬁniri
2924 606 3189 677 ﬂagitent?
3217 606 3348 662 Nam

1776 694 1902 764 quid
1946 696 2305 762 planissimtnn
2343 712 2445 749 non
2482 712 2601 749 meo
2632 698 2751 764 jure
2802 698 3008 753 deliniri
3051 716 3235 771 cogam
3258 742 3273 764 ,
3304 700 3350 755 si

1778 785 1893 855 iure
1922 801 1953 841 a
1985 802 2069 841 me
2097 788 2365 854 sapientize
2400 790 2632 843 deﬁnitio
2662 791 2990 858 postulatur?
3018 793 3181 859 (Injus
3210 794 3350 847 enim

1780 878 1925 931 verbi
1962 879 2231 933 inanimis
2273 880 2466 932 nostris
2503 882 2818 948 apertiorem
2858 883 3123 936 notionem
3165 896 3349 940 natura

1779 987 1899 1026 esse
1945 973 2108 1026 voluit
2148 989 2305 1043 quam
2351 975 2658 1041 sapientia'?
2700 976 2802 1031 S‘d
2843 977 3022 1033 nescio
3064 982 3349 1051 quomodo,

1780 1079 1899 1118 cum
1932 1066 2121 1117 mentis
2150 1074 2342 1118 nostra-
2371 1066 2533 1119 veluti
2573 1080 2779 1136 portum
2810 1071 2951 1124 notio
2979 1071 3088 1139 ipsa
3124 1074 3351 1141 relique-

1780 1149 1881 1211 rit,
1918 1158 1971 1204 et
2014 1150 2291 1203 vs-rbornm
2330 1150 2429 1202 sibi
2470 1152 2620 1218 quasi
2658 1156 2769 1207 vela
2813 1157 3122 1219 tetenderit,
3162 1172 3353 1212 oecur-

1782 1248 1902 1293 raut
1926 1240 1940 1270 '
1968 1242 2142 1294 statim
2182 1243 2564 1296 calumniarum
2596 1243 2740 1295 mille
2774 1245 3058 1313 naufragia.
3087 1249 3355 1313 Quamob-

1781 1345 1892 1384 rem
1924 1341 2012 1385 aut
2040 1332 2276 1386 deﬁnitio
2314 1334 2589 1401 sapientia!
2617 1351 2682 1386 ne
2713 1337 3041 1400 requiratur,
3078 1350 3164 1391 aut
3194 1340 3353 1405 jndex

1784 1432 1967 1474 noster
1992 1420 2044 1475 in
2068 1422 2183 1490 ejus
2210 1426 2558 1493 patrocinium
2584 1424 2829 1490 dignetur
2855 1427 3194 1482 descendere.
3222 1432 3355 1484 Tum

1783 1528 1903 1582 ego,
1930 1528 2047 1567 cum
2074 1514 2181 1584 jam
2214 1517 2389 1569 stilum
2422 1534 2522 1570 nox
2557 1519 2853 1587 impediret.
2881 1528 2931 1571 et
2957 1522 3103 1588 quasi
3126 1520 3192 1573 de
3221 1523 3356 1576 inte—

1782 1618 1876 1670 gro
1898 1606 2401 1675 magnnmqniddatn
2422 1608 2788 1662 disserendum
2812 1609 3042 1663 viderent
3064 1611 3259 1665 aboriri
3308 1614 3358 1668 itt

1783 1696 1943 1748 alium
1986 1695 2127 1752 diem
2172 1696 2351 1752 distuli
2386 1718 2399 1754 :
2439 1715 2556 1753 nam
2586 1700 2855 1769 disputare
2888 1717 3220 1771 cmperamus
3249 1704 3361 1759 sole

1779 1784 1888 1852 jam
1912 1784 1963 1839 in
1984 1800 2229 1841 occasum
2250 1788 2568 1853 declinante,
2596 1791 2814 1859 diesque
2842 1808 2974 1861 pene
3003 1805 3142 1849 totus
3165 1812 3282 1849 eum
3309 1797 3360 1851 in

1785 1880 1943 1932 rebus
1981 1882 2189 1935 rusticis
2230 1882 2565 1947 ordinandis,
2611 1893 2722 1938 tum
2764 1886 2815 1940 in
2857 1889 3166 1943 recensieue
3203 1889 3362 1960 primi

1785 1969 1906 2025 libri
1938 1970 2136 2042 Virgilii
2168 1984 2410 2041 peractus
2441 1974 2554 2028 fuit.

2335 2080 2606 2117 DISI‘L'TATIO
2626 2081 2810 2119 mna.

1787 2143 2011 2205 CAPUT
2038 2148 2125 2203 Vl.
2156 2180 2225 2190 ——
2255 2149 2533 2222 Sapientia:
2567 2155 2793 2220 deﬁnitio
2829 2154 2981 2208 datur
3016 2163 3063 2210 et
3098 2156 3366 2229 impugna-

2202 2250 2302 2294 tnr.
2335 2243 2568 2297 Albim-ii
2595 2244 2942 2298 divinationes.

1861 2331 1947 2386 16.
1989 2332 2186 2387 Deinde
2240 2351 2361 2389 mox
2416 2345 2472 2390 ut
2525 2338 2723 2403 Illlﬂll,
2776 2340 2843 2393 ita
2895 2340 3035 2395 enim
3080 2354 3166 2395 res
3210 2349 3363 2398 erant

1788 2420 1957 2490 pridie
1990 2426 2288 2479 constituta~
2317 2438 2369 2480 ut
2402 2429 2600 2493 largum
2639 2440 2779 2483 esset
2802 2432 2965 2485 otium
2986 2474 3003 2497 ,
3032 2434 3206 2486 statim
3238 2448 3362 2504 per-

1787 2515 2047 2579 agendum
2089 2516 2356 2585 negotium
2393 2531 2694 2587 susveptnm
2733 2533 2835 2576 est.
2876 2521 3009 2575 Tum
3066 2538 3204 2593 ego:
3241 2523 3362 2579 lleri

1789 2608 2097 2675 postulasti,
2129 2609 2342 2679 inquam
2362 2653 2377 2675 ,
2411 2612 2622 2683 Trygeti
2643 2655 2658 2678 ,
2689 2625 2745 2667 ut
2771 2630 2799 2667 a
2822 2615 3013 2683 judicis
3046 2632 3264 2671 munere
3295 2616 3364 2672 ad

1789 2697 2062 2764 sapienter
2087 2703 2431 2768 patrocinium
2449 2704 2824 2759 desrendi-rem
2845 2723 2856 2758 :
2876 2707 3024 2775 quasi
3044 2724 3169 2761 vero
3188 2725 3366 2778 quem-

1788 2805 1943 2859 quam
1972 2793 2021 2845 in
2048 2810 2295 2849 sermone
2320 2807 2497 2850 vestro
2524 2796 2883 2853 adversarium
2923 2801 3177 2867 sapientia
3216 2811 3364 2869 pate-

1790 2890 1970 2945 retur;
1999 2894 2085 2936 aut
2118 2885 2225 2937 nlln
2250 2885 2565 2941 defendente
2592 2892 2659 2943 ita
2690 2889 2970 2953 laboraret,
2994 2900 3048 2944 ut
3069 2892 3237 2958 majus
3263 2892 3365 2945 im-

1793 2970 2002 3040 plorare
2030 2973 2245 3030 deberet
2282 2978 2555 3033 auxilium.
2586 2978 2715 3034 Nam
2743 2997 2912 3051 neque
2942 2984 3077 3037 inter
3106 2972 3198 3039 ὡς
3223 2982 3366 3038 aliud

1789 3065 2130 3131 quasrendnm
2172 3077 2349 3122 natum
2389 3081 2500 3136 cst,
2532 3088 2688 3141 quam
2728 3073 2851 3142 quid
2889 3075 2959 3129 sit
2988 3077 3276 3143 sapientia;
3310 3077 3364 3130 in

1789 3171 1897 3225 quo
1925 3174 2043 3211 eam
2075 3168 2307 3214 vestrum
2337 3174 2525 3216 neuter
2552 3166 2842 3233 oppugnat,
2872 3181 2941 3235 qu
2964 3183 2993 3219 a
3022 3176 3240 3235 uterque
3268 3166 3366 3221 de-

1788 3250 2006 3304 siderat.
2040 3250 2219 3321 Neque
2248 3254 2293 3307 si
2323 3262 2377 3307 tu
2407 3256 2456 3308 in
2487 3255 2786 3311 deﬁnienda
2816 3258 3070 3325 sapientia
3107 3258 3366 3315 defecisse

1790 3347 1843 3392 te
1869 3349 2041 3407 putas,
2065 3353 2342 3412 propterea
2365 3345 2561 3414 reliqua
2588 3345 2826 3401 defensio
2848 3351 3125 3404 sententiae
3147 3363 3249 3405 tua:
3272 3352 3367 3407 tibi

1787 3430 2079 3489 deserenda
2114 3447 2213 3491 est.
2241 3434 2422 3508 Itaque
2448 3454 2478 3492 a
2507 3455 2592 3494 me
2628 3440 2755 3495 nihil
2792 3444 2931 3497 aliud
2964 3444 3182 3500 habebis
3206 3462 3365 3516 quam

1789 3521 2149 3579 deﬁnitionem
2190 3530 2463 3595 sapientia:
2485 3571 2499 3592 ,
2534 3545 2653 3599 qua:
2687 3549 2782 3586 nee
2815 3550 2930 3589 mea
2959 3551 3056 3590 nee.
3085 3552 3217 3590 nova
3246 3548 3364 3608 est,

1790 3616 1883 3670 Sed
1904 3626 1957 3670 et
1983 3619 2273 3687 pri-corum
2296 3620 2589 3688 hominum,
2607 3635 2657 3677 et
2679 3642 2835 3694 quam
2858 3642 2953 3679 tos
2977 3629 3138 3683 mirer
3159 3644 3261 3683 non
3284 3646 3368 3686 rc—

1790 3709 2016 3763 Cordari.
2049 3710 2165 3766 Non
2195 3714 2336 3767 enim
2369 3730 2509 3769 nunc
2537 3717 2761 3783 primum
2788 3720 2981 3774 auditis
3002 3762 3014 3782 .
3043 3722 3366 3788 Sapientiam

1789 3815 1909 3855 esse
1935 3816 2110 3856 rermn
2141 3803 2485 3859 hmnanarutn
2516 3806 2915 3878 divinarumque
2940 3810 3235 3866 scientiam.

1861 3894 1950 3946 l7.
1993 3893 2087 3949 llic
2127 3895 2393 3951 Lirentius
2416 3941 2430 3960 ,
2458 3914 2614 3968 quem
2657 3911 2776 3970 post
2815 3904 2965 3957 istam
3000 3904 3365 3964 deﬁnitionem

1788 3984 1876 4039 diu
1911 3988 2154 4055 putabam
2182 3991 2527 4058 quaesiturum
2555 4008 2674 4047 esse
2702 3995 2841 4063 quod
2873 3996 3106 4063 diceret,
3136 4000 3366 4068 subjecit

1788 4078 2004 4131 statim:
2036 4078 2144 4132 Cur
2179 4095 2305 4149 ergo
2348 4096 2486 4146 non,
2526 4097 2738 4151 qnzeso,
2782 4088 3072 4154 sapientem
3114 4105 3364 4147 voramus

1788 4166 2253 4237 ﬂagitiosissimum
2284 4170 2427 4225 illum
2457 4172 2721 4229 hominem
2744 4216 2759 4234 .
2787 4193 2942 4246 quem
2975 4180 3069 4248 ipsi
3103 4180 3234 4235 bene
3261 4199 3362 4238 no-

1787 4262 1959 4315 vimus
1981 4278 2072 4327 per
2094 4263 2362 4317 innumera
2386 4275 2557 4321 scorta
2580 4267 2752 4322 sidere
2769 4268 3015 4335 diswlvi;
3042 4274 3359 4331 Albircrium

1787 4350 1906 4405 dico
1934 4351 2078 4406 illum
2098 4394 2114 4413 ,
2142 4353 2229 4421 qui
2255 4354 2391 4424 apud
2420 4357 2786 4428 Carthaginem
2818 4363 3009 4416 multos
3038 4380 3204 4419 annos
3228 4382 3361 4421 con-

1787 4443 2081 4497 salentibus
2105 4445 2233 4498 mira
2260 4462 2329 4515 qtt
2348 4446 2499 4500 rdam
2528 4460 2580 4501 et
2605 4459 2747 4504 certa
2781 4453 3089 4519 respondit?
3117 4455 3364 4515 Innume-

1786 4535 1967 4589 rabilia
1996 4550 2416 4592 cnnnuemorare
2443 4553 2673 4607 possem.
2702 4542 2800 4594 nisi
2827 4555 2875 4596 et
2903 4546 3040 4613 apud
3063 4562 3153 4600 eos
3180 4547 3363 4616 loque-

1786 4639 1874 4678 rer
1890 4625 1976 4692 qui
2001 4627 2201 4692 experti
2227 4637 2369 4689 sunt,
2392 4638 2446 4681 et
2472 4632 2649 4697 paucis
2672 4647 2810 4686 rntnc
2836 4636 2962 4687 satis
2978 4636 3043 4690 sit
3063 4637 3127 4691 ad
3153 4638 3201 4692 id
3218 4641 3359 4709 quod
3416 4666 3431 4677 ν

1785 4716 1905 4769 volo
1956 4714 2143 4770 Nonne
2176 4718 2527 4773 encltleariutn
2561 4723 2579 4791 (
2603 4722 2729 4776 mihi
2757 4735 2932 4779 autem
2963 4728 3210 4799 direhat)
3238 4749 3361 4791 eum

1783 4804 1924 4859 dolui
1953 4822 2054 4859 non
2090 4807 2444 4871 inveniretur;
2476 4821 2562 4863 tuo
2585 4810 2732 4880 jussu
2764 4828 3118 4882 percontatus.
3144 4839 3245 4878 non
3272 4840 3362 4878 su-

1782 4894 1890 4948 ltnu
1921 4896 2045 4965 quid
2077 4907 2435 4965 quzereretur,
2469 4914 2650 4956 verum
2680 4904 2751 4957 eti
2773 4922 2838 4959 :m
2871 4912 3178 4968 nominatim
3208 4918 3359 4985 cujus

1782 5001 1869 5039 res
1884 4999 2044 5051 esset,
2062 5000 2113 5040 et
2131 4988 2215 5042 ulu
2234 4989 2442 5055 lateret,
2467 4993 2721 5049 citissime
2743 5000 3121 5074 verissimeque
3142 5023 3362 5078 respou-

1781 5078 1897 5133 dit?
1926 5078 2047 5133 item
2077 5095 2161 5133 me.
2191 5094 2482 5151 pnesente,
2514 5088 2700 5142 omitto
2726 5090 2852 5145 illud
2881 5096 3021 5164 quod
3053 5098 3101 5151 in
3130 5117 3194 5153 eo
3217 5101 3356 5170 quod

1782 5172 2063 5238 rugilbilllll'
2089 5172 2221 5227 nihil
2259 5178 2476 5229 om.;ino
2507 5176 2670 5232 falsus
2695 5191 2775 5235 est
2794 5224 2809 5245 ,
2839 5184 2931 5239 Sed
2960 5200 3080 5241 cum
3115 5204 3241 5257 puer
3268 5192 3355 5259 qtti

1784 5276 2027 5315 nunnnes
2057 5262 2257 5317 ferebat
2276 5306 2290 5326 ,
2314 5276 2513 5319 certam
2542 5286 2724 5323 eorum
2756 5284 2977 5339 partem,
3000 5291 3117 5330 cum
3144 5281 3206 5330 ad
3232 5294 3351 5333 enm

1779 5366 2139 5421 pergereums,
2174 5355 2376 5410 furatus
2405 5371 2579 5421 esset;
2611 5376 2796 5417 omnes
2824 5365 2923 5419 sibi
2947 5367 3211 5421 numerari
3235 5368 3350 5436 jus-

1778 5446 1876 5505 sit,
1916 5449 2189 5516 («regitque
2229 5449 2370 5502 illum
2410 5462 2533 5504 ante
2567 5455 2750 5507 oculos
2780 5467 2988 5510 nostros
3015 5472 3147 5523 quos
3173 5460 3351 5510 abstn-

1778 5535 1909 5589 lerat
1960 5539 2211 5601 reddere,
2258 5541 2559 5610 priusquam
2608 5546 2822 5595 orttnino
2861 5545 2970 5611 ip~e
3006 5556 3095 5597 aut
3132 5548 3345 5602 eosdem

1779 5644 2023 5684 nummus
2051 5630 2285 5695 vidissot,
2312 5645 2402 5686 aut
2424 5646 2673 5702 quantum
2705 5636 2800 5686 sibi
2830 5635 3038 5687 allatum
3071 5635 3224 5691 fuerit
3250 5655 3342 5691 ειη·

1775 5722 1897 5777 diss:
1920 5733 1938 5774 t
1964 5738 1995 5776 e
2024 5722 2194 5776 nobis.

1840 5838 1851 5865 ¹
1881 5840 1929 5883 tn
1955 5842 2021 5896 8.,
2045 5841 2309 5885 occurrmt.
2339 5843 2436 5884 Par.
2463 5842 2535 5885 Er.
2565 5844 2679 5885 Ven.
2705 5842 2830 5895 Ima,
2854 5845 3122 5888 occurrant.
3188 5846 3242 5889 Μ.
