3880 6396
30 3073 46 3790 1

139 442 208 498 9,,
1379 409 1577 466 LIBER
1617 400 1886 465 ramus.

138 550 318 622 [Metti
331 533 507 598 viliora
531 543 671 594 sum.
694 536 808 592 Non
829 535 986 606 igitur
1006 513 1300 586 Albieerius
1324 535 1502 584 rerum
1519 525 1623 622 nu-

136 617 344 699 nsunt-tm
387 647 444 688 ae
467 632 758 686 divinarum
786 626 1022 682 scientias
1051 623 1310 693 particeps
1347 620 1474 686 nni,
1511 617 1624 672 tm-

137 747 294 804 straque
316 730 399 782 abs
437 735 485 780 te
512 726 612 779 isto
637 720 792 777 modo
817 717 1053 775 deﬁnitio
1091 723 1272 770 nostra
1301 719 1494 767 tentata
1523 717 1623 766 est.

138 832 348 884 Postremo
380 833 493 874 eum
530 813 778 887 quidquid
823 819 1017 882 prieter
1053 821 1143 863 res
1181 807 1436 862 humanas
1473 811 1629 872 atque

137 922 285 976 divinas
315 921 404 976 est,
446 925 542 966 nos
580 909 890 963 vilissimum
930 903 1126 958 dueere
1161 908 1217 955 et
1254 899 1472 954 omnino
1500 909 1630 951 eon-

138 1025 312 1070 tenmcre
334 1013 595 1076 Oporteat;
623 1015 805 1088 quer
832 1000 883 1052 in
912 996 1103 1067 quibus
1131 996 1293 1049 rebus
1319 999 1521 1063 (prerat
1546 990 1633 1046 ille

137 1115 222 1161 tuus
237 1101 417 1172 sapiens
437 1084 740 1148 veritatem?
761 1091 816 1146 in
838 1089 1053 1150 divinis,
1079 1087 1149 1140 ait
1171 1086 1259 1144 ille
1285 1103 1296 1138 :
1323 1099 1444 1138 nam
1470 1084 1634 1136 virtus

135 1199 245 1252 etiam
265 1193 306 1246 in
325 1187 524 1248 homine
549 1185 662 1247 sine
685 1181 1010 1240 dubitatione
1032 1177 1208 1232 divina
1229 1183 1328 1232 est.
1351 1175 1455 1234 iias
1478 1172 1637 1244 igitur

137 1283 362 1340 Alineerins
380 1281 482 1348 iam
511 1276 741 1339 sciebat,
772 1288 904 1342 quas
933 1281 1053 1324 tuus
1079 1268 1288 1339 sapiens
1313 1281 1524 1334 semper
1552 1263 1636 1317 in-

135 1374 290 1446 quiret?
313 1371 430 1425 Tum
458 1366 765 1422 Licentius:
791 1361 1032 1423 Divinas,
1061 1361 1170 1428 ait,
1199 1366 1254 1418 et
1278 1356 1369 1421 ilio
1398 1362 1636 1420 noverat,

137 1467 199 1521 sed
217 1481 299 1519 non
317 1477 397 1516 eas
417 1476 530 1530 quae
552 1474 580 1512 a
605 1457 841 1525 sapiente
861 1451 1162 1523 qumrcndm
1181 1457 1322 1503 sunt.
1347 1447 1476 1515 Quis
1496 1447 1639 1501 enim

39 1539 48 1617 ξ
135 1574 210 1614 non
239 1562 413 1612 evertat
453 1564 668 1605 nionem
710 1546 955 1617 tormendi
993 1541 1465 1605 consuetudinem,
1507 1540 1550 1593 si
1591 1539 1641 1594 ei

135 1645 438 1703 divinationem
464 1639 740 1702 concedat,
764 1637 964 1695 adimat
984 1636 1000 1667 ¹
1031 1650 1116 1694 res
1143 1633 1370 1698 divinas,
1397 1647 1425 1685 e
1452 1631 1642 1704 quibus

135 1737 328 1792 divinatio
355 1735 613 1789 nominata
643 1730 760 1789 est?
785 1729 961 1795 Quare
987 1727 1073 1783 illa
1097 1733 1270 1780 vostra
1294 1723 1552 1796 deﬁnitio,
1587 1721 1641 1775 ni

137 1829 265 1892 fallor,
289 1827 450 1881 nescio
478 1822 605 1894 quid
635 1819 775 1876 aliud
800 1819 940 1890 quod
967 1817 1032 1872 ad
1059 1815 1368 1887 sapientiam
1394 1829 1498 1868 non
1522 1827 1642 1882 per-

138 1923 292 1982 tineret,
320 1916 537 1970 inclusit.

181 2009 247 2064 2‘5.
281 2007 396 2062 Tum
437 2005 722 2080 Trygetius
761 2021 773 2058 :
817 2001 1181 2057 Deﬂnitionem
1225 1999 1415 2064 istam,
1454 1995 1640 2067 inquit,

138 2102 333 2166 deleudet,
357 2102 394 2155 si
414 2100 619 2163 libebit,
643 2099 729 2152 ille
749 2097 836 2167 qui
861 2094 1095 2166 protulit.
1119 2091 1265 2146 Nunc
1289 2089 1418 2144 mihi
1444 2097 1495 2143 tu
1521 2087 1644 2141 volo

49 2199 52 2224 ⁵
139 2195 414 2264 respondeas,
443 2201 497 2248 ut
524 2189 740 2246 tandem
768 2189 836 2242 ad
867 2187 916 2242 id
948 2185 1086 2260 quod
1117 2185 1316 2255 agitur,
1348 2183 1642 2237 veniamus.

140 2285 245 2339 isthic
267 2302 390 2350 sum,
420 2284 588 2353 inquit
615 2281 706 2336 ille
732 2299 743 2332 ι
781 2273 974 2341 Dasne,
1004 2278 1094 2336 ait.
1129 2275 1451 2330 Albicerium
1481 2273 1645 2327 scisse

137 2376 296 2432 venint?
320 2379 419 2443 Do,
454 2377 648 2446 inquit.
680 2371 866 2427 Melior
898 2371 1056 2439 igitur
1086 2379 1175 2423 tuo
1200 2369 1456 2437 sapiente.
1488 2365 1646 2420 Nullo

137 2469 260 2532 modo,
282 2469 345 2523 ait
370 2468 454 2522 ille
477 2484 495 2522 :
524 2480 652 2520 nam
682 2459 825 2534 quod
853 2475 1019 2532 genus
1041 2460 1149 2514 veri
1173 2459 1382 2529 sapiens
1408 2457 1644 2527 inquirit,

140 2576 206 2614 non
234 2560 374 2615 solum
413 2559 497 2615 ille
535 2558 749 2613 delirus
781 2553 1014 2609 hariolus
1034 2594 1046 2616 ,
1078 2551 1171 2606 sed
1197 2545 1267 2604 ne
1298 2551 1407 2619 ipse
1435 2548 1647 2618 quidem

139 2653 286 2721 sapiens
314 2654 424 2705 dum
463 2653 512 2706 in
551 2652 660 2704 hoc
697 2663 920 2717 corpore
962 2646 1108 2708 vivit,
1144 2645 1478 2712 assequitur:
1509 2639 1649 2710 quod

139 2756 257 2799 tanien
282 2754 461 2798 tantum
487 2753 568 2798 est
589 2785 603 2808 ,
642 2752 696 2796 ut
725 2742 889 2793 multo
915 2740 982 2793 sit
1011 2737 1359 2808 przrstabilius
1384 2733 1485 2789 hoc
1511 2749 1652 2786 sem-

137 2851 443 2910 perqnzerere,
472 2853 640 2908 quam
670 2833 794 2890 illud
827 2831 1108 2904 aliquando
1136 2830 1392 2884 invenire.
1420 2826 1650 2882 Necesse

139 2933 620 3003 est,aitTrygetius,
660 2938 716 2983 ut
747 2927 872 2982 mihi
913 2925 964 2980 in
1003 2924 1260 2994 angustiis
1299 2923 1534 2977 deﬁnitio
1564 2920 1649 2976 illa

139 3021 356 3077 subveniat.
386 3026 508 3090 Quae
539 3025 582 3077 si
625 3031 903 3092 propterea
930 3019 1020 3072 tibi
1050 3018 1234 3072 vitiosa
1262 3017 1371 3068 visa
1401 3023 1502 3079 est,
1530 3015 1650 3084 quia

136 3117 338 3184 mmtriexa
356 3127 431 3170 est
449 3132 569 3170 eum
595 3129 759 3184 quem
791 3128 891 3166 non
925 3126 1202 3180 possumus
1232 3123 1422 3162 vocare
1442 3109 1651 3178 sapien-

137 3213 234 3270 tem;
258 3225 412 3276 qnmro
440 3219 626 3263 utrum
657 3223 774 3261 eam
807 3207 995 3275 prolnrs
1019 3247 1032 3268 ,
1063 3204 1104 3257 si
1134 3203 1443 3272 sapientiam
1473 3217 1649 3256 rerum

137 3298 405 3356 humanarum
449 3299 866 3368 divinarumque
917 3297 1191 3352 scientiam
1240 3296 1508 3360 dicamus,
1558 3295 1650 3348 sed

137 3403 268 3444 earum
292 3409 389 3462 qua!
418 3391 480 3447 ad
511 3394 732 3447 beatam
773 3391 932 3443 vitam
972 3388 1288 3458 pertineant.
1326 3387 1450 3450 Est,
1482 3385 1652 3456 inquit

137 3477 289 3545 liie,et
309 3485 390 3538 ista
418 3483 686 3555 Sapientia
707 3522 723 3548 ,
765 3481 856 3535 sed
898 3496 1002 3534 non
1043 3479 1152 3532 sola
1185 3493 1197 3530 :
1230 3478 1370 3531 unde
1412 3478 1653 3548 superior

143 3569 318 3627 deﬁnitio
338 3573 511 3630 invasit
541 3576 784 3628 alienum
803 3614 816 3635 ,
850 3571 964 3624 hare
993 3579 1166 3622 autem
1198 3567 1464 3640 proprium
1494 3566 1651 3622 desc-

142 3662 220 3716 rnit
239 3681 248 3717 :
268 3681 391 3735 quare
414 3669 502 3723 illa
530 3667 804 3732 avaritim,
829 3664 926 3718 ista
955 3662 1186 3717 stultitia:
1213 3660 1428 3732 coargui
1458 3667 1649 3736 potest.

139 3750 294 3809 Etenim
315 3768 361 3811 ut
384 3759 491 3828 ipse
515 3762 632 3829 jam
660 3757 919 3825 explicem
951 3754 1257 3808 delinitione
1289 3751 1428 3822 quod
1456 3752 1649 3820 sentio,

137 3845 328 3914 sapientia
351 3850 464 3905 mihi
485 3851 706 3905 videtur
726 3862 844 3902 esse
869 3861 1042 3900 rerum
1069 3845 1414 3898 innnanarum
1443 3842 1653 3897 divina-

136 3947 316 4008 I‘quue,
343 3960 450 4012 qum
476 3943 542 3997 ad
575 3944 786 3996 beatam
814 3940 974 3993 vitam
1007 3940 1319 4007 pertineant,
1341 3953 1449 3989 non
1478 3935 1654 3988 scien-

137 4028 183 4082 tia
203 4033 360 4099 solum,
383 4036 468 4091 sed
498 4037 664 4090 etiam
692 4033 918 4104 diligens
946 4031 1232 4101 inquisitio.
1259 4029 1426 4096 Quam
1455 4027 1654 4082 descri-
1686 4068 1688 4070 -

136 4121 308 4187 ptionem
341 4129 381 4180 si
421 4125 604 4196 partiri
643 4125 804 4190 velis,
850 4125 1015 4193 prima
1057 4137 1176 4191 pars
1219 4138 1335 4191 qum
1380 4120 1654 4174 scientiam

136 4217 260 4280 ιεηει,
289 4217 370 4272 Dei
395 4227 510 4283 est;
543 4218 659 4272 base
687 4225 862 4270 autem
891 4227 1008 4284 qua!
1038 4213 1376 4283 inquisitiOne
1404 4221 1653 4266 contenta

133 4313 202 4369 est,
225 4307 445 4363 hominis.
475 4309 571 4363 illa
596 4308 760 4380 igitur
783 4301 942 4372 Deus,
966 4305 1064 4360 hac
1085 4315 1260 4358 autem
1290 4304 1446 4357 homo
1471 4304 1656 4359 beatus

134 4401 202 4448 σει.
220 4397 334 4454 Tum
355 4401 437 4454 ille
458 4419 471 4454 :
501 4400 687 4459 Miror.
707 4398 895 4468 inquit,
920 4397 1370 4466 sapientemtuum
1388 4394 1654 4464 quornmlo

132 4494 322 4544 δίκην
344 4492 530 4548 [histro
560 4507 784 4562 Operam
804 4504 1138 4543 consumere.
1163 4487 1459 4556 Quomodo,
1485 4486 1656 4556 inquit

133 4575 372 4651 Licentius,
418 4584 614 4639 frustra
660 4596 876 4653 operam
923 4595 1236 4635 consumere
1261 4578 1301 4643 ³,
1349 4595 1466 4631 cum
1511 4585 1654 4636 tanta

136 4674 330 4728 mercede
343 4679 621 4747 conquirat
633 4675 662 4729 ῗ
675 4671 809 4730 Nam
835 4675 934 4728 hoc
957 4673 1071 4745 ipso
1091 4686 1195 4742 quo
1215 4671 1423 4742 quzrrit,
1445 4670 1656 4740 sapiens

133 4769 220 4829 ⁸³ίί
245 4773 291 4819 rt
321 4783 420 4838 quo
445 4770 693 4839 sapiens,
734 4782 799 4821 eo
850 4767 1032 4820 beatus
1064 4782 1075 4816 :
1107 4779 1226 4818 eum
1283 4764 1350 4817 ab
1411 4763 1656 4818 omnibus

133 4853 364 4917 involucris
385 4861 628 4934 corporis
655 4871 886 4918 mentem
916 4870 1168 4932 quantum
1202 4870 1407 4930 potest,
1437 4861 1652 4927 evolvit,

132 4953 170 4999 et
193 4952 394 5020 stipantur
419 4957 472 5011 in
498 4957 844 5027 semetipsum
889 4956 1120 5026 colligit;
1165 4971 1282 5008 cum
1314 4970 1370 5009 se
1400 4971 1500 5008 non
1533 4970 1655 5026 per-

133 5041 254 5099 mittit
282 5049 648 5120 cupiditatibus
690 5050 1029 5115 laniandum,
1075 5048 1166 5104 sed
1214 5049 1264 5101 in
1307 5064 1364 5102 se
1401 5058 1557 5122 atque
1602 5047 1655 5102 in

133 5130 262 5190 300m
283 5153 481 5212 semper
507 5143 824 5213 tranquillus
855 5141 1141 5195 intenditur
1167 5158 1177 5191 :
1214 5148 1269 5194 ut
1294 5149 1344 5193 et
1373 5138 1479 5202 hic,
1513 5138 1655 5210 quod

134 5221 302 5284 bonum
333 5241 446 5288 esse
483 5247 643 5305 supra
684 5233 820 5288 inter
858 5245 956 5286 nos
995 5229 1269 5293 convenit,
1302 5230 1505 5284 ratione
1537 5245 1654 5298 per-

136 5311 322 5387 lﬂlltIr;
357 5333 409 5377 et
441 5331 682 5379 extremo
716 5324 802 5379 die
841 5325 959 5376 vita)
996 5321 1066 5376 ad
1102 5319 1150 5376 id
1187 5320 1330 5390 quod
1357 5321 1658 5390 concupivit

136 5405 480 5476 “placendum
518 5416 813 5486 reperiatur
855 5423 1097 5485 paratus;
1128 5412 1434 5481 fruaturque
1465 5413 1654 5467 merito

136 5494 273 5556 ditia:
290 5505 624 5570 beatitudine,
647 5508 733 5577 qui
756 5504 980 5561 humana
1010 5507 1076 5560 sit
1105 5512 1227 5558 ante
1257 5503 1552 5575 pertractus
1573 5500 1614 5557 *ζ

184 5589 458 5662 gum,
480 5597 622 5662 juxta
641 5605 741 5646 Par.
767 5603 841 5648 Er.
868 5604 981 5646 ven.
1007 5603 1115 5647 [ος.
1175 5601 1228 5646 .u.

183 5651 384 5734 119:5"!-
398 5651 806 5734 ἓκῖλιξειτκνρη.
829 5667 936 5716 ιρι.
990 5669 1042 5712 ιιι.

186 5711 313 5784 ἐιιὶιὶ
330 5711 788 5779 οὼῖίιιιιιινιιίιίὶοοίς
810 5711 999 5784 operam
1036 5733 1310 5784 consumere
1336 5727 1422 5774 :et
1445 5732 1553 5784 mox
1576 5719 1661 5784 ha-

137 5769 249 5847 ιω,
267 5769 363 5831 cui:
581 5769 852 5834 sternuat;
876 5769 1164 5847 tamen}:
1188 5769 1395 5847 eri-cepto
1412 5769 1551 5842 ead,
1575 5769 1659 5846 qui

353 5845 560 5908 prml'en,
588 5846 969 5908 ιαπαᾼιπηθνςςάε.
986 5845 1054 5908 ⁷-τ-
1075 5846 1147 5908 sic
1172 5845 1322 5893 etiam
1343 5853 1440 5894 Par.
1509 5852 1562 5893 Μ.
1628 5877 1644 5899 ,ι

184 5895 204 5930 δ
217 5901 276 5950 II
290 5903 340 5954 Β
353 5895 476 5968 in,
722 5906 778 5954 in
797 5906 903 5955 Md.
929 5905 1202 5970 perfiuitus.

22 6041 430 6396 L_._,

3197 417 3301 476 918

2148 525 2374 590 CAPUT
2412 526 2500 588 IX.
2524 565 2593 576 ——
2618 529 2882 611 Epilogus.

1803 625 1891 678 24.
1937 625 2074 680 Tum
2099 640 2228 695 ego,
2267 641 2387 681 cum
2426 626 2706 697 Trygetius
2752 626 2874 704 quid
2916 621 3014 681 sibi
3045 631 3186 682 esset
3219 637 3307 682 re-

1731 714 2101 786 apondendum
2136 715 2226 770 diu
2282 726 2543 786 quaereret
2569 736 2581 771 :
2608 717 2720 772 Non
2753 725 2898 787 puto,
2941 713 3178 788 inquam,
3220 711 3311 773 Li-

1735 807 1874 864 centl
1897 849 1912 874 ,
1943 809 2104 863 etiam
2131 817 2435 879 argumenta
2466 810 2588 866 huic
2611 811 2852 866 defutura
2875 854 2890 880 ,
2921 812 2964 866 si
2989 827 3109 868 eum
3141 812 3312 868 otiose

1736 915 1980 972 qmerere
2016 893 2384 971 permittamus
2413 920 2424 955 ε
2454 903 2576 972 quid
2605 903 2747 958 enim
2774 903 2820 958 ei
2856 904 3043 973 quovis
3079 897 3196 958 loco
3222 903 3315 958 deo

1739 993 1833 1048 fuit
1874 995 1939 1048 ad
1979 994 2446 1063 respondendum?
2471 993 2598 1048 Nam
2627 995 2795 1063 primo
2823 995 2935 1067 ipse
2961 995 3154 1060 intulit,
3183 1009 3318 1066 quo-

1740 1087 1879 1142 niam
1911 1089 1978 1143 de
2001 1088 2152 1143 beata
2179 1088 2280 1141 vita
2308 1089 2529 1157 qumstio
2552 1096 2671 1143 nata
2693 1097 2792 1154 est,
2825 1097 2879 1143 et
2907 1086 3113 1144 beatum
3141 1090 3314 1144 solum

1740 1192 1960 1233 necesse
1989 1189 2066 1232 est
2099 1194 2218 1232 esse
2249 1177 2561 1246 sapientem,
2593 1178 2849 1248 siquidem
2892 1181 3107 1234 stultitia
3156 1181 3317 1235 etiam

1743 1271 2022 1323 stultorum
2065 1269 2264 1338 judicio
2310 1269 2502 1323 misera
2541 1275 2648 1334 est;
2695 1270 2980 1337 perfectum
3023 1271 3318 1338 sapientem

1743 1375 1859 1416 esse
1886 1361 2112 1428 debere,
2153 1367 2260 1420 non
2305 1373 2479 1414 autem
2513 1360 2798 1430 perfectum
2835 1375 2973 1422 esse,
3013 1362 3100 1431 qui
3146 1362 3320 1417 adhuc

1744 1469 1924 1507 verum
1952 1453 2076 1524 quid
2104 1454 2171 1506 sit
2192 1452 2434 1522 inquirit;
2466 1453 2602 1506 unde
2633 1468 2697 1507 ne
2723 1453 2933 1506 beatum
2963 1452 3197 1522 quidem.
3222 1453 3320 1508 Cui

1744 1545 1863 1599 loco
1891 1553 1946 1598 tu
1979 1560 2100 1599 eum
2129 1544 2322 1598 molem
2369 1544 2694 1599 auctoritatis
2738 1541 3018 1613 objieeres,
3043 1543 3266 1600 moleste
3299 1546 3319 1579 ⁸

1746 1639 2071 1707 aliquantum
2098 1636 2374 1694 Ciceronis
2415 1636 2626 1690 nomine
2676 1637 3028 1704 perturbatus,
3059 1644 3233 1690 tamen
3264 1650 3325 1691 se

1747 1733 1922 1785 statim
1947 1732 2133 1790 erexit,
2166 1743 2219 1786 et
2239 1746 2495 1800 generesa
2523 1729 2748 1800 quadam
2771 1731 3097 1784 contumacia
3123 1731 3172 1783 in
3204 1746 3325 1784 ver-

1748 1827 1902 1880 ticem
1928 1824 2186 1879 libertatis
2208 1823 2416 1886 exsiliit,
2445 1840 2760 1893 rursumque
2790 1826 3009 1895 arripuit
3037 1824 3177 1896 quod
3208 1832 3325 1879 erat

1747 1915 1812 1970 de
1840 1915 2081 1968 manibus
2108 1915 2362 1970 violenter
2386 1930 2664 1968 exetrssnm
2701 1934 2713 1970 :
2744 1917 3088 1986 quaesivitque
3123 1917 3220 1974 abs
3247 1927 3321 1986 te,

1749 2015 1921 2060 utrum
1955 2007 2043 2060 tibi
2077 2006 2358 2074 perfectus,
2392 2008 2479 2076 qui
2507 2005 2678 2058 adhuc
2707 2016 2988 2075 qmcreret,
3021 2007 3322 2075 videretur;

1749 2109 1806 2152 ut
1843 2100 1882 2152 si
1915 2100 2152 2154 fatereris
2191 2114 2292 2152 non
2318 2115 2437 2154 esse
2465 2100 2748 2168 perfectura
2768 2140 2784 2165 ,
2813 2101 2876 2153 ad
2905 2110 3061 2170 caput
3085 2118 3330 2158 recurre-

1749 2201 1850 2260 ret,
1878 2193 2370 2263 demonstraretque
2391 2235 2404 2258 ,
2443 2194 2485 2248 si
2529 2203 2724 2262 posset,
2771 2207 2866 2263 per
2894 2195 3033 2248 illam
3062 2193 3331 2251 deﬁnitio-

1750 2300 1892 2346 nem,
1940 2285 2230 2356 pcriectnm
2262 2301 2381 2341 esse
2407 2285 2694 2350 hominem,
2721 2286 2810 2354 qui
2840 2285 3128 2340 secundum
3156 2288 3328 2358 legem

1753 2380 1945 2434 mentis
1971 2380 2128 2433 vitam
2155 2380 2473 2448 gubernaret
2497 2397 2507 2432 :
2527 2395 2588 2432 ac
2607 2395 2699 2448 per
2721 2379 2842 2444 hoc,
2862 2380 3070 2434 beatum
3089 2380 3188 2436 nisi
3209 2397 3328 2450 per-

1753 2468 1950 2524 fectum
1998 2486 2114 2524 esse
2145 2487 2250 2526 non
2282 2485 2456 2539 posse.
2493 2472 2530 2524 Δ
2563 2485 2670 2540 quo
2707 2480 2758 2525 te
2788 2470 2975 2538 laqueo
3012 2486 3130 2526 eum
3162 2488 3330 2538 expe—

1753 2562 1925 2616 disses
1954 2563 2158 2616 cautius
2187 2579 2342 2633 quam
2365 2562 2634 2633 putabam,
2659 2573 2710 2618 et
2740 2562 3029 2633 perfectum
3057 2564 3327 2622 hominem

1753 2653 1982 2716 diceres,
2024 2654 2384 2722 inquisitorem
2418 2653 2878 2721 diligentissimum
2901 2655 3164 2718 veritatis;
3190 2656 3331 2724 ipsa-

1755 2762 1854 2815 que
1883 2746 1964 2798 illa
1993 2747 2315 2808 deﬁnitione,
2358 2759 2458 2814 qua
2500 2745 2705 2801 beatam
2733 2747 2891 2800 vitam
2934 2747 3074 2801 illam
3117 2747 3332 2802 dentom

1757 2855 1875 2892 esse
1901 2838 2202 2891 dixeramus
2227 2877 2241 2901 ,
2282 2853 2398 2906 qme
2423 2837 2713 2894 secumlum
2754 2839 3009 2894 rationem
3047 2847 3291 2904 ageretur
3311 2877 3331 2904 ,

1760 2940 1811 2984 tu
1839 2929 2196 3000 prmﬁdcntius
2229 2928 2566 2996 apertiusque
2595 2943 2912 2997 pugnasses:
2945 2929 3032 2982 ille
3063 2929 3154 2982 tibi
3177 2931 3331 2998 plane

1756 3024 1991 3091 reposuit
2016 3041 2027 3076 :
2051 3038 2168 3076 nam
2184 3021 2458 3090 occupavit
2479 3021 2779 3089 praesidium
2802 3030 2969 3086 tuum,
2993 3021 3095 3075 und
3118 3043 3124 3050 -
3147 3022 3334 3091 pulsnt

1757 3116 1973 3170 omnino
1991 3129 2247 3168 summam
2272 3128 2449 3168 rerum
2476 3113 2750 3177 amiseras,
2771 3113 2820 3167 ni
2844 3122 2894 3167 te
2925 3111 3149 3167 inducis
3177 3127 3334 3182 repa-

1758 3217 1982 3262 rassent.
2015 3206 2112 3261 Ubi
2136 3206 2279 3260 enim
2307 3220 2482 3260 arcem
2514 3204 2820 3260 locaverunt
2848 3205 3168 3266 Academici,
3197 3221 3332 3273 quo-

1759 3316 1874 3355 rmn
1926 3299 2088 3354 tueris
2133 3298 2469 3359 sentcntiam,
2523 3298 2624 3357 nisi
2667 3297 2717 3352 in
2756 3298 2953 3352 erroris
2990 3297 3338 3353 definitione?

1759 3394 1888 3461 Qua:
1920 3392 2009 3446 tibi
2043 3392 2140 3446 nisi
2172 3401 2329 3450 noctu
2374 3389 2598 3448 fortasse
2633 3401 2726 3458 por
2744 3389 3007 3444 somnium
3046 3389 3243 3444 rediret
3279 3391 3338 3443 in

1759 3494 2011 3546 mentem,
2037 3484 2146 3549 jam
2177 3481 2300 3550 quid
2329 3481 2679 3550 responderes
2702 3497 2808 3536 non
2834 3480 3096 3545 habebas,
3131 3493 3249 3539 omn
3281 3479 3344 3536 iw

1759 3573 2070 3645 exponenda
2114 3573 2385 3626 Ciceronis
2419 3573 2680 3632 sententia
2722 3572 2946 3640 idipsmu
2976 3582 3036 3626 tu
3063 3571 3175 3640 ipse
3213 3583 3342 3626 ante

1760 3665 2284 3724 commentor-oreris.
2317 3663 2518 3720 Deinde
2541 3675 2758 3718 ventum
2782 3672 2863 3720 est
2889 3662 2955 3717 ad
2976 3662 3344 3720 definitionem

1761 3757 2057 3828 sapientiae,
2089 3769 2246 3826 quam
2289 3770 2408 3810 emn
2433 3764 2573 3808 tanta
2600 3753 2884 3812 calliditate
2907 3751 3226 3813 la-tltel'aetaro
3247 3767 3344 3808 eos

1761 3849 1968 3906 narcris
1990 3890 2006 3914 ,
2031 3857 2086 3901 ut
2114 3857 2198 3903 tua
2229 3849 2360 3908 furta
2391 3863 2489 3901 nec
2520 3847 2630 3915 ipse
2667 3846 2947 3904 auxiliator
2979 3853 3102 3900 tua!"
3133 3844 3345 3898 Aibiea-s

1760 3943 1871 3996 rius
1899 3941 2120 3996 fortasse
2149 3939 2659 4010 comprehenderet;
2688 3950 2879 4008 quanta
2925 3938 3020 3994 tibi
3052 3937 3338 4006 Vig-iiantia,

1761 4033 1973 4103 quantis
2010 4032 2208 4086 viribus
2237 4030 2466 4087 restitit?
2495 4045 2650 4100 quam
2679 4037 2729 4084 te
2756 4043 2892 4096 pene
2929 4027 3147 4084 itwelvit
3175 4031 3340 4096 atqui

1762 4126 2053 4196 depressit;
2085 4126 2183 4182 nisi
2211 4133 2482 4194 postremo
2510 4134 2558 4177 te
2585 4132 2670 4178 tua
2699 4121 3007 4181 deﬁnitione
3043 4134 3175 4177 nova
3204 4125 3342 4174 tum

1763 4222 1933 4287 reris,
1969 4220 2281 4288 diceresqnc
2311 4216 2593 4272 humanam
2633 4228 2752 4270 esse
2785 4212 3093 4280 sapienti-am
3117 4209 3341 4280 inquisi-

1763 4314 1963 4374 tionem
1990 4311 2248 4374 veritatis,
2273 4325 2336 4371 ex
2365 4324 2465 4378 qua
2488 4316 2703 4376 prepter
2722 4306 2882 4362 animi
2907 4304 3344 4375 tranquillitatem

1763 4405 1916 4460 beata
1929 4404 2030 4458 vita
2047 4401 2409 4472 contingeret?
2428 4400 2558 4456 Huic
2573 4399 2669 4458 iste,
2679 4397 2956 4456 sententia:
2971 4412 3076 4450 non
3087 4397 3106 4434 '-
3121 4409 3347 4464 respon-

1763 4497 1928 4563 debit,
1960 4495 2254 4566 praesertim
2291 4494 2333 4548 si
2363 4494 2412 4548 in
2443 4489 2765 4561 proroganda
2792 4489 2896 4544 diei
2923 4487 3008 4548 vei
3035 4493 3192 4556 parte"
3222 4499 3344 4558 qua

1763 4601 1946 4655 restat,
1981 4589 2129 4644 reddi
2149 4587 2251 4643 sibi
2271 4587 2489 4658 gratiam
2515 4582 2817 4654 postulabit.

1834 4685 1922 4736 25.
1948 4682 2050 4736 Sed
2081 4698 2148 4738 ne
2170 4681 2383 4752 longum
2413 4678 2686 4740 faciamus,
2715 4676 2847 4744 3am,
2877 4675 2920 4738 si
2948 4674 3137 4744 placet.
3165 4685 3346 4731 sermo

1766 4778 1867 4833 iste
1911 4775 2206 4842 claudatur,
2254 4775 2303 4828 in
2346 4787 2452 4844 quo
2496 4769 2762 4830 immorari
2813 4769 2974 4831 etiam
3017 4767 3348 4837 superﬂuum

1765 4877 1910 4940 puto.
1935 4867 2179 4922 Tractata
2199 4865 2342 4920 enim
2360 4879 2446 4922 res
2467 4873 2548 4918 est
2575 4877 2670 4932 pro
2688 4869 2937 4932 suscepto
2951 4861 3163 4931 negatio
3177 4859 3346 4927 satis;

1764 4975 1883 5030 qua:
1940 4967 2059 5028 post
2102 4970 2265 5026 pauco
2309 4954 2526 5009 omnino
2568 4961 2749 5022 posset
2789 4951 2950 5010 verba
3018 4951 3197 5016 ﬁniri,
3245 4951 3350 5010 ulli

1765 5065 2016 5105 exercere
2042 5063 2140 5101 vos
2157 5047 2369 5112 vellem,
2395 5059 2690 5116 nervosque
2707 5053 2914 5102 vestros
2937 5052 2988 5106 et
3012 5043 3204 5108 studia,
3227 5057 3352 5113 qua

1766 5142 1892 5197 ιιιὶιιί
1924 5156 2111 5210 magna
2141 5147 2224 5200 est
2252 5154 2398 5202 cura,
2431 5137 2710 5206 explorare
2743 5158 2755 5194 :
2785 5150 2908 5198 nam
2935 5150 3056 5198 eum
3084 5134 3345 5197 instituis-

1767 5251 1878 5290 sem
1907 5248 2000 5287 vos
2024 5232 2089 5286 ad
2114 5229 2452 5301 qumrcndam
2474 5228 2749 5287 veritatem
2775 5241 3099 5299 monopoin
3122 5225 3344 5291 hortari,

1765 5340 2034 5396 coeperam
2079 5339 2144 5379 ex
2176 5321 2326 5376 vobis
2365 5336 2604 5390 quaerere
2640 5329 2891 5396 quantum
2920 5319 2971 5374 in
2999 5333 3062 5376 ea
3091 5314 3354 5375 momenti

1767 5419 2035 5489 ponerclis
2071 5435 2084 5472 :
2116 5430 2303 5474 omnes
2345 5423 2520 5470 autem
2560 5412 2810 5484 posuistis
2859 5419 3079 5474 tantum,
3122 5413 3184 5467 ut
3229 5405 3350 5474 pitu

1769 5529 1872 5567 non
1905 5509 2225 5566 desiderem.
2271 5506 2403 5562 Nam
2429 5521 2550 5560 cum
2585 5504 2723 5562 beati
2760 5518 2877 5560 esse
2907 5499 3206 5565 equitatuut}.-
3232 5498 3349 5558 Sive

1769 5604 1818 5658 id
1851 5603 1964 5656 lieri
1990 5617 2094 5656 non
2127 5607 2299 5672 potest
2327 5599 2425 5658 nisi
2454 5597 2684 5662 inventa,
2715 5595 2826 5656 sive
2848 5605 2952 5652 non
2990 5587 3090 5652 nisi
3117 5588 3386 5676 diligat-vt,

1833 5783 1847 5812 ί
1875 5778 2010 5837 editi,
2034 5775 2259 5828 modeste.
2281 5781 2336 5822 At
2353 5781 2454 5821 Mss.
2474 5757 3347 5837 deeenihabeptjnqleﬁfﬁgﬁfgelilts;

1770 5823 1953 5892 alludit?
1960 5823 2139 5901 dissipa
2150 5823 2452 5901 sug‘ustinus
2468 5831 2537 5901 ad
2550 5823 2687 5901 illud,
2700 5823 2877 5901 molem
2898 5823 3216 5872 auctoritatis.

1835 5906 1856 5938 ³
1881 5911 2004 5962 Ptin,
2287 5892 2601 5958 respondebit.
2675 5898 2726 5940 It.
