3880 6440
537 421 646 482 N9

536 551 626 601 ter
666 535 890 611 qumsita
950 534 1207 600 veritate;
1265 525 1576 603 postpositis
1624 522 1835 581 caeteris
1881 516 2131 575 omnibus

539 634 704 692 rebus
722 673 738 696 ,
767 631 943 695 nobis,
969 629 1014 685 si
1036 627 1176 684 beati
1200 641 1321 682 esse
1348 623 1613 685 volumus,
1643 616 1993 690 perquirenda
2023 623 2127 670 est.

541 724 901 799 Quamobrem
922 723 1032 794 jam
1062 721 1239 786 istam,
1266 729 1325 776 ut
1348 718 1478 786 dixi,
1504 714 1919 787 disputationem
1947 708 2131 767 termi-

537 835 748 882 nemus.
775 827 832 875 et
868 816 1090 873 relatam
1114 814 1181 870 .in
1212 815 1414 869 litteras
1448 812 1739 874 mittamus,
1781 806 2007 869 Licenti,
2037 818 2131 873 po-

539 916 801 973 tissimum
851 909 987 980 patri
1031 918 1124 965 tuo
1149 949 1163 973 ,
1207 908 1361 975 cujus
1412 920 1536 976 erga
1590 899 1981 975 philosophiam
2018 899 2129 968 jam

538 1022 760 1082 prorsus
799 1007 1037 1063 animum
1084 1013 1259 1059 teneo.
1312 999 1418 1058 Sed
1459 999 1636 1055 adhuc
1683 1012 1801 1068 quae
1843 993 2125 1060 admittat,

537 1116 720 1173 quaero
746 1100 1031 1154 fortunam.
1074 1094 1285 1151 lucendi
1314 1102 1489 1147 autem
1536 1092 1591 1147 in
1626 1089 1740 1145 haec
1763 1086 1937 1143 studia
1963 1084 2127 1141 vehe-

470 1247 479 1269 ,
538 1192 773 1252 metilius
797 1191 1013 1262 poterit,
1043 1203 1164 1244 cum
1194 1188 1420 1257 teipsum
1459 1184 1570 1255 jam
1611 1182 1872 1237 intentum
1918 1192 2128 1234 mecum

1529 402 1807 463 CONTRA
1845 391 2304 460 ACADEMICOS,
2343 390 2402 448 S.
2442 380 2813 446 AUGUSTN

2910 279 2942 294 Ι
3133 294 3136 297 ⁷
3168 294 3309 312 δάκωσιν-ν

3682 375 3765 435 910

2235 511 2314 566 sic
2341 508 2541 571 vivere,
2564 520 2669 560 non
2695 499 2963 558 audiendo
2987 498 3183 563 solum,
3206 509 3393 552 verum
3411 494 3561 550 etiam
3580 492 3769 565 legeldo
3842 492 3843 571 ξ

2238 604 2335 660 ista
2381 599 2708 671 cognoverit.
2739 596 2858 651 Tibi
2895 603 3073 649 autem
3102 592 3169 650 si.
3204 598 3264 644 ut
3285 589 3474 647 sentio.
3512 588 3771 646 Academici
3842 598 3843 669 ξ

2238 697 2469 768 placent,
2504 694 2645 748 vires
2674 689 2736 746 ad
2786 702 2880 745 eos
2926 681 3291 742 defendendos
3340 679 3606 734 validiores
3645 696 3771 750 para;

2237 808 2361 846 nam
2409 776 2529 845 illos
2555 802 2657 856 ego
2694 798 2817 841 reos
2842 783 3012 837 citare
3035 776 3251 834 decrevi
3282 777 3320 827 ⁸.
3352 774 3478 840 Quae
3501 789 3610 830 eum
3632 787 3775 830 essent

2236 884 2376 941 dicta
2398 925 2414 948 ,
2439 882 2719 953 prandium
2747 887 2987 949 paratum
3013 887 3133 930 esse
3154 874 3522 926 annuntiatuut
3539 878 3632 932 est,
3651 878 3777 938 atque

2238 976 2592 1033 surreximus.

2301 1067 2319 1099 ³
2346 1066 2563 1129 Antiquze
2589 1062 2847 1129 editiones,

2237 1112 2357 1192 quot
2364 1112 2487 1192 ἶλξᾷςῖ
2496 1112 2537 1175 1'
2543 1112 2820 1182 etuStiores,
2836 1112 2922 1185 qui
2936 1118 3077 1192 paulo
3099 1125 3210 1192 [ost
3233 1128 3331 1192 non
3343 1114 3529 1192 habent
3539 1112 3633 1162 baac
3644 1120 3774 1175 verba,

2234 1180 2495 1254 prandium
2512 1193 2735 1253 paratum
2750 1180 3203 1236 esSe'mmwttt'atum
3218 1182 3307 1236 est,
3333 1181 3491 1239 atque.

2869 1070 2959 1132 99°
2976 1057 3221 1132 Wa”?
3236 1048 3779 1132 .,‘i€‘[€'.‘i:§i‘i3'i‘fﬂ?‘."

544 1276 3760 1318 ___________________________________._______——

1462 1372 1944 1485 LIBER
2036 1366 2879 1478 SECUNDUS.

601 1546 938 1598 Romanianum
967 1548 1275 1594 u'ecenatem
1298 1555 1438 1593 suum
1473 1540 1532 1591 ad
1554 1538 1940 1603 amplectendam
1965 1534 2312 1645 l'bilosopbia'n
2338 1546 2509 1584 rursus
2538 1544 2648 1583 cum
2685 1533 2809 1594 grati
2832 1531 2977 1581 animi
3000 1526 3356 1593 signiﬁcatione
3383 1525 3605 1600 lim-tatur,
3624 1532 3779 1591 treslue

601 1611 610 1645 ι
652 1608 880 1645 (luem-ibit
922 1606 1234 1645 (inlimimms’-
1279 1605 1325 1645 in
1348 1616 1552 1645 «tum-nm
1594 1603 1743 1645 trima
1782 1613 1861 1645 ex:
1883 1599 2087 1645 limatur
2125 1612 2136 1645 ι
2173 1597 2295 1645 acita
2334 1596 2740 1645 Academicorum.
2784 1601 2831 1642 In
2854 1592 3066 1644 sectum
3112 1604 3255 1640 nova‘
3277 1603 3335 1640 ac
3376 1596 3553 1639 veteris
3571 1589 3779 1641 acaelemiz

540 1608 611 1661 illi
652 1608 885 1658 describit
922 1606 1235 1663 Ctillalinues’,
1279 1605 1325 1653 in
1348 1616 1553 1664 quarum
1594 1599 1744 1664 trima
1782 1599 2136 1664 eleicanturq

2204 1597 2295 1646 cita
2334 1589 2740 1646 Academicorum.
2784 1601 2831 1642 tu
2854 1589 3066 1644 stultitia
3112 1604 3255 1640 nova‘
3277 1603 3335 1640 ac
3376 1590 3553 1639 veteris
3571 1589 3779 1641 academiz

539 1650 1237 1727 Hiécﬁfﬁiﬁé"iéré‘riiiinﬁ'éi
1260 1650 1551 1729 ﬁdaﬁda
1560 1650 1806 1715 sententia
1845 1650 2016 1729 borum
2057 1650 2156 1721 ιιιίι
2176 1658 2465 1729 sophorum,
2488 1659 2588 1729 qui
2610 1670 2721 1707 cum
2760 1654 3079 1729 verum
3105 1665 3257 1729 ιοξὲᾳ
3274 1650 3568 1729 deprehendi
3587 1659 3780 1714 putarent,

540 1713 832 1785 ξέτῖίᾶἐὶἱὲῖι
846 1713 1098 1783 'siilul’s'é
1107 1713 1283 1793 'séqtii'
1298 1713 1662 1791 piutiterentur.
1687 1733 1737 1775 tn
1760 1724 1904 1776 tertia
1926 1713 2102 1774 dicitur
2123 1713 2335 1785 quid'illi
2360 1713 2627 1771 verisiinile
2648 1732 2743 1771 seu
2762 1715 3016 1782 probabile
3037 1713 3369 1780 appellarent.

2012 1822 2385 1880 «ἕωΝὼ

546 1992 772 2051 CAPUT
826 1988 1109 2047 PRIMUM.
1149 2016 1221 2030 --
1256 1986 1445 2043 Contra
1472 1983 1891 2039 Academicorum
1916 1976 2138 2032 rationes

1048 2100 1147 2156 Dei
1169 2099 1364 2156 auxilio
1390 2114 1517 2169 opus
1547 2103 1640 2151 est.

621 2220 676 2276 l.
726 2216 783 2274 Si
837 2229 995 2287 quam
1042 2227 1267 2269 necesse
1310 2220 1412 2275 est,
1459 2207 1736 2278 disciplina
1776 2217 1933 2277 atque
1963 2204 2140 2261 scien-

549 2312 623 2370 tia
652 2310 928 2383 sapientia;
951 2324 1174 2363 vacuum
1206 2320 1327 2363 esse
1355 2321 1457 2361 non
1492 2318 1648 2375 posse
1686 2303 2000 2373 sapientem,
2034 2310 2140 2355 tam

550 2420 670 2462 eam
694 2418 914 2459 necesse
933 2412 1073 2458 essm
1101 2401 1342 2457 invenire
1358 2398 1483 2453 dum
1505 2397 1793 2466 quaeritur;
1818 2394 1992 2448 omnis
2014 2408 2141 2464 pro-

551 2500 691 2556 fectu
714 2496 1152 2552 Academicorum
1172 2493 1253 2547 vel
1276 2490 1572 2556 calumnia,
1601 2489 1682 2544 vel
1724 2487 2033 2558 pertinacia,
2058 2486 2143 2541 vel

553 2589 872 2663 pert'iC'tt'i‘l,
901 2588 1006 2651 vel,
1038 2599 1094 2642 ut
1118 2602 1218 2658 ego
1241 2584 1507 2640 interdum
1533 2581 1783 2643 arbitror,
1810 2596 2040 2650 congrua
2069 2579 2145 2634 illi

554 2686 783 2757 tempori
818 2682 977 2747 ratio,
1003 2680 1162 2737 simul
1191 2695 1311 2735 cum
1339 2679 1454 2747 ipso
1476 2686 1735 2746 tempore,
1759 2683 1956 2730 etcum
1982 2673 2147 2743 ipsius

556 2778 849 2838 Carneadis
871 2775 1250 2846 Ciceroni-que
1283 2772 1601 2844 corporibus
1630 2772 1833 2839 sepulta
1859 2769 2019 2825 foret.
2041 2768 2149 2825 Sed

454 2880 460 2885 ‘
556 2874 681 2946 quia
726 2873 837 2929 sive
876 2871 997 2926 vitm
1029 2869 1185 2941 hujus
1229 2868 1410 2923 multis
1439 2866 1709 2936 variisque
1751 2864 2147 2932 jactationibns,

561 2968 918 3033 Romaniam,
946 2975 1003 3021 ut
1030 2966 1082 3021 in
1112 2965 1301 3020 eodem
1343 2974 1395 3019 le
1433 2964 1645 3033 probas,
1674 2963 1786 3017 sive
1816 2961 2151 3032 ingeniorum

560 3060 792 3132 quodam
837 3068 1078 3128 stupore,
1110 3058 1193 3114 vel
1223 3054 1467 3112 socordia
1514 3055 1596 3110 vel
1641 3054 1889 3109 tarditate
1933 3063 2155 3121 torpen-

563 3153 720 3218 tium,
748 3152 862 3207 sive
885 3150 1257 3219 desperatione
1296 3146 1635 3214 inveniendi;
1677 3146 1799 3216 quia
1842 3160 1945 3199 non
1992 3160 2153 3215 quam

563 3241 721 3299 facile
747 3243 922 3297 oculis
946 3242 1045 3296 ista
1074 3242 1157 3295 lux
1178 3281 1192 3303 ,
1247 3249 1353 3294 tam
1397 3238 1553 3293 facile
1592 3237 1857 3293 mentibus
1882 3237 2158 3307 sapientiae

564 3333 716 3389 sidus
744 3332 1016 3397 oboritur;
1066 3333 1178 3386 sive
1207 3332 1368 3386 etiam
1398 3331 1487 3401 qui
1516 3345 1668 3385 error
1696 3330 1935 3383 omnium
1982 3345 2156 3398 popu-

566 3424 743 3479 lorum
770 3432 885 3486 est,
931 3422 1059 3478 falsa
1094 3423 1345 3493 opinione
1373 3421 1604 3475 inventze
1624 3435 1652 3475 a
1679 3436 1739 3476 se
1766 3421 2024 3487 veritatis,
2060 3434 2158 3476 nec

566 3516 851 3586 diligenter
872 3515 1116 3570 homines
1134 3524 1397 3585 quammt,
1422 3514 1464 3568 si
1490 3513 1578 3583 qui
1596 3520 1863 3583 quaerunt,
1887 3520 1941 3566 et
1963 3526 1993 3567 a
2015 3527 2161 3580 quae-

568 3607 727 3665 rendi
770 3608 1044 3662 voluntate
1086 3616 1430 3670 avertuntur;
1476 3606 1656 3660 evenit
1692 3614 1747 3659 ut
1786 3604 2007 3659 scientia
2040 3619 2160 3660 raro

568 3701 861 3773 paucisque
903 3699 1221 3769 proveniat:
1253 3713 1424 3768 eoque
1472 3697 1565 3763 lit,
1614 3706 1672 3752 ut
1720 3695 2159 3751 Academicorum

570 3808 721 3850 arum
738 3836 755 3859 ,
787 3792 998 3863 quiando
1020 3808 1141 3847 eum
1173 3791 1252 3847 eis
1277 3791 1342 3846 ad
1370 3806 1560 3845 manus
1585 3791 1811 3851 venitur,
1837 3804 1936 3843 nec
1958 3787 2162 3841 medio-

572 3884 757 3941 cribus
786 3884 932 3947 viris,
976 3882 1070 3940 sed
1118 3882 1286 3938 acutis
1332 3891 1386 3938 et
1425 3882 1561 3938 bene
1590 3880 1831 3944 eruditis,
1871 3879 2067 3935 invicta
2110 3887 2164 3934 et

570 3977 722 4050 quasi
767 3976 1014 4033 Vulcania
1058 3974 1355 4031 videantur.
1397 3974 1757 4043 Quamobrem
1805 3983 1989 4030 contra
2046 3974 2164 4028 illos

572 4070 763 4127 ﬂuctus
793 4070 1157 4141 procellasque
1187 4069 1447 4135 fortunzc,
1480 4085 1601 4124 cum
1627 4068 1973 4124 obnitendum
2004 4069 2165 4125 remis

570 4162 1041 4235 qualiumcumque
1083 4163 1371 4226 virtutum,
1422 4171 1532 4217 tum
1583 4161 1638 4216 in
1693 4162 1877 4232 primis
1927 4162 2163 4218 divinum

572 4254 828 4310 auxilium
857 4254 1004 4309 omni
1030 4253 1314 4309 devotione
1338 4264 1497 4325 atque
1537 4255 1730 4324 pietate
1775 4254 2163 4324 implorandum

571 4357 697 4412 est;
743 4357 795 4402 ul
846 4346 1070 4402 intentio
1108 4346 1535 4401 constantissimo
1577 4345 1835 4400 bonorum
1870 4344 2163 4400 studiorum

576 4446 754 4494 teneat
776 4454 991 4494 cursum
1017 4454 1193 4502 suum,
1213 4454 1242 4493 a
1264 4454 1372 4509 quo
1393 4453 1509 4492 eam
1534 4439 1712 4493 nullus
1731 4453 1887 4494 casus
1910 4438 2161 4505 excudat,

573 4530 860 4601 quominus
902 4531 1047 4586 illam
1097 4531 1449 4601 philosophiae
1507 4531 1801 4586 tutissimus
1838 4530 2164 4602 jucundissi-

575 4642 803 4697 musque
846 4638 1031 4698 portus
1075 4627 1321 4696 accipiat.
1364 4626 1489 4681 llrec
1525 4627 1693 4696 prima
1735 4636 1821 4681 tua
1848 4641 2008 4680 causa
2044 4639 2164 4693 est;

578 4719 706 4777 hinc
727 4722 820 4776 tibi
842 4733 1043 4785 metuo.
1078 4721 1202 4779 hinc
1231 4730 1283 4776 te
1312 4721 1467 4791 cupio
1494 4720 1728 4786 liberari,
1755 4720 1898 4787 hinc,
1928 4722 1971 4776 si
2011 4721 2170 4777 modo

577 4813 773 4885 dignus
800 4815 899 4868 sini
921 4816 1008 4883 qui
1039 4816 1318 4885 impetrem
1339 4860 1353 4881 ,
1378 4814 1702 4887 quotidiauis
1726 4815 1860 4870 votis
1887 4830 2045 4869 auras
2077 4816 2168 4870 tibi

578 4918 862 4974 prosperas
887 4921 1040 4961 orare
1079 4922 1183 4962 non
1220 4923 1405 4970 cesso;
1436 4923 1532 4961 oro
1559 4916 1737 4963 autem
1779 4907 1946 4978 ipsam
1977 4908 2169 4962 summi

579 4995 675 5051 Dei
708 4995 964 5051 Virtutem
990 5007 1147 5067 atque
1172 4997 1519 5068 Sapientiam.
1547 4999 1681 5067 Quid
1713 5010 1795 5054 est
1820 5000 1960 5056 enim
1987 4999 2127 5055 aliud
2154 5042 2168 5066 ,

580 5102 739 5159 quem
770 5088 1020 5157 mysteria
1051 5090 1201 5144 nobis
1230 5091 1439 5146 tradunt
1472 5092 1562 5147 Dei
1594 5091 1820 5147 Filium?

652 5177 707 5234 2.
738 5178 958 5233 Multum
981 5187 1155 5235 autem
1179 5197 1265 5237 me
1288 5182 1562 5251 adiuvabis
1579 5200 1677 5253 pro
1698 5193 1749 5238 te
1774 5184 2169 5254 deprecantem,

580 5271 626 5327 si
643 5285 746 5327 non
773 5285 874 5326 nos
888 5270 1124 5326 exaudiri
1141 5288 1298 5341 posse
1310 5273 1583 5345 desperes,
1600 5276 1885 5345 uitat-isque
1898 5275 2172 5330 nobiscum

579 5375 637 5422 et
672 5376 727 5419 tu
764 5381 868 5418 non
896 5363 1069 5418 solum
1097 5366 1254 5428 votis,
1279 5365 1371 5420 sed
1400 5367 1560 5421 etiam
1584 5366 1875 5430 Voluptate,
1905 5361 2061 5435 atque
2086 5367 2173 5422 illa

586 5466 675 5512 tua
708 5457 933 5512 naturali
964 5460 1158 5510 mentis
1180 5456 1480 5523 altitudine,
1511 5467 1732 5529 propter
1757 5474 1914 5528 quam
1946 5468 1999 5513 te
2025 5476 2173 5530 quaa-

582 5565 669 5616 ro,
697 5565 801 5619 qua
828 5548 1170 5620 singulariter
1196 5549 1454 5615 delector,
1486 5565 1644 5620 quam
1670 5563 1881 5616 semper
1901 5549 2135 5605 admiror
2154 5592 2170 5617 ,

582 5658 706 5711 qua:
730 5641 783 5697 in
814 5652 887 5708 te,
920 5641 1053 5713 proh
1082 5642 1265 5699 nefas!
1298 5642 1399 5697 illis
1431 5658 1607 5698 rerum
1634 5642 2045 5699 domesticarum
2074 5661 2174 5699 nu-

583 5735 743 5792 bibus
787 5735 937 5806 quasi
984 5735 1184 5793 fulmen
1233 5736 1539 5797 involvitur.
1580 5747 1635 5791 et
1678 5736 1893 5801 multos,
1932 5752 1996 5793 ac
2041 5753 2176 5807 pene

585 5841 778 5882 onines
821 5826 985 5885 latet:
1009 5844 1096 5884 me
1129 5838 1328 5897 autem,
1353 5838 1409 5885 et
1429 5829 1612 5897 alium,
1648 5829 1733 5886 vel
1758 5829 1988 5894 tertium,
2021 5828 2175 5885 fami-

568 5916 903 6015 ‘liarissimos
922 5928 1042 5978 tuos
1058 5920 1229 5989 latere
1246 5937 1353 5980 non
1365 5931 1562 5992 potest,
1587 5922 1678 5991 qui
1703 5935 1847 5987 saepe
1871 5937 1978 5979 non
2002 5923 2174 5980 solum

2245 1959 2447 2007 attente
2482 1949 2782 2007 audivimus
2822 1963 3099 2005 murmura
3133 1956 3249 2011 tua,
3280 1941 3376 2003 sed
3404 1948 3555 2003 etiam
3579 1937 3777 2002 nonnulli

2246 2041 2449 2114 fulgura
2483 2041 2794 2098 fulminibus
2821 2042 3068 2113 propiora
3103 2040 3502 2110 conspeximus.
3522 2037 3636 2104 Quis
3654 2036 3774 2096 enim.

2247 2144 2308 2192 ut
2326 2147 2517 2193 uetera
2539 2152 2635 2206 pro
2658 2144 2897 2206 tempore
2919 2144 3124 2190 taceam
3142 2141 3201 2189 et
3229 2148 3390 2187 unum
3409 2146 3772 2194 commemorem;

2248 2230 2389 2300 quis,
2416 2230 2631 2300 inquam
2651 2271 2667 2294 ,
2698 2237 2804 2283 tam
2832 2226 3013 2282 subito
3043 2241 3283 2296 unquam
3329 2233 3525 2279 unitum
3567 2223 3772 2286 intonuit,

2250 2329 2564 2392 tantumque
2595 2320 2796 2375 lumine
2831 2320 3025 2375 mentis
3052 2318 3318 2385 emicuit,
3351 2326 3405 2372 ut
3432 2316 3526 2372 sub
3550 2330 3639 2370 uno
3663 2317 3675 2345 ‘
3698 2315 3771 2370 fre-

2252 2415 2384 2470 mitu
2421 2415 2661 2481 mtiouis,
2702 2424 2757 2469 ct
2783 2413 3014 2485 quodam
3042 2413 3417 2468 coruscamiue.
3449 2410 3772 2481 temperanlim,

2255 2522 2361 2561 uno
2376 2506 2465 2562 die
2482 2506 2566 2560 illa
2590 2505 2759 2576 pridie
2775 2506 3068 2562 smvissima
3090 2505 3307 2575 penitus
3329 2502 3487 2558 libido
3510 2501 3772 2557 uiolet-stur?

2258 2598 2469 2669 Ergone
2489 2614 2592 2652 non
2610 2606 2856 2665 erumpet
2877 2597 3169 2669 aliquando
3184 2598 3283 2651 ista
3301 2596 3478 2658 virtus,
3494 2605 3538 2650 et
3557 2595 3773 2648 multorum

2259 2689 2663 2761 desperandum
2687 2689 2825 2744 risus
2851 2689 2905 2745 in
2922 2688 3207 2744 horrorem
3233 2698 3589 2760 stuporetnque
3608 2701 3770 2741 convcr-
3841 2688 3843 2761 ᾖ

2263 2789 2369 2843 tet;
2393 2791 2450 2836 et
2475 2780 2649 2835 locuta
2680 2781 2731 2836 in
2762 2781 2919 2835 terris
2933 2779 3352 2851 quasiquiedam
3371 2778 3771 2845 futurorumsigna.

2260 2887 2447 2926 rursus
2480 2872 2716 2940 proiecto
2748 2873 2908 2926 totius
2937 2871 3189 2943 corporis
3215 2887 3379 2927 onere
3404 2878 3612 2925 recurret
3631 2869 3673 2923 iu
3695 2883 3772 2924 ιω·

2262 2963 2411 3017 lum?
2434 2963 2646 3034 Ergone
2684 2964 3013 3036 Augustinus
3037 2964 3106 3019 de
3139 2962 3468 3018 Romaniano
3508 2951 3667 3016 frustra
3700 2962 3770 3013 ista

2262 3054 2431 3108 dixit?
2472 3054 2583 3109 Non
2624 3055 2763 3110 siuet
2793 3055 2880 3111 ille
2919 3054 3004 3109 cui
3040 3071 3126 3110 me
3155 3064 3327 3110 totum
3363 3052 3495 3119 dedi,
3518 3064 3643 3122 quem
3666 3064 3772 3105 nunc

2265 3160 2653 3215 recognoscere
2683 3146 3009 3215 aliquantum
3039 3148 3206 3219 coepi.

2263 3236 2491 3296 CAPUT
2533 3240 2595 3294 II.
2613 3270 2687 3281 —-
2706 3241 3022 3296 Ronmuiano
3049 3244 3188 3313 grati
3216 3242 3376 3297 animi
3397 3240 3627 3311 obsequium
3655 3236 3767 3293 exhi-

2511 3334 2610 3399 bet,
2634 3348 2848 3403 eumque
2870 3334 2938 3388 ad
2968 3335 3349 3407 philosophiam
3375 3335 3589 3389 hortatur.

2338 3426 2392 3479 ὅ.
2438 3424 2578 3496 Ergo
2617 3426 2908 3496 aggredere
2950 3442 3162 3483 mecum
3213 3421 3755 3497 philosophiammicei

2264 3516 2525 3588 quidquid
2571 3526 2622 3572 te
2658 3519 2875 3571 anxium
2907 3533 3091 3586 sepe,
3122 3530 3287 3589 atque
3322 3518 3617 3572 dubitantem
3658 3513 3763 3567 mira

2269 3608 2451 3664 biliter
2483 3609 2622 3664 Solet
2665 3624 2903 3664 movere.
2941 3608 3057 3663 Non
3081 3610 3230 3665 enim
3252 3622 3428 3665 metuo
3455 3617 3572 3662 aula
3592 3601 3766 3661 socordia

2268 3714 2503 3763 morum,
2518 3709 2611 3756 aut
2629 3717 2657 3753 a
2679 3700 2927 3757 tarditate
2945 3700 3142 3771 ingenii
3171 3702 3266 3758 tui.
3286 3702 3414 3771 Quis
3431 3694 3768 3767 euimtequandt

2270 3791 2614 3862 aliquautunf
2633 3793 2898 3863 reSpirare
2945 3809 3264 3851 concessum
3309 3803 3411 3859 est,
3441 3794 3491 3848 in
3515 3787 3773 3847 sermnibus

2270 3886 2468 3940 nostris
2489 3885 2831 3957 vigilantior?
2844 3886 2963 3957 quis
2983 3887 3193 3942 acutior
3218 3887 3492 3960 apparuit?
3511 3885 3679 3954 Ergone
3704 3878 3769 3931 tibi

2268 3979 2495 4049 gratiam
2526 3994 2630 4034 non
2663 3979 2997 4049 repens-dbo?
3015 3996 3082 4034 an
3112 3981 3341 4036 fortasse
3365 3978 3605 4049 paululum
3621 3966 3775 4028 delet?

2271 4069 2351 4124 Tu
2380 4086 2465 4125 me
2492 4070 2950 4126 adolescentulum
2968 4086 3254 4141 pauperem
3284 4070 3346 4126 ad
3366 4068 3607 4139 peregrina
3626 4059 3771 4116 'stuilia

2272 4174 2602 4232 pergentem,
2624 4172 2679 4217 et
2697 4162 2858 4240 domo
2885 4172 2939 4217 et
2962 4173 3199 4232 sumptu,
3220 4173 3295 4230 et,
3327 4161 3459 4233 quod
3484 4160 3588 4232 plus
3607 4164 3687 4212 est.
3703 4150 3775 4206 ani-

2274 4270 2363 4310 mo
2388 4254 2665 4324 excepisti.
2713 4255 2791 4310 Tu
2834 4265 2984 4326 patre
3024 4256 3270 4312 orbatum
3297 4252 3511 4309 amicitia
3543 4245 3774 4306 consolatus

2272 4363 2355 4412 es,
2392 4347 2692 4404 hortatione
2719 4348 2987 4411 animasti,
3019 4363 3120 4417 ope
3145 4347 3411 4419 adjuvisti.
3444 4343 3517 4399 Tu
3553 4342 3599 4395 in
3632 4345 3765 4393 nosne

2275 4440 2393 4510 ipso
2417 4440 2724 4509 municipio,
2755 4438 3348 4505 favore,familiaritate.
3382 4428 3770 4492 communicatione

2275 4533 2467 4589 domus
2498 4543 2601 4588 tua:
2633 4548 2768 4603 pene
2792 4544 2966 4588 tecum
2987 4530 3194 4587 clarum
3224 4531 3579 4602 primatenique
3601 4536 3671 4577 uie
3692 4515 3774 4572 feci-

2275 4626 2362 4680 sti.
2391 4624 2469 4680 Tu
2487 4623 2861 4696 Carthaginem
2896 4625 3200 4680 illustrioris
3227 4619 3548 4695 professionis
3561 4612 3694 4687 gratia
3716 4623 3770 4662 re

2277 4729 2566 4785 meantem,
2602 4734 2721 4773 cum
2767 4718 2864 4772 tibi
2896 4718 2993 4773 soli
3018 4717 3041 4749 ³
3065 4728 3120 4772 et
3151 4731 3384 4773 meorum
3414 4712 3528 4767 nulli
3554 4705 3766 4764 eon~ilimu

2277 4824 2454 4864 meum
2482 4823 2736 4879 spemque
2764 4809 3116 4878 aperuissem,
3148 4807 3380 4880 quamvis
3405 4804 3682 4874 aliquantum
3702 4792 3765 4845 illo

2278 4901 2371 4956 tibi
2402 4901 2580 4969 insito,
2611 4901 2732 4972 quia
2766 4901 2836 4955 ibi
2856 4901 2965 4969 jam
2995 4901 3274 4966 docebam,
3306 4897 3473 4969 patri:c
3493 4905 3647 4949 amore
3671 4899 3764 4939 cun-

2277 5002 2450 5048 ctatus
2473 5008 2533 5047 es
2562 5011 2574 5046 :
2606 5003 2783 5047 mmen
2838 4993 2927 5048 ubi
2960 4994 3207 5048 evincere
3231 4985 3552 5046 adolescentis
3574 4974 3765 5047 cupitlila'

2279 5095 2406 5151 tem,
2431 5087 2497 5140 ad
2518 5101 2581 5139 ca
2607 5101 2725 5155 qua:
2746 5085 3068 5142 videbantur
3099 5086 3317 5141 meliora
3346 5076 3595 5140 tendenti“,
3627 5062 3762 5155 lictl'li'

2279 5180 2379 5245 sti;
2420 5195 2485 5233 ex
2529 5179 2877 5233 debortatore
2908 5180 2960 5232 in
2989 5178 3283 5247 adjutorem
3312 5175 3429 5230 mira
3463 5154 3761 5224 benevolentia!

2279 5276 2650 5332 moderatione
2673 5290 2971 5331 conversus
3005 5289 3087 5330 cs.
3132 5273 3213 5329 'l‘u
3263 5266 3542 5327 necessariis
3578 5251 3760 5311 ιιιιιιιιιιυε

2282 5372 2389 5428 iter
2415 5370 2806 5426 adminiculasti
2827 5385 3027 5425 meum.
3058 5368 3136 5424 Tu
3159 5368 3342 5423 ibidem
3366 5371 3539 5417 rursus,
3565 5351 3757 5446 qui

2280 5462 2426 5530 bula,
2451 5471 2504 5518 et
2523 5462 2670 5532 quasi
2702 5459 2886 5516 nidum
2907 5460 3202 5516 studiorum
3227 5467 3442 5513 meorum
3469 5449 3652 5502 forem.
3670 5442 3751 5503 iam

2280 5557 2465 5610 volare
2484 5531 2729 5610 audentis
2758 5552 3071 5608 sustentasti
3096 5550 3394 5606 rudimenta.
3426 5539 3493 5595 ‘l‘u
3512 5533 3640 5590 etiam
3664 5531 3748 5578 cum

2282 5657 2335 5702 te
2364 5647 2588 5701 absente
2610 5655 2769 5715 atque
2796 5644 3073 5716 ignorante
3103 5643 3426 5714 navigassem,
3450 5624 3557 5684 nihil
3587 5624 3746 5673 succen-

2346 5749 2362 5779 ί
2390 5756 2599 5805 quatuor
2623 5755 2725 5798 Mss.
2742 5780 2758 5805 ,
2782 5743 2886 5797 illo.
3374 5797 3385 5809 .

2346 5811 2369 5876 ξ
2391 5816 2445 5876 tn
2470 5819 2573 5876 uss.
2603 5810 2897 5874 pervetustis
2916 5808 3061 5876 deest
3083 5821 3193 5868 vox,
3214 5809 3529 5876 perm,“
3545 5837 3662 5876 mm

2388 5826 3531 5981 ἐξ,
3544 5837 3737 5897 cum.
