3880 6396
543 425 648 489 93'!

546 543 778 603 reconde
815 543 1092 610 arridens,
1135 553 1189 599 et
1229 542 1555 614 aliquantum
1595 541 1693 596 bac
1720 538 2128 612 compellatione

546 641 804 698 turbatior
828 660 841 696 :
865 641 1094 696 Pcenitet
1131 654 1246 701 me,
1290 636 1491 709 inquit,
1540 647 1814 706 tant0pere
1838 636 2130 691 affirmasse

544 747 727 792 contra
757 735 1098 807 Trygetium,
1125 735 1338 790 beatam
1367 734 1525 788 vitam
1558 732 1609 788 in
1638 734 1874 787 veritatis
1905 728 2125 800 inquisi-

544 832 690 886 tione
712 830 1024 887 consistere.
1055 828 1187 884 Nam
1222 845 1307 884 me
1342 829 1441 883 ista
1468 826 1692 900 quaastio
1720 826 1787 880 ita
1818 824 2124 896 perturbat,

545 935 599 981 ut
628 926 710 980 vix
744 940 846 979 non
869 925 1033 981 miser
1050 925 1171 987 sim,
1205 923 1292 995 qui
1325 929 1471 979 certe
1496 922 1645 976 vobis
1671 962 1685 983 ,
1718 920 1762 974 si
1789 919 1912 989 quid
1941 917 2130 972 huma-

545 1018 726 1075 nitatis
758 1019 940 1090 geritis
960 1061 975 1086 ,
1009 1018 1195 1074 videor
1230 1016 1582 1072 miserandus.
1615 1015 1721 1071 Sed
1755 1013 1876 1083 quid
1907 1029 1990 1067 me
2018 1013 2131 1082 ipse

541 1112 755 1181 ineptus
781 1111 1002 1166 crucia?
1028 1120 1121 1167 aut
1162 1111 1285 1182 quid
1313 1110 1575 1165 exhrirreo
1606 1118 1750 1163 tanta
1776 1122 1950 1162 cause
1973 1106 2128 1162 boni-

542 1216 655 1263 tate
676 1206 969 1263 subnixus?
997 1206 1225 1261 Prorsus
1254 1221 1357 1260 non
1387 1204 1573 1260 cedam
1614 1203 1711 1256 nisi
1747 1201 1978 1254 veritati.
2010 1200 2131 1255 Pla-

539 1309 771 1363 ceutue,
814 1301 1027 1371 inquam
1052 1343 1067 1366 ,
1114 1300 1205 1355 tibi.
1253 1299 1372 1353 novi
1410 1295 1751 1351 Academici?
1794 1294 2126 1361 Plurimum,

539 1393 726 1463 inquit.
755 1393 896 1465 Ergo
917 1409 1096 1447 verum
1119 1392 1364 1447 videntur
1385 1391 1478 1445 tibi
1499 1388 1716 1445 dicere?
1735 1387 1870 1442 Tum
1899 1387 1986 1441 ille
2005 1402 2125 1441 cum

538 1489 642 1557 iam
672 1495 813 1541 esset
834 1499 1171 1541 assensorus.
1197 1485 1458 1538 arrisione
1486 1482 1659 1554 Alypii
1688 1480 1894 1534 cautior
1920 1479 2089 1532 factus
2108 1519 2125 1545 ,

539 1576 695 1654 lues-it
717 1578 1062 1648 aliquantum.
1105 1577 1170 1631 Et
1205 1576 1396 1631 deinde
1424 1595 1436 1630 :
1462 1575 1662 1642 Repete
1688 1614 1700 1636 ,
1737 1573 1936 1640 inquit,
1969 1586 2126 1639 roga-

542 1672 853 1727 tiunculam.
902 1670 1194 1731 Verumue,
1243 1670 1453 1739 inquam
1481 1711 1494 1725 .
1523 1667 1614 1721 tibi
1648 1666 1897 1721 videntur
1928 1663 2129 1718 Acade-

546 1764 671 1820 mici
706 1763 925 1818 dicere?
959 1763 1022 1817 Et
1059 1778 1269 1816 rursum
1301 1776 1420 1814 cum
1448 1760 1537 1814 ditt
1577 1758 1865 1814 tacuisset:
1896 1755 2085 1812 Utrum
2108 1797 2123 1821 ,

542 1855 636 1919 ait,
668 1870 846 1910 verum
874 1854 981 1910 sit.
1025 1853 1237 1909 nescio:
1263 1851 1536 1922 probabile
1574 1860 1655 1902 est
1704 1858 1899 1904 tamen.
1947 1845 2128 1915 Neque

545 1965 689 2004 enim
733 1949 852 2018 plus
895 1947 1049 2001 video
1095 1946 1235 2017 quod
1280 1960 1493 2013 sequar.
1537 1941 1852 2006 Probabile,
1880 1942 2124 2009 inquam,

544 2044 718 2097 scisne
740 2040 808 2095 ab
836 2040 964 2109 ipsis
988 2039 1149 2093 eziam
1174 2036 1461 2093 verisimile
1490 2033 1791 2088 nominari?
1814 2032 1908 2095 ita,
1935 2031 2124 2101 inquit,

542 2135 769 2190 videtur.
800 2133 957 2206 Rogo,
990 2133 1226 2203 inquam,
1251 2128 1555 2186 verisimilis
1585 2138 1661 2183 εει
1690 2126 2126 2181 Academicorum

542 2227 820 2283 sententia.
855 2227 925 2281 Ita
947 2268 962 2289 ,
1002 2224 1189 2295 inquit.
1216 2223 1330 2276 .lam
1369 2236 1553 2292 quaeso
1593 2219 1807 2273 attende
1828 2261 1842 2283 ,
1871 2219 2085 2288 inquam
2108 2258 2124 2281 ,

541 2319 860 2390 diligentius.
916 2317 971 2374 Si
1012 2317 1290 2388 quisquam
1346 2314 1563 2369 fratrem
1619 2322 1764 2366 tuum
1813 2313 1981 2365 vismn
2039 2326 2129 2380 pa-

543 2414 639 2469 tris
664 2414 735 2467 tui
768 2413 994 2468 similem
1024 2426 1143 2466 esse
1168 2408 1419 2471 afﬁrmet,
1446 2410 1720 2478 ipsumque
1750 2417 1893 2461 tuum
1924 2416 2126 2476 patrem

542 2521 648 2560 non
678 2504 918 2567 noverit;
950 2518 1125 2557 nonne
1154 2502 1245 2555 tihi
1278 2502 1515 2564 insanus,
1550 2508 1640 2554 aut
1682 2500 1889 2569 ineptus
1930 2499 2131 2553 videbi-

542 2598 661 2652 tur?
692 2597 755 2652 Et
785 2595 868 2651 hic
901 2594 990 2651 diu
1023 2594 1204 2649 tacuit.
1234 2593 1369 2649 Tum
1395 2594 1508 2659 ait,
1540 2592 1657 2647 Non
1688 2592 1816 2647 mibi
1851 2594 1950 2647 hoc
1979 2592 2128 2646 vide-

546 2697 634 2743 tur
653 2687 960 2743 absurdum.

616 2780 699 2836 t7.
732 2780 826 2835 Cui
857 2797 956 2851 ego
979 2796 1099 2836 cum
1124 2779 1449 2852 respondere
1473 2778 1753 2848 cmpissem
1780 2795 1795 2843 ;
1826 2778 2085 2847 Exspecta
2108 2818 2123 2841 ,

539 2876 727 2947 inquit,
754 2891 957 2945 qttarsn,
992 2874 1279 2945 paululum.
1312 2875 1386 2928 Ae
1413 2882 1531 2942 post
1552 2871 1811 2938 arridens,
1851 2872 1941 2923 Dic
1967 2869 2125 2937 mihi,

538 2970 629 3029 ait,
658 2984 755 3023 oro
784 2983 854 3032 te,
879 2969 1058 3037 jaume
1083 2977 1262 3025 certus
1282 2983 1340 3021 es
1360 2966 1426 3021 de
1447 2965 1663 3020 victoria
1694 2965 1819 3019 tua?
1847 2964 1981 3018 Tum
2006 2978 2125 3033 ego:

539 3059 645 3116 Fac
672 3077 756 3117 me
776 3103 789 3128 ,
834 3062 1081 3130 inquam,
1128 3070 1332 3114 certum
1365 3074 1485 3113 esse
1518 3075 1532 3112 :
1564 3073 1668 3111 non
1714 3058 1833 3111 ideo
1860 3067 2032 3110 tamen
2075 3065 2127 3110 ιιι

540 3167 752 3206 causam
786 3163 927 3206 tuam
948 3150 1112 3205 debes
1137 3151 1419 3212 deserere,
1448 3150 1738 3217 praesertim
1762 3165 1879 3202 cum
1914 3148 2127 3204 lnocin-

541 3252 625 3298 tcr
650 3259 745 3296 nos
774 3242 1060 3311 dis'pulalio
1081 3254 1322 3311 suscepta
1355 3241 1422 3295 sit
1450 3241 1731 3295 exercendi
1762 3241 1829 3293 tui
1860 3255 2016 3293 causa
2037 3282 2051 3306 ,
2075 3251 2130 3296 et

541 3332 606 3389 ad
660 3333 980 3388 elimandum
1029 3333 1262 3387 auimmn
1311 3332 1657 3403 provocandi.
1708 3331 2125 3402 Numquidnam,

542 3426 746 3495 inquit,
786 3434 877 3480 aut
908 3426 1253 3481 Academicos
1287 3426 1421 3496 legi,
1467 3436 1558 3480 aut
1585 3435 1658 3479 tot
1682 3426 1974 3494 discit-linis
2005 3443 2129 3480 eru-

542 3516 684 3573 ditus
709 3533 857 3581 smn,
886 3516 1076 3588 quibus
1102 3526 1154 3571 tu
1176 3516 1240 3570 ad
1269 3532 1351 3570 me
1375 3519 1657 3570 instructus
1680 3515 1974 3571 adventus?
1996 3520 2129 3571 Aea-

542 3607 811 3668 demicos,
860 3609 1103 3675 inquam,
1150 3625 1249 3663 nec
1295 3609 1365 3663 illi
1396 3609 1628 3678 legerant
1662 3626 1688 3662 a
1731 3610 1921 3678 quibus
1961 3611 2130 3681 primo

542 3702 805 3757 sententia
834 3702 930 3756 ista
960 3701 1174 3756 defensa
1203 3712 1303 3757 est.
1339 3701 1581 3757 Eruditio
1609 3713 1785 3757 autem
1818 3704 1850 3757 d
1875 3704 2130 3774 sc'qilina-

542 3809 769 3863 rumque
792 3794 943 3862 copia
965 3795 1008 3850 si
1039 3804 1088 3849 te
1109 3794 1322 3855 ili-ficit,
1353 3812 1455 3849 non
1485 3812 1649 3866 usque
1675 3796 1810 3851 adeo
1839 3806 2010 3852 tamen
2046 3798 2129 3852 in-

542 3889 753 3957 genium
786 3898 931 3941 tuum
979 3903 1097 3942 esse
1126 3887 1287 3943 debet
1335 3888 1622 3943 invalidum
1649 3933 1664 3955 ,
1714 3900 1769 3943 ut
1820 3892 1964 3947 nullo
1994 3893 2130 3948 facto

542 3980 745 4050 impettl
777 3980 1106 4049 paucissimis
1137 3982 1311 4036 verbis
1342 3984 1475 4038 meis
1512 3985 1977 4056 rogationilmsque
2006 4003 2128 4041 suc-

541 4071 781 4126 cumhas.
826 4071 954 4126 Illud
1001 4072 1140 4127 enim
1181 4072 1290 4143 jam
1341 4075 1507 4128 vereri
1540 4076 1713 4143 (πατρὶ,
1742 4092 1807 4132 ne
1837 4078 1928 4131 tibi
1977 4079 2130 4134 citius

540 4180 699 4236 quam
731 4165 852 4219 volo
890 4165 1142 4220 succedat
1170 4166 1392 4238 Alypius
1412 4210 1426 4234 ,
1456 4184 1561 4237 quo
1592 4168 1900 4224 adversario
1927 4186 2029 4225 non
2059 4173 2129 4226 ita

540 4272 763 4314 seetu'us
792 4256 1163 4313 deambulabu.
1206 4242 1344 4329 Ergo
1376 4260 1605 4323 minam,
1636 4261 1805 4331 inquit
1852 4262 1969 4327 ille,
2018 4264 2127 4333 jam

538 4354 740 4418 vincar,
773 4361 829 4407 ut
854 4351 1138 4421 aliquando
1166 4368 1260 4404 vos
1286 4353 1493 4406 audiam
1530 4353 1874 4410 disserentes.
1904 4366 1957 4409 et
1986 4356 2126 4421 ιμιιιά

540 4446 658 4517 plus
684 4455 799 4512 est,
840 4446 1086 4506 videam;
1135 4461 1243 4515 quo
1273 4444 1398 4499 mihi
1441 4439 1747 4515 spectaculo
1779 4448 1905 4501 nihil
1952 4456 2131 4518 potest

539 4539 745 4596 felicius
768 4539 1029 4595 exhiberi.
1061 4537 1190 4592 Nam
1213 4539 1460 4609 quoniam
1492 4539 1539 4608 pl
1552 4538 1688 4592 .tcuit
1713 4538 1861 4606 vobis
1892 4539 1985 4593 ista
2014 4540 2131 4594 luu-

540 4630 697 4696 dere,
725 4632 897 4699 potius
936 4646 1092 4701 quam
1130 4628 1438 4694 effundere;
1469 4629 1728 4700 siquidem
1756 4646 1848 4685 ore
1881 4647 2125 4698 prorum-

542 4724 719 4793 pontia
758 4724 880 4776 stilo
907 4723 1182 4792 exeipitis,
1218 4738 1314 4776 nec
1348 4723 1397 4776 in
1430 4731 1655 4786 terram,
1691 4733 1744 4777 nt
1773 4724 2001 4788 dicitur,
2036 4740 2126 4779 ea-

544 4813 672 4868 dero
698 4813 902 4877 sinitis;
954 4813 1132 4882 legere
1178 4814 1336 4867 etiam
1384 4830 1479 4868 Vos
1525 4813 1899 4869 Ιὶ‹·ρ1)ἰι¹;ειιι1
1950 4816 2130 4869 nescio

543 4903 845 4974 quomodo,
894 4918 1013 4957 cum
1040 4903 1391 4958 admoventur
1418 4905 1587 4959 oculis
1637 4906 1793 4960 iidem
1845 4907 1943 4975 ipsi
1994 4924 2129 4976 (ltlttS

544 4995 684 5050 inter
708 5008 887 5048 sermo
915 4994 1207 5056 caeditur”;
1241 4995 1374 5049 bona
1402 4997 1689 5063 dis;:utatio
1719 4997 1762 5052 si
1794 5013 1896 5052 non
1927 4998 2124 5065 utilius,

545 5098 601 5143 at
625 5098 768 5143 certe
798 5087 966 5142 hctius
998 5088 1263 5158 perfundit
1296 5091 1550 5143 animum.

618 5183 707 5239 t8.
737 5182 953 5237 Gratum
983 5182 1238 5239 habemus
1259 5227 1272 5250 ,
1308 5185 1520 5254 inquam
1555 5203 1567 5237 :
1601 5183 1692 5238 sed
1725 5186 1998 5253 repentina
2030 5187 2129 5241 ista

545 5275 733 5346 gaudia
762 5283 846 5329 tua
897 5284 1097 5331 temere
1126 5275 1269 5330 illam
1298 5277 1615 5330 sententiam
1664 5277 1892 5330 evadere
1939 5292 2128 5347 coege—

545 5377 701 5429 runt,
733 5383 833 5439 qua
874 5366 1051 5425 dixis‘ti
1073 5412 1087 5433 ,
1121 5370 1321 5424 nullum
1363 5369 1454 5422 tibi
1498 5370 1856 5436 Spectaculnm
1885 5368 2130 5425 exhiberi

546 5476 702 5531 poSs'c
729 5460 951 5517 felicius.
981 5460 1116 5528 Quid
1144 5461 1189 5515 si
1221 5460 1359 5514 enim
1393 5459 1537 5512 illum
1571 5470 1773 5527 patrem
1803 5468 1949 5512 tuum
1982 5501 1995 5523 ,
2028 5476 2132 5530 quo

547 5556 784 5626 profectu
813 5571 971 5611 nemo
999 5554 1383 5625 philosophiam
1430 5560 1511 5607 est
1541 5563 1655 5620 post
1683 5561 1786 5605 tam
1816 5552 2023 5623 longam
2063 5556 2135 5610 si-

611 5674 628 5737 !
656 5671 845 5737 Aliquot
868 5678 995 5730 Mss,
1023 5667 1349 5737 robisjirebil.

609 5734 632 5766 ²
655 5727 759 5783 Am:
779 5739 855 5783 Er.
885 5740 935 5782 et
958 5727 1087 5792 nova,
1102 5732 1277 5784 editur.
1300 5731 1391 5796 sed
1409 5727 1676 5796 \tss.,nullo
1696 5727 1803 5780 fere
1822 5734 2137 5796 exceptum:-

546 5796 697 5855 bent,
720 5797 943 5850 rwduur.
970 5798 1206 5859 haetiam
1246 5795 1354 5859 Had.
1398 5793 1585 5843 rhrasis
1604 5805 1634 5859 a
1654 5795 1882 5859 Terentio
1910 5793 2137 5859 usurpata

551 5866 631 5908 est.
653 5859 701 5906 in
725 5865 892 5908 Heaut.
919 5865 1008 5909 act.
1035 5856 1082 5916 Ξ,
1108 5871 1240 5907 scen.
1266 5858 1297 5907 5
1323 5871 1334 5906 :
1367 5875 1389 5902 ιι
1412 5864 1587 5906 verum
1610 5856 1799 5905 interea
1819 5857 1933 5906 dum
1955 5856 2137 5909 sermo-

550 5932 645 5970 IICS
664 5918 932 5968 cadbnus.»

1549 421 1820 482 comm
1860 417 2316 486 acsnemcos.
2359 421 2415 479 s.
2454 424 2821 487 AUGUSTINI
3235 453 3249 464 ο
3650 441 3732 506 m

2240 537 2334 591 tim
2378 540 2660 598 Izausturus
2700 546 3005 612 ardentius,
3039 547 3303 606 nobiscum
3343 550 3436 607 ista
3464 567 3735 625 qttterentem

2236 646 2298 685 ac
2326 632 2673 690 disserentem
2716 638 2953 706 videbis;
2985 657 3105 697 cum
3148 660 3244 715 ego
3285 662 3366 702 me
3402 648 3736 713 fortunatiorem

2237 725 2504 799 nunquam
2545 730 2778 800 putabo,
2823 734 2951 804 quid
2995 745 3046 791 te
3086 738 3291 794 tandem
3320 744 3500 799 sentire
3523 760 3578 801 ac
3600 749 3740 807 dicere

2236 824 2526 878 convenit?
2556 825 2651 881 llic
2678 841 2803 881 vero
2829 828 2917 883 ille
2945 829 3267 900 aliquantmn
3288 832 3588 907 lacrymavit,
3606 851 3652 896 et
3675 844 3740 899 ulti

2235 915 2378 985 loqui
2412 920 2611 987 potuit,
2659 932 2901 989 porrecta
2953 939 3109 978 manu
3151 927 3339 981 calum
3382 929 3743 998 suspiciensziit

2237 1010 2447 1079 quando
2475 1026 2608 1082 ego,
2642 1013 2846 1082 inquit,
2880 1014 3052 1081 Deus,
3083 1014 3182 1071 hoc
3213 1016 3430 1073 videbo?
3454 1020 3536 1075 sed
3559 1024 3743 1083 nihilost

2236 1102 2302 1155 de
2343 1110 2394 1158 te
2431 1103 2848 1174 deSperandum.
2904 1106 2999 1161 Hic
3023 1122 3143 1162 eum
3174 1124 3307 1178 pene
3330 1126 3504 1166 omnes
3527 1113 3585 1168 ab
3608 1117 3741 1175 inten-

2237 1196 2380 1251 tione
2413 1196 2787 1267 disputationis
2829 1200 3027 1254 remitti
3059 1201 3109 1253 in
3143 1201 3397 1272 Iarrymas
3423 1205 3741 1272 coepisseutus,

2236 1289 2511 1347 ()blttt'lalls
2539 1307 2748 1347 mecum
2769 1334 2785 1357 ,
2815 1303 2869 1348 et
2898 1293 2980 1346 vis
3011 1308 3097 1349 me
3140 1295 3423 1365 colligens:
3451 1298 3550 1367 Age
3580 1300 3741 1369 potius,

2235 1381 2470 1452 inquam,
2498 1396 2550 1439 et
2573 1384 2622 1438 in
2647 1388 2785 1440 vires
2814 1398 2929 1439 tuas
2945 1386 3085 1448 redi;
3109 1402 3241 1457 quas
3265 1396 3320 1441 ut
3338 1403 3622 1459 congereres
3642 1394 3745 1449 unde

2236 1474 2375 1527 unde
2404 1489 2616 1543 posses.
2647 1488 2899 1545 patronus
2928 1475 3233 1544 Academia:
3261 1480 3484 1543 futurus,
3510 1479 3639 1549 longe
3654 1494 3745 1538 ante

2234 1581 2543 1621 monueram
2577 1586 2590 1621 :
2625 1583 2729 1623 non
2760 1571 2952 1637 opinor
2976 1570 3094 1624 ideo
3121 1578 3178 1624 ut
3205 1569 3362 1625 modo
3386 1581 3494 1625 ante
3519 1573 3745 1629 tubamtre-

2235 1675 2345 1712 mor
2372 1671 2577 1731 occupet
2608 1671 2748 1716 artus
2774 1659 3010 1734 (/Eneid.
3036 1661 3122 1716 lib.
3154 1662 3244 1726 il,
3280 1677 3333 1715 ν.
3364 1663 3515 1733 ιιως
3538 1676 3614 1719 aut
3635 1666 3747 1721 utvi-

2234 1750 2413 1804 Sendte
2437 1751 2627 1805 aliena:
2660 1768 2846 1821 pugna:
2875 1752 3165 1820 desiderio,
3195 1763 3300 1809 tam
3322 1756 3422 1809 cito
3447 1765 3493 1811 te
3514 1776 3525 1804 ι
3544 1765 3748 1828 plcsesse

2233 1842 2519 1911 captivum.
2549 1844 2643 1897 llic
2668 1844 2969 1916 Trygetius,
2998 1847 3085 1899 ubi
3114 1848 3245 1901 satis
3271 1849 3483 1903 attendit
3505 1852 3598 1920 jam
3618 1855 3749 1908 vultus

2234 1946 2447 1991 nostros
2489 1946 2764 1992 serenatos
2792 1958 2805 1993 :
2837 1938 3030 2006 Quidni
3076 1940 3178 1997 istc
3207 1943 3600 2021 optet,’iuquit,
3632 1945 3749 2000 homo

2236 2037 2339 2083 tam
2365 2038 2614 2094 sanctus,
2662 2039 2719 2085 ut
2766 2029 2866 2085 hoc
2913 2031 2962 2087 ei
2993 2032 3282 2089 Deusante
3307 2044 3420 2088 vota
3463 2037 3749 2091 concesserit?

2233 2117 2403 2174 Crede
2437 2120 2548 2191 jam
2573 2163 2589 2187 ,
2632 2120 2866 2184 Liecoti;
2914 2139 3034 2177 nam
3065 2125 3157 2195 qui
3204 2141 3308 2179 non
3337 2125 3527 2181 invenis
3547 2126 3651 2197 qttid
3684 2142 3747 2183 re-

2234 2215 2530 2285 spondeas,
2580 2225 2635 2271 et
2683 2215 2858 2270 adhuc
2896 2227 2953 2270 ιιι
3001 2216 3221 2273 vincare
3246 2229 3428 2289 optas,
3470 2234 3621 2290 parva:
3661 2220 3745 2273 fidei

2235 2308 2364 2363 mihi
2411 2309 2625 2364 videris.
2672 2310 2987 2365 Arrisimus.
3033 2311 3171 2366 Tum
3222 2311 3483 2368 Licentius
3519 2331 3532 2366 :
3569 2311 3746 2384 Loquere

2236 2399 2452 2459 beatus.
2499 2400 2700 2470 inquit,
2756 2417 2866 2456 non
2911 2403 3236 2458 inveniendo
3262 2420 3470 2469 verum,
3508 2404 3744 2469 sedcettc,

2234 2507 2338 2544 non
2366 2492 2672 2561 quaerendo.

2310 2586 2394 2639 i9.
2422 2587 2533 2654 Qua
2568 2586 2835 2643 hilaritate
2874 2588 3397 2645 adulescentulorum
3424 2605 3534 2646 cum
3570 2603 3747 2645 essemus

2234 2676 2497 2739 lzetiorcs;
2527 2679 2760 2733 Attende
2782 2722 2797 2744 ,
2832 2680 3045 2747 inquam
3066 2721 3085 2747 ,
3134 2681 3458 2751 rogationem
3479 2724 3494 2747 ,
3518 2690 3567 2737 et
3588 2682 3628 2736 in
3647 2681 3746 2735 tiam

2235 2768 2347 2822 redi
2379 2768 2584 2824 firmior
2611 2780 2664 2824 et
2692 2773 2980 2834 valentior,
3009 2771 3053 2826 si
3082 2768 3259 2838 potes.
3291 2773 3366 2827 Eu
3392 2770 3577 2836 adsunt,
3604 2772 3743 2841 inquit,

2234 2869 2493 2928 quantum
2527 2877 2764 2932 possum.
2793 2864 2929 2930 Quid
2956 2864 3101 2918 enim
3131 2870 3179 2918 si
3222 2865 3312 2921 ille
3342 2865 3507 2920 fratris
3537 2865 3622 2920 mei
3645 2864 3746 2918 tisor

2234 2949 2371 3004 fnum
2412 2964 2741 3021 cnmpertmu
2793 2954 2981 3009 habeat
3024 2971 3152 3009 cum
3199 2971 3321 3012 esse
3365 2958 3564 3011 similem
3602 2958 3745 3026 tuti-is,

2237 3054 2409 3115 potest
2431 3046 2646 3101 insanus
2674 3057 2763 3100 aut
2785 3048 2996 3117 int-plus
3022 3064 3147 3103 esse
3170 3090 3187 3117 ,
3216 3050 3261 3104 si
3301 3049 3490 3106 credit?
3509 3050 3746 3114 Stultusne,

2235 3139 2485 3208 inquam,
2530 3142 2717 3195 saltem
2761 3141 2862 3194 diei
2906 3142 3122 3210 potest?
3155 3141 3276 3199 Non
3305 3144 3555 3208 continuo,
3580 3139 3740 3210 inquit,

2235 3231 2336 3285 nisi
2367 3246 2425 3283 se
2474 3231 2523 3285 id
2554 3231 2692 3285 scire
2718 3232 3073 3287 contenderit.
3119 3233 3260 3289 Nam
3291 3236 3335 3289 si
3366 3244 3418 3289 ut
3446 3232 3657 3304 probabile
3674 3244 3743 3285 se-

2235 3327 2415 3395 quitur
2442 3326 2583 3395 quod
2614 3328 2801 3381 crebra
2831 3329 2964 3382 fama
3010 3329 3268 3398 iactavit,
3305 3331 3488 3384 nullius
3509 3324 3750 3383 temeritatis

2235 3419 2383 3483 argui
2413 3429 2600 3488 potest.
2638 3419 2772 3473 Tum
2800 3436 2901 3491 ego
2934 3440 2946 3475 :
2985 3423 3113 3475 Rem
3166 3424 3336 3492 ipsam
3367 3422 3600 3493 paulisper
3618 3417 3752 3471 mttsi-

2237 3510 2513 3575 daremus,
2546 3520 2600 3565 et
2624 3512 2774 3581 quasi
2794 3522 2915 3567 ante
2940 3513 3125 3567 oculos
3161 3517 3544 3569 constituamus.
3572 3510 3681 3566 Ecce
3695 3509 3755 3562 iac

2238 3600 2384 3656 illum
2418 3604 2598 3681 Ιιελοίι)
2620 3619 2779 3674 quem
2811 3604 3081 3659 hominem
3112 3623 3277 3676 quem
3299 3606 3642 3665 describimus,
3666 3614 3754 3654 esse

2238 3705 2554 3763 praesentem
2590 3713 2604 3749 :
2636 3696 2850 3751 advenit
2894 3698 3144 3755 alicunde
3188 3698 3355 3756 frater
3382 3711 3528 3757 tuus:
3555 3697 3614 3751 ibi
3648 3695 3752 3749 islei

2237 3786 2397 3855 Cujus
2427 3787 2514 3844 hic
2553 3805 2682 3858 puer
2727 3790 2902 3845 filim?
2940 3791 3321 3861 Respondetur
3357 3810 3371 3846 :
3410 3790 3656 3862 Cuiusdam
3681 3788 3756 3841 llo-

2236 3880 2488 3933 maniaui.
2515 3882 2582 3935 At
2610 3881 2696 3936 hic
2720 3900 2732 3933 :
2763 3885 2931 3950 Quam
2964 3884 3097 3953 patri
3121 3885 3316 3940 similis
3331 3886 3443 3941 est!
3472 3900 3608 3955 quam
3628 3880 3756 3935 adma

2238 3972 2339 4026 hoc
2368 3988 2474 4027 non
2522 3983 2724 4030 temere
2771 3976 2907 4029 fama
2958 3975 3259 4033 detulerat!
3308 3979 3402 4033 llic
3434 3987 3517 4041 tu,
3567 3976 3635 4030 vri
3671 3972 3756 4041 quis

2236 4065 2372 4118 alius
2403 4084 2415 4117 :
2444 4064 2591 4119 Nosti
2622 4069 2766 4120 enim
2802 4067 3194 4123 ltomanianmn
3220 4110 3237 4137 ,
3288 4070 3423 4124 bone
3465 4066 3637 4123 homo?
3674 4063 3757 4119 Non

2236 4158 2390 4223 novi,
2422 4158 2589 4228 inquit
2623 4175 2635 4211 :
2672 4169 2853 4214 tamen
2885 4161 3076 4216 similis
3103 4161 3224 4229 ejus
3252 4163 3380 4217 mihi
3409 4162 3616 4216 videtur.
3642 4158 3757 4213 Pote-

2239 4248 2377 4302 ritne
2406 4249 2682 4318 quisquam
2729 4251 2895 4304 rismu
2928 4251 3155 4307 tenere?
3198 4252 3356 4308 Nullo
3404 4252 3577 4317 modo,
3617 4247 3757 4318 inquit.

2238 4337 2409 4409 Ergo,
2443 4339 2655 4408 inquam
2678 4384 2692 4403 ,
2734 4342 2860 4411 quid
2888 4354 3142 4411 sequatur
3168 4346 3340 4402 vides.
3365 4343 3680 4407 Iamdudum,
3705 4339 3760 4393 in-

2237 4433 2389 4501 quit,
2432 4433 2604 4486 video.
2653 4434 2757 4489 Sed
2793 4445 2967 4489 tamen
3016 4437 3176 4492 istam
3208 4440 3587 4494 conclusiOnem
3622 4435 3699 4489 abs
3726 4439 3761 4485 te

2237 4523 2422 4579 audire
2453 4526 2608 4580 volo:
2639 4536 2849 4597 oportet
2878 4528 3021 4583 enim
3066 4529 3214 4586 alere
3260 4531 3501 4601 incipias,
3544 4542 3676 4599 quem
3699 4538 3763 4579 ce-

2238 4617 2379 4685 pisti.
2411 4617 2602 4685 Quidni
2620 4661 2634 4679 .
2685 4620 2899 4689 inquam
2924 4661 2941 4686 ,
2991 4622 3355 4679 concludam?
3381 4623 3489 4695 Ipsa
3516 4636 3591 4677 res
3613 4621 3760 4675 clamat

2238 4708 2485 4764 similiter
2511 4710 2762 4765 ridendos
2778 4726 2898 4766 esse
2925 4713 3278 4769 Academicos
3306 4725 3437 4775 tuos,
3461 4716 3541 4785 qui
3563 4712 3667 4768 sein
3684 4714 3760 4761 vita

2237 4800 2347 4853 veri
2398 4801 2800 4857 similitudinem
2850 4803 3002 4875 sequi
3048 4804 3262 4875 dicunt,
3294 4823 3412 4863 cum
3439 4808 3598 4878 ipsum
3623 4814 3758 4858 venum

2237 4894 2362 4963 quid
2394 4894 2492 4958 sit,
2526 4894 2788 4965 ignorent.

2418 5028 2644 5091 CAPUT
2686 5035 2822 5092 Vill.
2852 5068 2921 5080 —
2938 5036 3355 5095 Academicorum
3375 5036 3623 5094 catillatio.

2308 5170 2400 5227 20.
2458 5171 2593 5226 Tum
2662 5172 2945 5245 Trygetius
2987 5193 3001 5229 :
3043 5174 3226 5246 Longe
3292 5173 3449 5243 mihi,
3489 5168 3661 5241 inquit,
3701 5164 3759 5216 νίε

2238 5264 2400 5320 detur
2440 5264 2714 5323 dissimilis
2767 5267 3209 5322 Academicorum
3272 5267 3444 5322 cautio
3517 5263 3577 5317 ab
3640 5257 3755 5324 huius

2241 5373 2397 5428 quem
2449 5358 2774 5427 descripsisti
2813 5360 3027 5428 ineptia.
3061 5359 3141 5414 llli
3170 5360 3312 5415 enim
3352 5356 3619 5414 rationibus
3642 5361 3754 5406 asse-

2240 5459 2479 5518 quuntur
2497 5450 2636 5520 quod
2663 5449 2844 5505 dicunt
2873 5466 2993 5506 esse
3019 5450 3307 5507 verisimile
3337 5467 3350 5504 :
3379 5451 3474 5503 istc
3494 5455 3648 5502 autem
3672 5442 3755 5494 illeb

2244 5551 2365 5612 plus
2406 5541 2598 5596 fatuam
2630 5551 2846 5598 secutus
2872 5551 2955 5597 est
2975 5585 2991 5609 ,
3037 5543 3187 5614 cujus
3223 5539 3524 5597 auctaritate
3554 5534 3666 5591 nihil
3693 5535 3755 5586 est

2242 5635 2419 5691 vilius.
2447 5635 2607 5704 Quasi
2641 5650 2801 5713 vi-ro,
2851 5637 3095 5708 inquam,
3143 5652 3247 5691 non
3292 5634 3509 5704 ineptior
3528 5637 3678 5692 esset.
3717 5623 3751 5676 εί

2244 5729 2473 5795 diceret,
2509 5730 2715 5787 Patrem
2740 5732 2952 5802 quidem
2978 5733 3095 5803 ejus
3123 5732 3339 5788 minime
3366 5726 3510 5793 novi,
3538 5736 3623 5779 nec
3642 5718 3750 5774 fama

2243 5825 2479 5893 comperi
2501 5841 2658 5895 quam
2688 5826 2760 5883 sit
2785 5827 2975 5883 similis
2997 5828 3175 5899 patris,
3197 5838 3250 5883 et
3278 5825 3399 5883 milti
3421 5833 3575 5880 tamen
3595 5811 3747 5872 similis

2245 5915 2471 5971 videtur.
2512 5914 2746 5989 ineptior
2787 5926 2965 5989 certe,
3006 5921 3189 5992 inquit.
3238 5917 3338 5976 Sed
3375 5924 3597 5989 quorsum
3632 5900 3743 5963 ista?
