3880 6390
94 734 109 843 l

139 536 236 603 (una
259 529 397 592 tales.
431 528 671 599 inquam.
705 534 851 583 sunt.
878 524 965 595 qui
986 523 1188 586 dicunt.
1219 524 1413 579 Verum
1444 524 1657 596 quidem

137 642 216 683 non
239 624 490 683 novimus;
519 622 613 676 sed
637 620 735 675 hoc
774 618 909 691 quod
944 619 1216 683 videmus,
1244 618 1359 686 ejus
1383 618 1522 688 quod
1555 632 1658 672 non

138 717 331 771 ominus
355 713 524 766 simile
548 722 651 767 est.
686 710 975 772 I‘rubabile,
1006 712 1165 780 inquit
1191 752 1204 764 .
1237 709 1309 764 illi
1338 710 1538 763 dicunt.
1563 708 1657 763 Cui

137 826 238 880 ego:
258 806 517 875 Quomodo
565 806 699 861 istuc
737 805 912 860 dicis?
954 807 1033 859 An
1065 818 1227 875 negas
1255 820 1349 858 eus
1372 805 1660 860 verisimile

134 901 304 957 dicere?
334 901 393 955 Et
434 900 522 953 ille
568 899 732 969 inquit
764 919 778 954 :
823 899 933 971 Ego
959 899 1028 954 ob
1064 899 1163 954 hoc
1189 900 1368 956 dicere
1398 900 1571 966 volui,
1604 908 1660 952 ut

135 995 240 1051 illam
261 990 642 1047 similitudinem
662 991 1016 1046 excluderem.
1049 990 1334 1046 \‘idebatnr
1354 992 1494 1045 enim
1528 991 1654 1045 mihi

133 1086 234 1141 fzuna
265 1085 486 1155 improbe
516 1085 730 1141 irruisse
758 1085 810 1139 in
857 1084 1203 1154 qna-stionem
1228 1096 1490 1150 Vestram,
1534 1102 1656 1140 cum

132 1178 372 1238 Academici
400 1196 466 1233 ne
486 1178 655 1232 oculis
673 1178 886 1247 quidem
912 1179 1135 1234 credant
1164 1179 1426 1243 Immanis,
1462 1179 1654 1233 nedum

131 1276 243 1329 latum
268 1272 395 1327 mille
419 1272 652 1340 quidem,
685 1281 744 1326 ιιι
767 1282 937 1344 poetze
969 1275 1193 1341 lingunt,
1220 1272 1311 1325 sed
1341 1271 1656 1325 nmnstrosis

132 1376 261 1421 tanien
296 1362 590 1416 luminibus.
623 1361 750 1417 Nam
788 1363 908 1433 quis
929 1377 1027 1429 ego
1057 1362 1269 1416 tandem
1300 1377 1416 1415 sum
1448 1361 1655 1417 Acade-

128 1461 216 1516 mi.»
235 1456 500 1512 defensor?
529 1459 611 1509 An
642 1457 692 1509 in
723 1457 1019 1525 quastione
1056 1457 1150 1507 ista
1181 1454 1428 1509 invidetis
1456 1455 1655 1509 securi-

128 1557 197 1605 tati
219 1550 362 1606 mem?
389 1551 460 1604 lin
490 1549 656 1604 habes
680 1550 924 1621 Alypium
950 1592 965 1612 ,
997 1547 1148 1617 cujus
1179 1547 1436 1601 adventus
1466 1549 1617 1603 nobis
1636 1589 1652 1612 ,

127 1658 286 1713 quaso,
307 1642 451 1695 ferias
475 1641 705 1705 dederit,
737 1657 895 1713 quem
927 1649 977 1695 te
995 1639 1308 1711 jamdudum
1338 1656 1443 1695 non
1462 1640 1655 1695 frustra

128 1733 356 1791 Ionnidare
381 1733 727 1789 arbitramur.

179 1827 246 1884 2|.
274 1826 552 1882 Tmnfacto
602 1825 849 1887 silentio,
890 1824 1076 1880 ocrdos
1121 1824 1361 1879 amboin
1408 1824 1652 1896 Alypium

132 1923 418 1978 contulerunt.
449 1919 588 1974 Tum
631 1920 718 1975 ille
749 1938 761 1973 :
799 1919 1001 1974 Vellem
1029 1961 1045 1984 ,
1082 1920 1284 1988 inquit,
1315 1918 1529 1988 quidem
1550 1958 1565 1983 ,
1600 1928 1657 1972 ut

134 2029 228 2068 nec
248 2011 370 2066 vires
398 2013 673 2080 patiuntur
695 2052 712 2077 ,
753 2012 1001 2066 auxiliari
1046 2011 1378 2081 aliquatenus
1420 2011 1656 2080 partibus

134 2106 298 2170 rearis,
344 2105 437 2160 nisi
479 2105 610 2159 mibi
654 2120 810 2159 omen
841 2116 1073 2160 vestrum
1107 2105 1294 2158 terrori
1344 2113 1505 2159 esset.
1549 2104 1655 2159 Sed

136 2198 231 2253 hanc
250 2198 587 2264 fimnidinem,
614 2198 666 2251 ni
690 2214 776 2253 me
802 2214 925 2267 spes
943 2198 1204 2261 fefellerit,
1237 2196 1388 2250 facile
1417 2196 1588 2263 fugem
1613 2197 1652 2249 ¹.

139 2288 256 2343 Simul
278 2289 405 2343 enim
450 2289 659 2344 solatur
707 2306 793 2343 me
818 2332 832 2351 ,
864 2289 1002 2358 qnnd
1042 2304 1279 2356 pra~sens
1310 2288 1655 2343 Academicu-

138 2394 220 2434 rum
253 2396 321 2449 op;
343 2392 593 2451 ngaator,
645 2397 781 2435 onus
808 2382 849 2435 Τ
857 2382 1042 2450 rygetii
1077 2381 1196 2434 victi
1230 2397 1364 2450 pene
1392 2382 1615 2436 subierit
1638 2422 1655 2447 ’

137 2482 295 2525 einunc
318 2487 430 2526 eum
473 2474 734 2527 victarem
776 2483 951 2527 vestra
1002 2472 1344 2529 confessione
1386 2473 1657 2542 probabile

141 2572 191 2615 est
229 2562 333 2617 Illud
358 2564 523 2635 magis
548 2580 745 2620 vereor
766 2606 781 2628 ,
816 2582 881 2619 ne
908 2576 962 2620 et
983 2565 1179 2621 deserti
1202 2565 1362 2620 officii
1391 2568 1657 2635 negligent-

141 2652 325 2709 tiam.et
346 2655 505 2709 invasi
561 2656 979 2724 impudentiam,
1023 2657 1259 2711 devitarc
1290 2673 1394 2711 non
1437 2658 1654 2727 possim.

141 2743 217 2799 lion
233 2750 349 2803 enim
370 2765 463 2803 vos
485 2750 685 2804 oblitos
704 2753 887 2815 credo,
914 2751 1107 2821 judicis
1131 2754 1258 2806 mihi
1287 2768 1479 2807 nnmus
1497 2754 1659 2808 fuisse

142 2836 326 2894 tltlat'tm.
355 2842 442 2896 Hic
468 2843 756 2916 Trygetius
789 2862 803 2898 :
839 2844 988 2909 Illud,
1018 2846 1205 2913 inquit,
1226 2846 1363 2918 aliud
1384 2887 1400 2911 ,
1434 2846 1533 2900 hoc
1560 2862 1657 2901 au—

146 2933 342 2987 lemaliad
367 2944 476 3000 est;
509 2952 681 3005 quare
703 2951 1044 3005 qmesumns,
1079 2948 1134 2991 ut
1174 2949 1225 2992 te
1252 2939 1537 3008 aliquando
1570 2955 1660 3008 pa-

144 3021 231 3078 tiare
254 3027 510 3093 privatum.
541 3028 626 3084 Ne
658 3030 924 3084 rennerim
945 3072 961 3097 ,
1008 3031 1115 3095 ait;
1157 3034 1348 3085 nedum
1380 3034 1657 3101 impuden-

144 3113 229 3168 tiam
249 3119 313 3173 vel
337 3121 709 3193 negligentiam
737 3123 902 3178 vitare
930 3123 1115 3190 cupio,
1159 3125 1209 3178 in
1237 3126 1525 3194 superbiae,
1555 3142 1667 3197 quO‘

144 3201 233 3258 vitio
253 3209 360 3265 nihil
388 3224 461 3265 est
497 3214 818 3273 innnmins,
854 3214 1072 3283 laqueus
1116 3214 1375 3281 iacidam,
1405 3217 1449 3271 si
1491 3219 1662 3271 bunu-

144 3312 223 3353 rem
245 3303 347 3357 mihi
372 3321 398 3358 a
426 3308 577 3362 vobis
606 3312 959 3376 concessum,
1002 3309 1200 3363 diutius
1238 3326 1395 3380 quam
1443 3313 1662 3382 permit—

144 3391 222 3444 litis
243 3404 430 3452 mnam.

158 3479 321 3544 CAPUT
355 3489 434 3547 IX.
458 3522 535 3534 —
567 3492 651 3547 De
675 3491 1085 3548 Aradmtirarum
1107 3496 1349 3549 sententia
1372 3497 1500 3551 serio
1520 3496 1663 3551 dein-

599 3602 721 3655 ceps
745 3586 1126 3656 disputandum.

207 3673 276 3729 22.
331 3676 543 3732 Proiw'e
602 3680 763 3732 velim
818 3679 944 3732 nubi
996 3695 1261 3748 expuam,
1314 3679 1452 3736 boue
1506 3697 1665 3737 accn-

147 3776 254 3822 sator
271 3771 689 3827 Academicorum
710 3812 727 3837 ,
759 3772 990 3825 officium
1021 3781 1164 3827 tuum
1192 3789 1206 3832 ;
1237 3772 1287 3826 id
1309 3784 1420 3839 est,
1450 3774 1498 3827 in
1526 3791 1661 3845 quo-

149 3874 228 3915 tum
263 3862 602 3921 defensionem
656 3865 754 3919 bas
806 3880 1099 3935 oppugnes.
1153 3865 1327 3919 Metuo
1364 3868 1540 3931 enim,
1596 3885 1663 3923 ne

148 3952 420 4013 Academicos
454 3958 735 4017 refellens.
771 3957 1143 4012 Academicum
1175 3968 1224 4013 te
1256 3960 1479 4028 probare
1508 3961 1659 4015 vilis.

146 4043 456 4105 Armisatormn
481 4093 496 4118 ,
530 4054 753 4117 inquam
777 4092 791 4114 ,
839 4062 892 4103 ut
920 4050 1143 4121 ttpinnt‘,
1172 4051 1278 4107 duo
1305 4067 1499 4123 genera
1543 4070 1665 4111 esse

143 4135 404 4199 iuuentuti:
432 4161 536 4201 non
555 4146 707 4199 enim
730 4145 774 4199 si
806 4160 835 4198 ιι
867 4144 1126 4200 Cicerone
1163 4147 1553 4202 modestissime
1579 4147 1661 4201 di-

143 4241 243 4287 ctum
262 4247 331 4290 est
352 4278 365 4300 ,
395 4238 463 4293 ita
490 4255 620 4294 eum
645 4237 825 4293 Verris
851 4252 969 4293 esse
994 4249 1355 4294 accusatorem
1376 4282 1391 4304 ,
1427 4251 1482 4294 ut
1512 4240 1664 4296 Sicu-

143 4318 267 4379 lorum
290 4327 523 4385 defensor
552 4340 699 4386 eSset
728 4328 923 4400 (Civem
966 4330 1020 4383 in
1077 4330 1311 4394 Verrem,
1361 4334 1559 4386 actione
1583 4331 1659 4405 1),

145 4428 361 4491 μῦριθιετι
382 4440 597 4481 necesse
624 4433 739 4490 est,
770 4440 889 4480 eum
917 4425 1005 4493 qui
1044 4426 1270 4494 aliquem
1299 4436 1505 4481 accusat
1525 4468 1540 4489 ,
1567 4425 1663 4480 ba-

145 4505 235 4562 ὕειν
253 4513 450 4569 alterum
470 4533 631 4587 quem
662 4515 929 4571 defemlat.
970 4516 1033 4570 Et
1058 4516 1174 4571 ille:
1201 4516 1399 4572 Saltem
1432 4517 1663 4573 babesne

149 4611 188 4655 tu
205 4607 449 4677 quidquam
470 4613 518 4665 in
544 4628 657 4682 quo
687 4612 950 4667 sententia
977 4622 1062 4666 tua
1084 4611 1193 4679 jam
1223 4611 1434 4666 fundata
1462 4612 1660 4667 consti-

148 4694 268 4749 lerit?
292 4698 451 4755 Facile
471 4712 572 4765 est,
603 4704 843 4771 inquam,
878 4702 998 4757 huic
1028 4703 1285 4773 regalium
1314 4704 1658 4774 respondere,

146 4785 520 4860 mibipnesertim
547 4797 633 4850 cui
655 4797 927 4867 repentina
956 4806 1163 4850 nonest
1189 4814 1200 4848 :
1224 4796 1333 4865 jam
1364 4798 1461 4850 huc
1491 4806 1660 4851 totum

148 4887 392 4955 mecumegi
415 4929 431 4947 .
457 4897 503 4944 et
533 4888 623 4943 diu
648 4888 975 4957 multumque
1002 4888 1206 4941 versari
1237 4887 1432 4941 animo.
1466 4887 1663 4955 Quam—

146 4971 285 5030 OIJrcnt
313 4980 450 5046 audi,
479 4983 632 5053 Alypi
654 5022 671 5047 ,
717 4980 856 5051 quod
880 5023 895 5045 ,
927 4989 983 5034 ut
1016 4981 1273 5045 arbitror,
1316 4981 1425 5048 jam
1464 4981 1662 5049 optime

148 5064 258 5121 scis:
284 5085 373 5126 non
396 5089 491 5144 ego
530 5075 687 5129 istam
724 5074 1137 5143 disputationem
1165 5073 1463 5142 disputandi
1491 5074 1661 5143 gratia

149 5168 385 5230 maternam
412 5166 559 5233 volo;
601 5167 733 5222 satis
753 5165 823 5221 sit
849 5167 988 5236 quod
1028 5183 1147 5219 cum
1174 5167 1284 5220 istis
1310 5166 1663 5221 adolescenti-

150 5242 574 5327 ltlspraelusimus,
621 5260 708 5314 ubi
751 5260 979 5316 libenter
1013 5260 1284 5315 nobiscum
1332 5261 1662 5331 philosophia

153 5346 427 5415 llmiiomta
448 5363 551 5408 est.
578 5353 755 5422 Quare
774 5352 1084 5407 :iuferantur
1099 5352 1165 5407 de
1196 5354 1438 5406 manibus
1468 5354 1663 5408 nostris

153 5426 308 5493 fabella
325 5444 554 5510 pueriles.
579 5445 652 5501 De
672 5447 774 5499 vita
806 5453 1008 5508 nostra,
1030 5444 1097 5499 de
1119 5445 1374 5507 moribus,
1398 5446 1463 5499 de
1483 5447 1663 5501 animo

155 5532 221 5578 ηδ
251 5529 429 5601 Igitur;
453 5536 540 5606 qui
576 5550 637 5592 se
671 5545 1041 5605 superaturum
1089 5537 1390 5592 inimicitias
1424 5539 1661 5591 omnium

157 5609 445 5691 uitiatum,
471 5640 523 5684 et
544 5630 762 5685 veritate
776 5630 1159 5700 Comprehensa
1180 5673 1197 5697 ,
1232 5630 1384 5700 quasi
1410 5632 1460 5684 in
1493 5632 1663 5701 regio-

157 5717 249 5765 ιω
271 5727 362 5772 lita:
386 5721 594 5793 originis
635 5723 878 5792 rediens,
909 5724 1355 5794 triumphaturum
1384 5724 1452 5780 de
1484 5724 1662 5781 libidi-

202 5859 500 5930 ubam
516 5876 745 5945 vulgatis,
769 5878 912 5945 facile
927 5879 1127 5949 fugiam.

1420 408 1620 464 LIBER
1656 402 2034 469 SECUNDUS.

3238 413 3346 480 930

1769 527 1921 579 nibus
1947 567 1963 592 ,
1994 538 2152 599 atque
2184 528 2253 583 ita
2291 530 2638 598 temperantia
2668 531 2815 588 velut
2855 534 3080 606 conjuge
3126 545 3340 605 accepta

1765 629 2104 688 regnaturum
2139 637 2257 678 esse
2288 626 2576 693 pra-sumit,
2610 626 2848 681 securior
2871 630 3134 684 rediturus
3161 630 3212 684 in
3240 644 3347 687 cm-

1770 712 1877 766 lnm
1898 713 2036 782 (Lib.
2059 716 2081 769 l
2108 713 2358 778 Re!ruct.,
2391 734 2503 787 cup.
2538 719 2590 778 l.
2617 736 2667 772 ιι.
2697 720 2774 785 5).
2801 720 2957 776 Vides
2981 721 3106 791 quid
3133 722 3348 779 dicam?

1765 804 2035 860 Tullamus
2055 808 2122 862 de
2146 809 2322 863 medio
2339 811 2445 878 jam
2464 821 2651 865 cuneta
2676 813 2805 867 ista:
2829 829 2971 867 arma
2991 815 3098 868 acri
3115 816 3349 886 facienda

1764 898 1869 951 viro
1900 899 1917 968 (
1945 897 2158 954 oneid.
2188 899 2274 953 lib.
2304 901 2357 959 8.
2403 916 2455 954 v.
2494 902 2658 971 504);
2692 919 2791 959 nec
2843 906 3128 978 quidquam
3177 908 3352 963 minus

1764 1006 1977 1061 semper
2005 993 2217 1062 optavi,
2264 1009 2423 1065 quam
2456 996 2595 1050 inter
2617 1011 2744 1060 eos,
2789 998 2879 1068 qni
2919 1015 3096 1054 secum
3126 1005 3350 1057 nmltnm

1763 1083 2040 1147 vixerunt,
2082 1085 2413 1155 nmltnmqne
2440 1087 2775 1142 Si-rmocinati
2806 1098 2948 1155 sunt,
2979 1089 3104 1144 oriri
3129 1091 3347 1162 aliquid,

1763 1175 1907 1229 unde
1958 1192 2126 1230 novus
2155 1178 2308 1247 quasi
2358 1180 2637 1233 cunllietus
2679 1192 2947 1251 exsurgat.
2999 1181 3102 1238 Sed
3137 1194 3350 1252 propter

1762 1264 2109 1326 memoriam,
2143 1280 2263 1333 qua:
2295 1265 2453 1319 infida
2479 1277 2659 1320 custos
2684 1278 2761 1321 est
2792 1269 3206 1339 excogitatarum
3228 1312 3244 1336 ,
3276 1286 3354 1326 re-

1763 1350 1887 1406 ferri
1926 1354 1977 1407 in
2005 1353 2209 1408 litteras
2233 1356 2370 1408 volui
2390 1397 2403 1415 ,
2436 1357 2575 1426 quod
2603 1355 2746 1411 inter
2775 1374 2873 1413 nos
2893 1375 3032 1428 sape
3060 1372 3351 1431 pertracta-

1762 1445 1967 1511 vimns,
1991 1446 2147 1500 simul
2172 1458 2227 1501 nt
2250 1448 2333 1502 lall
2359 1448 2750 1516 adulescentes,
2780 1462 2829 1506 et
2863 1451 2914 1505 in
2946 1450 3056 1508 haec
3078 1455 3353 1513 attendere

1761 1539 2062 1605 discerent,
2090 1551 2142 1596 et
2167 1542 2378 1611 aggredi
2410 1558 2474 1597 ac
2499 1543 2680 1599 subire
2708 1553 2996 1601 tentarent.

1831 1632 1921 1688 25.
1952 1634 2100 1689 Tunc
2133 1652 2261 1707 ergo
2288 1637 2496 1701 nescis,
2541 1637 2672 1692 nihil
2702 1655 2787 1693 me
2809 1649 3012 1694 certum
3045 1641 3219 1697 adlmc
3255 1642 3353 1698 ba-

1760 1725 1887 1781 bere
1917 1728 2056 1798 quod
2087 1730 2309 1783 sentiam
2340 1729 2442 1801 ((ι),
2473 1731 2564 1784 sed
2588 1730 2653 1785 ab
2683 1746 2747 1785 eo
2770 1732 3055 1802 qna'rendo
3078 1734 3356 1791 Academi-

1760 1833 1943 1873 corum
1998 1825 2325 1889 argumentis
2371 1834 2530 1894 atque
2568 1824 3014 1893 disputationibus
3069 1827 3355 1897 impediri?

1760 1909 1952 1965 Nescio
1981 1913 2121 1965 enim
2165 1914 2434 1984 qumnodn
2480 1913 2720 1970 fecerunt
2752 1914 2804 1971 in
2854 1916 3034 1971 animo
3073 1920 3356 1988 quannlam

1764 2003 2182 2072 probabilitatem
2212 2006 2291 2074 (ιιι
2318 2005 2383 2059 ab
2406 2020 2588 2059 eormn
2617 2006 2781 2061 verbo
2809 2007 3040 2061 tiondum
3065 2011 3355 2083 ri‘rcedam),

1761 2095 1899 2165 quod
1933 2096 2092 2150 Imno
2114 2112 2296 2151 Veram
2330 2098 2567 2153 invenire
2590 2116 2694 2153 non
2721 2101 2884 2169 possit
2914 2120 2926 2154 :
2961 2103 3100 2157 nnde
3124 2105 3274 2176 piger
3300 2115 3358 2162 et

1763 2206 1981 2260 prorsus
2010 2191 2190 2259 segnis
2216 2190 2433 2245 effectus
2463 2208 2609 2247 eram
2636 2234 2649 2254 ,
2684 2208 2780 2246 nec
2807 2210 3045 2262 quievere
3070 2196 3353 2267 audebam,

1762 2281 1900 2351 quod
1931 2282 2251 2337 aeutissnnis
2279 2297 2342 2337 ac
2369 2282 2693 2337 ditt'll\SlIIllS
2722 2284 2850 2339 viris
2879 2285 3116 2340 invenire
3155 2303 3257 2341 non
3288 2288 3354 2343 li-

1761 2374 1890 2427 euit.
1924 2374 2030 2428 Nisi
2059 2391 2186 2442 ergo
2215 2375 2359 2445 prius
2382 2385 2485 2430 tam
2513 2376 2640 2430 mihi
2659 2392 3168 2445 persuasermerum
3202 2396 3356 2450 posse

1765 2466 2018 2531 inveniri,
2061 2482 2217 2536 quam
2246 2468 2343 2521 sibi
2374 2468 2444 2523 illi
2476 2484 2583 2522 nutt
2615 2484 2770 2538 posse
2801 2483 3170 2540 persuaserunt
3199 2489 3215 2537 ;
3249 2488 3354 2529 non

1763 2557 1969 2612 audebo
2014 2575 2287 2625 quiem-re,
2331 2575 2428 2615 nec
2461 2560 2629 2614 habeo
2657 2561 2852 2632 aliquid
2884 2562 3024 2633 quod
3055 2563 3353 2620 defendam.

1766 2647 1946 2718 Itaque
1978 2650 2129 2703 istam
2186 2651 2655 2722 interrogationem
2699 2667 2946 2719 remove,
2977 2655 3019 2709 si
3069 2656 3234 2723 plaeet
3262 2698 3275 2721 ,
3303 2664 3357 2712 et

1765 2742 1944 2812 potius
1970 2742 2319 2796 discutiamus
2350 2744 2491 2799 inter
2519 2761 2646 2812 nos,
2687 2760 2844 2815 quam
2872 2746 3130 2817 sagaciter
3167 2764 3357 2819 pussu-

1766 2849 1915 2895 mus.
1950 2847 2253 2888 utrumnam
2284 2836 2452 2907 possit
2480 2851 2663 2890 verum
2706 2837 2954 2893 inveniri.
2987 2838 3050 2892 Et
3081 2856 3175 2910 pro
3212 2850 3358 2910 parte
3398 2858 3401 2859 '

1765 2941 1881 2980 mea
1912 2925 2094 2980 videor
2115 2928 2241 2981 mihi
2277 2929 2469 2982 habere
2487 2929 2596 2996 jam
2634 2929 2816 2992 multa,
2848 2930 3039 3000 quibus
3061 2941 3243 2987 contra
3274 2948 3357 2987 ra-

1767 3016 1964 3072 tionem
1993 3019 2051 3072 Αι
2069 3010 2428 3075 ademirortnn
2476 3022 2566 3075 niti
2598 3022 2789 3076 molior
2817 3040 2830 3077 :
2864 3023 3002 3077 inter
3028 3040 3163 3095 quos
3191 3035 3243 3079 et
3271 3043 3357 3092 me

1767 3111 1926 3165 modo
1954 3111 2161 3165 interim
2186 3112 2315 3166 nihil
2343 3112 2535 3175 distat,
2566 3112 2663 3166 nisi
2685 3113 2825 3182 quod
2854 3113 2960 3168 illis
2985 3115 3257 3185 probabile
3280 3117 3358 3172 vi-

1767 3217 1883 3257 Sttttt
1923 3213 2038 3270 est,
2069 3221 2172 3257 non
2203 3220 2357 3274 posse
2389 3205 2610 3259 inveniri
2655 3206 2932 3261 veritatem
2958 3225 2973 3268 ;
3005 3207 3132 3262 mihi
3179 3217 3359 3265 autem

1768 3295 1994 3351 inveniri
2024 3314 2177 3366 posse
2206 3297 2478 3368 probabile
2504 3310 2606 3354 est.
2640 3299 2767 3353 Nam
2796 3300 3057 3371 ignoratio
3097 3305 3205 3358 veri
3224 3345 3239 3364 .
3269 3314 3361 3360 aut

1767 3389 1898 3443 mihi
1920 3431 1935 3455 ,
1969 3391 2011 3443 si
2040 3390 2110 3444 illi
2145 3391 2429 3461 fingebant,
2462 3392 2743 3462 peculiaris
2771 3404 2887 3462 est,
2918 3407 3007 3450 aut
3033 3407 3179 3454 certe
3199 3397 3360 3453 utris-

1768 3497 1872 3553 que
1894 3487 2210 3538 communis.

1769 3574 1993 3631 CAPUT
2036 3575 2101 3630 Χ.
2128 3605 2201 3617 -
2238 3574 2511 3631 Verborum
2540 3580 2877 3635 controversia
2905 3598 3005 3635 non
3030 3593 3101 3638 est
3126 3600 3239 3656 qua?
3263 3585 3355 3641 Ita-

2054 3669 2195 3723 bemr
2215 3687 2329 3724 cum
2360 3670 2674 3727 Academicis
2698 3716 2714 3739 ,
2739 3674 2827 3729 sed
2857 3692 3046 3731 rerum.

1839 3759 1928 3817 94.
1957 3756 2090 3816 Tum
2132 3763 2352 3836 Alypius
2386 3781 2399 3818 :
2429 3764 2567 3832 Jam,
2604 3768 2790 3837 inquit,
2824 3784 3045 3826 securus
3074 3772 3312 3828 incedam
3345 3793 3360 3833 :

1771 3852 1927 3909 video
1971 3855 2113 3909 enim
2161 3867 2210 3908 te
2261 3873 2366 3911 nun
2410 3868 2516 3911 tam
2562 3870 2946 3925 accusatorem,
3000 3878 3156 3933 quam
3202 3866 3358 3936 adju-

1774 3954 1940 4001 torem
1978 3944 2110 4001 fure.
2165 3945 2346 4017 Itaque
2392 3965 2458 4003 ne
2504 3950 2709 4020 longius
2746 3952 3019 4015 abeamus,
3081 3956 3356 4015 videamus

1770 4054 1955 4107 qu:rso
1984 4039 2128 4108 prius
2168 4056 2233 4092 ne
2270 4055 2363 4109 per
2391 4040 2526 4094 hanc
2551 4044 2900 4112 qu-rstinnetn
2932 4045 2982 4099 in
3012 4060 3113 4116 qua
3140 4063 3355 4105 succes-

1770 4130 1906 4184 sisse
1954 4130 2142 4184 videor
2189 4130 2252 4184 iis
2280 4132 2368 4200 qui
2419 4132 2511 4187 tibi
2540 4143 2855 4201 cesserunt,
2887 4135 2938 4190 in
2971 4138 3117 4191 verbi
3146 4148 3361 4195 contro-

1769 4222 1997 4277 versiam
2025 4222 2353 4291 decidamus,
2379 4224 2518 4295 quod
2552 4236 2601 4281 te
2630 4227 2743 4296 ipso
2767 4227 3064 4285 insinuante
3088 4247 3151 4287 ex
3177 4243 3360 4290 aucto-

1772 4315 1928 4370 ritate
1957 4315 2039 4368 illa
2080 4315 2316 4370 Tulliana
2346 4318 2709 4388 turpissimum
2745 4335 2884 4388 esse,
2932 4338 3077 4394 sa-pe
3123 4326 3355 4384 COIIrCaSi

1771 4422 1973 4462 sumius.
1997 4406 2128 4463 Cum
2157 4409 2320 4470 enim.
2354 4410 2407 4464 ni
2449 4411 2621 4473 fallor.
2650 4412 2919 4469 Licentius
2962 4416 3225 4488 placuisse
3254 4421 3357 4478 sibi

1770 4496 1971 4553 diceret
2012 4500 2078 4554 de
2118 4502 2487 4571 probabilitate
2528 4504 2964 4562 Academicorum
3011 4514 3353 4584 sententiam,

1768 4591 2037 4660 subjecisti
2065 4592 2203 4664 quod
2233 4592 2321 4649 ille
2351 4592 2487 4649 baud
2535 4596 2692 4651 dubie
2735 4598 3084 4668 confirmavit,
3129 4601 3361 4662 scirctne

1772 4684 1911 4738 hanc
1937 4685 2006 4738 ab
2026 4685 2229 4739 eisdem
2257 4687 2419 4741 etiam
2439 4686 2951 4745 verisimilitudinem
2979 4694 3259 4750 nominari.
3295 4695 3361 4752 Et

1771 4774 1909 4830 bene
1939 4776 2361 4846 nuvi,siquidem
2381 4793 2446 4833 ex
2476 4788 2525 4834 te
2553 4778 2680 4833 mibi
2709 4789 2831 4835 nota
2856 4790 2997 4848 sunt,
3030 4800 3133 4840 non
3154 4787 3357 4857 absipte

1773 4878 1825 4923 te
1880 4884 2000 4923 esse
2053 4871 2492 4926 Aeademieornm
2535 4872 2743 4943 placita.
2772 4872 2903 4941 Qua:
2932 4891 3078 4940 cum.
3128 4890 3179 4935 ut
3222 4880 3355 4951 dixi,

1770 4962 1948 5015 animo
1979 4972 2069 5015 tuo
2097 4962 2253 5016 infixa
2281 4962 2418 5030 sint;
2445 4965 2567 5035 quid
2598 4967 2613 4998 ¹
2644 4969 2802 5023 verba
2841 4971 3093 5039 secteris,
3145 4974 3355 5041 ignoro.

1771 5053 1887 5108 Non
1911 5064 1993 5109 est
2025 5055 2119 5108 ista
2150 5098 2165 5122 ,
2211 5057 2459 5126 inquam,
2508 5059 2636 5114 mihi
2676 5061 2873 5128 crede,
2914 5067 3220 5131 verborum,
3265 5070 3358 5127 sed

1772 5163 1950 5203 rerum
1984 5148 2216 5218 ipsarum
2266 5165 2454 5222 magna
2482 5155 2844 5212 controversia
2875 5174 2889 5213 :
2923 5173 3029 5215 non
3066 5161 3209 5218 enim
3240 5162 3358 5219 illus

1833 5301 1850 5333 ¹
1877 5306 2018 5359 Qum,
2040 5300 2180 5362 juxta
2199 5308 2301 5350 Par.
2321 5306 2394 5350 Er.
2422 5309 2542 5353 ven.
2596 5310 2653 5353 tu.

1831 5383 1904 5447 (α)
1933 5382 2178 5447 Hicligura
2202 5386 2405 5452 quadarn
2430 5386 2580 5436 utitur
2605 5388 2897 5452 Augustinus
2917 5386 3122 5438 solemni
3146 5387 3357 5452 dialogo-

1768 5460 2046 5521 rttiiiuiore.
2066 5456 2175 5496 nam
2192 5447 2403 5497 uenuihil
2431 5460 2531 5499 cert
2540 5463 2619 5498 um
2640 5447 2782 5521 habet
2801 5461 2849 5500 at
2868 5452 2994 5521 quod
3006 5451 3241 5521 sentiret,
3250 5447 3352 5521 qui

1761 5509 2041 5575 jamdudum
2066 5519 2239 5575 mente
2274 5528 2319 5572 «ι
2342 5525 2595 5561 ervenerai
2624 5512 2682 5575 ad
2712 5511 2755 5560 id
2784 5509 2919 5575 quod
2946 5517 3048 5567 est,
3066 5529 3087 5553 ι
3119 5509 3351 5575 utilite]

1766 5570 1896 5647 toni.
1911 5586 1957 5647 _c.
1980 5574 2034 5622 I7
2065 5570 2289 5645 legimus.
2308 5570 2360 5623 lit
2387 5574 2721 5647 perspicuiy'a
2740 5570 3159 5647 ejusdemoperis
3185 5570 3350 5647 ΙίὶιτβΒ

1768 5648 1813 5686 c.
1829 5637 1877 5693 ὅ,
1892 5635 1956 5684 de
1972 5648 2027 5684 se
2044 5632 2411 5684 mdwrsiouen‘,
2426 5632 2683 5684 dimi-unm
2698 5632 2980 5693 confitetur:
3005 5648 3026 5673 ii
3043 5637 3095 5679 ιι
3123 5646 3214 5679 non
3245 5642 3353 5683 erat

1777 5717 1800 5746 ιι
1806 5692 1906 5763 jam
1926 5697 2016 5764 illa
2046 5699 2322 5756 excusatio,
2362 5710 2454 5761 qua
2496 5697 2647 5764 videri
2687 5693 2799 5763 mihi
2836 5692 3067 5764 soles-am
3090 5705 3178 5764 [ro
3211 5700 3352 5764 terea

1776 5757 2023 5826 diendum
2050 5774 2129 5809 me
2156 5757 2430 5826 contemptu
2454 5757 2630 5826 sarculo
2667 5757 2854 5826 servire
2880 5757 2994 5826 tibi.
3015 5757 3137 5826 fit!“
3167 5757 3354 5826 incerta

1776 5823 1929 5873 ιιιιίὴί
1958 5831 2094 5874 esset
2120 5818 2372 5886 perceptio
2399 5820 2615 5871 veritatis
2646 5830 2659 5865 :
2690 5818 2783 5862 iam
2813 5818 2942 5862 enim
2980 5818 3033 5862 et
3072 5818 3181 5875 ipsa
3213 5821 3349 5869 certa

1776 5903 1799 5936 ι
1814 5893 1975 5945 ιιι-ιιι.)
