  <div class='ocr_page' id='page_1' title='image "/cluster/home/n/w/nwhite01/storage/ocr_20150623/32/uva.x000669813/477.png"; bbox 0 0 3880 6392; ppageno 0'>
   <div class='ocr_carea' id='block_1_1' title="bbox 512 495 2094 584">
    <p class='ocr_par' dir='ltr' id='par_1_1' title="bbox 512 495 2094 584">
     <span class='ocr_line' id='line_1_1' title="bbox 512 495 2094 584; baseline -0.016 -10"><span class='ocrx_word' id='word_1_1' title='bbox 512 530 725 584; x_wconf 83' lang='lat' dir='ltr'><strong>semper</strong></span> <span class='ocrx_word' id='word_1_2' title='bbox 757 512 853 569; x_wconf 74' lang='lat' dir='ltr'><strong>fuit</strong></span> <span class='ocrx_word' id='word_1_3' title='bbox 881 508 1143 567; x_wconf 78' lang='lat' dir='ltr'><strong>sententia</strong></span> <span class='ocrx_word' id='word_1_4' title='bbox 1182 518 1333 569; x_wconf 82' lang='lat' dir='ltr'><strong>mea,</strong></span> <span class='ocrx_word' id='word_1_5' title='bbox 1360 501 1586 572; x_wconf 81' lang='lat' dir='ltr'><strong>sapienti</strong></span> <span class='ocrx_word' id='word_1_6' title='bbox 1638 500 1747 569; x_wconf 82' lang='lat' dir='ltr'><strong>jam</strong></span> <span class='ocrx_word' id='word_1_7' title='bbox 1779 496 1977 552; x_wconf 81' lang='lat' dir='ltr'><strong>homini</strong></span> <span class='ocrx_word' id='word_1_8' title='bbox 2010 495 2094 550; x_wconf 55' lang='lat' dir='ltr'><strong>nio</strong></span> 
     </span>
    </p>
   </div>
   <div class='ocr_carea' id='block_1_2' title="bbox 514 592 2093 678">
    <p class='ocr_par' dir='ltr' id='par_1_2' title="bbox 514 592 2093 678">
     <span class='ocr_line' id='line_1_2' title="bbox 514 592 2093 678; baseline -0.013 -12"><span class='ocrx_word' id='word_1_9' title='bbox 514 610 589 666; x_wconf 58' lang='lat' dir='ltr'><strong>hil</strong></span> <span class='ocrx_word' id='word_1_10' title='bbox 618 625 752 678; x_wconf 85' lang='lat' dir='ltr'><strong>opus</strong></span> <span class='ocrx_word' id='word_1_11' title='bbox 781 620 932 666; x_wconf 78' lang='lat' dir='ltr'><strong>esse;</strong></span> <span class='ocrx_word' id='word_1_12' title='bbox 981 613 1038 657; x_wconf 87' lang='lat' dir='ltr'><strong>ut</strong></span> <span class='ocrx_word' id='word_1_13' title='bbox 1066 609 1242 654; x_wconf 89' lang='lat' dir='ltr'><strong>autem</strong></span> <span class='ocrx_word' id='word_1_14' title='bbox 1285 599 1495 665; x_wconf 72' lang='lat' dir='ltr'><strong>sapiens</strong></span> <span class='ocrx_word' id='word_1_15' title='bbox 1523 594 1633 657; x_wconf 85' lang='lat' dir='ltr'><strong>fiat,</strong></span> <span class='ocrx_word' id='word_1_16' title='bbox 1680 592 1967 665; x_wconf 84' lang='lat' dir='ltr'><strong>plurimum</strong></span> <span class='ocrx_word' id='word_1_17' title='bbox 2001 606 2093 645; x_wconf 83' lang='lat' dir='ltr'><strong>ne-</strong></span> 
     </span>
    </p>
   </div>
   <div class='ocr_carea' id='block_1_3' title="bbox 513 666 2117 761">
    <p class='ocr_par' dir='ltr' id='par_1_3' title="bbox 513 666 2117 761">
     <span class='ocr_line' id='line_1_3' title="bbox 513 666 2117 761; baseline -0.015 -2"><span class='ocrx_word' id='word_1_18' title='bbox 513 718 558 759; x_wconf 63' lang='lat' dir='ltr'><strong>ci</strong></span> <span class='ocrx_word' id='word_1_19' title='bbox 579 702 798 757; x_wconf 76' lang='lat' dir='ltr'><strong>ssarinm</strong></span> <span class='ocrx_word' id='word_1_20' title='bbox 824 711 942 752; x_wconf 75' lang='lat' dir='ltr'><strong>esse</strong></span> <span class='ocrx_word' id='word_1_21' title='bbox 967 695 1228 749; x_wconf 82' lang='lat' dir='ltr'><strong>fortunam</strong></span> <span class='ocrx_word' id='word_1_22' title='bbox 1251 688 1429 761; x_wconf 67' lang='lat'><strong>(1.10.1</strong></span> <span class='ocrx_word' id='word_1_23' title='bbox 1462 686 1685 741; x_wconf 68' lang='lat' dir='ltr'><strong>Ri&#39;tract.</strong></span> <span class='ocrx_word' id='word_1_24' title='bbox 1715 702 1830 755; x_wconf 81' lang='lat' dir='ltr'><strong>cup.</strong></span> <span class='ocrx_word' id='word_1_25' title='bbox 1856 686 1910 747; x_wconf 81' lang='lat' dir='ltr'><strong>l,</strong></span> <span class='ocrx_word' id='word_1_26' title='bbox 1930 700 1982 736; x_wconf 85' lang='grc' dir='ltr'><strong>ιι.</strong></span> <span class='ocrx_word' id='word_1_27' title='bbox 2010 680 2061 752; x_wconf 83' lang='lat' dir='ltr'><strong>l)</strong></span> <span class='ocrx_word' id='word_1_28' title='bbox 2082 666 2117 735; x_wconf 51' lang='grc' dir='ltr'><strong>ε’</strong></span> 
     </span>
    </p>
   </div>
   <div class='ocr_carea' id='block_1_4' title="bbox 514 775 2096 859">
    <p class='ocr_par' dir='ltr' id='par_1_4' title="bbox 514 775 2096 859">
     <span class='ocr_line' id='line_1_4' title="bbox 514 775 2096 859; baseline -0.015 -10"><span class='ocrx_word' id='word_1_29' title='bbox 514 793 613 849; x_wconf 82' lang='lat' dir='ltr'><strong>nisi</strong></span> <span class='ocrx_word' id='word_1_30' title='bbox 661 790 785 859; x_wconf 88' lang='lat' dir='ltr'><strong>quid</strong></span> <span class='ocrx_word' id='word_1_31' title='bbox 812 787 953 843; x_wconf 91' lang='lat' dir='ltr'><strong>aliud</strong></span> <span class='ocrx_word' id='word_1_32' title='bbox 987 784 1194 841; x_wconf 87' lang='lat' dir='ltr'><strong>videtur</strong></span> <span class='ocrx_word' id='word_1_33' title='bbox 1234 780 1445 851; x_wconf 65' lang='lat' dir='ltr'><strong>Alypio.</strong></span> <span class='ocrx_word' id='word_1_34' title='bbox 1492 779 1628 834; x_wconf 83' lang='lat' dir='ltr'><strong>Tum</strong></span> <span class='ocrx_word' id='word_1_35' title='bbox 1673 778 1762 832; x_wconf 67' lang='lat' dir='ltr'><strong>ille</strong></span> <span class='ocrx_word' id='word_1_36' title='bbox 1794 775 2096 843; x_wconf 87' lang='lat' dir='ltr'><strong>:Quantnttt</strong></span> 
     </span>
    </p>
   </div>
   <div class='ocr_carea' id='block_1_5' title="bbox 507 866 2097 961">
    <p class='ocr_par' dir='ltr' id='par_1_5' title="bbox 507 866 2097 961">
     <span class='ocr_line' id='line_1_5' title="bbox 507 866 2097 961; baseline -0.014 -18"><span class='ocrx_word' id='word_1_37' title='bbox 507 889 680 961; x_wconf 72' lang='lat' dir='ltr'><strong>juris,</strong></span> <span class='ocrx_word' id='word_1_38' title='bbox 716 883 922 955; x_wconf 89' lang='lat' dir='ltr'><strong>inquit,</strong></span> <span class='ocrx_word' id='word_1_39' title='bbox 971 879 1197 934; x_wconf 66' lang='lat' dir='ltr'><strong>fortuna:</strong></span> <span class='ocrx_word' id='word_1_40' title='bbox 1251 875 1471 933; x_wconf 81' lang='lat' dir='ltr'><strong>tribuas,</strong></span> <span class='ocrx_word' id='word_1_41' title='bbox 1503 872 1738 927; x_wconf 87' lang='lat' dir='ltr'><strong>nondum</strong></span> <span class='ocrx_word' id='word_1_42' title='bbox 1770 871 1904 924; x_wconf 90' lang='lat' dir='ltr'><strong>bene</strong></span> <span class='ocrx_word' id='word_1_43' title='bbox 1955 866 2097 922; x_wconf 84' lang='lat' dir='ltr'><strong>novi.</strong></span> 
     </span>
    </p>
   </div>
   <div class='ocr_carea' id='block_1_6' title="bbox 511 961 2096 1038">
    <p class='ocr_par' dir='ltr' id='par_1_6' title="bbox 511 961 2096 1038">
     <span class='ocr_line' id='line_1_6' title="bbox 511 961 2096 1038; baseline -0.016 -1"><span class='ocrx_word' id='word_1_44' title='bbox 511 981 644 1038; x_wconf 83' lang='lat' dir='ltr'><strong>Nam</strong></span> <span class='ocrx_word' id='word_1_45' title='bbox 689 976 733 1032; x_wconf 80' lang='lat' dir='ltr'><strong>si</strong></span> <span class='ocrx_word' id='word_1_46' title='bbox 778 975 843 1031; x_wconf 91' lang='lat' dir='ltr'><strong>ad</strong></span> <span class='ocrx_word' id='word_1_47' title='bbox 877 970 1321 1029; x_wconf 78' lang='lat' dir='ltr'><strong>contemnendam</strong></span> <span class='ocrx_word' id='word_1_48' title='bbox 1371 966 1676 1030; x_wconf 86' lang='lat' dir='ltr'><strong>fortunam,</strong></span> <span class='ocrx_word' id='word_1_49' title='bbox 1732 962 1940 1018; x_wconf 85' lang='lat' dir='ltr'><strong>fortuna</strong></span> <span class='ocrx_word' id='word_1_50' title='bbox 1981 961 2096 1030; x_wconf 82' lang='lat' dir='ltr'><strong>ipsa</strong></span> 
     </span>
    </p>
   </div>
   <div class='ocr_carea' id='block_1_7' title="bbox 510 1052 2099 1143">
    <p class='ocr_par' dir='ltr' id='par_1_7' title="bbox 510 1052 2099 1143">
     <span class='ocr_line' id='line_1_7' title="bbox 510 1052 2099 1143; baseline -0.014 -15"><span class='ocrx_word' id='word_1_51' title='bbox 510 1086 647 1143; x_wconf 88' lang='lat' dir='ltr'><strong>opus</strong></span> <span class='ocrx_word' id='word_1_52' title='bbox 670 1083 789 1124; x_wconf 73' lang='lat' dir='ltr'><strong>esse</strong></span> <span class='ocrx_word' id='word_1_53' title='bbox 835 1065 1143 1121; x_wconf 60' lang='lat' dir='ltr'><strong>arbitraris.</strong></span> <span class='ocrx_word' id='word_1_54' title='bbox 1176 1077 1260 1116; x_wconf 88' lang='lat' dir='ltr'><strong>me</strong></span> <span class='ocrx_word' id='word_1_55' title='bbox 1310 1074 1519 1130; x_wconf 79' lang='lat' dir='ltr'><strong>quoque</strong></span> <span class='ocrx_word' id='word_1_56' title='bbox 1561 1057 1810 1110; x_wconf 75' lang='lat' dir='ltr'><strong>Comitem</strong></span> <span class='ocrx_word' id='word_1_57' title='bbox 1862 1054 1913 1107; x_wconf 91' lang='lat' dir='ltr'><strong>iu</strong></span> <span class='ocrx_word' id='word_1_58' title='bbox 1963 1052 2099 1107; x_wconf 73' lang='lat' dir='ltr'><strong>hanc</strong></span> 
     </span>
    </p>
   </div>
   <div class='ocr_carea' id='block_1_8' title="bbox 515 1144 2097 1226">
    <p class='ocr_par' dir='ltr' id='par_1_8' title="bbox 515 1144 2097 1226">
     <span class='ocr_line' id='line_1_8' title="bbox 515 1144 2097 1226; baseline -0.018 0"><span class='ocrx_word' id='word_1_59' title='bbox 515 1164 835 1226; x_wconf 82' lang='lat' dir='ltr'><strong>sententiam</strong></span> <span class='ocrx_word' id='word_1_60' title='bbox 865 1160 935 1216; x_wconf 91' lang='lat' dir='ltr'><strong>do</strong></span> <span class='ocrx_word' id='word_1_61' title='bbox 965 1159 1056 1213; x_wconf 89' lang='lat' dir='ltr'><strong>tilti</strong></span> <span class='ocrx_word' id='word_1_62' title='bbox 1109 1155 1201 1212; x_wconf 85' lang='lat' dir='ltr'><strong>Sin</strong></span> <span class='ocrx_word' id='word_1_63' title='bbox 1231 1155 1452 1208; x_wconf 56' lang='lat' dir='ltr'><strong>fortunae</strong></span> <span class='ocrx_word' id='word_1_64' title='bbox 1483 1150 1609 1205; x_wconf 87' lang='lat' dir='ltr'><strong>nihil</strong></span> <span class='ocrx_word' id='word_1_65' title='bbox 1638 1147 1777 1202; x_wconf 81' lang='lat' dir='ltr'><strong>aliud</strong></span> <span class='ocrx_word' id='word_1_66' title='bbox 1808 1144 2057 1201; x_wconf 86' lang='lat' dir='ltr'><strong>concedis</strong></span> <span class='ocrx_word' id='word_1_67' title='bbox 2082 1186 2097 1211; x_wconf 94' lang='lat'><strong>,</strong></span> 
     </span>
    </p>
   </div>
   <div class='ocr_carea' id='block_1_9' title="bbox 513 1235 2100 1334">
    <p class='ocr_par' dir='ltr' id='par_1_9' title="bbox 513 1235 2100 1334">
     <span class='ocr_line' id='line_1_9' title="bbox 513 1235 2100 1334; baseline -0.015 -20"><span class='ocrx_word' id='word_1_68' title='bbox 513 1275 671 1334; x_wconf 87' lang='lat' dir='ltr'><strong>quam</strong></span> <span class='ocrx_word' id='word_1_69' title='bbox 703 1274 763 1313; x_wconf 89' lang='lat' dir='ltr'><strong>ea</strong></span> <span class='ocrx_word' id='word_1_70' title='bbox 790 1271 909 1326; x_wconf 71' lang='lat' dir='ltr'><strong>quae</strong></span> <span class='ocrx_word' id='word_1_71' title='bbox 936 1250 1175 1321; x_wconf 86' lang='lat' dir='ltr'><strong>corporis</strong></span> <span class='ocrx_word' id='word_1_72' title='bbox 1208 1245 1511 1303; x_wconf 83' lang='lat' dir='ltr'><strong>necessitati</strong></span> <span class='ocrx_word' id='word_1_73' title='bbox 1562 1258 1667 1297; x_wconf 91' lang='lat' dir='ltr'><strong>non</strong></span> <span class='ocrx_word' id='word_1_74' title='bbox 1711 1247 1934 1309; x_wconf 84' lang='lat' dir='ltr'><strong>possunt</strong></span> <span class='ocrx_word' id='word_1_75' title='bbox 1954 1280 1967 1298; x_wconf 87' lang='lat'><strong>.</strong></span> <span class='ocrx_word' id='word_1_76' title='bbox 1999 1235 2100 1291; x_wconf 87' lang='lat' dir='ltr'><strong>nisi</strong></span> 
     </span>
    </p>
   </div>
   <div class='ocr_carea' id='block_1_10' title="bbox 511 1328 2098 1424">
    <p class='ocr_par' dir='ltr' id='par_1_10' title="bbox 511 1328 2098 1424">
     <span class='ocr_line' id='line_1_10' title="bbox 511 1328 2098 1424; baseline -0.015 -19"><span class='ocrx_word' id='word_1_77' title='bbox 511 1328 629 1424; x_wconf 80' lang='lat' dir='ltr'><strong>ipsa</strong></span> <span class='ocrx_word' id='word_1_78' title='bbox 671 1350 906 1413; x_wconf 82' lang='lat' dir='ltr'><strong>volente,</strong></span> <span class='ocrx_word' id='word_1_79' title='bbox 952 1351 1272 1413; x_wconf 89' lang='lat' dir='ltr'><strong>suppetere;</strong></span> <span class='ocrx_word' id='word_1_80' title='bbox 1321 1353 1426 1394; x_wconf 92' lang='lat' dir='ltr'><strong>non</strong></span> <span class='ocrx_word' id='word_1_81' title='bbox 1468 1347 1537 1392; x_wconf 84' lang='lat' dir='ltr'><strong>ita</strong></span> <span class='ocrx_word' id='word_1_82' title='bbox 1575 1333 1768 1391; x_wconf 89' lang='lat' dir='ltr'><strong>sentio.</strong></span> <span class='ocrx_word' id='word_1_83' title='bbox 1802 1334 1907 1386; x_wconf 81' lang='lat' dir='ltr'><strong>Aut</strong></span> <span class='ocrx_word' id='word_1_84' title='bbox 1957 1328 2098 1384; x_wconf 89' lang='lat' dir='ltr'><strong>enim</strong></span> 
     </span>
    </p>
   </div>
   <div class='ocr_carea' id='block_1_11' title="bbox 511 1424 2104 1509">
    <p class='ocr_par' dir='ltr' id='par_1_11' title="bbox 511 1424 2104 1509">
     <span class='ocr_line' id='line_1_11' title="bbox 511 1424 2104 1509; baseline -0.02 -4"><span class='ocrx_word' id='word_1_85' title='bbox 511 1448 640 1505; x_wconf 86' lang='lat' dir='ltr'><strong>licet</strong></span> <span class='ocrx_word' id='word_1_86' title='bbox 685 1442 873 1500; x_wconf 90' lang='lat' dir='ltr'><strong>eadem</strong></span> <span class='ocrx_word' id='word_1_87' title='bbox 923 1444 1248 1509; x_wconf 63' lang='lat' dir='ltr'><strong>repugnante</strong></span> <span class='ocrx_word' id='word_1_88' title='bbox 1294 1442 1452 1503; x_wconf 90' lang='lat' dir='ltr'><strong>atque</strong></span> <span class='ocrx_word' id='word_1_89' title='bbox 1498 1429 1703 1493; x_wconf 82' lang='lat' dir='ltr'><strong>invita,</strong></span> <span class='ocrx_word' id='word_1_90' title='bbox 1751 1424 1987 1480; x_wconf 88' lang='lat' dir='ltr'><strong>nondum</strong></span> <span class='ocrx_word' id='word_1_91' title='bbox 2017 1437 2104 1478; x_wconf 79' lang='lat' dir='ltr'><strong>sa-</strong></span> 
     </span>
    </p>
   </div>
   <div class='ocr_carea' id='block_1_12' title="bbox 512 1515 2103 1613">
    <p class='ocr_par' dir='ltr' id='par_1_12' title="bbox 512 1515 2103 1613">
     <span class='ocr_line' id='line_1_12' title="bbox 512 1515 2103 1613; baseline -0.016 -20"><span class='ocrx_word' id='word_1_92' title='bbox 512 1538 703 1613; x_wconf 86' lang='lat' dir='ltr'><strong>pienti,</strong></span> <span class='ocrx_word' id='word_1_93' title='bbox 744 1530 937 1602; x_wconf 89' lang='lat' dir='ltr'><strong>cupido</strong></span> <span class='ocrx_word' id='word_1_94' title='bbox 973 1539 1146 1584; x_wconf 87' lang='lat' dir='ltr'><strong>tamen</strong></span> <span class='ocrx_word' id='word_1_95' title='bbox 1174 1524 1470 1596; x_wconf 59' lang='lat' dir='ltr'><strong>sapientia‘,</strong></span> <span class='ocrx_word' id='word_1_96' title='bbox 1494 1536 1556 1576; x_wconf 88' lang='lat' dir='ltr'><strong>ea</strong></span> <span class='ocrx_word' id='word_1_97' title='bbox 1595 1534 1807 1574; x_wconf 85' lang='lat' dir='ltr'><strong>sumere</strong></span> <span class='ocrx_word' id='word_1_98' title='bbox 1837 1532 1955 1587; x_wconf 75' lang='lat' dir='ltr'><strong>quat</strong></span> <span class='ocrx_word' id='word_1_99' title='bbox 1984 1515 2103 1569; x_wconf 70' lang='lat' dir='ltr'><strong>\ita:</strong></span> 
     </span>
    </p>
   </div>
   <div class='ocr_carea' id='block_1_13' title="bbox 517 1607 2102 1693">
    <p class='ocr_par' dir='ltr' id='par_1_13' title="bbox 517 1607 2102 1693">
     <span class='ocr_line' id='line_1_13' title="bbox 517 1607 2102 1693; baseline -0.018 -5"><span class='ocrx_word' id='word_1_100' title='bbox 517 1629 821 1693; x_wconf 71' lang='lat' dir='ltr'><strong>necessaria</strong></span> <span class='ocrx_word' id='word_1_101' title='bbox 864 1624 1213 1684; x_wconf 85' lang='lat' dir='ltr'><strong>confitentur;</strong></span> <span class='ocrx_word' id='word_1_102' title='bbox 1252 1627 1343 1672; x_wconf 89' lang='lat' dir='ltr'><strong>aut</strong></span> <span class='ocrx_word' id='word_1_103' title='bbox 1372 1612 1772 1671; x_wconf 69' lang='lat' dir='ltr'><strong>contcedendtnn</strong></span> <span class='ocrx_word' id='word_1_104' title='bbox 1821 1617 1906 1663; x_wconf 89' lang='lat' dir='ltr'><strong>est</strong></span> <span class='ocrx_word' id='word_1_105' title='bbox 1943 1607 2102 1662; x_wconf 85' lang='lat' dir='ltr'><strong>etiam</strong></span> 
     </span>
    </p>
   </div>
   <div class='ocr_carea' id='block_1_14' title="bbox 518 1702 2105 1792">
    <p class='ocr_par' dir='ltr' id='par_1_14' title="bbox 518 1702 2105 1792">
     <span class='ocr_line' id='line_1_14' title="bbox 518 1702 2105 1792; baseline -0.021 -7"><span class='ocrx_word' id='word_1_106' title='bbox 518 1728 573 1785; x_wconf 88' lang='lat' dir='ltr'><strong>in</strong></span> <span class='ocrx_word' id='word_1_107' title='bbox 600 1725 741 1781; x_wconf 89' lang='lat' dir='ltr'><strong>omni</strong></span> <span class='ocrx_word' id='word_1_108' title='bbox 771 1718 1025 1792; x_wconf 72' lang='lat' dir='ltr'><strong>sapientis</strong></span> <span class='ocrx_word' id='word_1_109' title='bbox 1051 1717 1153 1769; x_wconf 83' lang='lat' dir='ltr'><strong>vita</strong></span> <span class='ocrx_word' id='word_1_110' title='bbox 1181 1728 1297 1769; x_wconf 88' lang='lat' dir='ltr'><strong>eam</strong></span> <span class='ocrx_word' id='word_1_111' title='bbox 1327 1707 1623 1773; x_wconf 85' lang='lat' dir='ltr'><strong>dominari,</strong></span> <span class='ocrx_word' id='word_1_112' title='bbox 1654 1720 1772 1760; x_wconf 88' lang='lat' dir='ltr'><strong>cum</strong></span> <span class='ocrx_word' id='word_1_113' title='bbox 1801 1712 1856 1757; x_wconf 89' lang='lat' dir='ltr'><strong>et</strong></span> <span class='ocrx_word' id='word_1_114' title='bbox 1882 1702 1995 1773; x_wconf 72' lang='lat' dir='ltr'><strong>ipse</strong></span> <span class='ocrx_word' id='word_1_115' title='bbox 2021 1714 2105 1753; x_wconf 89' lang='lat' dir='ltr'><strong>sa-</strong></span> 
     </span>
    </p>
   </div>
   <div class='ocr_carea' id='block_1_15' title="bbox 518 1793 2106 1892">
    <p class='ocr_par' dir='ltr' id='par_1_15' title="bbox 518 1793 2106 1892">
     <span class='ocr_line' id='line_1_15' title="bbox 518 1793 2106 1892; baseline -0.016 -20"><span class='ocrx_word' id='word_1_116' title='bbox 518 1818 674 1892; x_wconf 83' lang='lat' dir='ltr'><strong>piens</strong></span> <span class='ocrx_word' id='word_1_117' title='bbox 702 1815 767 1870; x_wconf 88' lang='lat' dir='ltr'><strong>iis</strong></span> <span class='ocrx_word' id='word_1_118' title='bbox 804 1829 923 1883; x_wconf 81' lang='lat' dir='ltr'><strong>qua:</strong></span> <span class='ocrx_word' id='word_1_119' title='bbox 949 1806 1161 1879; x_wconf 90' lang='lat' dir='ltr'><strong>corpori</strong></span> <span class='ocrx_word' id='word_1_120' title='bbox 1213 1801 1513 1860; x_wconf 85' lang='lat' dir='ltr'><strong>necessaria</strong></span> <span class='ocrx_word' id='word_1_121' title='bbox 1542 1806 1698 1865; x_wconf 90' lang='lat' dir='ltr'><strong>sunt,</strong></span> <span class='ocrx_word' id='word_1_122' title='bbox 1730 1811 1836 1851; x_wconf 92' lang='lat' dir='ltr'><strong>non</strong></span> <span class='ocrx_word' id='word_1_123' title='bbox 1867 1793 2106 1862; x_wconf 78' lang='lat' dir='ltr'><strong>indigere</strong></span> 
     </span>
    </p>
   </div>
   <div class='ocr_carea' id='block_1_16' title="bbox 519 1907 843 1981">
    <p class='ocr_par' dir='ltr' id='par_1_16' title="bbox 519 1907 843 1981">
     <span class='ocr_line' id='line_1_16' title="bbox 519 1907 843 1981; baseline -0.028 -12"><span class='ocrx_word' id='word_1_124' title='bbox 519 1915 627 1969; x_wconf 74' lang='lat' dir='ltr'><strong>min</strong></span> <span class='ocrx_word' id='word_1_125' title='bbox 655 1907 843 1981; x_wconf 78' lang='lat' dir='ltr'><strong>possit.</strong></span> 
     </span>
    </p>
   </div>
   <div class='ocr_carea' id='block_1_17' title="bbox 592 1978 2102 2061">
    <p class='ocr_par' dir='ltr' id='par_1_17' title="bbox 592 1978 2102 2061">
     <span class='ocr_line' id='line_1_17' title="bbox 592 1978 2102 2061; baseline -0.02 -1"><span class='ocrx_word' id='word_1_126' title='bbox 592 1978 812 2060; x_wconf 33' lang='lat' dir='ltr'><strong>3.&#39;Dicis</strong></span> <span class='ocrx_word' id='word_1_127' title='bbox 832 2012 981 2059; x_wconf 77' lang='lat' dir='ltr'><strong>ergo,</strong></span> <span class='ocrx_word' id='word_1_128' title='bbox 1004 1993 1217 2061; x_wconf 88' lang='lat' dir='ltr'><strong>inquam</strong></span> <span class='ocrx_word' id='word_1_129' title='bbox 1238 2030 1255 2056; x_wconf 92' lang='lat'><strong>,</strong></span> <span class='ocrx_word' id='word_1_130' title='bbox 1281 1988 1545 2043; x_wconf 86' lang='lat' dir='ltr'><strong>fortunam</strong></span> <span class='ocrx_word' id='word_1_131' title='bbox 1585 1997 1705 2037; x_wconf 89' lang='lat' dir='ltr'><strong>esse</strong></span> <span class='ocrx_word' id='word_1_132' title='bbox 1747 1978 2102 2035; x_wconf 69' lang='lat' dir='ltr'><strong>necessariam</strong></span> 
     </span>
    </p>
   </div>
   <div class='ocr_carea' id='block_1_18' title="bbox 527 2069 2108 2155">
    <p class='ocr_par' dir='ltr' id='par_1_18' title="bbox 527 2069 2108 2155">
     <span class='ocr_line' id='line_1_18' title="bbox 527 2069 2108 2155; baseline -0.016 -6"><span class='ocrx_word' id='word_1_133' title='bbox 527 2094 768 2151; x_wconf 77' lang='lat' dir='ltr'><strong>studioso</strong></span> <span class='ocrx_word' id='word_1_134' title='bbox 814 2085 1123 2155; x_wconf 83' lang='lat' dir='ltr'><strong>sapientia-,</strong></span> <span class='ocrx_word' id='word_1_135' title='bbox 1154 2078 1377 2149; x_wconf 87' lang='lat' dir='ltr'><strong>sapienti</strong></span> <span class='ocrx_word' id='word_1_136' title='bbox 1418 2090 1547 2131; x_wconf 87' lang='lat' dir='ltr'><strong>vero</strong></span> <span class='ocrx_word' id='word_1_137' title='bbox 1593 2087 1774 2143; x_wconf 84' lang='lat' dir='ltr'><strong>negas.</strong></span> <span class='ocrx_word' id='word_1_138' title='bbox 1808 2070 1924 2125; x_wconf 85' lang='lat' dir='ltr'><strong>Non</strong></span> <span class='ocrx_word' id='word_1_139' title='bbox 1956 2069 2023 2122; x_wconf 89' lang='lat' dir='ltr'><strong>ah</strong></span> <span class='ocrx_word' id='word_1_140' title='bbox 2047 2084 2108 2123; x_wconf 81' lang='lat' dir='ltr'><strong>re</strong></span> 
     </span>
    </p>
   </div>
   <div class='ocr_carea' id='block_1_19' title="bbox 521 2161 2110 2250">
    <p class='ocr_par' dir='ltr' id='par_1_19' title="bbox 521 2161 2110 2250">
     <span class='ocr_line' id='line_1_19' title="bbox 521 2161 2110 2250; baseline -0.02 -6"><span class='ocrx_word' id='word_1_141' title='bbox 521 2196 605 2245; x_wconf 78' lang='lat' dir='ltr'><strong>est</strong></span> <span class='ocrx_word' id='word_1_142' title='bbox 630 2182 815 2241; x_wconf 87' lang='lat' dir='ltr'><strong>eadem</strong></span> <span class='ocrx_word' id='word_1_143' title='bbox 845 2187 1085 2250; x_wconf 84' lang='lat' dir='ltr'><strong>repetere</strong></span> <span class='ocrx_word' id='word_1_144' title='bbox 1104 2216 1117 2229; x_wconf 92' lang='lat'><strong>.</strong></span> <span class='ocrx_word' id='word_1_145' title='bbox 1151 2173 1342 2241; x_wconf 86' lang='lat' dir='ltr'><strong>inquit.</strong></span> <span class='ocrx_word' id='word_1_146' title='bbox 1372 2169 1551 2237; x_wconf 88' lang='lat' dir='ltr'><strong>Itaque</strong></span> <span class='ocrx_word' id='word_1_147' title='bbox 1576 2181 1717 2220; x_wconf 88' lang='lat' dir='ltr'><strong>nunc</strong></span> <span class='ocrx_word' id='word_1_148' title='bbox 1743 2165 1902 2217; x_wconf 78' lang='lat' dir='ltr'><strong>etiam</strong></span> <span class='ocrx_word' id='word_1_149' title='bbox 1923 2161 2019 2215; x_wconf 83' lang='lat' dir='ltr'><strong>abs</strong></span> <span class='ocrx_word' id='word_1_150' title='bbox 2058 2168 2110 2213; x_wconf 87' lang='lat' dir='ltr'><strong>te</strong></span> 
     </span>
    </p>
   </div>
   <div class='ocr_carea' id='block_1_20' title="bbox 523 2251 2110 2351">
    <p class='ocr_par' dir='ltr' id='par_1_20' title="bbox 523 2251 2110 2351">
     <span class='ocr_line' id='line_1_20' title="bbox 523 2251 2110 2351; baseline -0.019 -17"><span class='ocrx_word' id='word_1_151' title='bbox 523 2293 739 2351; x_wconf 71' lang='lat' dir='ltr'><strong>qua-ro,</strong></span> <span class='ocrx_word' id='word_1_152' title='bbox 777 2282 953 2328; x_wconf 89' lang='lat' dir='ltr'><strong>utrum</strong></span> <span class='ocrx_word' id='word_1_153' title='bbox 985 2268 1249 2324; x_wconf 78' lang='lat' dir='ltr'><strong>fortunam</strong></span> <span class='ocrx_word' id='word_1_154' title='bbox 1279 2262 1347 2317; x_wconf 91' lang='lat' dir='ltr'><strong>ad</strong></span> <span class='ocrx_word' id='word_1_155' title='bbox 1392 2261 1622 2331; x_wconf 84' lang='lat' dir='ltr'><strong>seipsant</strong></span> <span class='ocrx_word' id='word_1_156' title='bbox 1663 2251 2110 2312; x_wconf 88' lang='lat' dir='ltr'><strong>conletttnendattt</strong></span> 
     </span>
    </p>
   </div>
   <div class='ocr_carea' id='block_1_21' title="bbox 525 2347 2111 2441">
    <p class='ocr_par' dir='ltr' id='par_1_21' title="bbox 525 2347 2111 2441">
     <span class='ocr_line' id='line_1_21' title="bbox 525 2347 2111 2441; baseline -0.02 -13"><span class='ocrx_word' id='word_1_157' title='bbox 525 2347 723 2441; x_wconf 80' lang='lat' dir='ltr'><strong>aliquid</strong></span> <span class='ocrx_word' id='word_1_158' title='bbox 750 2367 934 2438; x_wconf 86' lang='lat' dir='ltr'><strong>juvarc</strong></span> <span class='ocrx_word' id='word_1_159' title='bbox 964 2362 1217 2418; x_wconf 66' lang='lat' dir='ltr'><strong>mstitttes.</strong></span> <span class='ocrx_word' id='word_1_160' title='bbox 1249 2355 1402 2424; x_wconf 84' lang='lat' dir='ltr'><strong>Quod</strong></span> <span class='ocrx_word' id='word_1_161' title='bbox 1454 2353 1497 2407; x_wconf 92' lang='lat' dir='ltr'><strong>si</strong></span> <span class='ocrx_word' id='word_1_162' title='bbox 1525 2350 1831 2411; x_wconf 83' lang='lat' dir='ltr'><strong>arbitraris,</strong></span> <span class='ocrx_word' id='word_1_163' title='bbox 1861 2347 1983 2402; x_wconf 83' lang='lat' dir='ltr'><strong>dico</strong></span> <span class='ocrx_word' id='word_1_164' title='bbox 2022 2359 2111 2398; x_wconf 85' lang='lat' dir='ltr'><strong>sa-</strong></span> 
     </span>
    </p>
   </div>
   <div class='ocr_carea' id='block_1_22' title="bbox 524 2437 2116 2536">
    <p class='ocr_par' dir='ltr' id='par_1_22' title="bbox 524 2437 2116 2536">
     <span class='ocr_line' id='line_1_22' title="bbox 524 2437 2116 2536; baseline -0.019 -16"><span class='ocrx_word' id='word_1_165' title='bbox 524 2437 741 2536; x_wconf 72' lang='lat' dir='ltr'><strong>pientia:</strong></span> <span class='ocrx_word' id='word_1_166' title='bbox 792 2455 1041 2527; x_wconf 88' lang='lat' dir='ltr'><strong>cupidum</strong></span> <span class='ocrx_word' id='word_1_167' title='bbox 1073 2462 1399 2521; x_wconf 80' lang='lat' dir='ltr'><strong>magnopere</strong></span> <span class='ocrx_word' id='word_1_168' title='bbox 1428 2445 1667 2514; x_wconf 82' lang='lat' dir='ltr'><strong>indigere</strong></span> <span class='ocrx_word' id='word_1_169' title='bbox 1696 2442 1927 2496; x_wconf 76' lang='lat' dir='ltr'><strong>fortuna.</strong></span> <span class='ocrx_word' id='word_1_170' title='bbox 1957 2437 2116 2493; x_wconf 84' lang='lat' dir='ltr'><strong>Arhi-</strong></span> 
     </span>
    </p>
   </div>
   <div class='ocr_carea' id='block_1_23' title="bbox 526 2530 2116 2619">
    <p class='ocr_par' dir='ltr' id='par_1_23' title="bbox 526 2530 2116 2619">
     <span class='ocr_line' id='line_1_23' title="bbox 526 2530 2116 2619; baseline -0.018 -6"><span class='ocrx_word' id='word_1_171' title='bbox 526 2530 660 2617; x_wconf 74' lang='lat' dir='ltr'><strong>tror,</strong></span> <span class='ocrx_word' id='word_1_172' title='bbox 716 2553 967 2619; x_wconf 89' lang='lat' dir='ltr'><strong>inquam,</strong></span> <span class='ocrx_word' id='word_1_173' title='bbox 1017 2543 1277 2614; x_wconf 78' lang='lat' dir='ltr'><strong>siquidem</strong></span> <span class='ocrx_word' id='word_1_174' title='bbox 1321 2555 1415 2609; x_wconf 86' lang='lat' dir='ltr'><strong>per</strong></span> <span class='ocrx_word' id='word_1_175' title='bbox 1442 2539 1584 2593; x_wconf 85' lang='lat' dir='ltr'><strong>illam</strong></span> <span class='ocrx_word' id='word_1_176' title='bbox 1612 2536 1713 2591; x_wconf 85' lang='lat' dir='ltr'><strong>erit</strong></span> <span class='ocrx_word' id='word_1_177' title='bbox 1746 2534 1899 2599; x_wconf 89' lang='lat' dir='ltr'><strong>talis,</strong></span> <span class='ocrx_word' id='word_1_178' title='bbox 1942 2530 2116 2602; x_wconf 86' lang='lat' dir='ltr'><strong>qualis</strong></span> 
     </span>
    </p>
   </div>
   <div class='ocr_carea' id='block_1_24' title="bbox 529 2622 2116 2713">
    <p class='ocr_par' dir='ltr' id='par_1_24' title="bbox 529 2622 2116 2713">
     <span class='ocr_line' id='line_1_24' title="bbox 529 2622 2116 2713; baseline -0.015 -11"><span class='ocrx_word' id='word_1_179' title='bbox 529 2663 648 2704; x_wconf 88' lang='lat' dir='ltr'><strong>eam</strong></span> <span class='ocrx_word' id='word_1_180' title='bbox 673 2642 841 2713; x_wconf 61' lang='lat' dir='ltr'><strong>possit</strong></span> <span class='ocrx_word' id='word_1_181' title='bbox 870 2647 1242 2693; x_wconf 76' lang='lat' dir='ltr'><strong>contemnere.</strong></span> <span class='ocrx_word' id='word_1_182' title='bbox 1273 2630 1384 2687; x_wconf 80' lang='lat' dir='ltr'><strong>Nec</strong></span> <span class='ocrx_word' id='word_1_183' title='bbox 1410 2628 1698 2702; x_wconf 78' lang='lat' dir='ltr'><strong>absurdum</strong></span> <span class='ocrx_word' id='word_1_184' title='bbox 1740 2636 1824 2682; x_wconf 85' lang='lat' dir='ltr'><strong>est</strong></span> <span class='ocrx_word' id='word_1_185' title='bbox 1850 2643 1862 2679; x_wconf 88' lang='lat'><strong>:</strong></span> <span class='ocrx_word' id='word_1_186' title='bbox 1888 2640 2009 2680; x_wconf 87' lang='lat' dir='ltr'><strong>nam</strong></span> <span class='ocrx_word' id='word_1_187' title='bbox 2038 2622 2116 2678; x_wconf 91' lang='lat' dir='ltr'><strong>sic</strong></span> 
     </span>
    </p>
   </div>
   <div class='ocr_carea' id='block_1_25' title="bbox 529 2713 2118 2804">
    <p class='ocr_par' dir='ltr' id='par_1_25' title="bbox 529 2713 2118 2804">
     <span class='ocr_line' id='line_1_25' title="bbox 529 2713 2118 2804; baseline -0.017 -9"><span class='ocrx_word' id='word_1_188' title='bbox 529 2738 688 2795; x_wconf 85' lang='lat' dir='ltr'><strong>etiam</strong></span> <span class='ocrx_word' id='word_1_189' title='bbox 731 2731 906 2804; x_wconf 85' lang='lat' dir='ltr'><strong>parvis</strong></span> <span class='ocrx_word' id='word_1_190' title='bbox 968 2727 1124 2784; x_wconf 86' lang='lat' dir='ltr'><strong>nobis</strong></span> <span class='ocrx_word' id='word_1_191' title='bbox 1172 2725 1332 2779; x_wconf 85' lang='lat' dir='ltr'><strong>ubera</strong></span> <span class='ocrx_word' id='word_1_192' title='bbox 1385 2719 1684 2777; x_wconf 81' lang='lat' dir='ltr'><strong>necessaria</strong></span> <span class='ocrx_word' id='word_1_193' title='bbox 1720 2728 1882 2785; x_wconf 90' lang='lat' dir='ltr'><strong>sunt,</strong></span> <span class='ocrx_word' id='word_1_194' title='bbox 1923 2713 2118 2787; x_wconf 82' lang='lat' dir='ltr'><strong>quibus</strong></span> 
     </span>
    </p>
   </div>
   <div class='ocr_carea' id='block_1_26' title="bbox 529 2810 2115 2894">
    <p class='ocr_par' dir='ltr' id='par_1_26' title="bbox 529 2810 2115 2894">
     <span class='ocr_line' id='line_1_26' title="bbox 529 2810 2115 2894; baseline -0.017 -6"><span class='ocrx_word' id='word_1_195' title='bbox 529 2832 780 2894; x_wconf 71' lang='lat' dir='ltr'><strong>efficitur,</strong></span> <span class='ocrx_word' id='word_1_196' title='bbox 802 2834 857 2880; x_wconf 91' lang='lat' dir='ltr'><strong>ut</strong></span> <span class='ocrx_word' id='word_1_197' title='bbox 881 2824 997 2881; x_wconf 84' lang='lat' dir='ltr'><strong>sine</strong></span> <span class='ocrx_word' id='word_1_198' title='bbox 1021 2823 1101 2877; x_wconf 80' lang='lat' dir='ltr'><strong>his</strong></span> <span class='ocrx_word' id='word_1_199' title='bbox 1125 2828 1308 2891; x_wconf 87' lang='lat' dir='ltr'><strong>postea</strong></span> <span class='ocrx_word' id='word_1_200' title='bbox 1330 2819 1527 2881; x_wconf 88' lang='lat' dir='ltr'><strong>vivere,</strong></span> <span class='ocrx_word' id='word_1_201' title='bbox 1550 2830 1613 2869; x_wconf 90' lang='lat' dir='ltr'><strong>ac</strong></span> <span class='ocrx_word' id='word_1_202' title='bbox 1636 2813 1810 2867; x_wconf 72' lang='lat' dir='ltr'><strong>valere</strong></span> <span class='ocrx_word' id='word_1_203' title='bbox 1834 2810 2115 2881; x_wconf 89' lang='lat' dir='ltr'><strong>possimus.</strong></span> 
     </span>
    </p>
   </div>
   <div class='ocr_carea' id='block_1_27' title="bbox 532 2900 2118 2983">
    <p class='ocr_par' dir='ltr' id='par_1_27' title="bbox 532 2900 2118 2983">
     <span class='ocr_line' id='line_1_27' title="bbox 532 2900 2118 2983; baseline -0.018 -2"><span class='ocrx_word' id='word_1_204' title='bbox 532 2922 837 2980; x_wconf 85' lang='lat' dir='ltr'><strong>Sententias</strong></span> <span class='ocrx_word' id='word_1_205' title='bbox 860 2960 874 2979; x_wconf 86' lang='lat'><strong>,</strong></span> <span class='ocrx_word' id='word_1_206' title='bbox 905 2920 999 2983; x_wconf 85' lang='lat' dir='ltr'><strong>ait,</strong></span> <span class='ocrx_word' id='word_1_207' title='bbox 1054 2922 1262 2969; x_wconf 84' lang='lat' dir='ltr'><strong>nostras</strong></span> <span class='ocrx_word' id='word_1_208' title='bbox 1290 2911 1335 2965; x_wconf 89' lang='lat' dir='ltr'><strong>si</strong></span> <span class='ocrx_word' id='word_1_209' title='bbox 1365 2908 1523 2965; x_wconf 88' lang='lat' dir='ltr'><strong>animi</strong></span> <span class='ocrx_word' id='word_1_210' title='bbox 1554 2906 1833 2973; x_wconf 79' lang='lat' dir='ltr'><strong>conceptio</strong></span> <span class='ocrx_word' id='word_1_211' title='bbox 1873 2918 1975 2955; x_wconf 89' lang='lat' dir='ltr'><strong>non</strong></span> <span class='ocrx_word' id='word_1_212' title='bbox 2003 2900 2118 2954; x_wconf 86' lang='lat' dir='ltr'><strong>dis-</strong></span> 
     </span>
    </p>
   </div>
   <div class='ocr_carea' id='block_1_28' title="bbox 533 2994 2121 3079">
    <p class='ocr_par' dir='ltr' id='par_1_28' title="bbox 533 2994 2121 3079">
     <span class='ocr_line' id='line_1_28' title="bbox 533 2994 2121 3079; baseline -0.018 -7"><span class='ocrx_word' id='word_1_213' title='bbox 533 3023 719 3079; x_wconf 86' lang='lat' dir='ltr'><strong>sonat,</strong></span> <span class='ocrx_word' id='word_1_214' title='bbox 752 3007 1080 3068; x_wconf 82' lang='lat' dir='ltr'><strong>concordare</strong></span> <span class='ocrx_word' id='word_1_215' title='bbox 1108 3003 1237 3059; x_wconf 89' lang='lat' dir='ltr'><strong>tttihi</strong></span> <span class='ocrx_word' id='word_1_216' title='bbox 1268 3003 1431 3073; x_wconf 83' lang='lat' dir='ltr'><strong>liquet</strong></span> <span class='ocrx_word' id='word_1_217' title='bbox 1461 3018 1473 3051; x_wconf 87' lang='lat'><strong>:</strong></span> <span class='ocrx_word' id='word_1_218' title='bbox 1500 2999 1598 3052; x_wconf 90' lang='lat' dir='ltr'><strong>nisi</strong></span> <span class='ocrx_word' id='word_1_219' title='bbox 1645 2996 1782 3050; x_wconf 89' lang='lat' dir='ltr'><strong>forte</strong></span> <span class='ocrx_word' id='word_1_220' title='bbox 1807 2994 2121 3050; x_wconf 84' lang='lat' dir='ltr'><strong>discernen-</strong></span> 
     </span>
    </p>
   </div>
   <div class='ocr_carea' id='block_1_29' title="bbox 534 3085 2117 3173">
    <p class='ocr_par' dir='ltr' id='par_1_29' title="bbox 534 3085 2117 3173">
     <span class='ocr_line' id='line_1_29' title="bbox 534 3085 2117 3173; baseline -0.018 -9"><span class='ocrx_word' id='word_1_221' title='bbox 534 3107 660 3164; x_wconf 87' lang='lat' dir='ltr'><strong>dunt</strong></span> <span class='ocrx_word' id='word_1_222' title='bbox 690 3105 935 3173; x_wconf 88' lang='lat' dir='ltr'><strong>cuiquam</strong></span> <span class='ocrx_word' id='word_1_223' title='bbox 969 3100 1177 3154; x_wconf 85' lang='lat' dir='ltr'><strong>videtur</strong></span> <span class='ocrx_word' id='word_1_224' title='bbox 1215 3093 1355 3165; x_wconf 89' lang='lat' dir='ltr'><strong>quod</strong></span> <span class='ocrx_word' id='word_1_225' title='bbox 1388 3092 1472 3145; x_wconf 90' lang='lat' dir='ltr'><strong>vel</strong></span> <span class='ocrx_word' id='word_1_226' title='bbox 1502 3092 1731 3143; x_wconf 78' lang='lat' dir='ltr'><strong>fortuna:</strong></span> <span class='ocrx_word' id='word_1_227' title='bbox 1759 3086 1840 3140; x_wconf 89' lang='lat' dir='ltr'><strong>vel</strong></span> <span class='ocrx_word' id='word_1_228' title='bbox 1873 3085 2117 3147; x_wconf 90' lang='lat' dir='ltr'><strong>uberutn,</strong></span> 
     </span>
    </p>
   </div>
   <div class='ocr_carea' id='block_1_30' title="bbox 535 3176 2124 3264">
    <p class='ocr_par' dir='ltr' id='par_1_30' title="bbox 535 3176 2124 3264">
     <span class='ocr_line' id='line_1_30' title="bbox 535 3176 2124 3264; baseline -0.017 -9"><span class='ocrx_word' id='word_1_229' title='bbox 535 3216 641 3255; x_wconf 86' lang='lat' dir='ltr'><strong>nun</strong></span> <span class='ocrx_word' id='word_1_230' title='bbox 672 3197 784 3264; x_wconf 89' lang='lat' dir='ltr'><strong>ipsa</strong></span> <span class='ocrx_word' id='word_1_231' title='bbox 825 3192 988 3248; x_wconf 79' lang='lat' dir='ltr'><strong>ubera</strong></span> <span class='ocrx_word' id='word_1_232' title='bbox 1019 3205 1112 3245; x_wconf 77' lang='lat' dir='ltr'><strong>seu</strong></span> <span class='ocrx_word' id='word_1_233' title='bbox 1146 3187 1349 3241; x_wconf 83' lang='lat' dir='ltr'><strong>fortuna</strong></span> <span class='ocrx_word' id='word_1_234' title='bbox 1369 3225 1382 3247; x_wconf 91' lang='lat'><strong>,</strong></span> <span class='ocrx_word' id='word_1_235' title='bbox 1405 3184 1497 3237; x_wconf 82' lang='lat' dir='ltr'><strong>sed</strong></span> <span class='ocrx_word' id='word_1_236' title='bbox 1520 3180 1620 3234; x_wconf 88' lang='lat' dir='ltr'><strong>alia</strong></span> <span class='ocrx_word' id='word_1_237' title='bbox 1645 3194 1733 3233; x_wconf 71' lang='lat' dir='ltr'><strong>res</strong></span> <span class='ocrx_word' id='word_1_238' title='bbox 1757 3176 1999 3247; x_wconf 71' lang='lat' dir='ltr'><strong>quietiam</strong></span> <span class='ocrx_word' id='word_1_239' title='bbox 2027 3188 2124 3228; x_wconf 84' lang='lat' dir='ltr'><strong>nos</strong></span> 
     </span>
    </p>
   </div>
   <div class='ocr_carea' id='block_1_31' title="bbox 537 3267 2125 3353">
    <p class='ocr_par' dir='ltr' id='par_1_31' title="bbox 537 3267 2125 3353">
     <span class='ocr_line' id='line_1_31' title="bbox 537 3267 2125 3353; baseline -0.016 -6"><span class='ocrx_word' id='word_1_240' title='bbox 537 3292 695 3347; x_wconf 81' lang='lat' dir='ltr'><strong>faciat</strong></span> <span class='ocrx_word' id='word_1_241' title='bbox 721 3292 1133 3353; x_wconf 80' lang='lat' dir='ltr'><strong>contemptores.</strong></span> <span class='ocrx_word' id='word_1_242' title='bbox 1165 3278 1303 3333; x_wconf 82' lang='lat' dir='ltr'><strong>Nihil</strong></span> <span class='ocrx_word' id='word_1_243' title='bbox 1333 3290 1579 3345; x_wconf 81' lang='lat' dir='ltr'><strong>magnum</strong></span> <span class='ocrx_word' id='word_1_244' title='bbox 1611 3280 1723 3331; x_wconf 59' lang='lat' dir='ltr'><strong>est,</strong></span> <span class='ocrx_word' id='word_1_245' title='bbox 1753 3269 1988 3339; x_wconf 74' lang='lat' dir='ltr'><strong>inquam,</strong></span> <span class='ocrx_word' id='word_1_246' title='bbox 2019 3267 2125 3321; x_wconf 90' lang='lat' dir='ltr'><strong>alio</strong></span> 
     </span>
    </p>
   </div>
   <div class='ocr_carea' id='block_1_32' title="bbox 541 3357 2122 3437">
    <p class='ocr_par' dir='ltr' id='par_1_32' title="bbox 541 3357 2122 3437">
     <span class='ocr_line' id='line_1_32' title="bbox 541 3357 2122 3437; baseline -0.016 -2"><span class='ocrx_word' id='word_1_247' title='bbox 541 3380 697 3437; x_wconf 84' lang='lat' dir='ltr'><strong>simili</strong></span> <span class='ocrx_word' id='word_1_248' title='bbox 737 3378 831 3432; x_wconf 89' lang='lat' dir='ltr'><strong>uti.</strong></span> <span class='ocrx_word' id='word_1_249' title='bbox 859 3375 989 3430; x_wconf 76' lang='lat' dir='ltr'><strong>Nam</strong></span> <span class='ocrx_word' id='word_1_250' title='bbox 1029 3380 1089 3425; x_wconf 87' lang='lat' dir='ltr'><strong>ut</strong></span> <span class='ocrx_word' id='word_1_251' title='bbox 1111 3370 1227 3424; x_wconf 87' lang='lat' dir='ltr'><strong>sine</strong></span> <span class='ocrx_word' id='word_1_252' title='bbox 1264 3366 1424 3431; x_wconf 90' lang='lat' dir='ltr'><strong>navi,</strong></span> <span class='ocrx_word' id='word_1_253' title='bbox 1456 3363 1537 3418; x_wconf 83' lang='lat' dir='ltr'><strong>vel</strong></span> <span class='ocrx_word' id='word_1_254' title='bbox 1575 3360 1813 3430; x_wconf 86' lang='lat' dir='ltr'><strong>qttoli&#39;hct</strong></span> <span class='ocrx_word' id='word_1_255' title='bbox 1849 3357 2122 3425; x_wconf 84' lang='lat' dir='ltr'><strong>vehiculo,</strong></span> 
     </span>
    </p>
   </div>
   <div class='ocr_carea' id='block_1_33' title="bbox 543 3451 2129 3531">
    <p class='ocr_par' dir='ltr' id='par_1_33' title="bbox 543 3451 2129 3531">
     <span class='ocr_line' id='line_1_33' title="bbox 543 3451 2129 3531; baseline -0.016 -1"><span class='ocrx_word' id='word_1_256' title='bbox 543 3482 637 3530; x_wconf 89' lang='lat' dir='ltr'><strong>aut</strong></span> <span class='ocrx_word' id='word_1_257' title='bbox 669 3469 923 3531; x_wconf 84' lang='lat' dir='ltr'><strong>omnino,</strong></span> <span class='ocrx_word' id='word_1_258' title='bbox 970 3480 1038 3520; x_wconf 89' lang='lat' dir='ltr'><strong>ne</strong></span> <span class='ocrx_word' id='word_1_259' title='bbox 1065 3464 1145 3517; x_wconf 88' lang='lat' dir='ltr'><strong>vel</strong></span> <span class='ocrx_word' id='word_1_260' title='bbox 1199 3462 1371 3530; x_wconf 64' lang='lat' dir='ltr'><strong>ipsum</strong></span> <span class='ocrx_word' id='word_1_261' title='bbox 1405 3456 1672 3511; x_wconf 65' lang='lat' dir='ltr'><strong>Dmdalnm</strong></span> <span class='ocrx_word' id='word_1_262' title='bbox 1716 3454 1966 3517; x_wconf 86' lang='lat' dir='ltr'><strong>timeam,</strong></span> <span class='ocrx_word' id='word_1_263' title='bbox 2013 3451 2129 3505; x_wconf 84' lang='lat' dir='ltr'><strong>sine</strong></span> 
     </span>
    </p>
   </div>
   <div class='ocr_carea' id='block_1_34' title="bbox 542 3543 2130 3621">
    <p class='ocr_par' dir='ltr' id='par_1_34' title="bbox 542 3543 2130 3621">
     <span class='ocr_line' id='line_1_34' title="bbox 542 3543 2130 3621; baseline -0.014 0"><span class='ocrx_word' id='word_1_264' title='bbox 542 3565 667 3621; x_wconf 82' lang='lat' dir='ltr'><strong>ullis</strong></span> <span class='ocrx_word' id='word_1_265' title='bbox 697 3561 764 3617; x_wconf 90' lang='lat' dir='ltr'><strong>ad</strong></span> <span class='ocrx_word' id='word_1_266' title='bbox 816 3560 952 3614; x_wconf 90' lang='lat' dir='ltr'><strong>hanc</strong></span> <span class='ocrx_word' id='word_1_267' title='bbox 981 3572 1093 3611; x_wconf 82' lang='lat' dir='ltr'><strong>rent</strong></span> <span class='ocrx_word' id='word_1_268' title='bbox 1142 3548 1559 3607; x_wconf 86' lang='lat' dir='ltr'><strong>acconnttodatis</strong></span> <span class='ocrx_word' id='word_1_269' title='bbox 1590 3543 1953 3600; x_wconf 75' lang='lat' dir='ltr'><strong>instrumentis</strong></span> <span class='ocrx_word' id='word_1_270' title='bbox 1976 3587 1990 3608; x_wconf 89' lang='lat'><strong>,</strong></span> <span class='ocrx_word' id='word_1_271' title='bbox 2037 3551 2130 3598; x_wconf 89' lang='lat' dir='ltr'><strong>aut.</strong></span> 
     </span>
    </p>
   </div>
   <div class='ocr_carea' id='block_1_35' title="bbox 545 3641 2127 3725">
    <p class='ocr_par' dir='ltr' id='par_1_35' title="bbox 545 3641 2127 3725">
     <span class='ocr_line' id='line_1_35' title="bbox 545 3641 2127 3725; baseline -0.012 -15"><span class='ocrx_word' id='word_1_272' title='bbox 545 3658 720 3725; x_wconf 83' lang='lat' dir='ltr'><strong>aliqua</strong></span> <span class='ocrx_word' id='word_1_273' title='bbox 743 3650 1032 3707; x_wconf 78' lang='lat' dir='ltr'><strong>occultiore</strong></span> <span class='ocrx_word' id='word_1_274' title='bbox 1063 3644 1318 3718; x_wconf 83' lang='lat' dir='ltr'><strong>potentia.</strong></span> <span class='ocrx_word' id='word_1_275' title='bbox 1340 3641 1567 3721; x_wconf 56' lang='lat' dir='ltr'><strong>Algeutn</strong></span> <span class='ocrx_word' id='word_1_276' title='bbox 1600 3652 1745 3693; x_wconf 86' lang='lat' dir='ltr'><strong>mare</strong></span> <span class='ocrx_word' id='word_1_277' title='bbox 1773 3652 1931 3692; x_wconf 88' lang='lat' dir='ltr'><strong>nemo</strong></span> <span class='ocrx_word' id='word_1_278' title='bbox 1953 3645 2127 3691; x_wconf 87' lang='lat' dir='ltr'><strong>trans-</strong></span> 
     </span>
    </p>
   </div>
   <div class='ocr_carea' id='block_1_36' title="bbox 542 3731 2130 3813">
    <p class='ocr_par' dir='ltr' id='par_1_36' title="bbox 542 3731 2130 3813">
     <span class='ocr_line' id='line_1_36' title="bbox 542 3731 2130 3813; baseline -0.023 -5"><span class='ocrx_word' id='word_1_279' title='bbox 542 3753 736 3812; x_wconf 82' lang='lat' dir='ltr'><strong>niitttt;</strong></span> <span class='ocrx_word' id='word_1_280' title='bbox 784 3741 1026 3813; x_wconf 87' lang='lat' dir='ltr'><strong>quatmis</strong></span> <span class='ocrx_word' id='word_1_281' title='bbox 1075 3738 1205 3795; x_wconf 84' lang='lat' dir='ltr'><strong>nihil</strong></span> <span class='ocrx_word' id='word_1_282' title='bbox 1247 3736 1422 3801; x_wconf 82' lang='lat' dir='ltr'><strong>aliud,</strong></span> <span class='ocrx_word' id='word_1_283' title='bbox 1467 3750 1625 3805; x_wconf 88' lang='lat' dir='ltr'><strong>quant</strong></span> <span class='ocrx_word' id='word_1_284' title='bbox 1670 3731 1950 3802; x_wconf 73' lang='lat' dir='ltr'><strong>pervenire</strong></span> <span class='ocrx_word' id='word_1_285' title='bbox 2010 3747 2130 3799; x_wconf 75' lang='lat' dir='ltr'><strong>pm.</strong></span> 
     </span>
    </p>
   </div>
   <div class='ocr_carea' id='block_1_37' title="bbox 545 3821 2131 3919">
    <p class='ocr_par' dir='ltr' id='par_1_37' title="bbox 545 3821 2131 3919">
     <span class='ocr_line' id='line_1_37' title="bbox 545 3821 2131 3919; baseline -0.013 -25"><span class='ocrx_word' id='word_1_286' title='bbox 545 3852 742 3919; x_wconf 82' lang='lat' dir='ltr'><strong>ponat;</strong></span> <span class='ocrx_word' id='word_1_287' title='bbox 769 3835 909 3909; x_wconf 89' lang='lat' dir='ltr'><strong>qttod</strong></span> <span class='ocrx_word' id='word_1_288' title='bbox 934 3849 1054 3890; x_wconf 90' lang='lat' dir='ltr'><strong>cum</strong></span> <span class='ocrx_word' id='word_1_289' title='bbox 1085 3831 1134 3887; x_wconf 88' lang='lat' dir='ltr'><strong>ei</strong></span> <span class='ocrx_word' id='word_1_290' title='bbox 1184 3827 1454 3891; x_wconf 77' lang='lat' dir='ltr'><strong>eventrit,</strong></span> <span class='ocrx_word' id='word_1_291' title='bbox 1487 3826 1573 3879; x_wconf 89' lang='lat' dir='ltr'><strong>illa</strong></span> <span class='ocrx_word' id='word_1_292' title='bbox 1603 3823 1779 3876; x_wconf 84' lang='lat' dir='ltr'><strong>omnia</strong></span> <span class='ocrx_word' id='word_1_293' title='bbox 1823 3822 2014 3893; x_wconf 88' lang='lat' dir='ltr'><strong>quibus</strong></span> <span class='ocrx_word' id='word_1_294' title='bbox 2037 3821 2131 3875; x_wconf 90' lang='lat' dir='ltr'><strong>ad-</strong></span> 
     </span>
    </p>
   </div>
   <div class='ocr_carea' id='block_1_38' title="bbox 548 3921 2128 4000">
    <p class='ocr_par' dir='ltr' id='par_1_38' title="bbox 548 3921 2128 4000">
     <span class='ocr_line' id='line_1_38' title="bbox 548 3921 2128 4000; baseline -0.015 -8"><span class='ocrx_word' id='word_1_295' title='bbox 548 3948 733 3995; x_wconf 84' lang='lat' dir='ltr'><strong>vecms</strong></span> <span class='ocrx_word' id='word_1_296' title='bbox 772 3941 858 3989; x_wconf 88' lang='lat' dir='ltr'><strong>est</strong></span> <span class='ocrx_word' id='word_1_297' title='bbox 879 3972 895 3994; x_wconf 95' lang='lat'><strong>,</strong></span> <span class='ocrx_word' id='word_1_298' title='bbox 927 3935 1141 4000; x_wconf 87' lang='lat' dir='ltr'><strong>paratus</strong></span> <span class='ocrx_word' id='word_1_299' title='bbox 1168 3923 1237 3977; x_wconf 77' lang='lat' dir='ltr'><strong>sit</strong></span> <span class='ocrx_word' id='word_1_300' title='bbox 1283 3921 1515 3989; x_wconf 83' lang='lat' dir='ltr'><strong>ahjicere</strong></span> <span class='ocrx_word' id='word_1_301' title='bbox 1541 3927 1699 3987; x_wconf 89' lang='lat' dir='ltr'><strong>atque</strong></span> <span class='ocrx_word' id='word_1_302' title='bbox 1741 3924 2083 3970; x_wconf 84' lang='lat' dir='ltr'><strong>contemnere</strong></span> <span class='ocrx_word' id='word_1_303' title='bbox 2113 3930 2128 3968; x_wconf 91' lang='lat'><strong>:</strong></span> 
     </span>
    </p>
   </div>
   <div class='ocr_carea' id='block_1_39' title="bbox 548 4006 2132 4100">
    <p class='ocr_par' dir='ltr' id='par_1_39' title="bbox 548 4006 2132 4100">
     <span class='ocr_line' id='line_1_39' title="bbox 548 4006 2132 4100; baseline -0.019 -11"><span class='ocrx_word' id='word_1_304' title='bbox 548 4034 619 4089; x_wconf 91' lang='lat' dir='ltr'><strong>ita</strong></span> <span class='ocrx_word' id='word_1_305' title='bbox 645 4027 884 4100; x_wconf 82' lang='lat' dir='ltr'><strong>quisquis</strong></span> <span class='ocrx_word' id='word_1_306' title='bbox 925 4022 991 4076; x_wconf 90' lang='lat' dir='ltr'><strong>ad</strong></span> <span class='ocrx_word' id='word_1_307' title='bbox 1035 4016 1309 4089; x_wconf 68' lang='lat' dir='ltr'><strong>sapientia</strong></span> <span class='ocrx_word' id='word_1_308' title='bbox 1337 4023 1581 4085; x_wconf 88' lang='lat' dir='ltr'><strong>portum,</strong></span> <span class='ocrx_word' id='word_1_309' title='bbox 1628 4019 1683 4064; x_wconf 88' lang='lat' dir='ltr'><strong>et</strong></span> <span class='ocrx_word' id='word_1_310' title='bbox 1709 4009 1857 4077; x_wconf 85' lang='lat' dir='ltr'><strong>quasi</strong></span> <span class='ocrx_word' id='word_1_311' title='bbox 1888 4006 2132 4062; x_wconf 77' lang='lat' dir='ltr'><strong>firmissi-</strong></span> 
     </span>
    </p>
   </div>
   <div class='ocr_carea' id='block_1_40' title="bbox 556 4102 2136 4188">
    <p class='ocr_par' dir='ltr' id='par_1_40' title="bbox 556 4102 2136 4188">
     <span class='ocr_line' id='line_1_40' title="bbox 556 4102 2136 4188; baseline -0.016 -9"><span class='ocrx_word' id='word_1_312' title='bbox 556 4138 703 4182; x_wconf 88' lang='lat' dir='ltr'><strong>mttm</strong></span> <span class='ocrx_word' id='word_1_313' title='bbox 730 4129 784 4173; x_wconf 86' lang='lat' dir='ltr'><strong>et</strong></span> <span class='ocrx_word' id='word_1_314' title='bbox 804 4114 1193 4188; x_wconf 86' lang='lat' dir='ltr'><strong>quietissimum</strong></span> <span class='ocrx_word' id='word_1_315' title='bbox 1222 4108 1390 4164; x_wconf 88' lang='lat' dir='ltr'><strong>solum</strong></span> <span class='ocrx_word' id='word_1_316' title='bbox 1417 4105 1695 4178; x_wconf 76' lang='lat' dir='ltr'><strong>pem-nire</strong></span> <span class='ocrx_word' id='word_1_317' title='bbox 1722 4102 1980 4165; x_wconf 88' lang='lat' dir='ltr'><strong>voluerit;</strong></span> <span class='ocrx_word' id='word_1_318' title='bbox 2012 4116 2136 4171; x_wconf 87' lang='lat' dir='ltr'><strong>quo-</strong></span> 
     </span>
    </p>
   </div>
   <div class='ocr_carea' id='block_1_41' title="bbox 550 4178 2135 4279">
    <p class='ocr_par' dir='ltr' id='par_1_41' title="bbox 550 4178 2135 4279">
     <span class='ocr_line' id='line_1_41' title="bbox 550 4178 2135 4279; baseline -0.015 -3"><span class='ocrx_word' id='word_1_319' title='bbox 550 4219 715 4279; x_wconf 85' lang='lat' dir='ltr'><strong>niam,</strong></span> <span class='ocrx_word' id='word_1_320' title='bbox 739 4223 796 4270; x_wconf 93' lang='lat' dir='ltr'><strong>ut</strong></span> <span class='ocrx_word' id='word_1_321' title='bbox 821 4212 921 4266; x_wconf 87' lang='lat' dir='ltr'><strong>alia</strong></span> <span class='ocrx_word' id='word_1_322' title='bbox 954 4209 1194 4264; x_wconf 89' lang='lat' dir='ltr'><strong>omittam</strong></span> <span class='ocrx_word' id='word_1_323' title='bbox 1218 4246 1233 4270; x_wconf 87' lang='lat'><strong>,</strong></span> <span class='ocrx_word' id='word_1_324' title='bbox 1263 4203 1307 4259; x_wconf 94' lang='lat' dir='ltr'><strong>si</strong></span> <span class='ocrx_word' id='word_1_325' title='bbox 1334 4216 1511 4257; x_wconf 60' lang='lat' dir='ltr'><strong>caicus</strong></span> <span class='ocrx_word' id='word_1_326' title='bbox 1534 4215 1597 4254; x_wconf 90' lang='lat' dir='ltr'><strong>ac</strong></span> <span class='ocrx_word' id='word_1_327' title='bbox 1618 4198 1812 4253; x_wconf 85' lang='lat' dir='ltr'><strong>surdus</strong></span> <span class='ocrx_word' id='word_1_328' title='bbox 1832 4178 2009 4261; x_wconf 76' lang='lat' dir='ltr'><strong>fuerit,</strong></span> <span class='ocrx_word' id='word_1_329' title='bbox 2029 4213 2135 4252; x_wconf 91' lang='lat' dir='ltr'><strong>non</strong></span> 
     </span>
    </p>
   </div>
   <div class='ocr_carea' id='block_1_42' title="bbox 550 4288 2134 4384">
    <p class='ocr_par' dir='ltr' id='par_1_42' title="bbox 550 4288 2134 4384">
     <span class='ocr_line' id='line_1_42' title="bbox 550 4288 2134 4384; baseline -0.014 -20"><span class='ocrx_word' id='word_1_330' title='bbox 550 4317 760 4384; x_wconf 86' lang='lat' dir='ltr'><strong>potest,</strong></span> <span class='ocrx_word' id='word_1_331' title='bbox 792 4300 933 4375; x_wconf 88' lang='lat' dir='ltr'><strong>quod</strong></span> <span class='ocrx_word' id='word_1_332' title='bbox 972 4298 1200 4371; x_wconf 88' lang='lat' dir='ltr'><strong>positum</strong></span> <span class='ocrx_word' id='word_1_333' title='bbox 1255 4304 1337 4351; x_wconf 71' lang='lat' dir='ltr'><strong>est</strong></span> <span class='ocrx_word' id='word_1_334' title='bbox 1379 4293 1431 4347; x_wconf 91' lang='lat' dir='ltr'><strong>in</strong></span> <span class='ocrx_word' id='word_1_335' title='bbox 1458 4299 1716 4362; x_wconf 79' lang='lat' dir='ltr'><strong>potestate</strong></span> <span class='ocrx_word' id='word_1_336' title='bbox 1746 4288 1990 4353; x_wconf 75' lang='lat' dir='ltr'><strong>fortunze,</strong></span> <span class='ocrx_word' id='word_1_337' title='bbox 2039 4303 2134 4343; x_wconf 53' lang='lat' dir='ltr'><strong>ne-</strong></span> 
     </span>
    </p>
   </div>
   <div class='ocr_carea' id='block_1_43' title="bbox 547 4379 2139 4459">
    <p class='ocr_par' dir='ltr' id='par_1_43' title="bbox 547 4379 2139 4459">
     <span class='ocr_line' id='line_1_43' title="bbox 547 4379 2139 4459; baseline -0.016 1"><span class='ocrx_word' id='word_1_338' title='bbox 547 4379 833 4459; x_wconf 75' lang='lat' dir='ltr'><strong>cessat-iant</strong></span> <span class='ocrx_word' id='word_1_339' title='bbox 866 4392 994 4449; x_wconf 89' lang='lat' dir='ltr'><strong>tttilti</strong></span> <span class='ocrx_word' id='word_1_340' title='bbox 1025 4389 1232 4445; x_wconf 88' lang='lat' dir='ltr'><strong>videtur</strong></span> <span class='ocrx_word' id='word_1_341' title='bbox 1258 4386 1324 4440; x_wconf 90' lang='lat' dir='ltr'><strong>ad</strong></span> <span class='ocrx_word' id='word_1_342' title='bbox 1355 4384 1405 4439; x_wconf 91' lang='lat' dir='ltr'><strong>id</strong></span> <span class='ocrx_word' id='word_1_343' title='bbox 1425 4427 1440 4451; x_wconf 96' lang='lat'><strong>,</strong></span> <span class='ocrx_word' id='word_1_344' title='bbox 1484 4382 1624 4453; x_wconf 90' lang='lat' dir='ltr'><strong>quod</strong></span> <span class='ocrx_word' id='word_1_345' title='bbox 1655 4382 1958 4450; x_wconf 86' lang='lat' dir='ltr'><strong>concupivit</strong></span> <span class='ocrx_word' id='word_1_346' title='bbox 1985 4424 1998 4443; x_wconf 87' lang='lat'><strong>,</strong></span> <span class='ocrx_word' id='word_1_347' title='bbox 2044 4379 2139 4435; x_wconf 87' lang='lat' dir='ltr'><strong>ha-</strong></span> 
     </span>
    </p>
   </div>
   <div class='ocr_carea' id='block_1_44' title="bbox 549 4474 2139 4553">
    <p class='ocr_par' dir='ltr' id='par_1_44' title="bbox 549 4474 2139 4553">
     <span class='ocr_line' id='line_1_44' title="bbox 549 4474 2139 4553; baseline -0.016 0"><span class='ocrx_word' id='word_1_348' title='bbox 549 4496 679 4553; x_wconf 87' lang='lat' dir='ltr'><strong>bere</strong></span> <span class='ocrx_word' id='word_1_349' title='bbox 694 4494 982 4548; x_wconf 77' lang='lat' dir='ltr'><strong>fortunam.</strong></span> <span class='ocrx_word' id='word_1_350' title='bbox 1010 4484 1162 4552; x_wconf 87' lang='lat' dir='ltr'><strong>Quod</strong></span> <span class='ocrx_word' id='word_1_351' title='bbox 1184 4497 1304 4536; x_wconf 87' lang='lat' dir='ltr'><strong>cum</strong></span> <span class='ocrx_word' id='word_1_352' title='bbox 1326 4474 1644 4539; x_wconf 89' lang='lat' dir='ltr'><strong>obtinuerit,</strong></span> <span class='ocrx_word' id='word_1_353' title='bbox 1663 4474 1905 4544; x_wconf 81' lang='lat' dir='ltr'><strong>quamvis</strong></span> <span class='ocrx_word' id='word_1_354' title='bbox 1928 4482 2139 4544; x_wconf 91' lang='lat' dir='ltr'><strong>putetur</strong></span> 
     </span>
    </p>
   </div>
   <div class='ocr_carea' id='block_1_45' title="bbox 551 4569 2137 4659">
    <p class='ocr_par' dir='ltr' id='par_1_45' title="bbox 551 4569 2137 4659">
     <span class='ocr_line' id='line_1_45' title="bbox 551 4569 2137 4659; baseline -0.005 -28"><span class='ocrx_word' id='word_1_355' title='bbox 551 4589 793 4659; x_wconf 68' lang='lat' dir='ltr'><strong>indigere</strong></span> <span class='ocrx_word' id='word_1_356' title='bbox 832 4578 1149 4653; x_wconf 85' lang='lat' dir='ltr'><strong>quibusdam</strong></span> <span class='ocrx_word' id='word_1_357' title='bbox 1193 4574 1353 4631; x_wconf 84' lang='lat' dir='ltr'><strong>rebus</strong></span> <span class='ocrx_word' id='word_1_358' title='bbox 1411 4571 1477 4626; x_wconf 91' lang='lat' dir='ltr'><strong>ad</strong></span> <span class='ocrx_word' id='word_1_359' title='bbox 1517 4570 1756 4641; x_wconf 88' lang='lat' dir='ltr'><strong>corporis</strong></span> <span class='ocrx_word' id='word_1_360' title='bbox 1784 4569 2137 4623; x_wconf 84' lang='lat' dir='ltr'><strong>valetudinem</strong></span> 
     </span>
    </p>
   </div>
   <div class='ocr_carea' id='block_1_46' title="bbox 552 4654 2140 4750">
    <p class='ocr_par' dir='ltr' id='par_1_46' title="bbox 552 4654 2140 4750">
     <span class='ocr_line' id='line_1_46' title="bbox 552 4654 2140 4750; baseline -0.016 -15"><span class='ocrx_word' id='word_1_361' title='bbox 552 4654 971 4750; x_wconf 79' lang='lat' dir='ltr'><strong>pertinentibus;</strong></span> <span class='ocrx_word' id='word_1_362' title='bbox 1022 4668 1148 4726; x_wconf 88' lang='lat' dir='ltr'><strong>illitd</strong></span> <span class='ocrx_word' id='word_1_363' title='bbox 1199 4677 1373 4722; x_wconf 83' lang='lat' dir='ltr'><strong>tamen</strong></span> <span class='ocrx_word' id='word_1_364' title='bbox 1432 4673 1680 4728; x_wconf 87' lang='lat' dir='ltr'><strong>constat,</strong></span> <span class='ocrx_word' id='word_1_365' title='bbox 1738 4677 1841 4716; x_wconf 91' lang='lat' dir='ltr'><strong>non</strong></span> <span class='ocrx_word' id='word_1_366' title='bbox 1896 4654 1989 4717; x_wconf 83' lang='lat' dir='ltr'><strong>his</strong></span> <span class='ocrx_word' id='word_1_367' title='bbox 2007 4676 2140 4731; x_wconf 88' lang='lat' dir='ltr'><strong>opus</strong></span> 
     </span>
    </p>
   </div>
   <div class='ocr_carea' id='block_1_47' title="bbox 555 4752 2136 4836">
    <p class='ocr_par' dir='ltr' id='par_1_47' title="bbox 555 4752 2136 4836">
     <span class='ocr_line' id='line_1_47' title="bbox 555 4752 2136 4836; baseline -0.013 -9"><span class='ocrx_word' id='word_1_368' title='bbox 555 4786 676 4828; x_wconf 86' lang='lat' dir='ltr'><strong>esse</strong></span> <span class='ocrx_word' id='word_1_369' title='bbox 695 4778 753 4823; x_wconf 87' lang='grc' dir='ltr'><strong>ιιι</strong></span> <span class='ocrx_word' id='word_1_370' title='bbox 780 4766 992 4836; x_wconf 82' lang='lat' dir='ltr'><strong>sapiens</strong></span> <span class='ocrx_word' id='word_1_371' title='bbox 1013 4763 1116 4826; x_wconf 86' lang='lat' dir='ltr'><strong>sit,</strong></span> <span class='ocrx_word' id='word_1_372' title='bbox 1141 4759 1236 4815; x_wconf 87' lang='lat' dir='ltr'><strong>sed</strong></span> <span class='ocrx_word' id='word_1_373' title='bbox 1276 4770 1334 4813; x_wconf 92' lang='lat' dir='ltr'><strong>ut</strong></span> <span class='ocrx_word' id='word_1_374' title='bbox 1360 4761 1498 4812; x_wconf 90' lang='lat' dir='ltr'><strong>inter</strong></span> <span class='ocrx_word' id='word_1_375' title='bbox 1530 4755 1776 4810; x_wconf 89' lang='lat' dir='ltr'><strong>homines</strong></span> <span class='ocrx_word' id='word_1_376' title='bbox 1802 4753 1962 4808; x_wconf 87' lang='lat' dir='ltr'><strong>vivat.</strong></span> <span class='ocrx_word' id='word_1_377' title='bbox 1994 4752 2136 4821; x_wconf 91' lang='lat' dir='ltr'><strong>lino,</strong></span> 
     </span>
    </p>
   </div>
   <div class='ocr_carea' id='block_1_48' title="bbox 556 4847 2138 4924">
    <p class='ocr_par' dir='ltr' id='par_1_48' title="bbox 556 4847 2138 4924">
     <span class='ocr_line' id='line_1_48' title="bbox 556 4847 2138 4924; baseline -0.011 -6"><span class='ocrx_word' id='word_1_378' title='bbox 556 4864 631 4918; x_wconf 86' lang='lat' dir='ltr'><strong>ait</strong></span> <span class='ocrx_word' id='word_1_379' title='bbox 659 4861 746 4915; x_wconf 90' lang='lat' dir='ltr'><strong>ille</strong></span> <span class='ocrx_word' id='word_1_380' title='bbox 770 4898 786 4924; x_wconf 95' lang='lat'><strong>,</strong></span> <span class='ocrx_word' id='word_1_381' title='bbox 824 4858 870 4912; x_wconf 91' lang='lat' dir='ltr'><strong>si</strong></span> <span class='ocrx_word' id='word_1_382' title='bbox 896 4870 1076 4910; x_wconf 78' lang='lat' dir='ltr'><strong>ca-i-us</strong></span> <span class='ocrx_word' id='word_1_383' title='bbox 1099 4867 1165 4908; x_wconf 92' lang='lat' dir='ltr'><strong>ac</strong></span> <span class='ocrx_word' id='word_1_384' title='bbox 1188 4852 1383 4905; x_wconf 77' lang='lat' dir='ltr'><strong>surdus</strong></span> <span class='ocrx_word' id='word_1_385' title='bbox 1432 4850 1537 4913; x_wconf 88' lang='lat' dir='ltr'><strong>sit;</strong></span> <span class='ocrx_word' id='word_1_386' title='bbox 1588 4856 1643 4903; x_wconf 90' lang='lat' dir='ltr'><strong>et</strong></span> <span class='ocrx_word' id='word_1_387' title='bbox 1669 4847 1981 4916; x_wconf 83' lang='lat' dir='ltr'><strong>sapientiam</strong></span> <span class='ocrx_word' id='word_1_388' title='bbox 2020 4847 2138 4901; x_wconf 89' lang='lat' dir='ltr'><strong>adi-</strong></span> 
     </span>
    </p>
   </div>
   <div class='ocr_carea' id='block_1_49' title="bbox 558 4938 2140 5026">
    <p class='ocr_par' dir='ltr' id='par_1_49' title="bbox 558 4938 2140 5026">
     <span class='ocr_line' id='line_1_49' title="bbox 558 4938 2140 5026; baseline -0.005 -24"><span class='ocrx_word' id='word_1_389' title='bbox 558 4949 897 5026; x_wconf 82' lang='lat' dir='ltr'><strong>piscendam,</strong></span> <span class='ocrx_word' id='word_1_390' title='bbox 928 4957 982 5003; x_wconf 90' lang='lat' dir='ltr'><strong>et</strong></span> <span class='ocrx_word' id='word_1_391' title='bbox 1033 4946 1200 5014; x_wconf 90' lang='lat' dir='ltr'><strong>ipsam</strong></span> <span class='ocrx_word' id='word_1_392' title='bbox 1254 4941 1415 4994; x_wconf 86' lang='lat' dir='ltr'><strong>vitam</strong></span> <span class='ocrx_word' id='word_1_393' title='bbox 1446 4947 1661 5009; x_wconf 83' lang='lat' dir='ltr'><strong>propter</strong></span> <span class='ocrx_word' id='word_1_394' title='bbox 1686 4955 1843 5008; x_wconf 87' lang='lat' dir='ltr'><strong>quam</strong></span> <span class='ocrx_word' id='word_1_395' title='bbox 1881 4938 2140 5009; x_wconf 82' lang='lat' dir='ltr'><strong>sapientia</strong></span> 
     </span>
    </p>
   </div>
   <div class='ocr_carea' id='block_1_50' title="bbox 558 5032 1853 5117">
    <p class='ocr_par' dir='ltr' id='par_1_50' title="bbox 558 5032 1853 5117">
     <span class='ocr_line' id='line_1_50' title="bbox 558 5032 1853 5117; baseline -0.012 -16"><span class='ocrx_word' id='word_1_396' title='bbox 558 5044 837 5117; x_wconf 72' lang='lat' dir='ltr'><strong>quieritttr,</strong></span> <span class='ocrx_word' id='word_1_397' title='bbox 870 5053 988 5093; x_wconf 90' lang='lat' dir='ltr'><strong>utea</strong></span> <span class='ocrx_word' id='word_1_398' title='bbox 1010 5032 1276 5091; x_wconf 86' lang='lat' dir='ltr'><strong>sententia</strong></span> <span class='ocrx_word' id='word_1_399' title='bbox 1293 5075 1308 5097; x_wconf 91' lang='lat'><strong>,</strong></span> <span class='ocrx_word' id='word_1_400' title='bbox 1333 5032 1453 5103; x_wconf 84' lang='lat' dir='ltr'><strong>jure</strong></span> <span class='ocrx_word' id='word_1_401' title='bbox 1477 5041 1785 5087; x_wconf 90' lang='lat' dir='ltr'><strong>contemnet</strong></span> <span class='ocrx_word' id='word_1_402' title='bbox 1813 5032 1853 5085; x_wconf 77' lang='grc'><strong>³.</strong></span> 
     </span>
    </p>
   </div>
   <div class='ocr_carea' id='block_1_51' title="bbox 629 5124 2142 5199">
    <p class='ocr_par' dir='ltr' id='par_1_51' title="bbox 629 5124 2142 5199">
     <span class='ocr_line' id='line_1_51' title="bbox 629 5124 2142 5199; baseline -0.003 -12"><span class='ocrx_word' id='word_1_403' title='bbox 629 5135 685 5193; x_wconf 71' lang='grc' dir='ltr'><strong>ι.</strong></span> <span class='ocrx_word' id='word_1_404' title='bbox 717 5133 950 5195; x_wconf 85' lang='lat' dir='ltr'><strong>Tamen,</strong></span> <span class='ocrx_word' id='word_1_405' title='bbox 980 5129 1219 5199; x_wconf 89' lang='lat' dir='ltr'><strong>inquam,</strong></span> <span class='ocrx_word' id='word_1_406' title='bbox 1256 5141 1375 5181; x_wconf 91' lang='lat' dir='ltr'><strong>cum</strong></span> <span class='ocrx_word' id='word_1_407' title='bbox 1406 5124 1522 5195; x_wconf 77' lang='lat' dir='ltr'><strong>ipsa</strong></span> <span class='ocrx_word' id='word_1_408' title='bbox 1557 5126 1662 5179; x_wconf 87' lang='lat' dir='ltr'><strong>vita</strong></span> <span class='ocrx_word' id='word_1_409' title='bbox 1694 5137 1895 5188; x_wconf 86' lang='lat' dir='ltr'><strong>nostra,</strong></span> <span class='ocrx_word' id='word_1_410' title='bbox 1925 5140 2026 5195; x_wconf 90' lang='lat' dir='ltr'><strong>qua</strong></span> <span class='ocrx_word' id='word_1_411' title='bbox 2054 5124 2142 5183; x_wconf 90' lang='lat' dir='ltr'><strong>hic</strong></span> 
     </span>
    </p>
   </div>
   <div class='ocr_carea' id='block_1_52' title="bbox 560 5216 2144 5289">
    <p class='ocr_par' dir='ltr' id='par_1_52' title="bbox 560 5216 2144 5289">
     <span class='ocr_line' id='line_1_52' title="bbox 560 5216 2144 5289; baseline -0.01 -5"><span class='ocrx_word' id='word_1_412' title='bbox 560 5227 827 5289; x_wconf 72' lang='lat' dir='ltr'><strong>vivimus,</strong></span> <span class='ocrx_word' id='word_1_413' title='bbox 862 5223 932 5277; x_wconf 90' lang='lat' dir='ltr'><strong>sit</strong></span> <span class='ocrx_word' id='word_1_414' title='bbox 962 5222 1012 5275; x_wconf 86' lang='lat' dir='ltr'><strong>iit</strong></span> <span class='ocrx_word' id='word_1_415' title='bbox 1066 5227 1325 5288; x_wconf 83' lang='lat' dir='ltr'><strong>petestate</strong></span> <span class='ocrx_word' id='word_1_416' title='bbox 1377 5216 1631 5282; x_wconf 70' lang='lat' dir='ltr'><strong>fortunat;</strong></span> <span class='ocrx_word' id='word_1_417' title='bbox 1690 5233 1789 5274; x_wconf 88' lang='lat' dir='ltr'><strong>nec</strong></span> <span class='ocrx_word' id='word_1_418' title='bbox 1834 5218 1933 5273; x_wconf 91' lang='lat' dir='ltr'><strong>nisi</strong></span> <span class='ocrx_word' id='word_1_419' title='bbox 1961 5218 2144 5274; x_wconf 80' lang='lat' dir='ltr'><strong>vivens</strong></span> 
     </span>
    </p>
   </div>
   <div class='ocr_carea' id='block_1_53' title="bbox 557 5309 2144 5396">
    <p class='ocr_par' dir='ltr' id='par_1_53' title="bbox 557 5309 2144 5396">
     <span class='ocr_line' id='line_1_53' title="bbox 557 5309 2144 5396; baseline -0.004 -24"><span class='ocrx_word' id='word_1_420' title='bbox 557 5323 785 5396; x_wconf 83' lang='lat' dir='ltr'><strong>quisque</strong></span> <span class='ocrx_word' id='word_1_421' title='bbox 812 5315 1027 5387; x_wconf 84' lang='lat' dir='ltr'><strong>sapiens</strong></span> <span class='ocrx_word' id='word_1_422' title='bbox 1054 5312 1166 5368; x_wconf 85' lang='lat' dir='ltr'><strong>fieri</strong></span> <span class='ocrx_word' id='word_1_423' title='bbox 1199 5311 1364 5383; x_wconf 73' lang='lat' dir='ltr'><strong>pOSsit</strong></span> <span class='ocrx_word' id='word_1_424' title='bbox 1383 5328 1396 5365; x_wconf 92' lang='lat'><strong>:</strong></span> <span class='ocrx_word' id='word_1_425' title='bbox 1415 5327 1589 5366; x_wconf 91' lang='lat' dir='ltr'><strong>nonne</strong></span> <span class='ocrx_word' id='word_1_426' title='bbox 1616 5309 1887 5366; x_wconf 87' lang='lat' dir='ltr'><strong>fatendum</strong></span> <span class='ocrx_word' id='word_1_427' title='bbox 1907 5319 1991 5365; x_wconf 89' lang='lat' dir='ltr'><strong>est</strong></span> <span class='ocrx_word' id='word_1_428' title='bbox 2009 5327 2144 5381; x_wconf 86' lang='lat' dir='ltr'><strong>opus</strong></span> 
     </span>
    </p>
   </div>
   <div class='ocr_carea' id='block_1_54' title="bbox 561 5404 2146 5482">
    <p class='ocr_par' dir='ltr' id='par_1_54' title="bbox 561 5404 2146 5482">
     <span class='ocr_line' id='line_1_54' title="bbox 561 5404 2146 5482; baseline -0.008 -10"><span class='ocrx_word' id='word_1_429' title='bbox 561 5430 683 5473; x_wconf 83' lang='lat' dir='ltr'><strong>esse</strong></span> <span class='ocrx_word' id='word_1_430' title='bbox 732 5413 849 5482; x_wconf 88' lang='lat' dir='ltr'><strong>ejus</strong></span> <span class='ocrx_word' id='word_1_431' title='bbox 890 5410 1098 5474; x_wconf 83' lang='lat' dir='ltr'><strong>favore,</strong></span> <span class='ocrx_word' id='word_1_432' title='bbox 1143 5421 1249 5476; x_wconf 90' lang='lat' dir='ltr'><strong>quo</strong></span> <span class='ocrx_word' id='word_1_433' title='bbox 1290 5405 1354 5461; x_wconf 92' lang='lat' dir='ltr'><strong>ad</strong></span> <span class='ocrx_word' id='word_1_434' title='bbox 1384 5406 1697 5476; x_wconf 88' lang='lat' dir='ltr'><strong>sapientiam</strong></span> <span class='ocrx_word' id='word_1_435' title='bbox 1751 5404 2146 5473; x_wconf 71' lang='lat' dir='ltr'><strong>pervehuntur?</strong></span> 
     </span>
    </p>
   </div>
   <div class='ocr_carea' id='block_1_55' title="bbox 560 5494 2150 5574">
    <p class='ocr_par' dir='ltr' id='par_1_55' title="bbox 560 5494 2150 5574">
     <span class='ocr_line' id='line_1_55' title="bbox 560 5494 2150 5574; baseline -0.01 -8"><span class='ocrx_word' id='word_1_436' title='bbox 560 5506 666 5565; x_wconf 83' lang='lat' dir='ltr'><strong>Sed</strong></span> <span class='ocrx_word' id='word_1_437' title='bbox 711 5521 833 5561; x_wconf 87' lang='lat' dir='ltr'><strong>cum</strong></span> <span class='ocrx_word' id='word_1_438' title='bbox 862 5503 1157 5574; x_wconf 82' lang='lat' dir='ltr'><strong>sapientja,</strong></span> <span class='ocrx_word' id='word_1_439' title='bbox 1189 5500 1396 5570; x_wconf 88' lang='lat' dir='ltr'><strong>inquit,</strong></span> <span class='ocrx_word' id='word_1_440' title='bbox 1453 5513 1555 5551; x_wconf 89' lang='lat' dir='ltr'><strong>nott</strong></span> <span class='ocrx_word' id='word_1_441' title='bbox 1601 5497 1697 5552; x_wconf 90' lang='lat' dir='ltr'><strong>nisi</strong></span> <span class='ocrx_word' id='word_1_442' title='bbox 1741 5494 2040 5552; x_wconf 83' lang='lat' dir='ltr'><strong>viventibus</strong></span> <span class='ocrx_word' id='word_1_443' title='bbox 2076 5498 2150 5555; x_wconf 89' lang='lat' dir='ltr'><strong>sit</strong></span> 
     </span>
    </p>
   </div>
   <div class='ocr_carea' id='block_1_56' title="bbox 566 5586 2149 5663">
    <p class='ocr_par' dir='ltr' id='par_1_56' title="bbox 566 5586 2149 5663">
     <span class='ocr_line' id='line_1_56' title="bbox 566 5586 2149 5663; baseline -0.009 -7"><span class='ocrx_word' id='word_1_444' title='bbox 566 5599 903 5663; x_wconf 74' lang='lat' dir='ltr'><strong>necessaria,</strong></span> <span class='ocrx_word' id='word_1_445' title='bbox 949 5604 1258 5662; x_wconf 88' lang='lat' dir='ltr'><strong>remotaque</strong></span> <span class='ocrx_word' id='word_1_446' title='bbox 1299 5593 1404 5644; x_wconf 85' lang='lat' dir='ltr'><strong>vita</strong></span> <span class='ocrx_word' id='word_1_447' title='bbox 1461 5588 1605 5642; x_wconf 91' lang='lat' dir='ltr'><strong>nulla</strong></span> <span class='ocrx_word' id='word_1_448' title='bbox 1651 5588 1719 5641; x_wconf 91' lang='lat' dir='ltr'><strong>sit</strong></span> <span class='ocrx_word' id='word_1_449' title='bbox 1751 5586 2035 5657; x_wconf 77' lang='lat' dir='ltr'><strong>indigentia</strong></span> <span class='ocrx_word' id='word_1_450' title='bbox 2065 5606 2149 5643; x_wconf 87' lang='lat' dir='ltr'><strong>sa-</strong></span> 
     </span>
    </p>
   </div>
   <div class='ocr_carea' id='block_1_57' title="bbox 567 5682 2153 5766">
    <p class='ocr_par' dir='ltr' id='par_1_57' title="bbox 567 5682 2153 5766">
     <span class='ocr_line' id='line_1_57' title="bbox 567 5682 2153 5766; baseline -0.009 -16"><span class='ocrx_word' id='word_1_451' title='bbox 567 5693 813 5766; x_wconf 79' lang='lat' dir='ltr'><strong>pientiae,</strong></span> <span class='ocrx_word' id='word_1_452' title='bbox 845 5689 977 5745; x_wconf 88' lang='lat' dir='ltr'><strong>nihil</strong></span> <span class='ocrx_word' id='word_1_453' title='bbox 1021 5688 1073 5743; x_wconf 87' lang='lat' dir='ltr'><strong>iit</strong></span> <span class='ocrx_word' id='word_1_454' title='bbox 1118 5683 1455 5759; x_wconf 78' lang='lat' dir='ltr'><strong>propaganda</strong></span> <span class='ocrx_word' id='word_1_455' title='bbox 1492 5682 1593 5735; x_wconf 71' lang='lat' dir='ltr'><strong>vita</strong></span> <span class='ocrx_word' id='word_1_456' title='bbox 1640 5682 1958 5752; x_wconf 88' lang='lat' dir='ltr'><strong>pertimesco</strong></span> <span class='ocrx_word' id='word_1_457' title='bbox 1988 5682 2153 5739; x_wconf 85' lang='lat' dir='ltr'><strong>fortu-</strong></span> 
     </span>
    </p>
   </div>
   <div class='ocr_carea' id='block_1_58' title="bbox 571 5777 2147 5854">
    <p class='ocr_par' dir='ltr' id='par_1_58' title="bbox 571 5777 2147 5854">
     <span class='ocr_line' id='line_1_58' title="bbox 571 5777 2147 5854; baseline -0.008 -7"><span class='ocrx_word' id='word_1_458' title='bbox 571 5806 717 5849; x_wconf 85' lang='lat' dir='ltr'><strong>nam.</strong></span> <span class='ocrx_word' id='word_1_459' title='bbox 749 5787 956 5844; x_wconf 83' lang='lat' dir='ltr'><strong>Etenim</strong></span> <span class='ocrx_word' id='word_1_460' title='bbox 995 5784 1115 5854; x_wconf 88' lang='lat' dir='ltr'><strong>quia</strong></span> <span class='ocrx_word' id='word_1_461' title='bbox 1149 5782 1267 5834; x_wconf 77' lang='lat' dir='ltr'><strong>vivo</strong></span> <span class='ocrx_word' id='word_1_462' title='bbox 1287 5820 1303 5847; x_wconf 90' lang='lat'><strong>,</strong></span> <span class='ocrx_word' id='word_1_463' title='bbox 1346 5786 1624 5849; x_wconf 84' lang='lat' dir='ltr'><strong>propterea</strong></span> <span class='ocrx_word' id='word_1_464' title='bbox 1653 5777 1773 5833; x_wconf 84' lang='lat' dir='ltr'><strong>volo</strong></span> <span class='ocrx_word' id='word_1_465' title='bbox 1801 5777 2147 5850; x_wconf 83' lang='lat' dir='ltr'><strong>sapientiam,</strong></span> 
     </span>
    </p>
   </div>
   <div class='ocr_carea' id='block_1_59' title="bbox 630 5891 1411 5957">
    <p class='ocr_par' dir='ltr' id='par_1_59' title="bbox 630 5891 1411 5957">
     <span class='ocr_line' id='line_1_59' title="bbox 630 5891 1411 5957; baseline -0.02 1"><span class='ocrx_word' id='word_1_466' title='bbox 630 5902 649 5937; x_wconf 85' lang='grc'>¹</span> <span class='ocrx_word' id='word_1_467' title='bbox 668 5907 770 5957; x_wconf 65' lang='lat' dir='ltr'><strong>ra.</strong></span> <span class='ocrx_word' id='word_1_468' title='bbox 796 5905 870 5952; x_wconf 79' lang='lat' dir='ltr'><strong>Er.</strong></span> <span class='ocrx_word' id='word_1_469' title='bbox 900 5906 1015 5950; x_wconf 72' lang='lat' dir='ltr'><strong>ven.</strong></span> <span class='ocrx_word' id='word_1_470' title='bbox 1041 5891 1308 5949; x_wconf 75' lang='grc' dir='ltr'><strong>εωιιειηηίι.</strong></span> <span class='ocrx_word' id='word_1_471' title='bbox 1353 5898 1411 5943; x_wconf 73' lang='grc' dir='ltr'><strong>Μ.</strong></span> 
     </span>
    </p>
   </div>
   <div class='ocr_carea' id='block_1_60' title="bbox 1538 366 2806 444">
    <p class='ocr_par' dir='ltr' id='par_1_60' title="bbox 1538 366 2806 444">
     <span class='ocr_line' id='line_1_60' title="bbox 1538 366 2806 444; baseline -0.01 -2"><span class='ocrx_word' id='word_1_472' title='bbox 1538 383 1809 443; x_wconf 74' lang='lat' dir='ltr'><strong>CONTRA</strong></span> <span class='ocrx_word' id='word_1_473' title='bbox 1851 366 2297 444; x_wconf 74' lang='lat' dir='ltr'><strong>ACADEMlCOS,</strong></span> <span class='ocrx_word' id='word_1_474' title='bbox 2336 375 2394 434; x_wconf 91' lang='lat' dir='ltr'><strong>s.</strong></span> <span class='ocrx_word' id='word_1_475' title='bbox 2437 371 2806 433; x_wconf 79' lang='lat' dir='ltr'><strong>AUGUS‘l‘lNl</strong></span> 
     </span>
    </p>
   </div>
   <div class='ocr_carea' id='block_1_61' title="bbox 3638 371 3723 435">
    <p class='ocr_par' dir='ltr' id='par_1_61' title="bbox 3638 371 3723 435">
     <span class='ocr_line' id='line_1_61' title="bbox 3638 371 3723 435; baseline -0.024 1"><span class='ocrx_word' id='word_1_476' title='bbox 3638 371 3723 435; x_wconf 73' lang='lat'><strong>936</strong></span> 
     </span>
    </p>
   </div>
   <div class='ocr_carea' id='block_1_62' title="bbox 2210 485 3721 565">
    <p class='ocr_par' dir='ltr' id='par_1_62' title="bbox 2210 485 3721 565">
     <span class='ocr_line' id='line_1_62' title="bbox 2210 485 3721 565; baseline -0.005 -17"><span class='ocrx_word' id='word_1_477' title='bbox 2210 509 2315 548; x_wconf 86' lang='lat' dir='ltr'><strong>non</strong></span> <span class='ocrx_word' id='word_1_478' title='bbox 2366 493 2506 565; x_wconf 87' lang='lat' dir='ltr'><strong>quod</strong></span> <span class='ocrx_word' id='word_1_479' title='bbox 2549 493 2863 563; x_wconf 81' lang='lat' dir='ltr'><strong>sapientiam</strong></span> <span class='ocrx_word' id='word_1_480' title='bbox 2912 486 3192 549; x_wconf 86' lang='lat' dir='ltr'><strong>desidero,</strong></span> <span class='ocrx_word' id='word_1_481' title='bbox 3219 485 3355 542; x_wconf 78' lang='lat' dir='ltr'><strong>-volo</strong></span> <span class='ocrx_word' id='word_1_482' title='bbox 3390 485 3559 544; x_wconf 76' lang='lat' dir='ltr'><strong>vitam.</strong></span> <span class='ocrx_word' id='word_1_483' title='bbox 3597 487 3721 547; x_wconf 73' lang='lat' dir='ltr'><strong>[inde</strong></span> 
     </span>
    </p>
   </div>
   <div class='ocr_carea' id='block_1_63' title="bbox 2210 580 3723 651">
    <p class='ocr_par' dir='ltr' id='par_1_63' title="bbox 2210 580 3723 651">
     <span class='ocr_line' id='line_1_63' title="bbox 2210 580 3723 651; baseline -0.007 -10"><span class='ocrx_word' id='word_1_484' title='bbox 2210 586 2416 643; x_wconf 86' lang='lat' dir='ltr'><strong>fortuna</strong></span> <span class='ocrx_word' id='word_1_485' title='bbox 2444 586 2489 641; x_wconf 88' lang='lat' dir='ltr'><strong>si</strong></span> <span class='ocrx_word' id='word_1_486' title='bbox 2511 586 2639 641; x_wconf 91' lang='lat' dir='ltr'><strong>mihi</strong></span> <span class='ocrx_word' id='word_1_487' title='bbox 2659 582 2940 639; x_wconf 86' lang='lat' dir='ltr'><strong>abstulerit</strong></span> <span class='ocrx_word' id='word_1_488' title='bbox 2956 581 3113 635; x_wconf 70' lang='lat' dir='ltr'><strong>vitam</strong></span> <span class='ocrx_word' id='word_1_489' title='bbox 3133 620 3150 643; x_wconf 94' lang='lat'><strong>,</strong></span> <span class='ocrx_word' id='word_1_490' title='bbox 3178 580 3374 633; x_wconf 82' lang='lat' dir='ltr'><strong>auferet</strong></span> <span class='ocrx_word' id='word_1_491' title='bbox 3387 592 3579 634; x_wconf 82' lang='lat' dir='ltr'><strong>causam</strong></span> <span class='ocrx_word' id='word_1_492' title='bbox 3608 596 3723 651; x_wconf 67' lang='lat' dir='ltr'><strong>quae-</strong></span> 
     </span>
    </p>
   </div>
   <div class='ocr_carea' id='block_1_64' title="bbox 2206 673 3724 751">
    <p class='ocr_par' dir='ltr' id='par_1_64' title="bbox 2206 673 3724 751">
     <span class='ocr_line' id='line_1_64' title="bbox 2206 673 3724 751; baseline -0.007 -13"><span class='ocrx_word' id='word_1_493' title='bbox 2206 682 2389 739; x_wconf 61' lang='lat' dir='ltr'><strong>rendae</strong></span> <span class='ocrx_word' id='word_1_494' title='bbox 2415 680 2709 751; x_wconf 66' lang='lat' dir='ltr'><strong>Sapientiae.</strong></span> <span class='ocrx_word' id='word_1_495' title='bbox 2741 676 2880 733; x_wconf 80' lang='lat' dir='ltr'><strong>Nihil</strong></span> <span class='ocrx_word' id='word_1_496' title='bbox 2913 675 3068 746; x_wconf 80' lang='lat' dir='ltr'><strong>igitur</strong></span> <span class='ocrx_word' id='word_1_497' title='bbox 3097 673 3286 739; x_wconf 85' lang='lat' dir='ltr'><strong>habeo,</strong></span> <span class='ocrx_word' id='word_1_498' title='bbox 3330 687 3423 727; x_wconf 90' lang='lat' dir='ltr'><strong>cur</strong></span> <span class='ocrx_word' id='word_1_499' title='bbox 3446 682 3499 726; x_wconf 88' lang='lat' dir='ltr'><strong>ut</strong></span> <span class='ocrx_word' id='word_1_500' title='bbox 3525 675 3628 727; x_wconf 89' lang='lat' dir='ltr'><strong>tiam</strong></span> <span class='ocrx_word' id='word_1_501' title='bbox 3656 690 3724 729; x_wconf 80' lang='lat' dir='ltr'><strong>sa-</strong></span> 
     </span>
    </p>
   </div>
   <div class='ocr_carea' id='block_1_65' title="bbox 2208 762 3726 845">
    <p class='ocr_par' dir='ltr' id='par_1_65' title="bbox 2208 762 3726 845">
     <span class='ocr_line' id='line_1_65' title="bbox 2208 762 3726 845; baseline -0.007 -15"><span class='ocrx_word' id='word_1_502' title='bbox 2208 774 2360 845; x_wconf 86' lang='lat' dir='ltr'><strong>piens</strong></span> <span class='ocrx_word' id='word_1_503' title='bbox 2379 815 2395 840; x_wconf 91' lang='lat'><strong>,</strong></span> <span class='ocrx_word' id='word_1_504' title='bbox 2425 784 2520 828; x_wconf 86' lang='lat' dir='ltr'><strong>aut</strong></span> <span class='ocrx_word' id='word_1_505' title='bbox 2547 772 2782 827; x_wconf 86' lang='lat' dir='ltr'><strong>favorem</strong></span> <span class='ocrx_word' id='word_1_506' title='bbox 2803 777 2979 839; x_wconf 88' lang='lat' dir='ltr'><strong>optent</strong></span> <span class='ocrx_word' id='word_1_507' title='bbox 3011 764 3231 819; x_wconf 73' lang='lat' dir='ltr'><strong>fortuna:</strong></span> <span class='ocrx_word' id='word_1_508' title='bbox 3256 804 3270 826; x_wconf 90' lang='lat'><em>.</em></span> <span class='ocrx_word' id='word_1_509' title='bbox 3292 772 3380 818; x_wconf 90' lang='lat' dir='ltr'><strong>aut</strong></span> <span class='ocrx_word' id='word_1_510' title='bbox 3403 762 3726 831; x_wconf 81' lang='lat' dir='ltr'><strong>impedimenta</strong></span> 
     </span>
    </p>
   </div>
   <div class='ocr_carea' id='block_1_66' title="bbox 2209 856 3726 933">
    <p class='ocr_par' dir='ltr' id='par_1_66' title="bbox 2209 856 3726 933">
     <span class='ocr_line' id='line_1_66' title="bbox 2209 856 3726 933; baseline -0.009 -10"><span class='ocrx_word' id='word_1_511' title='bbox 2209 867 2489 924; x_wconf 85' lang='lat' dir='ltr'><strong>formidem</strong></span> <span class='ocrx_word' id='word_1_512' title='bbox 2513 908 2530 933; x_wconf 94' lang='lat'><strong>,</strong></span> <span class='ocrx_word' id='word_1_513' title='bbox 2582 864 2682 921; x_wconf 90' lang='lat' dir='ltr'><strong>nisi</strong></span> <span class='ocrx_word' id='word_1_514' title='bbox 2709 863 2813 919; x_wconf 87' lang='lat' dir='ltr'><strong>alia</strong></span> <span class='ocrx_word' id='word_1_515' title='bbox 2858 860 3082 916; x_wconf 83' lang='lat' dir='ltr'><strong>fortasse</strong></span> <span class='ocrx_word' id='word_1_516' title='bbox 3132 856 3426 929; x_wconf 81' lang='lat' dir='ltr'><strong>protuleris.</strong></span> <span class='ocrx_word' id='word_1_517' title='bbox 3455 856 3579 911; x_wconf 78' lang='lat' dir='ltr'><strong>Tum</strong></span> <span class='ocrx_word' id='word_1_518' title='bbox 3614 871 3726 927; x_wconf 71' lang='lat' dir='ltr'><strong>ego;</strong></span> 
     </span>
    </p>
   </div>
   <div class='ocr_carea' id='block_1_67' title="bbox 2207 945 3728 1031">
    <p class='ocr_par' dir='ltr' id='par_1_67' title="bbox 2207 945 3728 1031">
     <span class='ocr_line' id='line_1_67' title="bbox 2207 945 3728 1031; baseline -0.009 -14"><span class='ocrx_word' id='word_1_519' title='bbox 2207 960 2323 1017; x_wconf 86' lang='lat' dir='ltr'><strong>Non</strong></span> <span class='ocrx_word' id='word_1_520' title='bbox 2354 961 2514 1031; x_wconf 85' lang='lat' dir='ltr'><strong>igitur</strong></span> <span class='ocrx_word' id='word_1_521' title='bbox 2540 970 2732 1014; x_wconf 78' lang='lat' dir='ltr'><strong>censes</strong></span> <span class='ocrx_word' id='word_1_522' title='bbox 2781 952 3054 1022; x_wconf 77' lang='lat' dir='ltr'><strong>sapientia:</strong></span> <span class='ocrx_word' id='word_1_523' title='bbox 3104 949 3395 1005; x_wconf 82' lang='lat' dir='ltr'><strong>studiosum</strong></span> <span class='ocrx_word' id='word_1_524' title='bbox 3422 962 3564 1018; x_wconf 75' lang='lat' dir='ltr'><strong>posse</strong></span> <span class='ocrx_word' id='word_1_525' title='bbox 3594 965 3619 1002; x_wconf 77' lang='grc' dir='ltr'><strong>ιι</strong></span> <span class='ocrx_word' id='word_1_526' title='bbox 3643 945 3728 1003; x_wconf 84' lang='lat' dir='ltr'><strong>for-</strong></span> 
     </span>
    </p>
   </div>
   <div class='ocr_carea' id='block_1_68' title="bbox 2212 1040 3727 1123">
    <p class='ocr_par' dir='ltr' id='par_1_68' title="bbox 2212 1040 3727 1123">
     <span class='ocr_line' id='line_1_68' title="bbox 2212 1040 3727 1123; baseline -0.009 -13"><span class='ocrx_word' id='word_1_527' title='bbox 2212 1064 2337 1111; x_wconf 89' lang='lat' dir='ltr'><strong>tuna</strong></span> <span class='ocrx_word' id='word_1_528' title='bbox 2362 1096 2380 1120; x_wconf 96' lang='lat'><strong>,</strong></span> <span class='ocrx_word' id='word_1_529' title='bbox 2411 1070 2477 1108; x_wconf 90' lang='lat' dir='ltr'><strong>ne</strong></span> <span class='ocrx_word' id='word_1_530' title='bbox 2503 1052 2567 1108; x_wconf 86' lang='lat' dir='ltr'><strong>ad</strong></span> <span class='ocrx_word' id='word_1_531' title='bbox 2606 1050 2923 1123; x_wconf 74' lang='lat' dir='ltr'><strong>Sapientiam</strong></span> <span class='ocrx_word' id='word_1_532' title='bbox 2964 1043 3259 1117; x_wconf 81' lang='lat' dir='ltr'><strong>perveniat,</strong></span> <span class='ocrx_word' id='word_1_533' title='bbox 3284 1040 3533 1112; x_wconf 79' lang='lat' dir='ltr'><strong>impediri,</strong></span> <span class='ocrx_word' id='word_1_534' title='bbox 3558 1040 3727 1096; x_wconf 75' lang='lat' dir='ltr'><strong>etiamsi</strong></span> 
     </span>
    </p>
   </div>
   <div class='ocr_carea' id='block_1_69' title="bbox 2212 1137 3477 1208">
    <p class='ocr_par' dir='ltr' id='par_1_69' title="bbox 2212 1137 3477 1208">
     <span class='ocr_line' id='line_1_69' title="bbox 2212 1137 3477 1208; baseline -0.011 -3"><span class='ocrx_word' id='word_1_535' title='bbox 2212 1152 2258 1205; x_wconf 90' lang='lat' dir='ltr'><strong>ei</strong></span> <span class='ocrx_word' id='word_1_536' title='bbox 2292 1166 2397 1205; x_wconf 90' lang='lat' dir='ltr'><strong>non</strong></span> <span class='ocrx_word' id='word_1_537' title='bbox 2426 1146 2631 1204; x_wconf 86' lang='lat' dir='ltr'><strong>auferat</strong></span> <span class='ocrx_word' id='word_1_538' title='bbox 2661 1144 2859 1200; x_wconf 86' lang='lat' dir='ltr'><strong>vitam?</strong></span> <span class='ocrx_word' id='word_1_539' title='bbox 2883 1142 2998 1199; x_wconf 83' lang='lat' dir='ltr'><strong>Non</strong></span> <span class='ocrx_word' id='word_1_540' title='bbox 3023 1141 3270 1201; x_wconf 89' lang='lat' dir='ltr'><strong>arbitror,</strong></span> <span class='ocrx_word' id='word_1_541' title='bbox 3300 1137 3477 1208; x_wconf 88' lang='lat' dir='ltr'><strong>inquit.</strong></span> 
     </span>
    </p>
   </div>
   <div class='ocr_carea' id='block_1_70' title="bbox 2208 1229 3729 1306">
    <p class='ocr_par' dir='ltr' id='par_1_70' title="bbox 2208 1229 3729 1306">
     <span class='ocr_line' id='line_1_70' title="bbox 2208 1229 3729 1306; baseline -0.012 -7"><span class='ocrx_word' id='word_1_542' title='bbox 2208 1241 2435 1299; x_wconf 80' lang='lat' dir='ltr'><strong>CAPUT</strong></span> <span class='ocrx_word' id='word_1_543' title='bbox 2463 1240 2550 1296; x_wconf 89' lang='lat' dir='ltr'><strong>lll.</strong></span> <span class='ocrx_word' id='word_1_544' title='bbox 2576 1269 2651 1281; x_wconf 91' lang='lat'><strong>——</strong></span> <span class='ocrx_word' id='word_1_545' title='bbox 2674 1236 2933 1305; x_wconf 72' lang='lat' dir='ltr'><strong>Differam</strong></span> <span class='ocrx_word' id='word_1_546' title='bbox 2966 1234 3166 1306; x_wconf 76' lang='lat' dir='ltr'><strong>sapiens</strong></span> <span class='ocrx_word' id='word_1_547' title='bbox 3192 1240 3237 1287; x_wconf 86' lang='lat' dir='ltr'><strong>et</strong></span> <span class='ocrx_word' id='word_1_548' title='bbox 3263 1230 3527 1285; x_wconf 69' lang='lat' dir='ltr'><strong>studiosus.</strong></span> <span class='ocrx_word' id='word_1_549' title='bbox 3553 1229 3729 1295; x_wconf 67' lang='lat' dir='ltr'><strong>Sepias.</strong></span> 
     </span>
    </p>
   </div>
   <div class='ocr_carea' id='block_1_71' title="bbox 2302 1321 3657 1395">
    <p class='ocr_par' dir='ltr' id='par_1_71' title="bbox 2302 1321 3657 1395">
     <span class='ocr_line' id='line_1_71' title="bbox 2302 1321 3657 1395; baseline -0.011 -6"><span class='ocrx_word' id='word_1_550' title='bbox 2302 1346 2401 1389; x_wconf 80' lang='lat' dir='ltr'><strong>tem</strong></span> <span class='ocrx_word' id='word_1_551' title='bbox 2430 1331 2661 1387; x_wconf 81' lang='lat' dir='ltr'><strong>nonnihil</strong></span> <span class='ocrx_word' id='word_1_552' title='bbox 2685 1330 2813 1385; x_wconf 76' lang='lat' dir='ltr'><strong>scire</strong></span> <span class='ocrx_word' id='word_1_553' title='bbox 2835 1370 2851 1395; x_wconf 93' lang='lat'><strong>,</strong></span> <span class='ocrx_word' id='word_1_554' title='bbox 2894 1328 3013 1395; x_wconf 78' lang='lat' dir='ltr'><strong>quia</strong></span> <span class='ocrx_word' id='word_1_555' title='bbox 3044 1324 3222 1381; x_wconf 71' lang='lat' dir='ltr'><strong>saltem</strong></span> <span class='ocrx_word' id='word_1_556' title='bbox 3262 1324 3351 1375; x_wconf 74' lang='lat' dir='ltr'><strong>scit</strong></span> <span class='ocrx_word' id='word_1_557' title='bbox 3375 1321 3657 1393; x_wconf 75' lang='lat' dir='ltr'><strong>sapientiam.</strong></span> 
     </span>
    </p>
   </div>
   <div class='ocr_carea' id='block_1_72' title="bbox 2281 1410 3727 1493">
    <p class='ocr_par' dir='ltr' id='par_1_72' title="bbox 2281 1410 3727 1493">
     <span class='ocr_line' id='line_1_72' title="bbox 2281 1410 3727 1493; baseline -0.012 -10"><span class='ocrx_word' id='word_1_558' title='bbox 2281 1427 2333 1483; x_wconf 82' lang='grc'><strong>5.</strong></span> <span class='ocrx_word' id='word_1_559' title='bbox 2393 1424 2545 1488; x_wconf 80' lang='lat' dir='ltr'><strong>Volo,</strong></span> <span class='ocrx_word' id='word_1_560' title='bbox 2578 1424 2830 1493; x_wconf 84' lang='lat' dir='ltr'><strong>inquam,</strong></span> <span class='ocrx_word' id='word_1_561' title='bbox 2884 1418 3014 1473; x_wconf 89' lang='lat' dir='ltr'><strong>tnilti</strong></span> <span class='ocrx_word' id='word_1_562' title='bbox 3062 1416 3331 1487; x_wconf 85' lang='lat' dir='ltr'><strong>paululum</strong></span> <span class='ocrx_word' id='word_1_563' title='bbox 3376 1413 3597 1484; x_wconf 87' lang='lat' dir='ltr'><strong>aperias,</strong></span> <span class='ocrx_word' id='word_1_564' title='bbox 3628 1410 3727 1483; x_wconf 86' lang='lat' dir='ltr'><strong>quid</strong></span> 
     </span>
    </p>
   </div>
   <div class='ocr_carea' id='block_1_73' title="bbox 2211 1504 3729 1585">
    <p class='ocr_par' dir='ltr' id='par_1_73' title="bbox 2211 1504 3729 1585">
     <span class='ocr_line' id='line_1_73' title="bbox 2211 1504 3729 1585; baseline -0.009 -11"><span class='ocrx_word' id='word_1_565' title='bbox 2211 1518 2303 1574; x_wconf 86' lang='lat' dir='ltr'><strong>tibi</strong></span> <span class='ocrx_word' id='word_1_566' title='bbox 2352 1518 2493 1572; x_wconf 91' lang='lat' dir='ltr'><strong>inter</strong></span> <span class='ocrx_word' id='word_1_567' title='bbox 2556 1516 2853 1585; x_wconf 56' lang='lat' dir='ltr'><strong>sapientem</strong></span> <span class='ocrx_word' id='word_1_568' title='bbox 2910 1519 2968 1566; x_wconf 87' lang='lat' dir='ltr'><strong>et</strong></span> <span class='ocrx_word' id='word_1_569' title='bbox 3016 1505 3388 1581; x_wconf 84' lang='lat' dir='ltr'><strong>philosophum</strong></span> <span class='ocrx_word' id='word_1_570' title='bbox 3443 1504 3617 1560; x_wconf 81' lang='lat' dir='ltr'><strong>distare</strong></span> <span class='ocrx_word' id='word_1_571' title='bbox 3669 1504 3729 1560; x_wconf 82' lang='lat' dir='ltr'><strong>vi-</strong></span> 
     </span>
    </p>
   </div>
   <div class='ocr_carea' id='block_1_74' title="bbox 2211 1596 3728 1678">
    <p class='ocr_par' dir='ltr' id='par_1_74' title="bbox 2211 1596 3728 1678">
     <span class='ocr_line' id='line_1_74' title="bbox 2211 1596 3728 1678; baseline -0.009 -13"><span class='ocrx_word' id='word_1_572' title='bbox 2211 1609 2432 1665; x_wconf 58' lang='lat' dir='ltr'><strong>deatur?</strong></span> <span class='ocrx_word' id='word_1_573' title='bbox 2456 1608 2764 1678; x_wconf 82' lang='lat' dir='ltr'><strong>Sapientem</strong></span> <span class='ocrx_word' id='word_1_574' title='bbox 2793 1621 2824 1659; x_wconf 90' lang='lat' dir='ltr'><strong>a</strong></span> <span class='ocrx_word' id='word_1_575' title='bbox 2852 1601 3096 1658; x_wconf 87' lang='lat' dir='ltr'><strong>studioso</strong></span> <span class='ocrx_word' id='word_1_576' title='bbox 3115 1642 3130 1665; x_wconf 97' lang='lat'><strong>,</strong></span> <span class='ocrx_word' id='word_1_577' title='bbox 3171 1600 3283 1664; x_wconf 86' lang='lat' dir='ltr'><strong>ait,</strong></span> <span class='ocrx_word' id='word_1_578' title='bbox 3315 1598 3451 1653; x_wconf 87' lang='lat' dir='ltr'><strong>nulla</strong></span> <span class='ocrx_word' id='word_1_579' title='bbox 3485 1612 3539 1652; x_wconf 87' lang='lat' dir='ltr'><strong>re</strong></span> <span class='ocrx_word' id='word_1_580' title='bbox 3562 1596 3728 1651; x_wconf 74' lang='lat' dir='ltr'><strong>differre</strong></span> 
     </span>
    </p>
   </div>
   <div class='ocr_carea' id='block_1_75' title="bbox 2212 1686 3849 1769">
    <p class='ocr_par' dir='ltr' id='par_1_75' title="bbox 2212 1686 3849 1769">
     <span class='ocr_line' id='line_1_75' title="bbox 2212 1686 3849 1769; baseline -0.009 -13"><span class='ocrx_word' id='word_1_581' title='bbox 2212 1703 2479 1763; x_wconf 84' lang='lat' dir='ltr'><strong>arbitror;</strong></span> <span class='ocrx_word' id='word_1_582' title='bbox 2529 1699 2632 1755; x_wconf 88' lang='lat' dir='ltr'><strong>nisi</strong></span> <span class='ocrx_word' id='word_1_583' title='bbox 2677 1696 2821 1769; x_wconf 90' lang='lat' dir='ltr'><strong>quod</strong></span> <span class='ocrx_word' id='word_1_584' title='bbox 2848 1708 3069 1766; x_wconf 84' lang='lat' dir='ltr'><strong>quarum</strong></span> <span class='ocrx_word' id='word_1_585' title='bbox 3102 1705 3283 1747; x_wconf 87' lang='lat' dir='ltr'><strong>rerum</strong></span> <span class='ocrx_word' id='word_1_586' title='bbox 3313 1689 3366 1744; x_wconf 91' lang='lat' dir='ltr'><strong>in</strong></span> <span class='ocrx_word' id='word_1_587' title='bbox 3390 1688 3603 1759; x_wconf 82' lang='lat' dir='ltr'><strong>sapiente</strong></span> <span class='ocrx_word' id='word_1_588' title='bbox 3641 1686 3730 1758; x_wconf 85' lang='lat' dir='ltr'><strong>qui-</strong></span> <span class='ocrx_word' id='word_1_589' title='bbox 3820 1708 3849 1727; x_wconf 46' lang='grc' dir='ltr'><strong>κη</strong></span> 
     </span>
    </p>
   </div>
   <div class='ocr_carea' id='block_1_76' title="bbox 2212 1778 3733 1854">
    <p class='ocr_par' dir='ltr' id='par_1_76' title="bbox 2212 1778 3733 1854">
     <span class='ocr_line' id='line_1_76' title="bbox 2212 1778 3733 1854; baseline -0.01 -5"><span class='ocrx_word' id='word_1_590' title='bbox 2212 1794 2333 1849; x_wconf 89' lang='lat' dir='ltr'><strong>dam</strong></span> <span class='ocrx_word' id='word_1_591' title='bbox 2365 1792 2574 1847; x_wconf 87' lang='lat' dir='ltr'><strong>habitus</strong></span> <span class='ocrx_word' id='word_1_592' title='bbox 2620 1792 2793 1854; x_wconf 90' lang='lat' dir='ltr'><strong>inest,</strong></span> <span class='ocrx_word' id='word_1_593' title='bbox 2831 1801 3016 1843; x_wconf 86' lang='lat' dir='ltr'><strong>earum</strong></span> <span class='ocrx_word' id='word_1_594' title='bbox 3059 1795 3147 1839; x_wconf 82' lang='lat' dir='ltr'><strong>est</strong></span> <span class='ocrx_word' id='word_1_595' title='bbox 3192 1783 3244 1836; x_wconf 91' lang='lat' dir='ltr'><strong>in</strong></span> <span class='ocrx_word' id='word_1_596' title='bbox 3288 1781 3512 1837; x_wconf 84' lang='lat' dir='ltr'><strong>studioso</strong></span> <span class='ocrx_word' id='word_1_597' title='bbox 3534 1781 3628 1834; x_wconf 82' lang='lat' dir='ltr'><strong>sola</strong></span> <span class='ocrx_word' id='word_1_598' title='bbox 3661 1778 3733 1834; x_wconf 75' lang='lat' dir='ltr'><strong>lla-</strong></span> 
     </span>
    </p>
   </div>
   <div class='ocr_carea' id='block_1_77' title="bbox 2212 1871 3733 1959">
    <p class='ocr_par' dir='ltr' id='par_1_77' title="bbox 2212 1871 3733 1959">
     <span class='ocr_line' id='line_1_77' title="bbox 2212 1871 3733 1959; baseline -0.01 -17"><span class='ocrx_word' id='word_1_599' title='bbox 2212 1887 2439 1959; x_wconf 83' lang='lat' dir='ltr'><strong>grantia.</strong></span> <span class='ocrx_word' id='word_1_600' title='bbox 2470 1886 2602 1951; x_wconf 70' lang='lat' dir='ltr'><strong>Quin</strong></span> <span class='ocrx_word' id='word_1_601' title='bbox 2640 1892 2764 1937; x_wconf 90' lang='lat' dir='ltr'><strong>sunt</strong></span> <span class='ocrx_word' id='word_1_602' title='bbox 2805 1879 3021 1936; x_wconf 87' lang='lat' dir='ltr'><strong>tandem</strong></span> <span class='ocrx_word' id='word_1_603' title='bbox 3076 1879 3194 1933; x_wconf 65' lang='lat' dir='ltr'><strong>ista:</strong></span> <span class='ocrx_word' id='word_1_604' title='bbox 3223 1889 3340 1940; x_wconf 88' lang='lat' dir='ltr'><strong>res,</strong></span> <span class='ocrx_word' id='word_1_605' title='bbox 3370 1872 3595 1943; x_wconf 75' lang='lat' dir='ltr'><strong>inquam!</strong></span> <span class='ocrx_word' id='word_1_606' title='bbox 3632 1871 3733 1928; x_wconf 78' lang='lat' dir='ltr'><strong>Nam</strong></span> 
     </span>
    </p>
   </div>
   <div class='ocr_carea' id='block_1_78' title="bbox 2213 1966 3735 2038">
    <p class='ocr_par' dir='ltr' id='par_1_78' title="bbox 2213 1966 3735 2038">
     <span class='ocr_line' id='line_1_78' title="bbox 2213 1966 3735 2038; baseline -0.011 -1"><span class='ocrx_word' id='word_1_607' title='bbox 2213 1981 2345 2037; x_wconf 88' lang='lat' dir='ltr'><strong>mihi</strong></span> <span class='ocrx_word' id='word_1_608' title='bbox 2377 1979 2506 2033; x_wconf 91' lang='lat' dir='ltr'><strong>nihil</strong></span> <span class='ocrx_word' id='word_1_609' title='bbox 2549 1976 2689 2035; x_wconf 86' lang='lat' dir='ltr'><strong>aliud</strong></span> <span class='ocrx_word' id='word_1_610' title='bbox 2736 1974 2950 2031; x_wconf 87' lang='lat' dir='ltr'><strong>videtur</strong></span> <span class='ocrx_word' id='word_1_611' title='bbox 2999 1972 3302 2037; x_wconf 87' lang='lat' dir='ltr'><strong>interesse,</strong></span> <span class='ocrx_word' id='word_1_612' title='bbox 3344 1967 3443 2023; x_wconf 87' lang='lat' dir='ltr'><strong>nisi</strong></span> <span class='ocrx_word' id='word_1_613' title='bbox 3477 1966 3600 2038; x_wconf 74' lang='lat' dir='ltr'><strong>quod</strong></span> <span class='ocrx_word' id='word_1_614' title='bbox 3633 1967 3735 2020; x_wconf 80' lang='lat' dir='ltr'><strong>alter</strong></span> 
     </span>
    </p>
   </div>
   <div class='ocr_carea' id='block_1_79' title="bbox 2216 2056 3734 2141">
    <p class='ocr_par' dir='ltr' id='par_1_79' title="bbox 2216 2056 3734 2141">
     <span class='ocr_line' id='line_1_79' title="bbox 2216 2056 3734 2141; baseline -0.012 -11"><span class='ocrx_word' id='word_1_615' title='bbox 2216 2075 2315 2131; x_wconf 84' lang='lat' dir='ltr'><strong>scit</strong></span> <span class='ocrx_word' id='word_1_616' title='bbox 2339 2070 2684 2141; x_wconf 87' lang='lat' dir='ltr'><strong>sapientiam,</strong></span> <span class='ocrx_word' id='word_1_617' title='bbox 2724 2067 2860 2123; x_wconf 88' lang='lat' dir='ltr'><strong>alter</strong></span> <span class='ocrx_word' id='word_1_618' title='bbox 2887 2068 3025 2121; x_wconf 87' lang='lat' dir='ltr'><strong>seire</strong></span> <span class='ocrx_word' id='word_1_619' title='bbox 3068 2063 3361 2120; x_wconf 86' lang='lat' dir='ltr'><strong>desiderat.</strong></span> <span class='ocrx_word' id='word_1_620' title='bbox 3390 2060 3443 2116; x_wconf 88' lang='lat' dir='ltr'><strong>Si</strong></span> <span class='ocrx_word' id='word_1_621' title='bbox 3481 2056 3734 2125; x_wconf 77' lang='lat' dir='ltr'><strong>scientiam,</strong></span> 
     </span>
    </p>
   </div>
   <div class='ocr_carea' id='block_1_80' title="bbox 2218 2152 3736 2236">
    <p class='ocr_par' dir='ltr' id='par_1_80' title="bbox 2218 2152 3736 2236">
     <span class='ocr_line' id='line_1_80' title="bbox 2218 2152 3736 2236; baseline -0.009 -15"><span class='ocrx_word' id='word_1_622' title='bbox 2218 2165 2389 2236; x_wconf 86' lang='lat' dir='ltr'><strong>inquit</strong></span> <span class='ocrx_word' id='word_1_623' title='bbox 2407 2207 2423 2232; x_wconf 94' lang='lat'><strong>,</strong></span> <span class='ocrx_word' id='word_1_624' title='bbox 2451 2164 2693 2220; x_wconf 89' lang='lat' dir='ltr'><strong>modesto</strong></span> <span class='ocrx_word' id='word_1_625' title='bbox 2720 2161 2823 2217; x_wconf 85' lang='lat' dir='ltr'><strong>fine</strong></span> <span class='ocrx_word' id='word_1_626' title='bbox 2851 2159 3184 2216; x_wconf 83' lang='lat' dir='ltr'><strong>deterntinas</strong></span> <span class='ocrx_word' id='word_1_627' title='bbox 3206 2200 3223 2225; x_wconf 93' lang='lat'><strong>,</strong></span> <span class='ocrx_word' id='word_1_628' title='bbox 3254 2156 3419 2227; x_wconf 85' lang='lat' dir='ltr'><strong>ipsam</strong></span> <span class='ocrx_word' id='word_1_629' title='bbox 3446 2169 3548 2211; x_wconf 87' lang='lat' dir='ltr'><strong>rein</strong></span> <span class='ocrx_word' id='word_1_630' title='bbox 3573 2152 3736 2223; x_wconf 78' lang='lat' dir='ltr'><strong>planius</strong></span> 
     </span>
    </p>
   </div>
   <div class='ocr_carea' id='block_1_81' title="bbox 2218 2245 3735 2327">
    <p class='ocr_par' dir='ltr' id='par_1_81' title="bbox 2218 2245 3735 2327">
     <span class='ocr_line' id='line_1_81' title="bbox 2218 2245 3735 2327; baseline -0.011 -11"><span class='ocrx_word' id='word_1_631' title='bbox 2218 2261 2459 2316; x_wconf 82' lang='lat' dir='ltr'><strong>elocutus</strong></span> <span class='ocrx_word' id='word_1_632' title='bbox 2485 2274 2566 2314; x_wconf 87' lang='lat' dir='ltr'><strong>es.</strong></span> <span class='ocrx_word' id='word_1_633' title='bbox 2597 2258 2826 2327; x_wconf 85' lang='lat' dir='ltr'><strong>Quoquo</strong></span> <span class='ocrx_word' id='word_1_634' title='bbox 2854 2252 3016 2310; x_wconf 86' lang='lat' dir='ltr'><strong>modo</strong></span> <span class='ocrx_word' id='word_1_635' title='bbox 3037 2294 3054 2320; x_wconf 90' lang='lat'><strong>,</strong></span> <span class='ocrx_word' id='word_1_636' title='bbox 3109 2251 3326 2321; x_wconf 84' lang='lat' dir='ltr'><strong>inquam</strong></span> <span class='ocrx_word' id='word_1_637' title='bbox 3345 2291 3362 2315; x_wconf 97' lang='lat'><strong>,</strong></span> <span class='ocrx_word' id='word_1_638' title='bbox 3391 2263 3499 2304; x_wconf 88' lang='lat' dir='ltr'><strong>eam</strong></span> <span class='ocrx_word' id='word_1_639' title='bbox 3534 2245 3735 2301; x_wconf 84' lang='lat' dir='ltr'><strong>determi-</strong></span> 
     </span>
    </p>
   </div>
   <div class='ocr_carea' id='block_1_82' title="bbox 2218 2338 3735 2419">
    <p class='ocr_par' dir='ltr' id='par_1_82' title="bbox 2218 2338 3735 2419">
     <span class='ocr_line' id='line_1_82' title="bbox 2218 2338 3735 2419; baseline -0.013 -9"><span class='ocrx_word' id='word_1_640' title='bbox 2218 2370 2374 2419; x_wconf 89' lang='lat' dir='ltr'><strong>nem,</strong></span> <span class='ocrx_word' id='word_1_641' title='bbox 2409 2350 2535 2408; x_wconf 90' lang='lat' dir='ltr'><strong>illud</strong></span> <span class='ocrx_word' id='word_1_642' title='bbox 2566 2349 2816 2406; x_wconf 88' lang='lat' dir='ltr'><strong>omnibus</strong></span> <span class='ocrx_word' id='word_1_643' title='bbox 2847 2344 3087 2417; x_wconf 87' lang='lat' dir='ltr'><strong>placuit,</strong></span> <span class='ocrx_word' id='word_1_644' title='bbox 3133 2341 3407 2398; x_wconf 85' lang='lat' dir='ltr'><strong>scientiam</strong></span> <span class='ocrx_word' id='word_1_645' title='bbox 3433 2338 3649 2394; x_wconf 76' lang='lat' dir='ltr'><strong>falsarum</strong></span> <span class='ocrx_word' id='word_1_646' title='bbox 3671 2351 3735 2391; x_wconf 50' lang='lat' dir='ltr'><strong>re.</strong></span> 
     </span>
    </p>
   </div>
   <div class='ocr_carea' id='block_1_83' title="bbox 2220 2428 3730 2513">
    <p class='ocr_par' dir='ltr' id='par_1_83' title="bbox 2220 2428 3730 2513">
     <span class='ocr_line' id='line_1_83' title="bbox 2220 2428 3730 2513; baseline -0.015 -10"><span class='ocrx_word' id='word_1_647' title='bbox 2220 2463 2339 2503; x_wconf 88' lang='lat' dir='ltr'><strong>rum</strong></span> <span class='ocrx_word' id='word_1_648' title='bbox 2369 2460 2493 2502; x_wconf 76' lang='lat' dir='ltr'><strong>esse</strong></span> <span class='ocrx_word' id='word_1_649' title='bbox 2528 2450 2633 2498; x_wconf 76' lang='lat' dir='ltr'><strong>neu</strong></span> <span class='ocrx_word' id='word_1_650' title='bbox 2680 2455 2860 2513; x_wconf 87' lang='lat' dir='ltr'><strong>posse.</strong></span> <span class='ocrx_word' id='word_1_651' title='bbox 2905 2439 2961 2493; x_wconf 93' lang='lat' dir='ltr'><strong>In</strong></span> <span class='ocrx_word' id='word_1_652' title='bbox 2994 2436 3097 2492; x_wconf 91' lang='lat' dir='ltr'><strong>hoc</strong></span> <span class='ocrx_word' id='word_1_653' title='bbox 3128 2434 3259 2492; x_wconf 87' lang='lat' dir='ltr'><strong>tttihi</strong></span> <span class='ocrx_word' id='word_1_654' title='bbox 3280 2475 3296 2499; x_wconf 91' lang='lat'><strong>,</strong></span> <span class='ocrx_word' id='word_1_655' title='bbox 3337 2433 3496 2503; x_wconf 89' lang='lat' dir='ltr'><strong>inquit</strong></span> <span class='ocrx_word' id='word_1_656' title='bbox 3528 2429 3631 2493; x_wconf 86' lang='lat' dir='ltr'><strong>ille,</strong></span> <span class='ocrx_word' id='word_1_657' title='bbox 3652 2428 3730 2482; x_wconf 79' lang='lat' dir='ltr'><strong>visa</strong></span> 
     </span>
    </p>
   </div>
   <div class='ocr_carea' id='block_1_84' title="bbox 2221 2525 3735 2608">
    <p class='ocr_par' dir='ltr' id='par_1_84' title="bbox 2221 2525 3735 2608">
     <span class='ocr_line' id='line_1_84' title="bbox 2221 2525 3735 2608; baseline -0.013 -14"><span class='ocrx_word' id='word_1_658' title='bbox 2221 2537 2329 2607; x_wconf 85' lang='lat' dir='ltr'><strong>fuit</strong></span> <span class='ocrx_word' id='word_1_659' title='bbox 2344 2535 2643 2608; x_wconf 87' lang='lat' dir='ltr'><strong>objicienda</strong></span> <span class='ocrx_word' id='word_1_660' title='bbox 2676 2530 3007 2603; x_wconf 67' lang='lat' dir='ltr'><strong>praescriptio</strong></span> <span class='ocrx_word' id='word_1_661' title='bbox 3031 2570 3046 2594; x_wconf 90' lang='lat'><strong>,</strong></span> <span class='ocrx_word' id='word_1_662' title='bbox 3069 2543 3144 2585; x_wconf 90' lang='lat' dir='ltr'><strong>ne</strong></span> <span class='ocrx_word' id='word_1_663' title='bbox 3172 2525 3541 2581; x_wconf 78' lang='lat' dir='ltr'><strong>inconsiderata</strong></span> <span class='ocrx_word' id='word_1_664' title='bbox 3563 2536 3735 2578; x_wconf 83' lang='lat' dir='ltr'><strong>consen-</strong></span> 
     </span>
    </p>
   </div>
   <div class='ocr_carea' id='block_1_85' title="bbox 2224 2616 3735 2695">
    <p class='ocr_par' dir='ltr' id='par_1_85' title="bbox 2224 2616 3735 2695">
     <span class='ocr_line' id='line_1_85' title="bbox 2224 2616 3735 2695; baseline -0.013 -10"><span class='ocrx_word' id='word_1_665' title='bbox 2224 2631 2376 2685; x_wconf 88' lang='lat' dir='ltr'><strong>sione</strong></span> <span class='ocrx_word' id='word_1_666' title='bbox 2404 2645 2522 2685; x_wconf 86' lang='lat' dir='ltr'><strong>mea</strong></span> <span class='ocrx_word' id='word_1_667' title='bbox 2555 2627 2709 2683; x_wconf 85' lang='lat' dir='ltr'><strong>facile</strong></span> <span class='ocrx_word' id='word_1_668' title='bbox 2739 2624 2795 2681; x_wconf 87' lang='lat' dir='ltr'><strong>in</strong></span> <span class='ocrx_word' id='word_1_669' title='bbox 2825 2621 3142 2695; x_wconf 89' lang='lat' dir='ltr'><strong>principalis</strong></span> <span class='ocrx_word' id='word_1_670' title='bbox 3168 2620 3312 2675; x_wconf 89' lang='lat' dir='ltr'><strong>illius</strong></span> <span class='ocrx_word' id='word_1_671' title='bbox 3336 2616 3611 2688; x_wconf 71' lang='lat' dir='ltr'><strong>quiestionis</strong></span> <span class='ocrx_word' id='word_1_672' title='bbox 3626 2629 3735 2669; x_wconf 82' lang='lat' dir='ltr'><strong>eant-</strong></span> 
     </span>
    </p>
   </div>
   <div class='ocr_carea' id='block_1_86' title="bbox 2225 2703 3733 2795">
    <p class='ocr_par' dir='ltr' id='par_1_86' title="bbox 2225 2703 3733 2795">
     <span class='ocr_line' id='line_1_86' title="bbox 2225 2703 3733 2795; baseline -0.013 -18"><span class='ocrx_word' id='word_1_673' title='bbox 2225 2724 2309 2795; x_wconf 90' lang='lat' dir='ltr'><strong>pis</strong></span> <span class='ocrx_word' id='word_1_674' title='bbox 2342 2731 2427 2777; x_wconf 90' lang='lat' dir='ltr'><strong>tua</strong></span> <span class='ocrx_word' id='word_1_675' title='bbox 2457 2722 2723 2793; x_wconf 87' lang='lat' dir='ltr'><strong>eqttitaret</strong></span> <span class='ocrx_word' id='word_1_676' title='bbox 2765 2716 2957 2773; x_wconf 90' lang='lat' dir='ltr'><strong>oratio.</strong></span> <span class='ocrx_word' id='word_1_677' title='bbox 2991 2714 3161 2770; x_wconf 80' lang='lat' dir='ltr'><strong>Plane</strong></span> <span class='ocrx_word' id='word_1_678' title='bbox 3182 2754 3199 2781; x_wconf 95' lang='lat'><strong>,</strong></span> <span class='ocrx_word' id='word_1_679' title='bbox 3232 2713 3467 2782; x_wconf 86' lang='lat' dir='ltr'><strong>inquam,</strong></span> <span class='ocrx_word' id='word_1_680' title='bbox 3512 2708 3618 2764; x_wconf 85' lang='lat' dir='ltr'><strong>mihi</strong></span> <span class='ocrx_word' id='word_1_681' title='bbox 3642 2703 3733 2760; x_wconf 84' lang='lat' dir='ltr'><strong>nihil</strong></span> 
     </span>
    </p>
   </div>
   <div class='ocr_carea' id='block_1_87' title="bbox 2226 2795 3735 2886">
    <p class='ocr_par' dir='ltr' id='par_1_87' title="bbox 2226 2795 3735 2886">
     <span class='ocr_line' id='line_1_87' title="bbox 2226 2795 3735 2886; baseline -0.012 -15"><span class='ocrx_word' id='word_1_682' title='bbox 2226 2816 2318 2871; x_wconf 89' lang='lat' dir='ltr'><strong>ubi</strong></span> <span class='ocrx_word' id='word_1_683' title='bbox 2342 2817 2581 2886; x_wconf 88' lang='lat' dir='ltr'><strong>equitare</strong></span> <span class='ocrx_word' id='word_1_684' title='bbox 2608 2826 2823 2883; x_wconf 77' lang='lat' dir='ltr'><strong>possein</strong></span> <span class='ocrx_word' id='word_1_685' title='bbox 2853 2808 3143 2879; x_wconf 86' lang='lat' dir='ltr'><strong>reliquisti.</strong></span> <span class='ocrx_word' id='word_1_686' title='bbox 3176 2806 3307 2861; x_wconf 79' lang='lat' dir='ltr'><strong>Nam</strong></span> <span class='ocrx_word' id='word_1_687' title='bbox 3352 2804 3444 2859; x_wconf 87' lang='lat' dir='ltr'><strong>nisi</strong></span> <span class='ocrx_word' id='word_1_688' title='bbox 3469 2801 3615 2866; x_wconf 88' lang='lat' dir='ltr'><strong>fallor,</strong></span> <span class='ocrx_word' id='word_1_689' title='bbox 3633 2795 3735 2868; x_wconf 85' lang='lat' dir='ltr'><strong>quod</strong></span> 
     </span>
    </p>
   </div>
   <div class='ocr_carea' id='block_1_88' title="bbox 2223 2892 3738 2983">
    <p class='ocr_par' dir='ltr' id='par_1_88' title="bbox 2223 2892 3738 2983">
     <span class='ocr_line' id='line_1_88' title="bbox 2223 2892 3738 2983; baseline -0.012 -17"><span class='ocrx_word' id='word_1_690' title='bbox 2223 2910 2536 2983; x_wconf 86' lang='lat' dir='ltr'><strong>jamdudum</strong></span> <span class='ocrx_word' id='word_1_691' title='bbox 2588 2908 2812 2969; x_wconf 90' lang='lat' dir='ltr'><strong>molior,</strong></span> <span class='ocrx_word' id='word_1_692' title='bbox 2844 2905 2911 2959; x_wconf 88' lang='lat' dir='ltr'><strong>ad</strong></span> <span class='ocrx_word' id='word_1_693' title='bbox 2961 2902 3140 2974; x_wconf 80' lang='lat' dir='ltr'><strong>ipsum</strong></span> <span class='ocrx_word' id='word_1_694' title='bbox 3173 2903 3332 2956; x_wconf 83' lang='lat' dir='ltr'><strong>liuent</strong></span> <span class='ocrx_word' id='word_1_695' title='bbox 3378 2898 3675 2969; x_wconf 79' lang='lat' dir='ltr'><strong>pervenimus.</strong></span> <span class='ocrx_word' id='word_1_696' title='bbox 3695 2892 3738 2948; x_wconf 84' lang='lat' dir='ltr'><strong>Si</strong></span> 
     </span>
    </p>
   </div>
   <div class='ocr_carea' id='block_1_89' title="bbox 2229 2986 3738 3069">
    <p class='ocr_par' dir='ltr' id='par_1_89' title="bbox 2229 2986 3738 3069">
     <span class='ocr_line' id='line_1_89' title="bbox 2229 2986 3738 3069; baseline -0.014 -9"><span class='ocrx_word' id='word_1_697' title='bbox 2229 3005 2396 3069; x_wconf 89' lang='lat' dir='ltr'><strong>enim,</strong></span> <span class='ocrx_word' id='word_1_698' title='bbox 2420 3014 2472 3057; x_wconf 87' lang='grc' dir='ltr'><strong>ιιι</strong></span> <span class='ocrx_word' id='word_1_699' title='bbox 2493 2999 2762 3056; x_wconf 88' lang='lat' dir='ltr'><strong>subtiliter</strong></span> <span class='ocrx_word' id='word_1_700' title='bbox 2779 3010 3012 3066; x_wconf 87' lang='lat' dir='ltr'><strong>vereque</strong></span> <span class='ocrx_word' id='word_1_701' title='bbox 3041 2993 3228 3049; x_wconf 78' lang='lat' dir='ltr'><strong>dixiin</strong></span> <span class='ocrx_word' id='word_1_702' title='bbox 3247 3034 3263 3055; x_wconf 89' lang='lat'><strong>,</strong></span> <span class='ocrx_word' id='word_1_703' title='bbox 3293 2991 3416 3047; x_wconf 87' lang='lat' dir='ltr'><strong>nihil</strong></span> <span class='ocrx_word' id='word_1_704' title='bbox 3442 2991 3561 3046; x_wconf 86' lang='lat' dir='ltr'><strong>inter</strong></span> <span class='ocrx_word' id='word_1_705' title='bbox 3579 2986 3738 3055; x_wconf 79' lang='lat' dir='ltr'><strong>sapien-</strong></span> 
     </span>
    </p>
   </div>
   <div class='ocr_carea' id='block_1_90' title="bbox 2232 3078 3735 3161">
    <p class='ocr_par' dir='ltr' id='par_1_90' title="bbox 2232 3078 3735 3161">
     <span class='ocr_line' id='line_1_90' title="bbox 2232 3078 3735 3161; baseline -0.015 -7"><span class='ocrx_word' id='word_1_706' title='bbox 2232 3102 2318 3154; x_wconf 79' lang='lat' dir='ltr'><strong>tize,</strong></span> <span class='ocrx_word' id='word_1_707' title='bbox 2344 3098 2641 3155; x_wconf 86' lang='lat' dir='ltr'><strong>studiosum</strong></span> <span class='ocrx_word' id='word_1_708' title='bbox 2671 3102 2725 3148; x_wconf 91' lang='lat' dir='ltr'><strong>et</strong></span> <span class='ocrx_word' id='word_1_709' title='bbox 2751 3093 3046 3161; x_wconf 87' lang='lat' dir='ltr'><strong>sapientem</strong></span> <span class='ocrx_word' id='word_1_710' title='bbox 3085 3088 3314 3143; x_wconf 79' lang='lat' dir='ltr'><strong>inti-rest</strong></span> <span class='ocrx_word' id='word_1_711' title='bbox 3339 3129 3355 3153; x_wconf 94' lang='lat'><strong>,</strong></span> <span class='ocrx_word' id='word_1_712' title='bbox 3402 3084 3491 3140; x_wconf 80' lang='lat' dir='ltr'><strong>nisi</strong></span> <span class='ocrx_word' id='word_1_713' title='bbox 3526 3080 3634 3152; x_wconf 84' lang='lat' dir='ltr'><strong>quod</strong></span> <span class='ocrx_word' id='word_1_714' title='bbox 3656 3078 3735 3134; x_wconf 79' lang='lat' dir='ltr'><strong>iste</strong></span> 
     </span>
    </p>
   </div>
   <div class='ocr_carea' id='block_1_91' title="bbox 2232 3168 3730 3255">
    <p class='ocr_par' dir='ltr' id='par_1_91' title="bbox 2232 3168 3730 3255">
     <span class='ocr_line' id='line_1_91' title="bbox 2232 3168 3730 3255; baseline -0.015 -10"><span class='ocrx_word' id='word_1_715' title='bbox 2232 3201 2375 3245; x_wconf 90' lang='lat' dir='ltr'><strong>autat</strong></span> <span class='ocrx_word' id='word_1_716' title='bbox 2394 3230 2410 3255; x_wconf 89' lang='lat'><strong>,</strong></span> <span class='ocrx_word' id='word_1_717' title='bbox 2441 3189 2532 3243; x_wconf 89' lang='lat' dir='ltr'><strong>ille</strong></span> <span class='ocrx_word' id='word_1_718' title='bbox 2558 3195 2735 3242; x_wconf 88' lang='lat' dir='ltr'><strong>autem</strong></span> <span class='ocrx_word' id='word_1_719' title='bbox 2781 3182 2943 3238; x_wconf 85' lang='lat' dir='ltr'><strong>habet</strong></span> <span class='ocrx_word' id='word_1_720' title='bbox 2972 3180 3258 3250; x_wconf 72' lang='lat' dir='ltr'><strong>sapientia:</strong></span> <span class='ocrx_word' id='word_1_721' title='bbox 3285 3177 3597 3249; x_wconf 82' lang='lat' dir='ltr'><strong>disciplinain;</strong></span> <span class='ocrx_word' id='word_1_722' title='bbox 3622 3168 3730 3223; x_wconf 76' lang='lat' dir='ltr'><strong>unde</strong></span> 
     </span>
    </p>
   </div>
   <div class='ocr_carea' id='block_1_92' title="bbox 2232 3265 3737 3346">
    <p class='ocr_par' dir='ltr' id='par_1_92' title="bbox 2232 3265 3737 3346">
     <span class='ocr_line' id='line_1_92' title="bbox 2232 3265 3737 3346; baseline -0.015 -8"><span class='ocrx_word' id='word_1_723' title='bbox 2232 3283 2394 3339; x_wconf 87' lang='lat' dir='ltr'><strong>etiam</strong></span> <span class='ocrx_word' id='word_1_724' title='bbox 2427 3295 2620 3334; x_wconf 89' lang='lat' dir='ltr'><strong>nomen</strong></span> <span class='ocrx_word' id='word_1_725' title='bbox 2653 3278 2822 3346; x_wconf 91' lang='lat' dir='ltr'><strong>ipsum</strong></span> <span class='ocrx_word' id='word_1_726' title='bbox 2842 3315 2857 3341; x_wconf 95' lang='lat'><strong>,</strong></span> <span class='ocrx_word' id='word_1_727' title='bbox 2892 3273 2944 3329; x_wconf 87' lang='lat' dir='ltr'><strong>id</strong></span> <span class='ocrx_word' id='word_1_728' title='bbox 2970 3284 3051 3329; x_wconf 88' lang='lat' dir='ltr'><strong>est</strong></span> <span class='ocrx_word' id='word_1_729' title='bbox 3075 3313 3093 3336; x_wconf 88' lang='lat'><strong>,</strong></span> <span class='ocrx_word' id='word_1_730' title='bbox 3147 3272 3383 3328; x_wconf 87' lang='lat' dir='ltr'><strong>habitum</strong></span> <span class='ocrx_word' id='word_1_731' title='bbox 3411 3265 3634 3340; x_wconf 75' lang='lat' dir='ltr'><strong>qnetttdant</strong></span> <span class='ocrx_word' id='word_1_732' title='bbox 3663 3279 3737 3316; x_wconf 75' lang='lat' dir='ltr'><strong>cx-</strong></span> 
     </span>
    </p>
   </div>
   <div class='ocr_carea' id='block_1_93' title="bbox 2235 3354 3742 3445">
    <p class='ocr_par' dir='ltr' id='par_1_93' title="bbox 2235 3354 3742 3445">
     <span class='ocr_line' id='line_1_93' title="bbox 2235 3354 3742 3445; baseline -0.015 -16"><span class='ocrx_word' id='word_1_733' title='bbox 2235 3377 2466 3445; x_wconf 87' lang='lat' dir='ltr'><strong>primere</strong></span> <span class='ocrx_word' id='word_1_734' title='bbox 2492 3387 2596 3425; x_wconf 93' lang='lat' dir='ltr'><strong>non</strong></span> <span class='ocrx_word' id='word_1_735' title='bbox 2625 3378 2908 3424; x_wconf 83' lang='lat' dir='ltr'><strong>cuni-tatus</strong></span> <span class='ocrx_word' id='word_1_736' title='bbox 2934 3380 3025 3432; x_wconf 87' lang='lat' dir='ltr'><strong>cs;</strong></span> <span class='ocrx_word' id='word_1_737' title='bbox 3051 3379 3216 3421; x_wconf 87' lang='lat' dir='ltr'><strong>nemo</strong></span> <span class='ocrx_word' id='word_1_738' title='bbox 3239 3374 3412 3418; x_wconf 87' lang='lat' dir='ltr'><strong>autem</strong></span> <span class='ocrx_word' id='word_1_739' title='bbox 3439 3360 3599 3415; x_wconf 83' lang='lat' dir='ltr'><strong>habere</strong></span> <span class='ocrx_word' id='word_1_740' title='bbox 3618 3354 3742 3410; x_wconf 85' lang='lat' dir='ltr'><strong>disci-</strong></span> 
     </span>
    </p>
   </div>
   <div class='ocr_carea' id='block_1_94' title="bbox 2241 3448 3745 3537">
    <p class='ocr_par' dir='ltr' id='par_1_94' title="bbox 2241 3448 3745 3537">
     <span class='ocr_line' id='line_1_94' title="bbox 2241 3448 3745 3537; baseline -0.014 -17"><span class='ocrx_word' id='word_1_741' title='bbox 2241 3467 2438 3537; x_wconf 80' lang='lat' dir='ltr'><strong>plinam</strong></span> <span class='ocrx_word' id='word_1_742' title='bbox 2469 3471 2646 3533; x_wconf 71' lang='lat' dir='ltr'><strong>potest</strong></span> <span class='ocrx_word' id='word_1_743' title='bbox 2687 3459 2976 3523; x_wconf 88' lang='lat' dir='ltr'><strong>inanimo,</strong></span> <span class='ocrx_word' id='word_1_744' title='bbox 3013 3457 3103 3527; x_wconf 93' lang='lat' dir='ltr'><strong>qui</strong></span> <span class='ocrx_word' id='word_1_745' title='bbox 3146 3456 3277 3511; x_wconf 89' lang='lat' dir='ltr'><strong>nihil</strong></span> <span class='ocrx_word' id='word_1_746' title='bbox 3326 3454 3523 3516; x_wconf 84' lang='lat' dir='ltr'><strong>didicit;</strong></span> <span class='ocrx_word' id='word_1_747' title='bbox 3547 3448 3745 3505; x_wconf 67' lang='lat' dir='ltr'><strong>uitiau-</strong></span> 
     </span>
    </p>
   </div>
   <div class='ocr_carea' id='block_1_95' title="bbox 2238 3543 3746 3623">
    <p class='ocr_par' dir='ltr' id='par_1_95' title="bbox 2238 3543 3746 3623">
     <span class='ocr_line' id='line_1_95' title="bbox 2238 3543 3746 3623; baseline -0.014 -10"><span class='ocrx_word' id='word_1_748' title='bbox 2238 3568 2344 3613; x_wconf 70' lang='lat' dir='ltr'><strong>tetu</strong></span> <span class='ocrx_word' id='word_1_749' title='bbox 2395 3544 2613 3619; x_wconf 81' lang='lat' dir='ltr'><strong>didicit,</strong></span> <span class='ocrx_word' id='word_1_750' title='bbox 2649 3552 2739 3623; x_wconf 89' lang='lat' dir='ltr'><strong>qui</strong></span> <span class='ocrx_word' id='word_1_751' title='bbox 2783 3550 2911 3606; x_wconf 90' lang='lat' dir='ltr'><strong>nihil</strong></span> <span class='ocrx_word' id='word_1_752' title='bbox 2949 3548 3142 3614; x_wconf 87' lang='lat' dir='ltr'><strong>novit;</strong></span> <span class='ocrx_word' id='word_1_753' title='bbox 3188 3558 3241 3604; x_wconf 89' lang='lat' dir='ltr'><strong>et</strong></span> <span class='ocrx_word' id='word_1_754' title='bbox 3271 3562 3420 3601; x_wconf 79' lang='lat' dir='ltr'><strong>nosse</strong></span> <span class='ocrx_word' id='word_1_755' title='bbox 3445 3543 3605 3599; x_wconf 73' lang='lat' dir='ltr'><strong>falsam</strong></span> <span class='ocrx_word' id='word_1_756' title='bbox 3629 3553 3746 3593; x_wconf 85' lang='lat' dir='ltr'><strong>nemo</strong></span> 
     </span>
    </p>
   </div>
   <div class='ocr_carea' id='block_1_96' title="bbox 2240 3630 3747 3723">
    <p class='ocr_par' dir='ltr' id='par_1_96' title="bbox 2240 3630 3747 3723">
     <span class='ocr_line' id='line_1_96' title="bbox 2240 3630 3747 3723; baseline -0.013 -17"><span class='ocrx_word' id='word_1_757' title='bbox 2240 3658 2417 3723; x_wconf 84' lang='lat' dir='ltr'><strong>potest</strong></span> <span class='ocrx_word' id='word_1_758' title='bbox 2448 3667 2463 3703; x_wconf 91' lang='lat'><strong>:</strong></span> <span class='ocrx_word' id='word_1_759' title='bbox 2492 3648 2638 3703; x_wconf 86' lang='lat' dir='ltr'><strong>novit</strong></span> <span class='ocrx_word' id='word_1_760' title='bbox 2686 3646 2845 3717; x_wconf 90' lang='lat' dir='ltr'><strong>igitur</strong></span> <span class='ocrx_word' id='word_1_761' title='bbox 2874 3642 3088 3711; x_wconf 88' lang='lat' dir='ltr'><strong>sapiens</strong></span> <span class='ocrx_word' id='word_1_762' title='bbox 3136 3642 3413 3697; x_wconf 85' lang='lat' dir='ltr'><strong>veritatem</strong></span> <span class='ocrx_word' id='word_1_763' title='bbox 3437 3682 3451 3704; x_wconf 94' lang='lat'><strong>,</strong></span> <span class='ocrx_word' id='word_1_764' title='bbox 3480 3653 3611 3709; x_wconf 86' lang='lat' dir='ltr'><strong>quem</strong></span> <span class='ocrx_word' id='word_1_765' title='bbox 3634 3630 3747 3689; x_wconf 79' lang='lat' dir='ltr'><strong>disci-</strong></span> 
     </span>
    </p>
   </div>
   <div class='ocr_carea' id='block_1_97' title="bbox 2240 3725 3745 3815">
    <p class='ocr_par' dir='ltr' id='par_1_97' title="bbox 2240 3725 3745 3815">
     <span class='ocr_line' id='line_1_97' title="bbox 2240 3725 3745 3815; baseline -0.014 -19"><span class='ocrx_word' id='word_1_766' title='bbox 2240 3746 2439 3815; x_wconf 89' lang='lat' dir='ltr'><strong>plinam</strong></span> <span class='ocrx_word' id='word_1_767' title='bbox 2489 3739 2764 3810; x_wconf 81' lang='lat' dir='ltr'><strong>sapientia:</strong></span> <span class='ocrx_word' id='word_1_768' title='bbox 2811 3735 3008 3790; x_wconf 85' lang='lat' dir='ltr'><strong>habere</strong></span> <span class='ocrx_word' id='word_1_769' title='bbox 3036 3733 3090 3789; x_wconf 88' lang='lat' dir='ltr'><strong>in</strong></span> <span class='ocrx_word' id='word_1_770' title='bbox 3139 3733 3354 3797; x_wconf 88' lang='lat' dir='ltr'><strong>animo,</strong></span> <span class='ocrx_word' id='word_1_771' title='bbox 3395 3731 3442 3787; x_wconf 89' lang='lat' dir='ltr'><strong>id</strong></span> <span class='ocrx_word' id='word_1_772' title='bbox 3474 3739 3546 3786; x_wconf 89' lang='lat' dir='ltr'><strong>est</strong></span> <span class='ocrx_word' id='word_1_773' title='bbox 3567 3725 3745 3781; x_wconf 87' lang='lat' dir='ltr'><strong>habitum</strong></span> 
     </span>
    </p>
   </div>
   <div class='ocr_carea' id='block_1_98' title="bbox 3816 2118 3833 2433">
    <p class='ocr_par' dir='ltr' id='par_1_98' title="bbox 3816 2118 3833 2361">
     <span class='ocr_line' id='line_1_98' title="bbox 3818 2118 3831 2197; baseline 0 0"><span class='ocrx_word' id='word_1_774' title='bbox 3818 2118 3831 2197; x_wconf 69' lang='grc' dir='ltr'><strong>ι</strong></span> 
     </span>
     <span class='ocr_line' id='line_1_99' title="bbox 3816 2216 3833 2361; baseline 0 0"><span class='ocrx_word' id='word_1_775' title='bbox 3816 2216 3833 2361; x_wconf 68' lang='grc' dir='ltr'><strong>ἓ</strong></span> 
     </span>
    </p>
   </div>
   <div class='ocr_carea' id='block_1_99' title="bbox 2235 3819 3849 3906">
    <p class='ocr_par' dir='ltr' id='par_1_99' title="bbox 2235 3819 3849 3906">
     <span class='ocr_line' id='line_1_100' title="bbox 2235 3819 3849 3906; baseline -0.015 -15"><span class='ocrx_word' id='word_1_776' title='bbox 2235 3836 2347 3906; x_wconf 89' lang='lat' dir='ltr'><strong>jam</strong></span> <span class='ocrx_word' id='word_1_777' title='bbox 2376 3837 2492 3904; x_wconf 86' lang='lat' dir='ltr'><strong>ipsc</strong></span> <span class='ocrx_word' id='word_1_778' title='bbox 2542 3830 2826 3887; x_wconf 59' lang='lat' dir='ltr'><strong>confessus</strong></span> <span class='ocrx_word' id='word_1_779' title='bbox 2875 3842 2956 3882; x_wconf 86' lang='lat' dir='ltr'><strong>es.</strong></span> <span class='ocrx_word' id='word_1_780' title='bbox 2984 3826 3181 3883; x_wconf 85' lang='lat' dir='ltr'><strong>Nescio</strong></span> <span class='ocrx_word' id='word_1_781' title='bbox 3203 3868 3218 3889; x_wconf 85' lang='lat'><strong>,</strong></span> <span class='ocrx_word' id='word_1_782' title='bbox 3250 3825 3447 3894; x_wconf 86' lang='lat' dir='ltr'><strong>inquit,</strong></span> <span class='ocrx_word' id='word_1_783' title='bbox 3476 3821 3605 3890; x_wconf 84' lang='lat' dir='ltr'><strong>cujus</strong></span> <span class='ocrx_word' id='word_1_784' title='bbox 3623 3819 3747 3884; x_wconf 73' lang='grc' dir='ltr'><strong>ἰιιιιιιιι</strong></span> <span class='ocrx_word' id='word_1_785' title='bbox 3828 3824 3849 3867; x_wconf 64' lang='grc' dir='ltr'><strong>,λ</strong></span> 
     </span>
    </p>
   </div>
   <div class='ocr_carea' id='block_1_100' title="bbox 2244 3908 3747 3993">
    <p class='ocr_par' dir='ltr' id='par_1_100' title="bbox 2244 3908 3747 3993">
     <span class='ocr_line' id='line_1_101' title="bbox 2244 3908 3747 3993; baseline -0.018 -8"><span class='ocrx_word' id='word_1_786' title='bbox 2244 3928 2439 3985; x_wconf 78' lang='lat' dir='ltr'><strong>dentia:</strong></span> <span class='ocrx_word' id='word_1_787' title='bbox 2465 3928 2597 3993; x_wconf 83' lang='lat' dir='ltr'><strong>sitit,</strong></span> <span class='ocrx_word' id='word_1_788' title='bbox 2638 3924 2682 3979; x_wconf 87' lang='lat' dir='ltr'><strong>si</strong></span> <span class='ocrx_word' id='word_1_789' title='bbox 2730 3921 2969 3977; x_wconf 88' lang='lat' dir='ltr'><strong>habitum</strong></span> <span class='ocrx_word' id='word_1_790' title='bbox 3001 3919 3360 3990; x_wconf 85' lang='lat' dir='ltr'><strong>inquisitionis</strong></span> <span class='ocrx_word' id='word_1_791' title='bbox 3397 3914 3652 3969; x_wconf 86' lang='lat' dir='ltr'><strong>divinarum</strong></span> <span class='ocrx_word' id='word_1_792' title='bbox 3674 3908 3747 3961; x_wconf 79' lang='lat' dir='ltr'><strong>ltu-</strong></span> 
     </span>
    </p>
   </div>
   <div class='ocr_carea' id='block_1_101' title="bbox 2248 4006 3748 4089">
    <p class='ocr_par' dir='ltr' id='par_1_101' title="bbox 2248 4006 3748 4089">
     <span class='ocr_line' id='line_1_102' title="bbox 2248 4006 3748 4089; baseline -0.017 -12"><span class='ocrx_word' id='word_1_793' title='bbox 2248 4034 2638 4089; x_wconf 87' lang='lat' dir='ltr'><strong>manaruuique</strong></span> <span class='ocrx_word' id='word_1_794' title='bbox 2665 4032 2841 4073; x_wconf 88' lang='lat' dir='ltr'><strong>rerum</strong></span> <span class='ocrx_word' id='word_1_795' title='bbox 2870 4028 2991 4069; x_wconf 84' lang='lat' dir='ltr'><strong>esse</strong></span> <span class='ocrx_word' id='word_1_796' title='bbox 3019 4012 3073 4067; x_wconf 88' lang='lat' dir='ltr'><strong>iit</strong></span> <span class='ocrx_word' id='word_1_797' title='bbox 3114 4010 3355 4082; x_wconf 88' lang='lat' dir='ltr'><strong>sapiente</strong></span> <span class='ocrx_word' id='word_1_798' title='bbox 3392 4006 3655 4064; x_wconf 74' lang='lat' dir='ltr'><strong>cottfessutn</strong></span> <span class='ocrx_word' id='word_1_799' title='bbox 3686 4012 3748 4052; x_wconf 82' lang='lat' dir='ltr'><strong>tae</strong></span> 
     </span>
    </p>
   </div>
   <div class='ocr_carea' id='block_1_102' title="bbox 2252 4099 3750 4184">
    <p class='ocr_par' dir='ltr' id='par_1_102' title="bbox 2252 4099 3750 4184">
     <span class='ocr_line' id='line_1_103' title="bbox 2252 4099 3750 4184; baseline -0.018 -15"><span class='ocrx_word' id='word_1_800' title='bbox 2252 4128 2450 4184; x_wconf 74' lang='lat' dir='ltr'><strong>negare</strong></span> <span class='ocrx_word' id='word_1_801' title='bbox 2491 4110 2733 4164; x_wconf 87' lang='lat' dir='ltr'><strong>voluero.</strong></span> <span class='ocrx_word' id='word_1_802' title='bbox 2797 4107 2902 4163; x_wconf 86' lang='lat' dir='ltr'><strong>Sed</strong></span> <span class='ocrx_word' id='word_1_803' title='bbox 2948 4105 3037 4177; x_wconf 91' lang='lat' dir='ltr'><strong>qui</strong></span> <span class='ocrx_word' id='word_1_804' title='bbox 3067 4104 3166 4159; x_wconf 91' lang='lat' dir='ltr'><strong>tibi</strong></span> <span class='ocrx_word' id='word_1_805' title='bbox 3210 4103 3444 4157; x_wconf 87' lang='lat' dir='ltr'><strong>videatur</strong></span> <span class='ocrx_word' id='word_1_806' title='bbox 3487 4099 3750 4153; x_wconf 81' lang='lat' dir='ltr'><strong>inventorum</strong></span> 
     </span>
    </p>
   </div>
   <div class='ocr_carea' id='block_1_103' title="bbox 2249 4180 3751 4277">
    <p class='ocr_par' dir='ltr' id='par_1_103' title="bbox 2249 4180 3751 4277">
     <span class='ocr_line' id='line_1_104' title="bbox 2249 4180 3751 4277; baseline -0.013 -16"><span class='ocrx_word' id='word_1_807' title='bbox 2249 4180 2601 4277; x_wconf 77' lang='lat' dir='ltr'><strong>probabilium</strong></span> <span class='ocrx_word' id='word_1_808' title='bbox 2634 4202 2847 4256; x_wconf 89' lang='lat' dir='ltr'><strong>habitus</strong></span> <span class='ocrx_word' id='word_1_809' title='bbox 2872 4214 2978 4254; x_wconf 77' lang='lat' dir='ltr'><strong>non</strong></span> <span class='ocrx_word' id='word_1_810' title='bbox 3008 4210 3165 4262; x_wconf 85' lang='lat' dir='ltr'><strong>esse,</strong></span> <span class='ocrx_word' id='word_1_811' title='bbox 3216 4209 3322 4249; x_wconf 88' lang='lat' dir='ltr'><strong>non</strong></span> <span class='ocrx_word' id='word_1_812' title='bbox 3367 4190 3527 4247; x_wconf 78' lang='lat' dir='ltr'><strong>rideo.</strong></span> <span class='ocrx_word' id='word_1_813' title='bbox 3551 4180 3751 4243; x_wconf 71' lang='lat' dir='ltr'><strong>Concedis</strong></span> 
     </span>
    </p>
   </div>
   <div class='ocr_carea' id='block_1_104' title="bbox 2246 4273 3755 4368">
    <p class='ocr_par' dir='ltr' id='par_1_104' title="bbox 2246 4273 3755 4368">
     <span class='ocr_line' id='line_1_105' title="bbox 2246 4273 3755 4368; baseline -0.017 -14"><span class='ocrx_word' id='word_1_814' title='bbox 2246 4299 2375 4354; x_wconf 88' lang='lat' dir='ltr'><strong>mihi</strong></span> <span class='ocrx_word' id='word_1_815' title='bbox 2397 4341 2413 4365; x_wconf 95' lang='lat'><strong>,</strong></span> <span class='ocrx_word' id='word_1_816' title='bbox 2445 4298 2660 4368; x_wconf 90' lang='lat' dir='ltr'><strong>inquatn</strong></span> <span class='ocrx_word' id='word_1_817' title='bbox 2687 4336 2703 4360; x_wconf 95' lang='lat'><strong>,</strong></span> <span class='ocrx_word' id='word_1_818' title='bbox 2738 4293 2866 4348; x_wconf 81' lang='lat' dir='ltr'><strong>falsa</strong></span> <span class='ocrx_word' id='word_1_819' title='bbox 2917 4288 3187 4345; x_wconf 86' lang='lat' dir='ltr'><strong>neminem</strong></span> <span class='ocrx_word' id='word_1_820' title='bbox 3213 4285 3395 4342; x_wconf 64' lang='lat' dir='ltr'><strong>Scire?</strong></span> <span class='ocrx_word' id='word_1_821' title='bbox 3428 4282 3588 4340; x_wconf 73' lang='lat' dir='ltr'><strong>Facile</strong></span> <span class='ocrx_word' id='word_1_822' title='bbox 3606 4279 3646 4334; x_wconf 89' lang='lat' dir='ltr'><strong>id</strong></span> <span class='ocrx_word' id='word_1_823' title='bbox 3668 4273 3755 4346; x_wconf 83' lang='lat' dir='ltr'><strong>qui-</strong></span> 
     </span>
    </p>
   </div>
   <div class='ocr_carea' id='block_1_105' title="bbox 2246 4370 3754 4461">
    <p class='ocr_par' dir='ltr' id='par_1_105' title="bbox 2246 4370 3754 4461">
     <span class='ocr_line' id='line_1_106' title="bbox 2246 4370 3754 4461; baseline -0.017 -13"><span class='ocrx_word' id='word_1_824' title='bbox 2246 4392 2393 4459; x_wconf 89' lang='lat' dir='ltr'><strong>dem,</strong></span> <span class='ocrx_word' id='word_1_825' title='bbox 2423 4389 2611 4461; x_wconf 90' lang='lat' dir='ltr'><strong>inquit.</strong></span> <span class='ocrx_word' id='word_1_826' title='bbox 2646 4386 2740 4442; x_wconf 87' lang='lat' dir='ltr'><strong>Dic</strong></span> <span class='ocrx_word' id='word_1_827' title='bbox 2782 4384 2890 4455; x_wconf 88' lang='lat' dir='ltr'><strong>jam</strong></span> <span class='ocrx_word' id='word_1_828' title='bbox 2938 4382 2982 4437; x_wconf 89' lang='lat' dir='ltr'><strong>si</strong></span> <span class='ocrx_word' id='word_1_829' title='bbox 3024 4388 3216 4454; x_wconf 86' lang='lat' dir='ltr'><strong>potes,</strong></span> <span class='ocrx_word' id='word_1_830' title='bbox 3265 4380 3495 4448; x_wconf 89' lang='lat' dir='ltr'><strong>inquam,</strong></span> <span class='ocrx_word' id='word_1_831' title='bbox 3523 4370 3754 4438; x_wconf 77' lang='lat' dir='ltr'><strong>sapientm</strong></span> 
     </span>
    </p>
   </div>
   <div class='ocr_carea' id='block_1_106' title="bbox 2246 4460 3756 4550">
    <p class='ocr_par' dir='ltr' id='par_1_106' title="bbox 2246 4460 3756 4550">
     <span class='ocr_line' id='line_1_107' title="bbox 2246 4460 3756 4550; baseline -0.017 -11"><span class='ocrx_word' id='word_1_832' title='bbox 2246 4485 2456 4539; x_wconf 79' lang='lat' dir='ltr'><strong>nescire</strong></span> <span class='ocrx_word' id='word_1_833' title='bbox 2497 4476 2831 4550; x_wconf 84' lang='lat' dir='ltr'><strong>sapientiam.</strong></span> <span class='ocrx_word' id='word_1_834' title='bbox 2865 4473 3000 4544; x_wconf 87' lang='lat' dir='ltr'><strong>Quid</strong></span> <span class='ocrx_word' id='word_1_835' title='bbox 3040 4474 3183 4528; x_wconf 89' lang='lat' dir='ltr'><strong>enim</strong></span> <span class='ocrx_word' id='word_1_836' title='bbox 3210 4513 3225 4537; x_wconf 94' lang='lat'><strong>,</strong></span> <span class='ocrx_word' id='word_1_837' title='bbox 3266 4473 3357 4535; x_wconf 84' lang='lat' dir='ltr'><strong>ait,</strong></span> <span class='ocrx_word' id='word_1_838' title='bbox 3385 4470 3480 4524; x_wconf 89' lang='lat' dir='ltr'><strong>ltoe</strong></span> <span class='ocrx_word' id='word_1_839' title='bbox 3502 4467 3642 4521; x_wconf 88' lang='lat' dir='ltr'><strong>litnite</strong></span> <span class='ocrx_word' id='word_1_840' title='bbox 3672 4460 3756 4514; x_wconf 81' lang='lat' dir='ltr'><strong>tini-</strong></span> 
     </span>
    </p>
   </div>
   <div class='ocr_carea' id='block_1_107' title="bbox 2249 4560 3756 4634">
    <p class='ocr_par' dir='ltr' id='par_1_107' title="bbox 2249 4560 3756 4634">
     <span class='ocr_line' id='line_1_108' title="bbox 2249 4560 3756 4634; baseline -0.017 0"><span class='ocrx_word' id='word_1_841' title='bbox 2249 4592 2399 4633; x_wconf 89' lang='lat' dir='ltr'><strong>versa</strong></span> <span class='ocrx_word' id='word_1_842' title='bbox 2445 4570 2719 4629; x_wconf 87' lang='lat' dir='ltr'><strong>concludis</strong></span> <span class='ocrx_word' id='word_1_843' title='bbox 2740 4611 2757 4634; x_wconf 94' lang='lat'><strong>,</strong></span> <span class='ocrx_word' id='word_1_844' title='bbox 2790 4578 2849 4624; x_wconf 90' lang='lat' dir='ltr'><strong>ut</strong></span> <span class='ocrx_word' id='word_1_845' title='bbox 2872 4566 3036 4622; x_wconf 89' lang='lat' dir='ltr'><strong>videri</strong></span> <span class='ocrx_word' id='word_1_846' title='bbox 3073 4564 3176 4620; x_wconf 86' lang='lat' dir='ltr'><strong>sibi</strong></span> <span class='ocrx_word' id='word_1_847' title='bbox 3205 4579 3310 4619; x_wconf 90' lang='lat' dir='ltr'><strong>non</strong></span> <span class='ocrx_word' id='word_1_848' title='bbox 3357 4560 3530 4633; x_wconf 83' lang='lat' dir='ltr'><strong>possit,</strong></span> <span class='ocrx_word' id='word_1_849' title='bbox 3569 4565 3756 4620; x_wconf 78' lang='lat' dir='ltr'><strong>compre-</strong></span> 
     </span>
    </p>
   </div>
   <div class='ocr_carea' id='block_1_108' title="bbox 2245 4643 3754 4732">
    <p class='ocr_par' dir='ltr' id='par_1_108' title="bbox 2245 4643 3754 4732">
     <span class='ocr_line' id='line_1_109' title="bbox 2245 4643 3754 4732; baseline -0.019 -4"><span class='ocrx_word' id='word_1_850' title='bbox 2245 4669 2498 4727; x_wconf 78' lang='lat' dir='ltr'><strong>hendisse</strong></span> <span class='ocrx_word' id='word_1_851' title='bbox 2527 4679 2587 4721; x_wconf 88' lang='lat' dir='ltr'><strong>se</strong></span> <span class='ocrx_word' id='word_1_852' title='bbox 2605 4659 2955 4732; x_wconf 85' lang='lat' dir='ltr'><strong>sapientiam?</strong></span> <span class='ocrx_word' id='word_1_853' title='bbox 2983 4658 3079 4724; x_wconf 89' lang='lat' dir='ltr'><strong>Da,</strong></span> <span class='ocrx_word' id='word_1_854' title='bbox 3108 4657 3346 4729; x_wconf 87' lang='lat' dir='ltr'><strong>inquam,</strong></span> <span class='ocrx_word' id='word_1_855' title='bbox 3375 4653 3634 4709; x_wconf 73' lang='lat' dir='ltr'><strong>dexteram.</strong></span> <span class='ocrx_word' id='word_1_856' title='bbox 3657 4643 3754 4700; x_wconf 76' lang='lat' dir='ltr'><strong>Nam</strong></span> 
     </span>
    </p>
   </div>
   <div class='ocr_carea' id='block_1_109' title="bbox 2247 4742 3754 4822">
    <p class='ocr_par' dir='ltr' id='par_1_109' title="bbox 2247 4742 3754 4822">
     <span class='ocr_line' id='line_1_110' title="bbox 2247 4742 3754 4822; baseline -0.014 -4"><span class='ocrx_word' id='word_1_857' title='bbox 2247 4764 2291 4818; x_wconf 88' lang='lat' dir='ltr'><strong>si</strong></span> <span class='ocrx_word' id='word_1_858' title='bbox 2319 4757 2632 4822; x_wconf 88' lang='lat' dir='ltr'><strong>meministi,</strong></span> <span class='ocrx_word' id='word_1_859' title='bbox 2661 4756 2764 4810; x_wconf 88' lang='lat' dir='ltr'><strong>hoc</strong></span> <span class='ocrx_word' id='word_1_860' title='bbox 2785 4761 2869 4808; x_wconf 87' lang='lat' dir='ltr'><strong>est</strong></span> <span class='ocrx_word' id='word_1_861' title='bbox 2903 4750 3042 4822; x_wconf 93' lang='lat' dir='ltr'><strong>quod</strong></span> <span class='ocrx_word' id='word_1_862' title='bbox 3090 4749 3204 4806; x_wconf 86' lang='lat' dir='ltr'><strong>lteri</strong></span> <span class='ocrx_word' id='word_1_863' title='bbox 3238 4764 3323 4804; x_wconf 90' lang='lat' dir='ltr'><strong>tne</strong></span> <span class='ocrx_word' id='word_1_864' title='bbox 3345 4747 3448 4803; x_wconf 75' lang='lat' dir='ltr'><strong>dixi</strong></span> <span class='ocrx_word' id='word_1_865' title='bbox 3472 4742 3754 4800; x_wconf 75' lang='lat' dir='ltr'><strong>tﬂceturnni.</strong></span> 
     </span>
    </p>
   </div>
   <div class='ocr_carea' id='block_1_110' title="bbox 2245 4824 3756 4929">
    <p class='ocr_par' dir='ltr' id='par_1_110' title="bbox 2245 4824 3756 4929">
     <span class='ocr_line' id='line_1_111' title="bbox 2245 4824 3756 4929; baseline -0.021 -17"><span class='ocrx_word' id='word_1_866' title='bbox 2245 4856 2386 4929; x_wconf 91' lang='lat' dir='ltr'><strong>qttod</strong></span> <span class='ocrx_word' id='word_1_867' title='bbox 2413 4869 2553 4911; x_wconf 88' lang='lat' dir='ltr'><strong>nunc</strong></span> <span class='ocrx_word' id='word_1_868' title='bbox 2583 4867 2686 4908; x_wconf 91' lang='lat' dir='ltr'><strong>non</strong></span> <span class='ocrx_word' id='word_1_869' title='bbox 2713 4864 2743 4904; x_wconf 89' lang='lat' dir='ltr'><strong>a</strong></span> <span class='ocrx_word' id='word_1_870' title='bbox 2771 4864 2858 4903; x_wconf 89' lang='lat' dir='ltr'><strong>nte</strong></span> <span class='ocrx_word' id='word_1_871' title='bbox 2896 4844 3204 4902; x_wconf 89' lang='lat' dir='ltr'><strong>conclusum</strong></span> <span class='ocrx_word' id='word_1_872' title='bbox 3226 4885 3241 4908; x_wconf 92' lang='lat'><strong>,</strong></span> <span class='ocrx_word' id='word_1_873' title='bbox 3267 4841 3359 4898; x_wconf 89' lang='lat' dir='ltr'><strong>scd</strong></span> <span class='ocrx_word' id='word_1_874' title='bbox 3386 4855 3415 4895; x_wconf 90' lang='lat' dir='ltr'><strong>a</strong></span> <span class='ocrx_word' id='word_1_875' title='bbox 3446 4851 3494 4892; x_wconf 89' lang='lat' dir='ltr'><strong>te</strong></span> <span class='ocrx_word' id='word_1_876' title='bbox 3524 4836 3638 4889; x_wconf 89' lang='lat' dir='ltr'><strong>ultro</strong></span> <span class='ocrx_word' id='word_1_877' title='bbox 3660 4824 3756 4885; x_wconf 88' lang='lat' dir='ltr'><strong>tttilii</strong></span> 
     </span>
    </p>
   </div>
   <div class='ocr_carea' id='block_1_111' title="bbox 2245 4921 3756 5016">
    <p class='ocr_par' dir='ltr' id='par_1_111' title="bbox 2245 4921 3756 5016">
     <span class='ocr_line' id='line_1_112' title="bbox 2245 4921 3756 5016; baseline -0.021 -10"><span class='ocrx_word' id='word_1_878' title='bbox 2245 4921 2482 5006; x_wconf 77' lang='lat' dir='ltr'><strong>oblatum</strong></span> <span class='ocrx_word' id='word_1_879' title='bbox 2513 4961 2635 5003; x_wconf 87' lang='lat' dir='ltr'><strong>esse</strong></span> <span class='ocrx_word' id='word_1_880' title='bbox 2680 4942 2908 5016; x_wconf 86' lang='lat' dir='ltr'><strong>gaudeo.</strong></span> <span class='ocrx_word' id='word_1_881' title='bbox 2935 4938 3067 4994; x_wconf 78' lang='lat' dir='ltr'><strong>Nam</strong></span> <span class='ocrx_word' id='word_1_882' title='bbox 3110 4951 3231 4992; x_wconf 87' lang='lat' dir='ltr'><strong>cum</strong></span> <span class='ocrx_word' id='word_1_883' title='bbox 3281 4935 3413 4989; x_wconf 87' lang='lat' dir='ltr'><strong>inter</strong></span> <span class='ocrx_word' id='word_1_884' title='bbox 3438 4946 3516 4986; x_wconf 87' lang='lat' dir='ltr'><strong>me</strong></span> <span class='ocrx_word' id='word_1_885' title='bbox 3536 4936 3582 4984; x_wconf 86' lang='lat' dir='ltr'><strong>et</strong></span> <span class='ocrx_word' id='word_1_886' title='bbox 3604 4921 3756 4980; x_wconf 76' lang='lat' dir='ltr'><strong>Arado-</strong></span> 
     </span>
    </p>
   </div>
   <div class='ocr_carea' id='block_1_112' title="bbox 2249 5011 3757 5100">
    <p class='ocr_par' dir='ltr' id='par_1_112' title="bbox 2249 5011 3757 5100">
     <span class='ocr_line' id='line_1_113' title="bbox 2249 5011 3757 5100; baseline -0.021 1"><span class='ocrx_word' id='word_1_887' title='bbox 2249 5044 2419 5100; x_wconf 89' lang='lat' dir='ltr'><strong>micos</strong></span> <span class='ocrx_word' id='word_1_888' title='bbox 2442 5041 2543 5096; x_wconf 86' lang='lat' dir='ltr'><strong>hoc</strong></span> <span class='ocrx_word' id='word_1_889' title='bbox 2567 5039 2831 5094; x_wconf 86' lang='lat' dir='ltr'><strong>interesse</strong></span> <span class='ocrx_word' id='word_1_890' title='bbox 2853 5032 3135 5094; x_wconf 79' lang='lat' dir='ltr'><strong>dixissem,</strong></span> <span class='ocrx_word' id='word_1_891' title='bbox 3156 5027 3295 5100; x_wconf 87' lang='lat' dir='ltr'><strong>quod</strong></span> <span class='ocrx_word' id='word_1_892' title='bbox 3332 5026 3428 5081; x_wconf 77' lang='lat' dir='ltr'><strong>illis</strong></span> <span class='ocrx_word' id='word_1_893' title='bbox 3453 5018 3683 5094; x_wconf 68' lang='lat' dir='ltr'><strong>probabile</strong></span> <span class='ocrx_word' id='word_1_894' title='bbox 3701 5011 3757 5066; x_wconf 69' lang='grc' dir='ltr'><strong>νὶ-</strong></span> 
     </span>
    </p>
   </div>
   <div class='ocr_carea' id='block_1_113' title="bbox 2249 5110 3755 5197">
    <p class='ocr_par' dir='ltr' id='par_1_113' title="bbox 2249 5110 3755 5197">
     <span class='ocr_line' id='line_1_114' title="bbox 2249 5110 3755 5197; baseline -0.025 -2"><span class='ocrx_word' id='word_1_895' title='bbox 2249 5154 2368 5196; x_wconf 89' lang='lat' dir='ltr'><strong>sutn</strong></span> <span class='ocrx_word' id='word_1_896' title='bbox 2391 5147 2473 5193; x_wconf 90' lang='lat' dir='ltr'><strong>est</strong></span> <span class='ocrx_word' id='word_1_897' title='bbox 2500 5135 2782 5189; x_wconf 82' lang='lat' dir='ltr'><strong>veritatem</strong></span> <span class='ocrx_word' id='word_1_898' title='bbox 2812 5144 2917 5184; x_wconf 91' lang='lat' dir='ltr'><strong>non</strong></span> <span class='ocrx_word' id='word_1_899' title='bbox 2963 5139 3119 5197; x_wconf 89' lang='lat' dir='ltr'><strong>posse</strong></span> <span class='ocrx_word' id='word_1_900' title='bbox 3144 5114 3539 5192; x_wconf 82' lang='lat' dir='ltr'><strong>comprehendi;</strong></span> <span class='ocrx_word' id='word_1_901' title='bbox 3564 5110 3667 5169; x_wconf 87' lang='lat' dir='ltr'><strong>ntilti</strong></span> <span class='ocrx_word' id='word_1_902' title='bbox 3685 5120 3755 5160; x_wconf 84' lang='lat' dir='ltr'><strong>au-</strong></span> 
     </span>
    </p>
   </div>
   <div class='ocr_carea' id='block_1_114' title="bbox 2252 5209 3755 5298">
    <p class='ocr_par' dir='ltr' id='par_1_114' title="bbox 2252 5209 3755 5298">
     <span class='ocr_line' id='line_1_115' title="bbox 2252 5209 3755 5298; baseline -0.024 -9"><span class='ocrx_word' id='word_1_903' title='bbox 2252 5243 2357 5289; x_wconf 88' lang='lat' dir='ltr'><strong>tem</strong></span> <span class='ocrx_word' id='word_1_904' title='bbox 2388 5230 2622 5287; x_wconf 87' lang='lat' dir='ltr'><strong>nonduin</strong></span> <span class='ocrx_word' id='word_1_905' title='bbox 2650 5225 2862 5298; x_wconf 86' lang='lat' dir='ltr'><strong>quidem</strong></span> <span class='ocrx_word' id='word_1_906' title='bbox 2884 5238 2914 5277; x_wconf 93' lang='lat' dir='ltr'><strong>a</strong></span> <span class='ocrx_word' id='word_1_907' title='bbox 2946 5236 3033 5277; x_wconf 89' lang='lat' dir='ltr'><strong>me</strong></span> <span class='ocrx_word' id='word_1_908' title='bbox 3057 5220 3351 5282; x_wconf 81' lang='lat' dir='ltr'><strong>inventam,</strong></span> <span class='ocrx_word' id='word_1_909' title='bbox 3380 5209 3580 5270; x_wconf 83' lang='lat' dir='ltr'><strong>inveniri</strong></span> <span class='ocrx_word' id='word_1_910' title='bbox 3620 5214 3755 5261; x_wconf 84' lang='lat' dir='ltr'><strong>tamen</strong></span> 
     </span>
    </p>
   </div>
   <div class='ocr_carea' id='block_1_115' title="bbox 2252 5299 3757 5400">
    <p class='ocr_par' dir='ltr' id='par_1_115' title="bbox 2252 5299 3757 5400">
     <span class='ocr_line' id='line_1_116' title="bbox 2252 5299 3757 5400; baseline -0.024 -17"><span class='ocrx_word' id='word_1_911' title='bbox 2252 5342 2414 5400; x_wconf 78' lang='lat' dir='ltr'><strong>posse</strong></span> <span class='ocrx_word' id='word_1_912' title='bbox 2439 5341 2467 5378; x_wconf 93' lang='lat' dir='ltr'><strong>a</strong></span> <span class='ocrx_word' id='word_1_913' title='bbox 2506 5322 2747 5392; x_wconf 84' lang='lat' dir='ltr'><strong>sapiente</strong></span> <span class='ocrx_word' id='word_1_914' title='bbox 2774 5317 3019 5373; x_wconf 86' lang='lat' dir='ltr'><strong>videatur</strong></span> <span class='ocrx_word' id='word_1_915' title='bbox 3048 5332 3064 5368; x_wconf 87' lang='lat'><strong>:</strong></span> <span class='ocrx_word' id='word_1_916' title='bbox 3095 5326 3235 5369; x_wconf 89' lang='lat' dir='ltr'><strong>nunc</strong></span> <span class='ocrx_word' id='word_1_917' title='bbox 3271 5320 3323 5365; x_wconf 90' lang='lat' dir='ltr'><strong>tu</strong></span> <span class='ocrx_word' id='word_1_918' title='bbox 3351 5322 3462 5365; x_wconf 86' lang='lat' dir='ltr'><strong>cum</strong></span> <span class='ocrx_word' id='word_1_919' title='bbox 3488 5317 3592 5359; x_wconf 86' lang='lat' dir='ltr'><strong>inca</strong></span> <span class='ocrx_word' id='word_1_920' title='bbox 3630 5299 3757 5353; x_wconf 81' lang='lat' dir='ltr'><strong>inter-</strong></span> 
     </span>
    </p>
   </div>
   <div class='ocr_carea' id='block_1_116' title="bbox 2254 5388 3753 5489">
    <p class='ocr_par' dir='ltr' id='par_1_116' title="bbox 2254 5388 3753 5489">
     <span class='ocr_line' id='line_1_117' title="bbox 2254 5388 3753 5489; baseline -0.023 -15"><span class='ocrx_word' id='word_1_921' title='bbox 2254 5416 2528 5489; x_wconf 80' lang='lat' dir='ltr'><strong>rogatione</strong></span> <span class='ocrx_word' id='word_1_922' title='bbox 2556 5412 2860 5481; x_wconf 67' lang='lat' dir='ltr'><strong>urgercris,</strong></span> <span class='ocrx_word' id='word_1_923' title='bbox 2895 5418 3072 5462; x_wconf 90' lang='lat' dir='ltr'><strong>utrum</strong></span> <span class='ocrx_word' id='word_1_924' title='bbox 3124 5404 3330 5473; x_wconf 68' lang='lat' dir='ltr'><strong>sapiens</strong></span> <span class='ocrx_word' id='word_1_925' title='bbox 3371 5397 3554 5455; x_wconf 81' lang='lat' dir='ltr'><strong>nesciat</strong></span> <span class='ocrx_word' id='word_1_926' title='bbox 3589 5388 3753 5459; x_wconf 79' lang='lat' dir='ltr'><strong>sapien-</strong></span> 
     </span>
    </p>
   </div>
   <div class='ocr_carea' id='block_1_117' title="bbox 2255 5487 3750 5567">
    <p class='ocr_par' dir='ltr' id='par_1_117' title="bbox 2255 5487 3750 5567">
     <span class='ocr_line' id='line_1_118' title="bbox 2255 5487 3750 5567; baseline -0.017 -1"><span class='ocrx_word' id='word_1_927' title='bbox 2255 5487 2405 5567; x_wconf 74' lang='lat' dir='ltr'><strong>tiam.</strong></span> <span class='ocrx_word' id='word_1_928' title='bbox 2436 5506 2655 5563; x_wconf 76' lang='lat' dir='ltr'><strong>Videtur</strong></span> <span class='ocrx_word' id='word_1_929' title='bbox 2695 5502 2797 5559; x_wconf 91' lang='lat' dir='ltr'><strong>sibi</strong></span> <span class='ocrx_word' id='word_1_930' title='bbox 2827 5500 3008 5565; x_wconf 89' lang='lat' dir='ltr'><strong>scire,</strong></span> <span class='ocrx_word' id='word_1_931' title='bbox 3057 5496 3252 5553; x_wconf 75' lang='lat' dir='ltr'><strong>dixisti.</strong></span> <span class='ocrx_word' id='word_1_932' title='bbox 3303 5487 3429 5560; x_wconf 78' lang='lat' dir='ltr'><strong>Quid</strong></span> <span class='ocrx_word' id='word_1_933' title='bbox 3459 5497 3555 5541; x_wconf 81' lang='lat' dir='ltr'><strong>tum</strong></span> <span class='ocrx_word' id='word_1_934' title='bbox 3581 5489 3750 5553; x_wconf 66' lang='grc' dir='ltr'><strong>μετείω.</strong></span> 
     </span>
    </p>
   </div>
   <div class='ocr_carea' id='block_1_118' title="bbox 2256 5574 3752 5677">
    <p class='ocr_par' dir='ltr' id='par_1_118' title="bbox 2256 5574 3752 5677">
     <span class='ocr_line' id='line_1_119' title="bbox 2256 5574 3752 5677; baseline -0.02 -17"><span class='ocrx_word' id='word_1_935' title='bbox 2256 5604 2469 5677; x_wconf 79' lang='lat' dir='ltr'><strong>inquit&quot;</strong></span> <span class='ocrx_word' id='word_1_936' title='bbox 2495 5602 2626 5670; x_wconf 85' lang='lat' dir='ltr'><strong>Quia</strong></span> <span class='ocrx_word' id='word_1_937' title='bbox 2653 5599 2698 5653; x_wconf 89' lang='lat' dir='ltr'><strong>si</strong></span> <span class='ocrx_word' id='word_1_938' title='bbox 2727 5596 2940 5652; x_wconf 76' lang='lat' dir='ltr'><strong>videtur</strong></span> <span class='ocrx_word' id='word_1_939' title='bbox 2982 5593 3083 5649; x_wconf 87' lang='lat' dir='ltr'><strong>sihi</strong></span> <span class='ocrx_word' id='word_1_940' title='bbox 3105 5635 3120 5657; x_wconf 93' lang='lat'><strong>,</strong></span> <span class='ocrx_word' id='word_1_941' title='bbox 3165 5593 3366 5661; x_wconf 89' lang='lat' dir='ltr'><strong>inquam</strong></span> <span class='ocrx_word' id='word_1_942' title='bbox 3385 5626 3401 5653; x_wconf 85' lang='lat'><strong>,</strong></span> <span class='ocrx_word' id='word_1_943' title='bbox 3428 5583 3552 5639; x_wconf 86' lang='lat' dir='ltr'><strong>scire</strong></span> <span class='ocrx_word' id='word_1_944' title='bbox 3587 5574 3752 5646; x_wconf 69' lang='lat' dir='ltr'><strong>sapieb-</strong></span> 
     </span>
    </p>
   </div>
   <div class='ocr_carea' id='block_1_119' title="bbox 2261 5669 3748 5763">
    <p class='ocr_par' dir='ltr' id='par_1_119' title="bbox 2261 5669 3748 5763">
     <span class='ocr_line' id='line_1_120' title="bbox 2261 5669 3748 5763; baseline -0.022 -10"><span class='ocrx_word' id='word_1_945' title='bbox 2261 5699 2424 5763; x_wconf 87' lang='lat' dir='ltr'><strong>tiani,</strong></span> <span class='ocrx_word' id='word_1_946' title='bbox 2456 5669 2561 5750; x_wconf 89' lang='lat' dir='ltr'><strong>non</strong></span> <span class='ocrx_word' id='word_1_947' title='bbox 2604 5692 2653 5749; x_wconf 87' lang='lat' dir='ltr'><strong>ei</strong></span> <span class='ocrx_word' id='word_1_948' title='bbox 2696 5691 2910 5746; x_wconf 89' lang='lat' dir='ltr'><strong>videtur</strong></span> <span class='ocrx_word' id='word_1_949' title='bbox 2944 5686 3077 5743; x_wconf 91' lang='lat' dir='ltr'><strong>nihil</strong></span> <span class='ocrx_word' id='word_1_950' title='bbox 3134 5686 3269 5741; x_wconf 85' lang='lat' dir='ltr'><strong>seire</strong></span> <span class='ocrx_word' id='word_1_951' title='bbox 3313 5692 3458 5753; x_wconf 83' lang='lat' dir='ltr'><strong>posse</strong></span> <span class='ocrx_word' id='word_1_952' title='bbox 3494 5669 3748 5744; x_wconf 70' lang='lat' dir='ltr'><strong>sapientum</strong></span> 
     </span>
    </p>
   </div>
   <div class='ocr_carea' id='block_1_120' title="bbox 2259 5774 3421 5858">
    <p class='ocr_par' dir='ltr' id='par_1_120' title="bbox 2259 5774 3421 5858">
     <span class='ocr_line' id='line_1_121' title="bbox 2259 5774 3421 5858; baseline -0.019 -10"><span class='ocrx_word' id='word_1_953' title='bbox 2259 5794 2367 5848; x_wconf 87' lang='lat' dir='ltr'><strong>Aut</strong></span> <span class='ocrx_word' id='word_1_954' title='bbox 2391 5790 2436 5844; x_wconf 72' lang='lat' dir='ltr'><strong>si</strong></span> <span class='ocrx_word' id='word_1_955' title='bbox 2467 5786 2723 5858; x_wconf 88' lang='lat' dir='ltr'><strong>sapientia</strong></span> <span class='ocrx_word' id='word_1_956' title='bbox 2752 5782 2881 5839; x_wconf 89' lang='lat' dir='ltr'><strong>nihil</strong></span> <span class='ocrx_word' id='word_1_957' title='bbox 2910 5780 3163 5846; x_wconf 57' lang='lat' dir='ltr'><strong>est,&#39;\‘o|o</strong></span> <span class='ocrx_word' id='word_1_958' title='bbox 3182 5774 3421 5831; x_wconf 80' lang='lat' dir='ltr'><strong>afﬁrmes.</strong></span> 
     </span>
    </p>
   </div>
   <div class='ocr_carea' id='block_1_121' title="bbox 2334 5851 3757 5945">
    <p class='ocr_par' dir='ltr' id='par_1_121' title="bbox 2334 5851 3757 5945">
     <span class='ocr_line' id='line_1_122' title="bbox 2334 5851 3757 5945; baseline -0.015 -6"><span class='ocrx_word' id='word_1_959' title='bbox 2334 5882 2389 5939; x_wconf 88' lang='lat'><strong>6.</strong></span> <span class='ocrx_word' id='word_1_960' title='bbox 2420 5851 2709 5938; x_wconf 83' lang='lat' dir='ltr'><strong>Crederem</strong></span> <span class='ocrx_word' id='word_1_961' title='bbox 2735 5890 2862 5935; x_wconf 84' lang='lat' dir='ltr'><strong>vere</strong></span> <span class='ocrx_word' id='word_1_962' title='bbox 2883 5915 2902 5944; x_wconf 85' lang='lat'><strong>,</strong></span> <span class='ocrx_word' id='word_1_963' title='bbox 2948 5872 3121 5945; x_wconf 85' lang='lat' dir='ltr'><strong>inquit</strong></span> <span class='ocrx_word' id='word_1_964' title='bbox 3141 5912 3156 5932; x_wconf 93' lang='lat'><strong>.</strong></span> <span class='ocrx_word' id='word_1_965' title='bbox 3197 5868 3265 5927; x_wconf 84' lang='lat' dir='ltr'><strong>ad</strong></span> <span class='ocrx_word' id='word_1_966' title='bbox 3287 5865 3470 5925; x_wconf 79' lang='lat' dir='ltr'><strong>calcem</strong></span> <span class='ocrx_word' id='word_1_967' title='bbox 3494 5870 3580 5918; x_wconf 75' lang='lat' dir='ltr'><strong>nos</strong></span> <span class='ocrx_word' id='word_1_968' title='bbox 3598 5851 3757 5929; x_wconf 55' lang='lat' dir='ltr'><strong>ﬁliani</strong></span> 
     </span>
    </p>
   </div>
  </div>
